{"host":"qj91dvco5uhu9oti","time":1609100450,"event":{"mods":["BaseMod","Colored Map","Keyboard Shortcuts","Minty Spire (QoL Compilation)","Permanent Neow","Relic Stats","StSLib","SuperFastMode","everything is the same but u backflip on backflip"],"gold_per_floor":[114,124,124,137,137,178,178,191,191,231,231,77,77,93,93,189,189,208,222,222,243,168,168,168,184,209,6,31,55,55,55],"floor_reached":30,"playtime":797,"items_purged":["Strike_G","Strike_G"],"score":472,"play_id":"3f0f2a87-92ad-4ad2-b5e7-d91e5ea8edf7","local_time":"20201228052050","is_ascension_mode":true,"campfire_choices":[{"floor":7.0,"key":"REST"},{"floor":11.0,"key":"REST"},{"data":"Deadly Poison","floor":13.0,"key":"SMITH"},{"data":"Survivor","floor":15.0,"key":"SMITH"},{"floor":24.0,"key":"REST"}],"circlet_count":0,"master_deck":["AscendersBane","Defend_G","Defend_G+1","Defend_G+1","Defend_G","Defend_G","Survivor+1","Neutralize","Blade Dance","Deadly Poison+1","Masterful Stab","Choke","Deadly Poison+1","Leg Sweep+1","Crippling Poison+1","Backflip+1","Dodge and Roll+1","PiercingWail+1","Footwork","Predator","Reflex+1","Panacea+1","Acrobatics+1"],"relics":["Ring of the Snake","NeowsBlessing","Golden Idol","Toxic Egg 2","Sundial","Darkstone Periapt","Black Star","War Paint"],"acts_visited":["Exordium","TheCity"],"potions_floor_usage":[30,30],"damage_taken":[{"damage":0.0,"enemies":"Cultist","floor":1.0,"turns":1.0},{"damage":0.0,"enemies":"2 Louse","floor":2.0,"turns":1.0},{"damage":0.0,"enemies":"Small Slimes","floor":4.0,"turns":1.0},{"damage":32.0,"enemies":"3 Sentries","floor":6.0,"turns":12.0},{"damage":1.0,"enemies":"Exordium Wildlife","floor":8.0,"turns":3.0},{"damage":20.0,"enemies":"Gremlin Nob","floor":10.0,"turns":4.0},{"damage":5.0,"enemies":"Red Slaver","floor":14.0,"turns":2.0},{"damage":5.0,"enemies":"Hexaghost","floor":16.0,"turns":9.0},{"damage":0.0,"enemies":"3 Byrds","floor":18.0,"turns":4.0},{"damage":16.0,"enemies":"2 Thieves","floor":19.0,"turns":4.0},{"damage":11.0,"enemies":"Centurion and Healer","floor":21.0,"turns":10.0},{"damage":0.0,"enemies":"Book of Stabbing","floor":23.0,"turns":1.0},{"damage":10.0,"enemies":"Cultist and Chosen","floor":25.0,"turns":8.0},{"damage":2,"enemies":"Snecko","floor":28,"turns":7},{"damage":15,"enemies":"Shelled Parasite and Fungi","floor":29,"turns":8},{"damage":17,"enemies":"Slavers","floor":30,"turns":6}],"seed_played":"-3920980910674753401","potions_obtained":[{"floor":4.0,"key":"SmokeBomb"},{"floor":16.0,"key":"Energy Potion"},{"floor":25.0,"key":"Block Potion"},{"floor":28,"key":"Poison Potion"}],"is_trial":false,"path_per_floor":["M","M","?","M","?","E","R","M","T","E","R","$","R","M","R","B",null,"M","M","?","M","?","E","R","M","T","$","M","M","E"],"character_chosen":"THE_SILENT","items_purchased":["Crippling Poison+1","Panacea+1"],"campfire_rested":3,"item_purchase_floors":[12,27],"current_hp_per_floor":[59,59,36,36,36,4,23,22,22,2,21,21,21,16,16,11,52,52,36,36,25,25,25,44,34,34,34,32,17,0,0],"gold":55,"neow_bonus":"THREE_ENEMY_KILL","is_daily":false,"chose_seed":false,"campfire_upgraded":2,"win_rate":0.0,"timestamp":1609100450,"path_taken":["M","?","?","M","?","E","R","M","T","E","R","?","R","?","R","BOSS","M","M","?","M","?","E","R","M","T","$","M","?","E"],"items_purchased_type":["Card","Card"],"build_version":"2020-12-22","purchased_purges":2,"victory":false,"max_hp_per_floor":[66,66,66,66,66,66,66,66,66,66,66,66,66,66,66,66,66,66,66,66,66,66,66,66,66,66,66,66,66,66,66],"relic_stats":{"Darkstone Periapt":0,"counters":[16,81],"Golden Idol":75,"Sundial":[8],"Black Star":1,"War Paint":["Defend_G","Defend_G"],"obtain_stats":[{"Darkstone Periapt":10,"NeowsBlessing":0,"Golden Idol":3,"Sundial":9,"Black Star":17,"Toxic Egg 2":6,"War Paint":26,"Ring of the Snake":0},{"Darkstone Periapt":6,"NeowsBlessing":0,"Golden Idol":2,"Sundial":5,"Black Star":8,"Toxic Egg 2":4,"War Paint":13,"Ring of the Snake":0},{"Darkstone Periapt":22,"NeowsBlessing":0,"Golden Idol":2,"Sundial":18,"Black Star":33,"Toxic Egg 2":15,"War Paint":60,"Ring of the Snake":0}],"Ring of the Snake":[32]},"card_choices":[{"not_picked":["Acrobatics","Deadly Poison"],"picked":"Blade Dance","floor":1.0},{"not_picked":["Backstab","Dagger Spray","Deflect"],"picked":"SKIP","floor":2.0},{"not_picked":["Poisoned Stab","Acrobatics"],"picked":"Deadly Poison","floor":4.0},{"not_picked":["Flechettes","Endless Agony"],"picked":"Choke","floor":6.0},{"not_picked":["Doppelganger+1","Terror+1"],"picked":"Deadly Poison+1","floor":8.0},{"not_picked":["Endless Agony","Footwork"],"picked":"Leg Sweep+1","floor":10.0},{"not_picked":["Bane","Underhanded Strike"],"picked":"Backflip+1","floor":14.0},{"not_picked":["Choke+1","Sucker Punch+1"],"picked":"Dodge and Roll+1","floor":18.0},{"not_picked":["Quick Slash","Caltrops"],"picked":"PiercingWail+1","floor":19.0},{"not_picked":["Slice","Dagger Spray","Cloak And Dagger+1"],"picked":"SKIP","floor":21.0},{"not_picked":["Sucker Punch","Heel Hook"],"picked":"Reflex+1","floor":25.0},{"not_picked":["Terror+1","Backflip+1"],"picked":"Acrobatics+1","floor":28},{"not_picked":["Blade Dance+1","Flying Knee","Night Terror+1"],"picked":"SKIP","floor":29}],"player_experience":310420,"relics_obtained":[{"floor":6.0,"key":"Toxic Egg 2"},{"floor":9.0,"key":"Sundial"},{"floor":10.0,"key":"Darkstone Periapt"},{"floor":26.0,"key":"War Paint"}],"event_choices":[{"damage_healed":0.0,"max_hp_gain":0.0,"max_hp_loss":0.0,"gold_gain":0.0,"event_name":"Golden Idol","player_choice":"Take Damage","floor":3.0,"gold_loss":0.0,"damage_taken":23.0,"relics_obtained":["Golden Idol"]},{"damage_healed":0.0,"max_hp_gain":0.0,"max_hp_loss":0.0,"gold_gain":0.0,"cards_transformed":["Strike_G"],"event_name":"Living Wall","player_choice":"Change","floor":5.0,"gold_loss":0.0,"damage_taken":0.0,"cards_obtained":["Masterful Stab"]},{"damage_healed":0.0,"max_hp_gain":0.0,"max_hp_loss":0.0,"gold_gain":0.0,"event_name":"The Mausoleum","player_choice":"Ignored","floor":20.0,"gold_loss":0.0,"damage_taken":0.0},{"damage_healed":0.0,"max_hp_gain":0.0,"max_hp_loss":0.0,"gold_gain":0.0,"cards_transformed":["Strike_G","Strike_G"],"event_name":"Designer","player_choice":"Transformed Cards","floor":22.0,"gold_loss":75.0,"damage_taken":0.0,"cards_obtained":["Footwork","Predator"]}],"is_beta":false,"boss_relics":[{"not_picked":["Tiny House","Ectoplasm"],"picked":"Black Star"}],"items_purged_floors":[12,27],"is_endless":false,"potions_floor_spawned":[4,16,18,25,28],"killed_by":"Slavers","ascension_level":16}}