{"host":"kdt6w7ix8lwe69i9","time":1609103297,"event":{"mods":["Arknights The Spire","Bartender","BaseMod","Downfall","Fiend Mod","Jorbs\u0027s Wanderer Trilogy","Minty Spire (QoL Compilation)","Reimu（博丽灵梦）","Robot Space Explorer","StSLib","The Caster","The Cursed","The Disciple","The Dragon Tamer","The Druid","The Elementalist","The Forsaken","The Gatherer","The Judge","The Marked","TheBandit"],"gold_per_floor":[119,119,1,12,28,57,57,74,74,103,103,103,73,86,86,181,181,150,249,31,45,45,45],"floor_reached":22,"playtime":2002,"items_purged":[],"score":194,"play_id":"4c6fa6c4-4e50-4d1f-821b-89fe0fec2269","local_time":"20201227160817","is_ascension_mode":false,"campfire_choices":[{"floor":7,"key":"REST"},{"floor":15,"key":"REST"}],"circlet_count":0,"master_deck":["ats:Armor Crushing Shot","ats:Emotion Absorption","ats:Thermite Blade","ats:Collapsing Strike","ats:Song Of Battle","ats:Poison Spread","ats:Ignite","ats:Blood Oath","ats:Spore Proliferation","ats:Poison Spread","ats:Apocalypse","ats:Nebulous Foxfire","ats:Burning Ground","ats:Dogmatic Field","ats:Composite Medical Shells","ats:Rapid Magazine","ats:Flame Of Heaven","ats:Hook Shot","ats:Echo Reverb","ats:Ignite","ats:Burning Ground+1","ats:Steam Pump","Dramatic Entrance","ats:Flexible Camouflage","ats:Spore Proliferation+1"],"relics":["ats:Sanity","NeowsBlessing","ats:Originium","Bird Faced Urn","ats:Originium","Matryoshka","Pandora\u0027s Box"],"acts_visited":["Exordium","TheCity"],"potions_floor_usage":[6,14,16,22],"damage_taken":[{"damage":0,"enemies":"Small Slimes","floor":1,"turns":1},{"damage":0,"enemies":"Cultist","floor":4,"turns":1},{"damage":0,"enemies":"Jaw Worm","floor":5,"turns":1},{"damage":59,"enemies":"Lagavulin","floor":6,"turns":7},{"damage":2,"enemies":"Large Slime","floor":8,"turns":5},{"damage":33,"enemies":"Gremlin Nob","floor":10,"turns":5},{"damage":0,"enemies":"3 Louse","floor":14,"turns":12},{"damage":45,"enemies":"Slime Boss","floor":16,"turns":10},{"damage":53,"enemies":"2 Thieves","floor":18,"turns":5},{"damage":44,"enemies":"Shell Parasite","floor":21,"turns":6},{"damage":12,"enemies":"Shelled Parasite and Fungi","floor":22,"turns":1}],"seed_played":"-2564518344553291393","potions_obtained":[{"floor":4,"key":"LiquidBronze"},{"floor":10,"key":"SkillPotion"},{"floor":14,"key":"Explosive Potion"},{"floor":21,"key":"FearPotion"}],"is_trial":false,"path_per_floor":["M","?","$","M","M","E","R","M","T","E","?","?","?","M","R","B",null,"M","?","$","M","M"],"character_chosen":"DOCTOR_CLASS","items_purchased":["ats:Collapsing Strike","ats:Song Of Battle","ats:Steam Pump","Dramatic Entrance","ats:Flexible Camouflage"],"campfire_rested":2,"item_purchase_floors":[3,3,20,20,20],"current_hp_per_floor":[72,72,72,72,72,13,34,37,37,6,6,6,6,20,41,15,72,30,30,30,7,0,0],"gold":45,"neow_bonus":"THREE_ENEMY_KILL","is_daily":false,"chose_seed":false,"campfire_upgraded":0,"win_rate":0.0,"timestamp":1609103297,"path_taken":["M","?","$","M","?","E","R","M","T","E","?","?","?","M","R","BOSS","M","?","$","M","M"],"items_purchased_type":["Card","Card","Card","Card","Card"],"build_version":"2020-12-22","purchased_purges":0,"victory":false,"max_hp_per_floor":[72,72,72,72,72,72,72,72,72,72,72,72,72,72,72,72,72,72,72,72,72,72,72],"card_choices":[{"not_picked":["ats:Leaping Hammer","ats:Hammer On"],"picked":"ats:Thermite Blade","floor":1},{"not_picked":["ats:Steam Pump","ats:Soul Absorption"],"picked":"ats:Poison Spread","floor":4},{"not_picked":["ats:Childhood Dance","ats:Hammer On"],"picked":"ats:Ignite","floor":5},{"not_picked":["ats:Explosion Area Strengthen","ats:Dogmatic Field"],"picked":"ats:Blood Oath","floor":6},{"not_picked":["ats:Cat Scratch","ats:Assault Order"],"picked":"ats:Spore Proliferation","floor":8},{"not_picked":["ats:LN2 Cannon","ats:Closed Bolt Burst Fire"],"picked":"ats:Poison Spread","floor":10},{"not_picked":["ats:Leaping Hammer","ats:Explosion Area Strengthen"],"picked":"ats:Apocalypse","floor":14},{"not_picked":["ats:Echo Reverb","ats:Fractured Body"],"picked":"ats:Nebulous Foxfire","floor":16},{"not_picked":["ats:Directed Diagnosis","ats:Apocalypse+1"],"picked":"ats:Burning Ground+1","floor":18},{"not_picked":["ats:Powerful Strike+1","ats:Poison Spread"],"picked":"ats:Spore Proliferation+1","floor":21}],"player_experience":1616924,"relics_obtained":[{"floor":6,"key":"ats:Originium"},{"floor":6,"key":"Bird Faced Urn"},{"floor":10,"key":"ats:Originium"},{"floor":10,"key":"Matryoshka"}],"event_choices":[{"damage_healed":0,"gold_gain":0,"player_choice":"Ignored","damage_taken":0,"max_hp_gain":0,"max_hp_loss":0,"event_name":"NoteForYourself","floor":2,"gold_loss":0},{"damage_healed":0,"gold_gain":0,"player_choice":"Ignored","damage_taken":0,"max_hp_gain":0,"max_hp_loss":0,"event_name":"Shining Light","floor":12,"gold_loss":0},{"damage_healed":0,"gold_gain":0,"player_choice":"Left Gold","damage_taken":0,"max_hp_gain":0,"max_hp_loss":0,"event_name":"World of Goop","floor":13,"gold_loss":30},{"damage_healed":0,"gold_gain":99,"player_choice":"Stole From Cult","damage_taken":0,"max_hp_gain":0,"max_hp_loss":0,"event_name":"Nest","floor":19,"gold_loss":0}],"is_beta":false,"boss_relics":[{"not_picked":["Black Star","theForsaken:PaleLantern"],"picked":"Pandora\u0027s Box"}],"items_purged_floors":[],"is_endless":false,"potions_floor_spawned":[4,10,14,21],"killed_by":"Shelled Parasite and Fungi","ascension_level":0}}