{"host":"svp5k7820qggnejp","time":1609039095,"event":{"mods":["Aspiration","Astrologer","BaseMod","BetterRewards","Clockwork Mod","FutureSeer","Hermit","Infinite Spire","Mad Scientist","Minty Spire (QoL Compilation)","Potionbrewer","Railgun Mod","Replay The Spire","Spicy Shops","StSLib","The Dragon Tamer","The Gatherer","The Necromancer","Transform Curses","Treasure Hunter"],"gold_per_floor":[114,114,152,1,1,34,53,80,125,445,459,459,94,122,122,218,218,236,44,44,64,64,64,64,77,77,89,122,122,132,159,159,256,256,272,285,285,44,68,68,68,68,150,150,161,161,161,205,205,318,345,363,363,363,114,114,149,149,183,183,183,220,220,106,116,116,246,246,261,261,270,270,40,79,117,137,174,194,194,229,273,65,65,200,259,304,318,9,26,45,84,96,135,144,153,176,192,204,217,217,217],"floor_reached":102,"playtime":6999,"items_purged":[],"score":3167,"play_id":"b4cd6508-0b01-4bb2-a804-b76481706e13","local_time":"20201226221815","daily_mods":["Hoarder","Shiny","Vintage","Blue Cards","Purple Cards","Colorless Cards","Heirloom","Time Dilation","Flight"],"is_ascension_mode":false,"campfire_choices":[{"floor":12.0,"key":"REST"},{"floor":15.0,"key":"REST"},{"data":"Omniscience","floor":23.0,"key":"SMITH"},{"data":"Devotion","floor":29.0,"key":"SMITH"},{"floor":32.0,"key":"REST"},{"data":"Echo Form","floor":40.0,"key":"SMITH"},{"data":"Fission","floor":41.0,"key":"SMITH"},{"data":"Amplify","floor":42.0,"key":"SMITH"},{"data":"Seek","floor":44.0,"key":"SMITH"},{"data":"Judgement","floor":46.0,"key":"SMITH"},{"data":"Buffer","floor":47.0,"key":"SMITH"},{"floor":49.0,"key":"REST"},{"data":"Scrawl","floor":58.0,"key":"SMITH"},{"data":"DevaForm","floor":61.0,"key":"SMITH"},{"floor":63.0,"key":"REST"},{"data":"Devotion","floor":66.0,"key":"SMITH"},{"data":"Vault","floor":79.0,"key":"SMITH"},{"data":"Echo Form","floor":83.0,"key":"SMITH"}],"circlet_count":0,"master_deck":["Demon Form","Wraith Form v2","Echo Form+1","DevaForm+1","Judgement+1","ConjureBlade","MasterReality+1","Brilliance","Devotion+1","Blasphemy+1","Ragnarok","LessonLearned","Scrawl+1","Vault+1","Alpha","Wish","Omniscience+1","Establishment","SpiritShield","DevaForm+1","DeusExMachina","Multi-Cast","Hyperbeam","Thunder Strike","Biased Cognition","Machine Learning","Electrodynamics","Buffer+1","Rainbow","Seek+1","Meteor Strike","Echo Form+1","All For One","Reboot+1","Amplify+1","Creative AI","Fission+1","Core Surge+1","Thinking Ahead","Metamorphosis","Master of Strategy","Magnetism","Chrysalis","Transmutation","HandOfGreed","Mayhem","Apotheosis","Secret Weapon","Panache","Violence","Rebound","Rebound","Rebound","Storm","Storm","Storm","Devotion+1","Devotion","Devotion+1","EmptyBody","EmptyBody","EmptyBody","All For One","All For One","All For One","Pray","Pray+1","Pray","Pray","Pray","Pray","Meteor Strike","Meteor Strike","Meteor Strike+1","Panacea+1","Panacea+1","Panacea+1","Ragnarok","Ragnarok","Ragnarok","Dramatic Entrance+1","Dramatic Entrance+1","Dramatic Entrance+1","Forethought+1","Forethought+1","Forethought+1","Impatience+1","Impatience+1","Impatience+1","Steam","Steam","Steam","Outmaneuver","Outmaneuver","Outmaneuver","ThirdEye","ThirdEye","ThirdEye","Buffer","Buffer+1","Buffer","Compile Driver","Compile Driver","Compile Driver","Well Laid Plans","Well Laid Plans","Well Laid Plans","Swivel","Swivel","Swivel","Shrug It Off","Shrug It Off","Shrug It Off","Whirlwind","Whirlwind","Whirlwind","Panacea+1","Panacea+1","Panacea+1","Transmutation","Transmutation","Transmutation","Searing Blow+1","Searing Blow+1","Searing Blow+1","BattleHymn+1","BattleHymn+1","BattleHymn+1","White Noise","White Noise","White Noise","Fasting2+1","Fasting2+1","Fasting2+1","TH:TreasureMap","TH:TreasureMap","TH:TreasureMap","TH:CursedSword","TH:CursedSword","TH:CursedSword","Devotion+1","Devotion+1","Devotion+1"],"relics":["Cracked Core","CaptainsWheel","Pear","PreservedInsect","Unceasing Top","Bag of Preparation","Pantograph","The Courier","Toy Ornithopter","Tiny Chest","Old Coin","Vajra","DollysMirror","Pen Nib","Orichalcum","Odd Mushroom","Philosopher\u0027s Stone","Mango","Blue Candle","Strawberry","Bottled Lightning","Kunai","Gremlin Horn","Meat on the Bone","Bottled Tornado","Blood Vial","Oddly Smooth Stone","War Paint","Busted Crown","Whetstone","Juzu Bracelet","Omamori","Happy Flower","Art of War","Mummified Hand","CeramicFish","Lantern","Astrolabe","HornCleat","Eternal Feather","Potion Belt","PrismaticShard","StrikeDummy","Sling","Bird Faced Urn","Ornamental Fan","Ice Cream","Sundial","Bronze Scales","Frozen Egg 2","Tiny House","MealTicket","Ancient Tea Set","Cables","DataDisk","Bottled Flame","Symbiotic Virus","StoneCalendar","InkBottle","White Beast Statue","Lizard Tail","Turnip","Incense Burner","Emotion Chip","Du-Vu Doll"],"acts_visited":[],"potions_floor_usage":[101,101,101,101,101],"damage_taken":[{"damage":0.0,"enemies":"2 Louse","floor":1.0,"turns":1.0},{"damage":21.0,"enemies":"Jaw Worm","floor":3.0,"turns":5.0},{"damage":20.0,"enemies":"Gremlin Nob","floor":6.0,"turns":4.0},{"damage":0.0,"enemies":"Cultist","floor":7.0,"turns":2.0},{"damage":16.0,"enemies":"Lagavulin","floor":8.0,"turns":3.0},{"damage":7.0,"enemies":"Exordium Wildlife","floor":10.0,"turns":4.0},{"damage":0.0,"enemies":"Looter","floor":11.0,"turns":2.0},{"damage":16.0,"enemies":"The Mushroom Lair","floor":14.0,"turns":4.0},{"damage":0.0,"enemies":"Slime Boss","floor":16.0,"turns":3.0},{"damage":6.0,"enemies":"Chosen","floor":18.0,"turns":4.0},{"damage":11.0,"enemies":"Shell Parasite","floor":21.0,"turns":6.0},{"damage":2.0,"enemies":"Snecko","floor":25.0,"turns":4.0},{"damage":0.0,"enemies":"3 Cultists","floor":27.0,"turns":1.0},{"damage":53.0,"enemies":"Slavers","floor":28.0,"turns":4.0},{"damage":15.0,"enemies":"Shelled Parasite and Fungi","floor":30.0,"turns":2.0},{"damage":23.0,"enemies":"Book of Stabbing","floor":31.0,"turns":3.0},{"damage":22.0,"enemies":"Collector","floor":33.0,"turns":4.0},{"damage":11.0,"enemies":"Orb Walker","floor":35.0,"turns":3.0},{"damage":18.0,"enemies":"3 Shapes","floor":36.0,"turns":3.0},{"damage":0.0,"enemies":"Jaw Worm Horde","floor":45.0,"turns":1.0},{"damage":0.0,"enemies":"Reptomancer","floor":48.0,"turns":1.0},{"damage":21.0,"enemies":"Awakened One","floor":50.0,"turns":4.0},{"damage":0.0,"enemies":"Jaw Worm","floor":52.0,"turns":1.0},{"damage":0.0,"enemies":"Lagavulin","floor":57.0,"turns":1.0},{"damage":0.0,"enemies":"Gremlin Nob","floor":59.0,"turns":1.0},{"damage":0.0,"enemies":"Lagavulin","floor":62.0,"turns":2.0},{"damage":0.0,"enemies":"2 Louse","floor":65.0,"turns":1.0},{"damage":0.0,"enemies":"Slime Boss","floor":67.0,"turns":3.0},{"damage":0.0,"enemies":"Shell Parasite","floor":69.0,"turns":2.0},{"damage":0.0,"enemies":"Slavers","floor":74.0,"turns":1.0},{"damage":16.0,"enemies":"Book of Stabbing","floor":75.0,"turns":3.0},{"damage":0.0,"enemies":"2 Thieves","floor":76.0,"turns":1.0},{"damage":0.0,"enemies":"Slavers","floor":77.0,"turns":1.0},{"damage":0.0,"enemies":"Chosen and Byrds","floor":78.0,"turns":1.0},{"damage":0.0,"enemies":"Gremlin Leader","floor":80.0,"turns":1.0},{"damage":0.0,"enemies":"Book of Stabbing","floor":81.0,"turns":1.0},{"damage":49.0,"enemies":"Collector","floor":84.0,"turns":5.0},{"damage":0.0,"enemies":"3 Darklings","floor":86.0,"turns":1.0},{"damage":14.0,"enemies":"3 Shapes","floor":87.0,"turns":1.0},{"damage":0.0,"enemies":"Writhing Mass","floor":89.0,"turns":2.0},{"damage":9.0,"enemies":"Sphere and 2 Shapes","floor":90.0,"turns":1.0},{"damage":0.0,"enemies":"Nemesis","floor":91.0,"turns":1.0},{"damage":0,"enemies":"Maw","floor":92,"turns":3},{"damage":0,"enemies":"Reptomancer","floor":93,"turns":1},{"damage":0,"enemies":"3 Darklings","floor":97,"turns":1},{"damage":0,"enemies":"Sphere and 2 Shapes","floor":98,"turns":1},{"damage":0,"enemies":"Spire Growth","floor":99,"turns":2},{"damage":0,"enemies":"Donu and Deca","floor":101,"turns":3}],"seed_played":"7695126261036582318","potions_obtained":[{"floor":3.0,"key":"SkillPotion"},{"floor":6.0,"key":"PowerPotion"},{"floor":8.0,"key":"DistilledChaos"},{"floor":11.0,"key":"Fire Potion"},{"floor":14.0,"key":"LiquidBronze"},{"floor":24.0,"key":"FearPotion"},{"floor":24.0,"key":"Regen Potion"},{"floor":24.0,"key":"Weak Potion"},{"floor":25.0,"key":"LiquidMemories"},{"floor":31.0,"key":"Ancient Potion"},{"floor":36.0,"key":"Fire Potion"},{"floor":52.0,"key":"DistilledChaos"},{"floor":57.0,"key":"SpeedPotion"},{"floor":59.0,"key":"Explosive Potion"},{"floor":70.0,"key":"PowerPotion"},{"floor":76.0,"key":"SteroidPotion"},{"floor":81.0,"key":"AttackPotion"},{"floor":85.0,"key":"FearPotion"},{"floor":89.0,"key":"potionbrewer:SplittingPotion"}],"is_trial":true,"path_per_floor":["M","?","M","$","?","E","M","E","T","M","M","R","$","?","R","B",null,"M","$","?","M","T","R","?","M","T","M","E","R","M","E","R","B",null,"M","M","?","$","T","R","R","R","T","R","M","R","R","E","R","B",null,"M","?","?","$","?","E","R","E","T","R","E","R","$","M","R","B",null,"M","?","?","?","$","E","E","M","E","M","R","E","E","$","R","B",null,"M","M","$","M","M","E","M","E","T","?","T","M","M","M","R","B",null],"character_chosen":"DEFECT","items_purchased":["Bag of Preparation","DollysMirror","Pen Nib","Orichalcum","Blue Candle","Omamori","Happy Flower","Potion Belt","PrismaticShard","Sling","Ice Cream","Frozen Egg 2","Cables","DataDisk","BattleHymn+1","White Noise"],"campfire_rested":5,"item_purchase_floors":[4,13,13,13,19,38,38,55,55,64,73,82,88,88,88,88],"current_hp_per_floor":[85,82,61,61,61,41,41,25,25,33,33,58,58,47,72,85,85,93,93,100,89,89,89,89,87,87,87,46,46,45,41,72,82,106,95,79,79,79,79,79,79,79,79,79,81,81,81,83,106,85,106,106,111,86,86,86,88,111,111,111,111,111,111,111,111,111,111,111,111,111,111,111,111,111,98,100,102,111,111,111,111,111,111,79,116,116,102,116,116,116,116,116,116,116,116,116,116,116,116,116,116],"gold":217,"neow_bonus":"","is_daily":false,"chose_seed":false,"campfire_upgraded":13,"win_rate":0.0,"timestamp":1609039095,"path_taken":["M","?","M","$","?","E","M","E","T","?","M","R","$","?","R","BOSS","M","$","?","M","?","R","?","M","T","?","E","R","M","E","R","BOSS","M","M","?","$","?","R","R","R","T","R","M","R","R","E","R","BOSS","M","?","?","$","?","E","R","E","T","R","E","R","$","M","R","BOSS","M","?","?","?","$","E","E","M","E","M","R","E","E","$","R","BOSS","M","M","$","M","M","E","M","E","T","?","?","M","M","M","R","BOSS"],"items_purchased_type":["Relic","Relic","Relic","Relic","Relic","Relic","Relic","Relic","Relic","Relic","Relic","Relic","Relic","Relic","Card","Card"],"build_version":"2020-12-22","purchased_purges":0,"victory":true,"max_hp_per_floor":[85,85,85,85,85,85,85,85,85,85,85,85,85,85,85,85,85,99,99,106,106,106,106,106,106,106,106,106,106,106,106,106,106,106,106,106,106,106,106,106,106,106,106,106,106,106,106,106,106,106,106,106,111,111,111,111,111,111,111,111,111,111,111,111,111,111,111,111,111,111,111,111,111,111,111,111,111,111,111,111,111,111,111,111,116,116,116,116,116,116,116,116,116,116,116,116,116,116,116,116,116],"card_choices":[{"not_picked":["Apotheosis","Blizzard"],"picked":"Rebound","floor":6.0},{"not_picked":["Reboot","Redo"],"picked":"Storm","floor":8.0},{"not_picked":["WaveOfTheHand","Stack"],"picked":"EmptyBody","floor":14.0},{"not_picked":["Violence","Brilliance"],"picked":"All For One","floor":16.0},{"not_picked":["Leap","Finesse+1"],"picked":"Pray","floor":28.0},{"not_picked":["Multi-Cast","Crescendo"],"picked":"Pray","floor":31.0},{"not_picked":["Judgement","Apotheosis"],"picked":"Meteor Strike","floor":33.0},{"not_picked":[],"picked":"Panacea+1","floor":48.0},{"not_picked":[],"picked":"Ragnarok","floor":50.0},{"not_picked":[],"picked":"Steam","floor":57.0},{"not_picked":[],"picked":"Outmaneuver","floor":59.0},{"not_picked":[],"picked":"ThirdEye","floor":62.0},{"not_picked":[],"picked":"Buffer","floor":67.0},{"not_picked":[],"picked":"Well Laid Plans","floor":74.0},{"not_picked":[],"picked":"Swivel","floor":75.0},{"not_picked":[],"picked":"Shrug It Off","floor":77.0},{"not_picked":[],"picked":"Whirlwind","floor":80.0},{"not_picked":[],"picked":"Panacea+1","floor":81.0},{"not_picked":[],"picked":"Transmutation","floor":84.0},{"not_picked":[],"picked":"Searing Blow+1","floor":85.0},{"not_picked":[],"picked":"Fasting2+1","floor":91.0},{"not_picked":["TH:ArmorSpikes"],"picked":"SKIP","floor":91.0},{"not_picked":[],"picked":"TH:TreasureMap","floor":93},{"not_picked":["DTMod:CrossStep+1"],"picked":"SKIP","floor":93},{"not_picked":[],"picked":"TH:CursedSword","floor":94},{"not_picked":["TH:Mimic"],"picked":"SKIP","floor":96}],"player_experience":210179,"relics_obtained":[{"floor":1.0,"key":"Pear"},{"floor":3.0,"key":"Unceasing Top"},{"floor":6.0,"key":"Pantograph"},{"floor":7.0,"key":"The Courier"},{"floor":8.0,"key":"Toy Ornithopter"},{"floor":9.0,"key":"Tiny Chest"},{"floor":10.0,"key":"Old Coin"},{"floor":11.0,"key":"Vajra"},{"floor":14.0,"key":"Odd Mushroom"},{"floor":18.0,"key":"Mango"},{"floor":21.0,"key":"Bottled Lightning"},{"floor":22.0,"key":"Kunai"},{"floor":25.0,"key":"Gremlin Horn"},{"floor":26.0,"key":"Meat on the Bone"},{"floor":27.0,"key":"Bottled Tornado"},{"floor":28.0,"key":"Blood Vial"},{"floor":30.0,"key":"Oddly Smooth Stone"},{"floor":31.0,"key":"War Paint"},{"floor":35.0,"key":"Whetstone"},{"floor":36.0,"key":"Juzu Bracelet"},{"floor":39.0,"key":"Art of War"},{"floor":43.0,"key":"Mummified Hand"},{"floor":45.0,"key":"CeramicFish"},{"floor":48.0,"key":"Lantern"},{"floor":52.0,"key":"HornCleat"},{"floor":60.0,"key":"StrikeDummy"},{"floor":65.0,"key":"Bird Faced Urn"},{"floor":69.0,"key":"Ornamental Fan"},{"floor":76.0,"key":"Sundial"},{"floor":78.0,"key":"Bronze Scales"},{"floor":86.0,"key":"MealTicket"},{"floor":87.0,"key":"Ancient Tea Set"},{"floor":89.0,"key":"Bottled Flame"},{"floor":90.0,"key":"Symbiotic Virus"},{"floor":91.0,"key":"StoneCalendar"},{"floor":92,"key":"InkBottle"},{"floor":93,"key":"White Beast Statue"},{"floor":94,"key":"Lizard Tail"},{"floor":96,"key":"Turnip"},{"floor":97,"key":"Incense Burner"},{"floor":98,"key":"Emotion Chip"},{"floor":99,"key":"Du-Vu Doll"}],"event_choices":[{"damage_healed":0.0,"max_hp_gain":0.0,"max_hp_loss":0.0,"gold_gain":0.0,"event_name":"Scrap Ooze","player_choice":"Success","floor":2.0,"gold_loss":0.0,"damage_taken":3.0,"relics_obtained":["PreservedInsect"]},{"damage_healed":0.0,"max_hp_gain":0.0,"max_hp_loss":0.0,"gold_gain":0.0,"event_name":"Upgrade Shrine","player_choice":"Upgraded","floor":5.0,"gold_loss":0.0,"damage_taken":0.0,"cards_upgraded":["DevaForm"]},{"damage_healed":0.0,"max_hp_gain":0.0,"max_hp_loss":0.0,"gold_gain":0.0,"event_name":"Mushrooms","player_choice":"Fought Mushrooms","floor":14.0,"gold_loss":0.0,"damage_taken":0.0},{"damage_healed":0.0,"max_hp_gain":0.0,"max_hp_loss":0.0,"gold_gain":0.0,"event_name":"The Mausoleum","player_choice":"Opened","floor":20.0,"gold_loss":0.0,"damage_taken":0.0,"relics_obtained":["Strawberry"]},{"damage_healed":0.0,"max_hp_gain":0.0,"max_hp_loss":0.0,"gold_gain":0.0,"event_name":"Lab","player_choice":"Got Potions","floor":24.0,"gold_loss":0.0,"damage_taken":0.0},{"damage_healed":0.0,"max_hp_gain":0.0,"max_hp_loss":0.0,"gold_gain":0.0,"event_name":"Mysterious Sphere","player_choice":"Ignored","floor":37.0,"gold_loss":0.0,"damage_taken":0.0},{"damage_healed":0.0,"max_hp_gain":5.0,"max_hp_loss":0.0,"gold_gain":0.0,"event_name":"Big Fish","player_choice":"Donut","floor":53.0,"gold_loss":0.0,"damage_taken":0.0},{"damage_healed":0.0,"max_hp_gain":0.0,"max_hp_loss":0.0,"gold_gain":0.0,"event_name":"Scrap Ooze","player_choice":"Success","floor":54.0,"gold_loss":0.0,"damage_taken":25.0,"relics_obtained":["Eternal Feather"]},{"damage_healed":0.0,"max_hp_gain":0.0,"max_hp_loss":0.0,"gold_gain":0.0,"event_name":"Living Wall","player_choice":"Grow","floor":56.0,"gold_loss":0.0,"damage_taken":0.0,"cards_upgraded":["Devotion"]},{"damage_healed":0.0,"max_hp_gain":0.0,"max_hp_loss":0.0,"gold_gain":0.0,"event_name":"Lab","player_choice":"Got Potions","floor":70.0,"gold_loss":0.0,"damage_taken":0.0},{"damage_healed":0.0,"max_hp_gain":0.0,"max_hp_loss":0.0,"gold_gain":0.0,"event_name":"The Library","player_choice":"Read","floor":71.0,"gold_loss":0.0,"damage_taken":0.0,"cards_obtained":["Compile Driver"]},{"damage_healed":0.0,"max_hp_gain":0.0,"max_hp_loss":0.0,"gold_gain":0.0,"event_name":"Beggar","player_choice":"Ignored","floor":72.0,"gold_loss":0.0,"damage_taken":0.0},{"damage_healed":0,"gold_gain":0,"player_choice":"Copied","damage_taken":0,"max_hp_gain":0,"max_hp_loss":0,"event_name":"Duplicator","floor":95,"gold_loss":0,"cards_obtained":["Devotion"]}],"is_beta":false,"boss_relics":[{"not_picked":["Sozu","Cursed Key"],"picked":"Philosopher\u0027s Stone"},{"not_picked":["Tiny House","FrozenCore"],"picked":"Busted Crown"},{"not_picked":["Nuclear Battery","Snecko Eye"],"picked":"Astrolabe"},{"not_picked":["Coffee Dripper","Runic Dome","Snecko Eye"]},{"not_picked":["Nuclear Battery","Black Star"],"picked":"Tiny House"}],"items_purged_floors":[],"is_endless":false,"potions_floor_spawned":[3,6,8,11,14,25,31,36,52,57,59,65,69,76,77,81,89,91,93,97,98,99],"ascension_level":0}}