{"host":"djjpvtbajazjoxm7","time":1609055360,"event":{"mods":["Act Like it!","Arknights The Spire","Ascension Reborn","BaseMod","CapriCore","GungeonMod","Hermit","KOR Keyword Fix","Lobotomy","Minty Spire (QoL Compilation)","Replay The Spire","StSLib","The Gatherer","The Hierophant","The Immortal","Waifu the Spire"],"gold_per_floor":[123,141,141,153,153,184,184,184,226,226,226,248,288,94,134,149,149,275,275,294,308,25,25,25,60,82,102,102,133,133,253,294,310,310,425,425,441,441,441,453,453,488,506,506,564,598,616,68,68,91,91,91],"floor_reached":53,"playtime":2770,"items_purged":["ats:Strike S+1"],"score":175,"play_id":"454715eb-69f3-4e0e-82ba-c223b071e1cf","local_time":"20201227164920","is_ascension_mode":true,"campfire_choices":[{"data":"ats:Assault Order","floor":10,"key":"SMITH"},{"data":"ats:Mental Burst","floor":17,"key":"SMITH"},{"data":"ats:Volcano","floor":17,"key":"SMITH"},{"data":"ats:Childhood Dance","floor":30,"key":"SMITH"},{"data":"ats:Echo Reverb","floor":30,"key":"SMITH"},{"floor":34,"key":"RECALL"},{"data":"ats:Durian","floor":44,"key":"SMITH"},{"data":"ats:Curse Doll","floor":44,"key":"SMITH"}],"circlet_count":0,"master_deck":["ats:Strike C+1","ats:Armor Crushing Shot+1","ats:Defend+1","ats:Defend+1","ats:Defend+1","ats:Defend+1","ats:Emotion Absorption+1","ats:Assault Order+1","ats:Sunburst","ats:Cat Scratch","ats:Childhood Dance+1","ats:Sunburst+1","ats:Curse Doll+1","ats:Ignite+1","Pot Of Greed+1","Pot Of Greed+1","ats:Volcano+1","ats:Mental Burst+1","ats:Curse Doll","ats:Leaping Hammer+1","ats:Echo Reverb+1","ats:Ignite","ats:Automatic Cover+1","ats:Volcano+1","Bandage Up","Pot Of Greed+1","ats:Burning Ground+1","ats:Durian+1","ats:Apocalypse+1","ats:Soul Absorption+1","ats:Song Of Battle","ats:Healing Drone","ats:Disruption Kick","ats:Guardian Obelisk+1","Madness","Madness"],"relics":["ats:Sanity Plus","PreservedInsect","ats:Originium","ats:MaxSp4","ReplayTheSpireMod:Shallot","ats:Originium","InkBottle","Replay:Wax Seal","Replay:Arrowhead","ats:Originium","Grinning Jar","ats:Arts","DemoMod:GnawedKey","Replay:Bottled Eggs","Replay:Multitool","SlaversCollar","ats:Ability Aura","ats:Spiritual Recovery","MutagenicStrength","Strawberry","Anchor","Replay:Bottled Snecko","Replay:Rubber Ducky","DemoMod:GreenGuonStone","Matryoshka","Prayer Wheel","DemoMod:RingOfEthereal","Snack Pack","DemoMod:PinkGuonStone","ats:Industrial Water Cannon","Happy Flower","Mango","Onion Ring","Eternal Feather","DemoMod:PartiallyEatenCheese","Oddly Smooth Stone","Bronze Scales","HornCleat"],"acts_visited":["Exordium","TheCity","TheBeyond"],"potions_floor_usage":[3,6,6,13,18,18,18,25,29,35,35,52,53,53],"damage_taken":[{"damage":0,"enemies":"Jaw Worm","floor":1,"turns":1},{"damage":0,"enemies":"Cultist","floor":2,"turns":2},{"damage":0,"enemies":"2 Louse","floor":4,"turns":2},{"damage":0,"enemies":"Replay:BlueRogue","floor":6,"turns":2},{"damage":0,"enemies":"3 Sentries","floor":9,"turns":3},{"damage":0,"enemies":"Lots of Slimes","floor":12,"turns":2},{"damage":0,"enemies":"Lagavulin","floor":13,"turns":2},{"damage":0,"enemies":"Gremlin Nob","floor":15,"turns":2},{"damage":0,"enemies":"Looter","floor":16,"turns":2},{"damage":1,"enemies":"The Guardian","floor":18,"turns":3},{"damage":1,"enemies":"2 Thieves","floor":20,"turns":2},{"damage":5,"enemies":"Shell Parasite","floor":21,"turns":2},{"damage":0,"enemies":"Book of Stabbing","floor":25,"turns":1},{"damage":0,"enemies":"Sentry and Sphere","floor":26,"turns":3},{"damage":0,"enemies":"Snake Plant","floor":27,"turns":2},{"damage":0,"enemies":"Gremlin Leader","floor":29,"turns":2},{"damage":0,"enemies":"Colosseum Slavers","floor":31,"turns":2},{"damage":0,"enemies":"Colosseum Nobs","floor":31,"turns":2},{"damage":0,"enemies":"Book of Stabbing","floor":32,"turns":1},{"damage":0,"enemies":"Chosen and Byrds","floor":33,"turns":3},{"damage":0,"enemies":"Collector","floor":35,"turns":5},{"damage":0,"enemies":"3 Shapes","floor":37,"turns":2},{"damage":0,"enemies":"3 Darklings","floor":40,"turns":2},{"damage":0,"enemies":"R_Hoarder","floor":42,"turns":2},{"damage":0,"enemies":"Sphere and 2 Shapes","floor":43,"turns":2},{"damage":5,"enemies":"Giant Head","floor":46,"turns":4},{"damage":9,"enemies":"Maw","floor":47,"turns":4},{"damage":5,"enemies":"Writhing Mass","floor":50,"turns":2},{"damage":6,"enemies":"Time Eater","floor":52,"turns":5},{"damage":21,"enemies":"Malkuth","floor":53,"turns":7},{"damage":39,"enemies":"Hod","floor":53,"turns":11},{"damage":17,"enemies":"Chesed","floor":53,"turns":4},{"damage":128,"enemies":"Hokma","floor":53,"turns":12}],"seed_played":"2764882771500807125","potions_obtained":[{"floor":1,"key":"DemoMod:LeadSkinPotion"},{"floor":2,"key":"Adrenaline Potion"},{"floor":2,"key":"Weak Potion"},{"floor":3,"key":"Fruit Juice"},{"floor":3,"key":"CultistPotion"},{"floor":3,"key":"Swift Potion"},{"floor":9,"key":"Languid Potion"},{"floor":12,"key":"PowerPotion"},{"floor":13,"key":"Strength Potion"},{"floor":16,"key":"PowerPotion"},{"floor":18,"key":"Dexterity Potion"},{"floor":20,"key":"Weak Potion"},{"floor":20,"key":"Adrenaline Potion"},{"floor":25,"key":"EssenceOfSteel"},{"floor":29,"key":"Explosive Potion"},{"floor":35,"key":"Regen Potion"},{"floor":37,"key":"SteroidPotion"},{"floor":46,"key":"Dexterity Potion"},{"floor":47,"key":"SkillPotion"},{"floor":50,"key":"CultistPotion"},{"floor":50,"key":"DuplicationPotion"}],"is_trial":false,"path_per_floor":["M","M","?","M","?","E","PTL","PTL","E","R","T","M","E","$","E","M","R","B",null,"M","M","$","?","?","E","M","M","T","E","R","?","E","M","R","B",null,"M","?","?","M","?","E","M","R","T","E","M","$","T","M","R","B",null],"character_chosen":"DOCTOR_CLASS","items_purchased":["ats:Arts","DemoMod:GnawedKey","ats:Ability Aura","ats:Spiritual Recovery","Onion Ring","Eternal Feather","ats:Song Of Battle","ats:Healing Drone","ats:Disruption Kick"],"campfire_rested":0,"item_purchase_floors":[14,14,22,22,48,48,48,48,48],"current_hp_per_floor":[72,72,77,77,77,77,77,77,77,77,77,77,77,77,77,77,77,76,77,76,71,71,71,71,81,81,81,81,81,81,81,81,81,81,81,84,84,74,74,80,80,80,80,80,90,105,104,104,104,103,92,105],"gold":91,"neow_bonus":"RANDOM_EVENT","is_daily":false,"chose_seed":false,"campfire_upgraded":7,"win_rate":0.0,"timestamp":1609055360,"path_taken":["M","M","?","?","?","E","PTL","PTL","E","R","T","M","E","$","E","M","R","BOSS","M","M","?","?","?","E","M","M","T","E","R","?","E","?","R","BOSS","M","?","?","M","?","E","M","R","T","E","?","$","?","?","R","BOSS"],"items_purchased_type":["Relic","Relic","Relic","Relic","Relic","Relic","Card","Card","Card"],"build_version":"2020-12-22","purchased_purges":1,"victory":true,"max_hp_per_floor":[72,72,77,77,77,77,77,77,77,77,77,77,77,77,77,77,77,77,77,77,77,77,77,77,84,84,84,84,84,84,84,84,84,84,84,84,84,84,84,84,84,84,84,84,91,105,105,105,105,105,105,105],"card_choices":[{"not_picked":["ats:Explosion Area Strengthen","ats:Charging Defense"],"picked":"ats:Assault Order","floor":1},{"not_picked":["ats:Cat Scratch","ats:Ignite"],"picked":"ats:Sunburst","floor":2},{"not_picked":["ats:Assault Order+1","ats:Poison Spread","ats:Cat Scratch"],"picked":"SKIP","floor":4},{"not_picked":["ats:Explosion Area Strengthen+1","ats:Consecutive Shot Auto"],"picked":"ats:Childhood Dance","floor":6},{"not_picked":["ats:Childhood Dance+1","ats:Explosion Area Strengthen"],"picked":"ats:Sunburst+1","floor":6},{"not_picked":["ats:Defend Order","ats:Consecutive Shot Auto"],"picked":"ats:Curse Doll","floor":9},{"not_picked":["ats:Steam Pump","ats:Poison Spread+1","ats:Powerful Strike"],"picked":"SKIP","floor":9},{"not_picked":["ats:Hammer On","ats:Shell Defense+1"],"picked":"ats:Ignite+1","floor":12},{"not_picked":["ats:Curse Doll","ats:Childhood Dance"],"picked":"ats:Volcano","floor":13},{"not_picked":["ats:Flexible Camouflage","ats:Closed Bolt Burst Fire","ats:Steam Pump+1"],"picked":"SKIP","floor":13},{"not_picked":["ats:Childhood Dance","ats:Flexible Camouflage"],"picked":"ats:Mental Burst","floor":15},{"not_picked":["ats:Magnetic Hammer+1","ats:Powerful Strike"],"picked":"ats:Curse Doll","floor":15},{"not_picked":["ats:Shell Defense+1","ats:Powerful Strike"],"picked":"ats:Leaping Hammer+1","floor":16},{"not_picked":["ats:Wolf Pack","ats:Fractured Body"],"picked":"ats:Echo Reverb","floor":18},{"not_picked":["ats:Flexible Camouflage+1","ats:Powerful Strike","ats:Steam Pump+1"],"picked":"SKIP","floor":20},{"not_picked":["ats:Rapid Magazine+1","ats:Poison Spread","ats:Cat Scratch"],"picked":"SKIP","floor":21},{"not_picked":["ats:Cat Scratch+1","ats:Childhood Dance","ats:Magnetic Hammer+1"],"picked":"SKIP","floor":25},{"not_picked":["ats:Flexible Camouflage","ats:Rapid Magazine+1"],"picked":"ats:Ignite","floor":26},{"not_picked":["ats:Hammer On","ats:Volcano","ats:Childhood Dance+1"],"picked":"SKIP","floor":27},{"not_picked":["ats:Powerful Strike","ats:Consecutive Shot Auto+1","ats:Sword Rain+1"],"picked":"SKIP","floor":29},{"not_picked":["ats:Curse Doll+1","ats:Consecutive Shot Auto","ats:Closed Bolt Burst Fire"],"picked":"SKIP","floor":32},{"not_picked":["ats:Leaping Hammer","ats:Explosion Area Strengthen"],"picked":"ats:Automatic Cover+1","floor":33},{"not_picked":["ats:Powerful Strike+1","ats:Overload","ats:Leaping Hammer"],"picked":"SKIP","floor":33},{"not_picked":["ats:True Silver Slash","ats:Soul Rend"],"picked":"ats:Volcano","floor":35},{"not_picked":["ats:Childhood Dance+1","ats:Assault Order+1","ats:Encircling Forest+1"],"picked":"SKIP","floor":37},{"not_picked":["ats:Curse Doll+1","ats:Revitalization","ats:Hammer On+1"],"picked":"SKIP","floor":37},{"not_picked":["Replay:Sssssssssshield","Dark Shackles"],"picked":"Bandage Up","floor":38},{"not_picked":["ats:Shell Defense+1","ats:Defend Order"],"picked":"ats:Burning Ground+1","floor":40},{"not_picked":["ats:Flexible Camouflage","ats:Shell Defense+1","ats:Sword Rain+1"],"picked":"SKIP","floor":40},{"not_picked":["ats:Hammer On+1","ats:Collapsing Strike+1"],"picked":"ats:Durian","floor":42},{"not_picked":["ats:Beaten Up+1","ats:Explosion Area Strengthen+1"],"picked":"ats:Apocalypse+1","floor":43},{"not_picked":["ats:Curse Doll","ats:Explosion Area Strengthen+1","ats:Magnetic Hammer+1"],"picked":"SKIP","floor":43},{"not_picked":["ats:Consecutive Shot Auto+1","ats:Encircling Forest","ats:Ignite"],"picked":"SKIP","floor":46},{"not_picked":["ats:Ignite+1","ats:Hook Shot+1"],"picked":"ats:Soul Absorption+1","floor":47},{"not_picked":["ats:Soul Absorption+1","ats:Poison Spread+1","ats:Blood Oath+1"],"picked":"SKIP","floor":47},{"not_picked":["ats:Cat Scratch+1","ats:Very Hot Blade+1"],"picked":"ats:Guardian Obelisk+1","floor":50},{"not_picked":["ats:Magnetic Hammer+1","ats:Consecutive Shot Auto","ats:Powerful Strike+1"],"picked":"SKIP","floor":50}],"player_experience":195054,"relics_obtained":[{"floor":2,"key":"PreservedInsect"},{"floor":6,"key":"ats:Originium"},{"floor":6,"key":"ats:MaxSp4"},{"floor":9,"key":"ReplayTheSpireMod:Shallot"},{"floor":9,"key":"ats:Originium"},{"floor":11,"key":"InkBottle"},{"floor":11,"key":"Replay:Wax Seal"},{"floor":12,"key":"Replay:Arrowhead"},{"floor":13,"key":"ats:Originium"},{"floor":13,"key":"Grinning Jar"},{"floor":15,"key":"Replay:Bottled Eggs"},{"floor":18,"key":"Replay:Multitool"},{"floor":25,"key":"Strawberry"},{"floor":26,"key":"Anchor"},{"floor":28,"key":"Replay:Bottled Snecko"},{"floor":29,"key":"Replay:Rubber Ducky"},{"floor":31,"key":"DemoMod:GreenGuonStone"},{"floor":31,"key":"Matryoshka"},{"floor":32,"key":"Prayer Wheel"},{"floor":35,"key":"DemoMod:RingOfEthereal"},{"floor":42,"key":"Snack Pack"},{"floor":45,"key":"DemoMod:PinkGuonStone"},{"floor":45,"key":"ats:Industrial Water Cannon"},{"floor":45,"key":"Happy Flower"},{"floor":46,"key":"Mango"},{"floor":49,"key":"DemoMod:PartiallyEatenCheese"},{"floor":49,"key":"Oddly Smooth Stone"},{"floor":49,"key":"Bronze Scales"},{"floor":50,"key":"HornCleat"}],"event_choices":[{"damage_healed":0,"gold_gain":0,"player_choice":"Got Potions","damage_taken":0,"max_hp_gain":0,"max_hp_loss":0,"event_name":"Lab","floor":3,"gold_loss":0},{"damage_healed":0,"gold_gain":0,"cards_transformed":["ats:Strike G"],"player_choice":"Transformed","damage_taken":0,"max_hp_gain":0,"max_hp_loss":0,"event_name":"Transmorgrifier","floor":5,"gold_loss":0,"cards_obtained":["ats:Cat Scratch"]},{"damage_healed":0,"gold_gain":0,"player_choice":"Inject Mutagens","damage_taken":0,"relics_obtained":["MutagenicStrength"],"max_hp_gain":0,"max_hp_loss":0,"event_name":"Drug Dealer","floor":23,"gold_loss":0},{"damage_healed":0,"gold_gain":0,"player_choice":"Ignored","damage_taken":0,"max_hp_gain":0,"max_hp_loss":0,"event_name":"Ghosts","floor":24,"gold_loss":0},{"damage_healed":0,"gold_gain":0,"player_choice":"Fight","damage_taken":0,"max_hp_gain":0,"max_hp_loss":0,"event_name":"Colosseum","floor":31,"gold_loss":0},{"damage_healed":0,"gold_gain":0,"player_choice":"Fought Nobs","damage_taken":0,"max_hp_gain":0,"max_hp_loss":0,"event_name":"Colosseum","floor":31,"gold_loss":0},{"damage_healed":0,"gold_gain":0,"player_choice":"Memory 3","damage_taken":10,"max_hp_gain":0,"max_hp_loss":0,"event_name":"SensoryStone","floor":38,"gold_loss":0},{"damage_healed":0,"gold_gain":0,"player_choice":"Upgraded","damage_taken":0,"max_hp_gain":0,"max_hp_loss":0,"event_name":"Upgrade Shrine","floor":41,"gold_loss":0,"cards_upgraded":["ats:Volcano"]},{"damage_healed":0,"gold_gain":0,"player_choice":"Embrace Madness","damage_taken":13,"max_hp_gain":0,"max_hp_loss":0,"event_name":"Winding Halls","floor":51,"gold_loss":0,"cards_obtained":["Madness","Madness"]}],"is_beta":false,"boss_relics":[{"not_picked":["Kintsugi","Velvet Choker"],"picked":"SlaversCollar"},{"not_picked":["Empty Cage","Sozu"],"picked":"ats:Sanity Plus"}],"items_purged_floors":[22],"is_endless":false,"potions_floor_spawned":[2,4,16,20,29,42,43,47,50],"ascension_level":-20}}