{"host":"d8d3jqle49sogkjv","time":1609102284,"event":{"mods":["BaseMod","Colored Map","Colored Powertips","Minty Spire (QoL Compilation)","StSLib"],"gold_per_floor":[115,115,127,147,4,34,34,53,107,37,52,30,45,61,61,61,61],"floor_reached":16,"playtime":874,"items_purged":["Defend_B"],"score":140,"play_id":"4629da24-5646-41bf-86c6-2f9ee6db221e","local_time":"20201227215124","is_ascension_mode":true,"campfire_choices":[{"floor":7,"key":"REST"},{"floor":15,"key":"REST"}],"circlet_count":0,"master_deck":["Strike_B","Defend_B","Defend_B","Defend_B","Zap","Dualcast","Chaos","Thunder Strike","Capacitor","Undo","Streamline","Loop","BootSequence","Conserve Battery","Chaos","Amplify"],"relics":["Cracked Core","Sundial","Anchor"],"acts_visited":["Exordium"],"potions_floor_usage":[6,6,6,14,16],"damage_taken":[{"damage":8,"enemies":"Small Slimes","floor":1,"turns":4},{"damage":11,"enemies":"Cultist","floor":3,"turns":4},{"damage":5,"enemies":"2 Louse","floor":4,"turns":4},{"damage":32,"enemies":"3 Sentries","floor":6,"turns":10},{"damage":7,"enemies":"Exordium Thugs","floor":8,"turns":7},{"damage":9,"enemies":"2 Fungi Beasts","floor":11,"turns":3},{"damage":15,"enemies":"Large Slime","floor":13,"turns":7},{"damage":8,"enemies":"3 Louse","floor":14,"turns":5},{"damage":28,"enemies":"Slime Boss","floor":16,"turns":3}],"seed_played":"-1244518520061711577","potions_obtained":[{"floor":1,"key":"FairyPotion"},{"floor":3,"key":"EntropicBrew"},{"floor":11,"key":"SneckoOil"},{"floor":13,"key":"LiquidBronze"},{"floor":14,"key":"SteroidPotion"}],"is_trial":false,"path_per_floor":["M","?","M","M","$","E","R","M","T","$","M","$","M","M","R","B"],"character_chosen":"DEFECT","items_purchased":["Undo","Loop","Conserve Battery"],"campfire_rested":2,"item_purchase_floors":[5,10,12],"current_hp_per_floor":[42,42,31,26,26,20,42,35,35,35,26,26,11,3,25,0,0],"gold":61,"neow_bonus":"TRANSFORM_TWO_CARDS","is_daily":false,"chose_seed":false,"campfire_upgraded":0,"win_rate":0.0,"timestamp":1609102284,"path_taken":["M","?","?","?","$","E","R","M","T","$","M","?","M","M","R","BOSS"],"items_purchased_type":["Card","Card","Card"],"build_version":"2020-12-22","purchased_purges":1,"victory":false,"max_hp_per_floor":[75,75,75,75,75,75,75,75,75,75,75,75,75,75,75,75,75],"card_choices":[{"not_picked":["Cold Snap","Recycle"],"picked":"Capacitor","floor":1},{"not_picked":["Barrage","Reprogram","Ball Lightning"],"picked":"SKIP","floor":3},{"not_picked":["Compile Driver","Leap","Hologram"],"picked":"SKIP","floor":4},{"not_picked":["Turbo","Auto Shields","Compile Driver"],"picked":"SKIP","floor":6},{"not_picked":["Gash","Steam"],"picked":"Streamline","floor":8},{"not_picked":["Cold Snap","Genetic Algorithm"],"picked":"BootSequence","floor":11},{"not_picked":["Storm","Hologram"],"picked":"Chaos","floor":13},{"not_picked":["Streamline","Beam Cell"],"picked":"Amplify","floor":14}],"player_experience":328521,"relics_obtained":[{"floor":6,"key":"Sundial"},{"floor":9,"key":"Anchor"}],"event_choices":[{"cards_removed":["Strike_B"],"damage_healed":0,"gold_gain":0,"player_choice":"Offered Basic","damage_taken":0,"max_hp_gain":0,"max_hp_loss":0,"event_name":"Bonfire Elementals","floor":2,"gold_loss":0}],"is_beta":false,"boss_relics":[],"items_purged_floors":[5],"is_endless":false,"potions_floor_spawned":[1,3,11,13,14],"killed_by":"Slime Boss","ascension_level":7}}