{"host":"h5acbxt0wmjo1kpm","time":1609058169,"event":{"mods":["2.2 Compatiblity","Act Like it!","AlwaysNeverKeys","Aspiration","Bartender","BaseMod","Better Third Choice","Colored Map","Elementarium","Gensokyo","GifTheSpireLib","Hallownest","Marisa????????","Minty Spire (QoL Compilation)","Permanent Neow","Potionbrewer","Relic Filter","Replay The Spire","Robot Space Explorer","RumiaBox-????????","Shade Mod","Spicy Shops","StSLib","Strawberry Spire","The Blackbeard","The Dragon Tamer","The Forsaken","The Gatherer","The Problem Sleuth","The Servant 0.9.4","Wandering Minibosses","vexMod"],"gold_per_floor":[116,132,81,135,135,135,161,161,161,186,236,246,3,3,3,76,76,91,134,134,148,399,399,399,428,428,9,22,22,22],"floor_reached":29,"playtime":1561,"items_purged":["Strike_B","Strike_B"],"score":438,"play_id":"2d11a1f2-ba0a-4718-87d8-9289b3170e9e","local_time":"20201227003609","is_ascension_mode":true,"campfire_choices":[{"data":"Redo","floor":6,"key":"SMITH"},{"data":"Replay:Spark Circuitry","floor":8,"key":"SMITH"},{"floor":15,"key":"REST"},{"floor":23,"key":"REST"}],"circlet_count":0,"master_deck":["AscendersBane","Strike_B","Strike_B","Zap","Dualcast+1","Sweeping Beam","Ball Lightning","Redo+1","strawberrySpire:Disconnect","Replay:Spark Circuitry+1","strawberrySpire:BiBeamBolt","Go for the Eyes","Hallownest:skillLeafShield+1","Hallownest:skillLeafShield","Hallownest:skillLeafShield","Hallownest:skillLeafShield","Hallownest:skillLeafShield","Creative AI","strawberrySpire:BlasterWyrm","Leap","Barrage","Compile Driver","Elementarium:StickyTar","strawberrySpire:AngeryBot","Leap"],"relics":["Cracked Core","aspiration:Nostalgia","m_SpellCore","vexMod:FocusSash","Matryoshka","aspiration:Lifesprig","aspiration:SeaSaltIceCream","Dead Branch","Quantum Egg","Incense Burner","vexMod:HeadHunter","Ccalipers","OrangePellets"],"acts_visited":["Hallownest:Greenpath","Elementarium:Elementarium"],"potions_floor_usage":[16,16,18,21,22,25,28],"damage_taken":[{"damage":0,"enemies":"Hallownest:monsterHuskWarrior","floor":1,"turns":3},{"damage":7,"enemies":"2_ Uuma","floor":2,"turns":5},{"damage":2,"enemies":"Hallownest:2_MossCreeps","floor":4,"turns":7},{"damage":17,"enemies":"Hallownest:eliteVengeflyKing","floor":7,"turns":6},{"damage":15,"enemies":"Hallownest:eliteCrystalGuardian","floor":10,"turns":4},{"damage":4,"enemies":"Hallownest:Wandering_and_Horned","floor":12,"turns":3},{"damage":14,"enemies":"Hallownest:BossBrokenVessel","floor":16,"turns":8},{"damage":14,"enemies":"Elementarium:2_ELEMENTALS","floor":18,"turns":3},{"damage":7,"enemies":"Elementarium:MUD_AND_TAR_GOLEMS","floor":19,"turns":4},{"damage":11,"enemies":"Elementarium:RubyGolem","floor":21,"turns":3},{"damage":16,"enemies":"Elementarium:3_ELEMENTALS","floor":22,"turns":7},{"damage":29,"enemies":"Elementarium:ElementalPortal","floor":25,"turns":5},{"damage":7,"enemies":"Elementarium:VoidBeast","floor":28,"turns":5},{"damage":15,"enemies":"Elementarium:RubyGolem","floor":29,"turns":2}],"seed_played":"-1468206556065899514","potions_obtained":[{"floor":7,"key":"Explosive Potion"},{"floor":10,"key":"potionbrewer:InfectionPotion"},{"floor":16,"key":"potionbrewer:SplittingPotion"},{"floor":19,"key":"Adrenaline Potion"},{"floor":21,"key":"AttackPotion"},{"floor":25,"key":"Energy Potion"},{"floor":28,"key":"SpeedPotion"}],"is_trial":false,"path_per_floor":["M","M","$","M","?","R","E","R","T","E","T","M","$","?","R","B",null,"M","M","?","M","M","R","?","E","T","$","M","M"],"character_chosen":"DEFECT","items_purchased":["Redo","Quantum Egg","strawberrySpire:AngeryBot","OrangePellets","Leap"],"campfire_rested":2,"item_purchase_floors":[3,13,27,27,27],"current_hp_per_floor":[64,57,57,55,55,55,38,38,38,23,23,19,19,19,40,26,60,46,39,39,28,12,33,51,22,22,22,15,0,0],"gold":22,"neow_bonus":"NOSTALGIA","is_daily":false,"chose_seed":false,"campfire_upgraded":2,"win_rate":0.0,"timestamp":1609058169,"path_taken":["M","?","$","M","?","R","E","R","T","E","?","M","$","?","R","BOSS","M","M","?","M","?","R","?","E","T","?","M","M"],"items_purchased_type":["Card","Relic","Card","Relic","Card"],"build_version":"2020-12-22","purchased_purges":2,"victory":false,"max_hp_per_floor":[71,71,71,71,71,71,71,71,71,71,71,71,71,71,71,71,71,71,71,71,71,71,71,71,71,71,71,71,71,71],"card_choices":[{"not_picked":["Redo","strawberrySpire:DataDump"],"picked":"Sweeping Beam","floor":1},{"not_picked":["strawberrySpire:DataDump","strawberrySpire:Disconnect"],"picked":"Ball Lightning","floor":2},{"not_picked":["Hologram","strawberrySpire:HateBit"],"picked":"strawberrySpire:Disconnect","floor":4},{"not_picked":["Hyperbeam","Beam Cell"],"picked":"Replay:Spark Circuitry","floor":7},{"not_picked":["strawberrySpire:HateBit","Darkness"],"picked":"strawberrySpire:BiBeamBolt","floor":10},{"not_picked":["Melter","Tempest"],"picked":"Go for the Eyes","floor":12},{"not_picked":["strawberrySpire:Ronchyble","strawberrySpire:Refactor"],"picked":"Creative AI","floor":16},{"not_picked":["Ball Lightning","Coolheaded+1"],"picked":"strawberrySpire:BlasterWyrm","floor":18},{"not_picked":["Chill","strawberrySpire:DataDump"],"picked":"Leap","floor":19},{"not_picked":["strawberrySpire:BlasterWyrm","strawberrySpire:FocalLaser"],"picked":"Barrage","floor":21},{"not_picked":["Scrape","strawberrySpire:NeonFlight"],"picked":"Compile Driver","floor":22},{"not_picked":["strawberrySpire:Refactor","Static Discharge","strawberrySpire:BlasterWyrm"],"picked":"SKIP","floor":25},{"not_picked":["Ball Lightning+1","Aggregate","Beam Cell"],"picked":"SKIP","floor":28}],"player_experience":1957252,"relics_obtained":[{"floor":7,"key":"vexMod:FocusSash"},{"floor":9,"key":"Matryoshka"},{"floor":10,"key":"aspiration:Lifesprig"},{"floor":11,"key":"aspiration:SeaSaltIceCream"},{"floor":25,"key":"Incense Burner"},{"floor":26,"key":"vexMod:HeadHunter"},{"floor":26,"key":"Ccalipers"}],"event_choices":[{"damage_healed":0,"gold_gain":0,"player_choice":"Pray","damage_taken":0,"max_hp_gain":0,"max_hp_loss":0,"event_name":"Elementarium:VoidShrine","floor":20,"gold_loss":0,"cards_upgraded":["Hallownest:skillLeafShield"]},{"damage_healed":18,"gold_gain":0,"player_choice":"Drink","damage_taken":0,"max_hp_gain":0,"max_hp_loss":0,"event_name":"Elementarium:StickySituation","floor":24,"gold_loss":0,"cards_obtained":["Elementarium:StickyTar"]}],"is_beta":false,"boss_relics":[{"not_picked":["vexMod:CursedCompass","Replay:Wanted Poster","Replay:Drink Me"]}],"items_purged_floors":[27,27],"is_endless":false,"potions_floor_spawned":[7,10,16,19,21,25,28],"killed_by":"Elementarium:RubyGolem","ascension_level":15}}