{"host":"56c2xpjnpymkv18q","time":1609066642,"event":{"mods":["ATMod(°¢èªMod)","BaseMod","GungeonMod","Minty Spire (QoL Compilation)","Quick Restart","Relic Stats","Replay The Spire","Spicy Shops","StSLib"],"gold_per_floor":[323],"floor_reached":0,"playtime":0,"items_purged":[],"score":0,"play_id":"0633310e-db59-408b-a768-0aa6dc316c78","local_time":"20201227185722","is_ascension_mode":true,"campfire_choices":[],"circlet_count":0,"master_deck":["AscendersBane","DemoMod:Strike_Huntress","DemoMod:Strike_Huntress+1","DemoMod:Strike_Huntress+1","DemoMod:Defend_Huntress","DemoMod:Defend_Huntress","DemoMod:Defend_Huntress","DemoMod:Defend_Huntress","DemoMod:Roll","DemoMod:ManualReload","DemoMod:RustySidearm","DemoMod:CrossBow","AT_FamilyPortrait","DemoMod:PotionOfGunFriendShip","DemoMod:DoubleSwitch","DemoMod:StickyCrossBow","DemoMod:TeaPot","DemoMod:FinishedGun","DemoMod:HardPowerCard","DemoMod:AWP","DemoMod:FullFirepower","DemoMod:SuppressiveFire","DemoMod:LifeOrb"],"relics":[],"acts_visited":["Exordium","TheCity"],"potions_floor_usage":[],"damage_taken":[],"seed_played":"-6592503644673834063","potions_obtained":[],"is_trial":true,"path_per_floor":[],"character_chosen":"HUNTRESS","items_purchased":[],"campfire_rested":0,"item_purchase_floors":[],"current_hp_per_floor":[58],"gold":323,"neow_bonus":"","is_daily":false,"chose_seed":false,"campfire_upgraded":0,"win_rate":0.0,"timestamp":1609066642,"path_taken":[],"items_purchased_type":[],"build_version":"2020-12-22","purchased_purges":0,"victory":false,"max_hp_per_floor":[70],"relic_stats":{"counters":[9,35],"obtain_stats":[{"Potion Belt":6,"AT_ATBox":0,"DemoMod:Dog":0,"Golden Idol":12,"DemoMod:GlassGuonStoneRelic":2,"Replay:Baseball":5,"Chameleon Ring":8,"AT_TrinityForce":17,"Simple Rune":9,"Prayer Wheel":19,"Replay:Bottled Snecko":14,"FossilizedHelix":0,"replay:Trail_Library":0},{"Potion Belt":4,"AT_ATBox":0,"DemoMod:Dog":0,"Golden Idol":5,"DemoMod:GlassGuonStoneRelic":2,"Replay:Baseball":3,"Chameleon Ring":5,"AT_TrinityForce":7,"Simple Rune":5,"Prayer Wheel":9,"Replay:Bottled Snecko":6,"FossilizedHelix":0,"replay:Trail_Library":0},{"Potion Belt":12,"AT_ATBox":0,"DemoMod:Dog":0,"Golden Idol":15,"DemoMod:GlassGuonStoneRelic":5,"Replay:Baseball":8,"Chameleon Ring":15,"AT_TrinityForce":29,"Simple Rune":15,"Prayer Wheel":32,"Replay:Bottled Snecko":18,"FossilizedHelix":0,"replay:Trail_Library":0}]},"card_choices":[],"player_experience":128415,"relics_obtained":[],"event_choices":[],"is_beta":false,"boss_relics":[],"items_purged_floors":[],"is_endless":true,"potions_floor_spawned":[],"ascension_level":10}}