{"host":"oe99xkou38n5lfnh","time":1609046634,"event":{"mods":["BaseMod","Downfall","Minty Spire (QoL Compilation)","StSLib"],"gold_per_floor":[0,12,12,12,29,29,54,54,68,243,243,253,272,65,82,182,182,182,195,195,207,292,292,292,292],"floor_reached":23,"playtime":2171,"items_purged":["Regret"],"score":181,"play_id":"37b8055d-a867-46c6-914d-0aaa920609cd","local_time":"20201226232354","is_ascension_mode":false,"campfire_choices":[{"floor":1,"key":"RECALL"},{"data":"Guardian:TwinSlam","floor":6,"key":"SMITH"},{"data":"Guardian:CurlUp","floor":8,"key":"SMITH"},{"data":"Guardian:Reroute","floor":11,"key":"SMITH"},{"data":"Guardian:HyperBeam_Guardian","floor":18,"key":"SMITH"}],"circlet_count":0,"master_deck":["Guardian:Strike_Guardian","Guardian:Strike_Guardian","Guardian:Defend_Guardian","Guardian:Defend_Guardian","Guardian:Defend_Guardian","Guardian:Defend_Guardian","Guardian:CurlUp+1","Guardian:TwinSlam+1","Guardian:VentSteam","Guardian:Reroute+1","Doubt","Guardian:SpikerProtocol","Guardian:TimeBomb","Guardian:Incinerate","Guardian:TimeCapacitor","Guardian:DonusPower","Guardian:PrismaticBarrier","Guardian:HyperBeam_Guardian+1","Guardian:Reroute","Guardian:Gem_Red"],"relics":["Guardian:ModeShifter","Mummified Hand","Bag of Preparation","Busted Crown","downfall:KnowingSkull"],"acts_visited":["Exordium","TheCity"],"potions_floor_usage":[15,16,16,16,16,16,16],"damage_taken":[{"damage":1,"enemies":"2 Louse","floor":2,"turns":3},{"damage":2,"enemies":"Small Slimes","floor":5,"turns":4},{"damage":7,"enemies":"Jaw Worm","floor":9,"turns":3},{"damage":3,"enemies":"Blue Slaver","floor":12,"turns":4},{"damage":14,"enemies":"Lots of Slimes","floor":13,"turns":3},{"damage":1,"enemies":"downfall:FleeingMerchant","floor":14,"turns":4},{"damage":0,"enemies":"Large Slime","floor":15,"turns":3},{"damage":45,"enemies":"downfall:Defect","floor":16,"turns":9},{"damage":4,"enemies":"Chosen","floor":19,"turns":3},{"damage":22,"enemies":"Snake Plant","floor":21,"turns":2},{"damage":32,"enemies":"Shelled Parasite and Fungi","floor":23,"turns":4}],"seed_played":"-6955197344341736773","potions_obtained":[{"floor":2,"key":"AttackPotion"},{"floor":9,"key":"Weak Potion"},{"floor":12,"key":"sneckomod:MuddlingPotion"},{"floor":15,"key":"EntropicBrew"}],"is_trial":false,"path_per_floor":["R","M","?","?","M","R","T","R","M","?","R","M","M","$","M","B",null,"R","M","?","M","?","M"],"character_chosen":"GUARDIAN","items_purchased":["Guardian:TimeCapacitor","Guardian:DonusPower"],"campfire_rested":0,"item_purchase_floors":[14,14],"current_hp_per_floor":[80,79,79,79,77,77,77,77,70,70,70,67,53,52,52,7,80,80,76,68,46,30,0,0,0],"gold":292,"neow_bonus":"REMOVE_TWO","is_daily":false,"chose_seed":false,"campfire_upgraded":4,"win_rate":0.0,"timestamp":1609046634,"path_taken":["R","M","?","?","M","R","T","R","M","?","R","M","M","?","M","BOSS","R","M","?","?","?","M"],"items_purchased_type":["Card","Card"],"build_version":"2020-12-22","purchased_purges":1,"victory":false,"max_hp_per_floor":[80,80,80,80,80,80,80,80,80,80,80,80,80,80,80,80,80,80,80,80,80,80,80,80,80],"card_choices":[{"not_picked":["Guardian:PolyBeam","Guardian:BronzeOrb"],"picked":"Guardian:Gem_Fragmented","floor":2},{"not_picked":["Guardian:ShieldCharger","Guardian:PolyBeam"],"picked":"Guardian:VentSteam","floor":5},{"not_picked":["Guardian:SentryBeam","Guardian:ChargeCore"],"picked":"Guardian:Reroute","floor":9},{"not_picked":["Guardian:CrystalBeam","Guardian:Gem_Green"],"picked":"Guardian:SpikerProtocol","floor":12},{"not_picked":["Guardian:Recover","Guardian:Gem_Lightblue"],"picked":"Guardian:TimeBomb","floor":13},{"not_picked":["Guardian:ShieldCharger","Guardian:PiercingHide"],"picked":"Guardian:Incinerate","floor":14},{"not_picked":["Guardian:FierceBash","Guardian:Gem_Lightblue"],"picked":"Guardian:PrismaticBarrier","floor":15},{"not_picked":["Guardian:ConstructionForm","Guardian:StasisStrike"],"picked":"Guardian:HyperBeam_Guardian","floor":16},{"not_picked":[],"picked":"Guardian:Reroute","floor":19},{"not_picked":[],"picked":"Guardian:Gem_Red","floor":21}],"player_experience":1625624,"relics_obtained":[],"event_choices":[{"damage_healed":0,"gold_gain":0,"player_choice":"Box","damage_taken":0,"relics_obtained":["Mummified Hand"],"max_hp_gain":0,"max_hp_loss":0,"event_name":"Big Fish","floor":3,"gold_loss":0,"cards_obtained":["Regret"]}],"is_beta":false,"boss_relics":[{"not_picked":["Guardian:StasisSlotReductionRelic","Cursed Key"],"picked":"Busted Crown"}],"items_purged_floors":[14],"is_endless":false,"potions_floor_spawned":[2,9,12,15],"killed_by":"Shelled Parasite and Fungi","ascension_level":0}}