{"host":"pl1fbpkom0aq337f","time":1609079239,"event":{"mods":["AchievementEnabler","BaseMod","Colored Map","Minty Spire (QoL Compilation)"],"gold_per_floor":[116,133,133,143,162,162,196,196,211,211,211,236,236,236],"floor_reached":13,"playtime":361,"items_purged":[],"score":166,"play_id":"55d0fc39-d31b-4601-8225-4520ea06a598","local_time":"20201227152719","is_ascension_mode":true,"campfire_choices":[{"data":"MentalFortress","floor":8,"key":"SMITH"}],"circlet_count":0,"master_deck":["AscendersBane","Strike_P","Strike_P","Strike_P","Defend_P","Defend_P","Defend_P","Defend_P","Eruption+1","Vigilance","SashWhip","EmptyBody","MentalFortress+1","FollowUp"],"relics":["Busted Crown","Pen Nib","Mercury Hourglass","Damaru"],"acts_visited":["Exordium"],"potions_floor_usage":[7,13],"damage_taken":[{"damage":4,"enemies":"Small Slimes","floor":1,"turns":3},{"damage":2,"enemies":"Cultist","floor":2,"turns":3},{"damage":0,"enemies":"2 Louse","floor":4,"turns":2},{"damage":3,"enemies":"Looter","floor":5,"turns":3},{"damage":15,"enemies":"3 Sentries","floor":7,"turns":6},{"damage":8,"enemies":"3 Louse","floor":9,"turns":5},{"damage":29,"enemies":"Gremlin Nob","floor":13,"turns":3}],"seed_played":"-448660272899481480","potions_obtained":[{"floor":5,"key":"PowerPotion"},{"floor":9,"key":"SkillPotion"}],"is_trial":false,"path_per_floor":["M","M","?","M","M","?","E","R","M","?","T","T","E"],"character_chosen":"WATCHER","items_purchased":[],"campfire_rested":0,"item_purchase_floors":[],"current_hp_per_floor":[57,55,55,55,52,52,37,37,29,29,29,29,0,0],"gold":236,"neow_bonus":"BOSS_RELIC","is_daily":false,"chose_seed":false,"campfire_upgraded":1,"win_rate":0.0,"timestamp":1609079239,"path_taken":["M","M","?","M","M","?","E","R","?","?","T","T","E"],"items_purchased_type":[],"build_version":"2020-12-22","purchased_purges":0,"victory":false,"max_hp_per_floor":[68,68,68,68,68,68,68,68,68,68,68,68,68,68],"card_choices":[{"not_picked":[],"picked":"SashWhip","floor":1},{"not_picked":[],"picked":"EmptyBody","floor":2},{"not_picked":["InnerPeace"],"picked":"SKIP","floor":4},{"not_picked":[],"picked":"MentalFortress","floor":5},{"not_picked":["DeceiveReality"],"picked":"SKIP","floor":7},{"not_picked":[],"picked":"FollowUp","floor":9}],"player_experience":406951,"relics_obtained":[{"floor":7,"key":"Pen Nib"},{"floor":11,"key":"Mercury Hourglass"},{"floor":12,"key":"Damaru"}],"event_choices":[{"damage_healed":0,"gold_gain":0,"player_choice":"Grow","damage_taken":0,"max_hp_gain":0,"max_hp_loss":0,"event_name":"Living Wall","floor":3,"gold_loss":0,"cards_upgraded":["Eruption"]},{"cards_removed":["Strike_P"],"damage_healed":0,"gold_gain":0,"player_choice":"Purged","damage_taken":0,"max_hp_gain":0,"max_hp_loss":0,"event_name":"Purifier","floor":6,"gold_loss":0},{"damage_healed":0,"gold_gain":0,"player_choice":"Ignored","damage_taken":0,"max_hp_gain":0,"max_hp_loss":0,"event_name":"Liars Game","floor":10,"gold_loss":0}],"is_beta":false,"boss_relics":[],"items_purged_floors":[],"is_endless":false,"potions_floor_spawned":[5,9],"killed_by":"Gremlin Nob","ascension_level":19}}