{"host":"jak4ncvfzor9mys0","time":1609060204,"event":{"mods":["2.2 Compatiblity","AchievementEnabler","BaseMod","Better Altar","Better Match","Better Note","Better Sensory Stone","Better Skull","Better Third Choice","BetterRewards","Block Reminder","Colored Map","Colored Powertips","Energized Spire","Gold Saver","Hubris","Infinite Spire","Key Reminder","Minty Spire (QoL Compilation)","Rare Cards Sparkle","Red Circlet Mod","Relic Sorter","Relic Stats","Replay The Spire","Retaliation","StSLib","SuperFastMode","The Blue Laboratory"],"gold_per_floor":[511,528,543,543,543,543,199,238,238,208,229,229,243,243,243,371,371,371,371],"floor_reached":18,"playtime":601,"items_purged":["Strike_G"],"score":159,"play_id":"13c3cd84-ab7b-40ee-a6e4-2be1d0dba17c","local_time":"20201227011004","is_ascension_mode":false,"campfire_choices":[{"data":"Neutralize","floor":6,"key":"SMITH"},{"data":"Backflip","floor":12,"key":"SMITH"},{"floor":15,"key":"REST"}],"circlet_count":0,"master_deck":["Strike_G","Strike_G","Strike_G","Strike_G","Defend_G","Defend_G","Defend_G","Defend_G","Survivor","Neutralize+1","Prepared","Finisher","Accuracy","Panache","Backflip+1"],"relics":["Ring of the Snake","NeowsBlessing","Golden Idol","Spirit Poop","Boot","White Beast Statue"],"acts_visited":["Exordium","TheCity"],"potions_floor_usage":[8,8,16],"damage_taken":[{"damage":0,"enemies":"Small Slimes","floor":1,"turns":1},{"damage":0,"enemies":"Jaw Worm","floor":2,"turns":1},{"damage":0,"enemies":"Cultist","floor":3,"turns":1},{"damage":11,"enemies":"Lagavulin","floor":8,"turns":5},{"damage":2,"enemies":"Looter","floor":10,"turns":4},{"damage":16,"enemies":"Exordium Thugs","floor":11,"turns":8},{"damage":5,"enemies":"Red Slaver","floor":13,"turns":5},{"damage":27,"enemies":"The Guardian","floor":16,"turns":16},{"damage":76,"enemies":"Spheric Guardian","floor":18,"turns":9}],"seed_played":"-4430264616806904802","potions_obtained":[{"floor":2,"key":"blueLaboratory:BottleOfRum"},{"floor":3,"key":"Swift Potion"},{"floor":8,"key":"blueLaboratory:LouseDecoction"},{"floor":10,"key":"blueLaboratory:BottleOfVodka"},{"floor":11,"key":"blueLaboratory:BottledHope"},{"floor":13,"key":"blueLaboratory:EmptyBottle"},{"floor":16,"key":"blueLaboratory:LouseDecoction"}],"is_trial":false,"path_per_floor":["M","M","M","?","?","R","$","E","T","M","M","R","M","?","R","B",null,"M"],"character_chosen":"THE_SILENT","items_purchased":["Accuracy","Panache"],"campfire_rested":1,"item_purchase_floors":[7,7],"current_hp_per_floor":[70,70,70,70,70,70,70,59,59,57,41,41,36,36,57,30,70,0,0],"gold":371,"neow_bonus":"THREE_ENEMY_KILL","is_daily":false,"chose_seed":false,"campfire_upgraded":2,"win_rate":0.0,"timestamp":1609060204,"path_taken":["M","M","M","?","?","R","$","E","T","?","M","R","M","?","R","BOSS","M"],"items_purchased_type":["Card","Card"],"build_version":"2020-12-22","purchased_purges":1,"victory":false,"max_hp_per_floor":[70,70,70,70,70,70,70,70,70,70,70,70,70,70,70,70,70,70,70],"relic_stats":{"counters":[9,50],"Golden Idol":41,"Boot":[21],"obtain_stats":[{"NeowsBlessing":0,"Golden Idol":4,"Spirit Poop":5,"Boot":8,"White Beast Statue":9,"Ring of the Snake":0},{"NeowsBlessing":0,"Golden Idol":3,"Spirit Poop":3,"Boot":4,"White Beast Statue":4,"Ring of the Snake":0},{"NeowsBlessing":0,"Golden Idol":3,"Spirit Poop":3,"Boot":8,"White Beast Statue":8,"Ring of the Snake":0}],"Ring of the Snake":[18]},"card_choices":[{"not_picked":["Deflect","Blur","Dodge and Roll"],"picked":"SKIP","floor":1},{"not_picked":["ReplayTheSpireMod:Tripwire","hubris:TrickCloak"],"picked":"Prepared","floor":2},{"not_picked":["Sucker Punch","hubris:SlightOfHand"],"picked":"Finisher","floor":3},{"not_picked":["Predator","Bullet Time"],"picked":"Backflip","floor":8},{"not_picked":["Dodge and Roll","Flying Knee","Acrobatics"],"picked":"SKIP","floor":10},{"not_picked":["Outmaneuver","Calculated Gamble","Predator"],"picked":"SKIP","floor":11},{"not_picked":["ReplayTheSpireMod:Tripwire","Dodge and Roll","Bouncing Flask"],"picked":"SKIP","floor":13}],"player_experience":2678318,"relics_obtained":[{"floor":8,"key":"Boot"},{"floor":9,"key":"White Beast Statue"}],"event_choices":[{"damage_healed":0,"gold_gain":0,"player_choice":"Take Wound","damage_taken":0,"relics_obtained":["Golden Idol"],"max_hp_gain":0,"max_hp_loss":0,"event_name":"Golden Idol","floor":4,"gold_loss":0,"cards_obtained":["Injury"]},{"cards_removed":["Injury"],"damage_healed":0,"gold_gain":0,"player_choice":"Offered Curse","damage_taken":0,"relics_obtained":["Spirit Poop"],"max_hp_gain":0,"max_hp_loss":0,"event_name":"Bonfire Elementals","floor":5,"gold_loss":0},{"cards_removed":["Defend_G"],"damage_healed":0,"gold_gain":0,"player_choice":"Purged","damage_taken":0,"max_hp_gain":0,"max_hp_loss":0,"event_name":"Purifier","floor":14,"gold_loss":0}],"is_beta":false,"boss_relics":[{"not_picked":["hubris:VirtuousBlindfold","Runic Pyramid","energizedSpire:SpiderWeb"]}],"items_purged_floors":[7],"is_endless":false,"potions_floor_spawned":[2,3,8,10,11,13,16],"killed_by":"Spheric Guardian","ascension_level":0}}