{"host":"dcj2yvrgcvh5dl2s","time":1609043135,"event":{"mods":["BaseMod","Better Note","Block Reminder","Colored Powertips","DeckTracker","Minty Spire (QoL Compilation)","Quick Restart","Rare Cards Sparkle","Relic Stats","StSLib"],"gold_per_floor":[19,31,31,44,44,76,88,114,137,3,3,3,30,30,30,101,101,121,46,46,46,96,96,96],"floor_reached":23,"playtime":4486,"items_purged":["Strike_R"],"score":369,"play_id":"1c2316f6-c2c3-44fc-9424-218dc0977e96","local_time":"20201227142535","is_ascension_mode":true,"campfire_choices":[{"floor":11,"key":"REST"},{"floor":15,"key":"REST"}],"circlet_count":0,"master_deck":["AscendersBane","Defend_R","Defend_R","Defend_R","Bash","Seeing Red","Armaments","Pommel Strike","Sword Boomerang","Carnage","Shrug It Off","Inflame","Double Tap","Flex+1"],"relics":["Burning Blood","Lizard Tail","Akabeko","Smiling Mask","Bag of Marbles","FossilizedHelix","Coffee Dripper","Nilry\u0027s Codex"],"acts_visited":["Exordium","TheCity"],"potions_floor_usage":[6,8],"damage_taken":[{"damage":4,"enemies":"2 Louse","floor":1,"turns":3},{"damage":8,"enemies":"Jaw Worm","floor":2,"turns":5},{"damage":19,"enemies":"Small Slimes","floor":4,"turns":7},{"damage":46,"enemies":"3 Sentries","floor":6,"turns":12},{"damage":3,"enemies":"Blue Slaver","floor":7,"turns":4},{"damage":6,"enemies":"Gremlin Nob","floor":8,"turns":3},{"damage":40,"enemies":"3 Sentries","floor":13,"turns":8},{"damage":49,"enemies":"The Guardian","floor":16,"turns":14},{"damage":14,"enemies":"3 Byrds","floor":18,"turns":4},{"damage":30,"enemies":"Book of Stabbing","floor":23,"turns":4}],"seed_played":"8988205000635734630","potions_obtained":[{"floor":4,"key":"SkillPotion"},{"floor":7,"key":"Weak Potion"},{"floor":16,"key":"Fire Potion"}],"is_trial":false,"path_per_floor":["M","M","?","M","?","E","M","E","T","$","R","?","E","$","R","B",null,"M","?","?","?","?","E"],"character_chosen":"IRONCLAD","items_purchased":["Inflame"],"campfire_rested":2,"item_purchase_floors":[10],"current_hp_per_floor":[70,68,68,55,48,8,11,11,11,11,33,28,33,33,55,12,59,51,51,51,30,30,0,0],"gold":96,"neow_bonus":"REMOVE_TWO","is_daily":false,"chose_seed":false,"campfire_upgraded":0,"win_rate":0.0,"timestamp":1609043135,"path_taken":["M","M","?","M","?","E","M","E","T","$","R","?","E","$","R","BOSS","M","?","?","?","?","E"],"items_purchased_type":["Card"],"build_version":"2020-12-22","purchased_purges":1,"victory":false,"max_hp_per_floor":[75,75,75,75,75,75,75,75,75,75,75,75,75,75,75,75,75,75,75,75,75,75,75,75],"relic_stats":{"Lizard Tail":37,"counters":[10,64],"Smiling Mask":25,"obtain_stats":[{"Lizard Tail":6,"Nilry\u0027s Codex":21,"Bag of Marbles":12,"Coffee Dripper":17,"Smiling Mask":9,"Burning Blood":0,"Akabeko":8,"FossilizedHelix":13},{"Lizard Tail":4,"Nilry\u0027s Codex":9,"Bag of Marbles":6,"Coffee Dripper":8,"Smiling Mask":6,"Burning Blood":0,"Akabeko":6,"FossilizedHelix":7},{"Lizard Tail":27,"Nilry\u0027s Codex":60,"Bag of Marbles":34,"Coffee Dripper":56,"Smiling Mask":34,"Burning Blood":0,"Akabeko":34,"FossilizedHelix":42}],"Burning Blood":54},"card_choices":[{"not_picked":["Wild Strike","Pommel Strike"],"picked":"Seeing Red","floor":1},{"not_picked":["Clothesline","Anger"],"picked":"Armaments","floor":2},{"not_picked":["Anger","Twin Strike"],"picked":"Pommel Strike","floor":4},{"not_picked":["Rampage","Thunderclap"],"picked":"Sword Boomerang","floor":6},{"not_picked":["Anger","Cleave"],"picked":"Carnage","floor":7},{"not_picked":["Carnage","Burning Pact"],"picked":"Shrug It Off","floor":8},{"not_picked":["Anger","Pommel Strike","Warcry"],"picked":"SKIP","floor":13},{"not_picked":["Berserk","Impervious"],"picked":"Double Tap","floor":16},{"not_picked":["Body Slam","True Grit"],"picked":"Flex+1","floor":18}],"player_experience":2046556,"relics_obtained":[{"floor":6,"key":"Lizard Tail"},{"floor":8,"key":"Akabeko"},{"floor":9,"key":"Smiling Mask"},{"floor":13,"key":"FossilizedHelix"},{"floor":21,"key":"Nilry\u0027s Codex"}],"event_choices":[{"cards_removed":["Strike_R"],"damage_healed":0,"gold_gain":0,"player_choice":"Forget","damage_taken":0,"max_hp_gain":0,"max_hp_loss":0,"event_name":"Living Wall","floor":3,"gold_loss":0},{"cards_removed":["Defend_R"],"damage_healed":0,"gold_gain":0,"player_choice":"Card Removal","damage_taken":7,"max_hp_gain":0,"max_hp_loss":0,"event_name":"Golden Wing","floor":5,"gold_loss":0},{"damage_healed":0,"gold_gain":0,"player_choice":"Success","damage_taken":5,"relics_obtained":["Bag of Marbles"],"max_hp_gain":0,"max_hp_loss":0,"event_name":"Scrap Ooze","floor":12,"gold_loss":0},{"cards_removed":["Strike_R"],"damage_healed":0,"gold_gain":0,"player_choice":"Gave Gold","damage_taken":0,"max_hp_gain":0,"max_hp_loss":0,"event_name":"Beggar","floor":19,"gold_loss":75},{"damage_healed":0,"gold_gain":0,"player_choice":"Ignored","damage_taken":0,"max_hp_gain":0,"max_hp_loss":0,"event_name":"Vampires","floor":20,"gold_loss":0},{"damage_healed":0,"gold_gain":0,"player_choice":"Obtained Book","damage_taken":21,"max_hp_gain":0,"max_hp_loss":0,"event_name":"Cursed Tome","floor":21,"gold_loss":0},{"damage_healed":0,"gold_gain":50,"player_choice":"Stole From Cult","damage_taken":0,"max_hp_gain":0,"max_hp_loss":0,"event_name":"Nest","floor":22,"gold_loss":0}],"is_beta":false,"boss_relics":[{"not_picked":["Snecko Eye","Black Blood"],"picked":"Coffee Dripper"}],"items_purged_floors":[10],"is_endless":false,"potions_floor_spawned":[4,7,16],"killed_by":"Book of Stabbing","ascension_level":16}}