{"host":"l4he167voxkef95j","time":1609074850,"event":{"mods":["BaseMod","Infinite Spire","Minty Spire (QoL Compilation)","Rare Cards Sparkle","StSLib"],"gold_per_floor":[115,135,155,155,172,191,112,129,129,142,153,153,168,168,168,266,266,279,279,299,299,71,71,82,82,109,124,124,143,177,191,191,295,295,306,353,353,3,3,3,17,34,34,51,67,67,67,67],"floor_reached":47,"playtime":1424,"items_purged":[],"score":520,"play_id":"b2a5f6bb-a102-4479-b6b2-c0bd16c65fbf","local_time":"20201227171410","is_ascension_mode":false,"campfire_choices":[{"data":"Searing Blow","floor":12,"key":"SMITH"},{"data":"Armaments","floor":15,"key":"SMITH"},{"floor":23,"key":"REST"},{"floor":28,"key":"REST"},{"floor":32,"key":"REST"},{"floor":40,"key":"REST"}],"circlet_count":0,"master_deck":["Defend_R","Defend_R","Defend_R","Defend_R","Flame Barrier","Armaments+1","Thunderclap","Flex","Hemokinesis","Searing Blow+1","Heavy Blade","Rampage","Flex","Sword Boomerang","Demon Form","Necronomicurse","Anger","Bite","Bite","Bite","Bite","Bite","Perfected Strike","Flex","Iron Wave","infinitespire:SevenWalls","Reaper","Demon Form","Heavy Blade","Clash","Disarm+1","Flex","Shrug It Off+1","Madness","Madness"],"relics":["Burning Blood","Nunchaku","Mercury Hourglass","Potion Belt","Busted Crown","Necronomicon","Blood Vial","Self Forming Clay","Vajra","White Beast Statue","SlaversCollar","Champion Belt","Ornamental Fan","Mummified Hand"],"acts_visited":["Exordium","TheCity","TheBeyond"],"potions_floor_usage":[4,10,13,16,16,16,18,30,30,36,36,47,47,47,47],"damage_taken":[{"damage":0,"enemies":"2 Louse","floor":1,"turns":3},{"damage":10,"enemies":"Cultist","floor":2,"turns":4},{"damage":6,"enemies":"Jaw Worm","floor":3,"turns":3},{"damage":15,"enemies":"Looter","floor":5,"turns":3},{"damage":23,"enemies":"2 Fungi Beasts","floor":6,"turns":4},{"damage":13,"enemies":"Large Slime","floor":8,"turns":4},{"damage":4,"enemies":"Exordium Thugs","floor":10,"turns":3},{"damage":2,"enemies":"2 Fungi Beasts","floor":11,"turns":3},{"damage":2,"enemies":"Blue Slaver","floor":13,"turns":2},{"damage":21,"enemies":"Slime Boss","floor":16,"turns":7},{"damage":27,"enemies":"2 Thieves","floor":18,"turns":4},{"damage":20,"enemies":"3 Byrds","floor":20,"turns":4},{"damage":27,"enemies":"Shelled Parasite and Fungi","floor":24,"turns":4},{"damage":10,"enemies":"Centurion and Healer","floor":27,"turns":3},{"damage":18,"enemies":"3 Cultists","floor":29,"turns":5},{"damage":57,"enemies":"Slavers","floor":30,"turns":5},{"damage":0,"enemies":"Snake Plant","floor":31,"turns":2},{"damage":15,"enemies":"Champ","floor":33,"turns":8},{"damage":29,"enemies":"3 Darklings","floor":35,"turns":3},{"damage":77,"enemies":"2 Orb Walkers","floor":36,"turns":5},{"damage":11,"enemies":"Orb Walker","floor":41,"turns":3},{"damage":7,"enemies":"Spire Growth","floor":42,"turns":3},{"damage":24,"enemies":"Jaw Worm Horde","floor":44,"turns":4},{"damage":0,"enemies":"4 Shapes","floor":45,"turns":3},{"damage":99,"enemies":"Nightmare","floor":47,"turns":8}],"seed_played":"2130586591465157253","potions_obtained":[{"floor":3,"key":"SpeedPotion"},{"floor":4,"key":"PowerPotion"},{"floor":4,"key":"Fruit Juice"},{"floor":4,"key":"Weak Potion"},{"floor":10,"key":"ColorlessPotion"},{"floor":13,"key":"AttackPotion"},{"floor":16,"key":"PowerPotion"},{"floor":24,"key":"Fire Potion"},{"floor":29,"key":"Regen Potion"},{"floor":30,"key":"GamblersBrew"},{"floor":31,"key":"FairyPotion"},{"floor":33,"key":"Ancient Potion"},{"floor":35,"key":"Explosive Potion"},{"floor":36,"key":"Weak Potion"},{"floor":45,"key":"Strength Potion"}],"is_trial":false,"path_per_floor":["M","M","M","?","M","M","$","M","T","M","M","R","M","?","R","B",null,"M","?","M","?","$","R","M","AVR","T","M","R","M","E","M","R","B",null,"M","?","?","$","?","R","M","M","T","M","M","?","NM"],"character_chosen":"IRONCLAD","items_purchased":["Searing Blow","Blood Vial","Perfected Strike","Flex","Ornamental Fan","Energy Potion","SteroidPotion"],"campfire_rested":4,"item_purchase_floors":[7,22,22,22,38,38,38],"current_hp_per_floor":[80,76,76,81,72,55,55,48,48,50,54,54,58,58,58,43,85,64,48,34,34,34,51,39,39,39,43,59,51,15,26,43,47,59,56,14,14,14,14,31,32,50,50,59,59,52,0,0],"gold":67,"neow_bonus":"RANDOM_COMMON_RELIC","is_daily":false,"chose_seed":false,"campfire_upgraded":2,"win_rate":0.0,"timestamp":1609074850,"path_taken":["M","M","M","?","M","M","$","M","T","M","?","R","M","?","R","BOSS","M","?","M","?","$","R","M","AVR","T","M","R","M","E","M","R","BOSS","M","?","?","$","?","R","M","M","T","M","?","?","NM"],"items_purchased_type":["Card","Relic","Card","Card","Relic","Potion","Potion"],"build_version":"2020-12-22","purchased_purges":0,"victory":false,"max_hp_per_floor":[80,80,80,85,85,85,85,85,85,85,85,85,85,85,85,85,85,85,85,85,59,59,59,59,59,59,59,59,59,59,59,59,59,59,59,59,59,59,59,59,59,59,59,59,59,59,59,59],"card_choices":[{"not_picked":["Anger","Havoc"],"picked":"Flame Barrier","floor":1},{"not_picked":["True Grit","Clothesline"],"picked":"Armaments","floor":2},{"not_picked":["Dropkick","Perfected Strike"],"picked":"Thunderclap","floor":3},{"not_picked":["Twin Strike","Second Wind"],"picked":"Flex","floor":5},{"not_picked":["Rage","Warcry"],"picked":"Hemokinesis","floor":6},{"not_picked":["Evolve","Power Through"],"picked":"Heavy Blade","floor":8},{"not_picked":["Twin Strike","Wild Strike"],"picked":"Rampage","floor":10},{"not_picked":["Intimidate","Whirlwind"],"picked":"Flex","floor":11},{"not_picked":["Fiend Fire","Clash"],"picked":"Sword Boomerang","floor":13},{"not_picked":["Limit Break","Bludgeon"],"picked":"Demon Form","floor":16},{"not_picked":["Feel No Pain"],"picked":"SKIP","floor":18},{"not_picked":[],"picked":"Anger","floor":20},{"not_picked":[],"picked":"Iron Wave","floor":24},{"not_picked":["Perfected Strike"],"picked":"SKIP","floor":27},{"not_picked":["Reckless Charge"],"picked":"SKIP","floor":29},{"not_picked":[],"picked":"Reaper","floor":30},{"not_picked":["Rage"],"picked":"SKIP","floor":31},{"not_picked":[],"picked":"Demon Form","floor":33},{"not_picked":[],"picked":"Heavy Blade","floor":35},{"not_picked":[],"picked":"Disarm+1","floor":41},{"not_picked":["Perfected Strike"],"picked":"SKIP","floor":42},{"not_picked":[],"picked":"Flex","floor":44},{"not_picked":[],"picked":"Shrug It Off+1","floor":45}],"player_experience":171735,"relics_obtained":[{"floor":9,"key":"Mercury Hourglass"},{"floor":14,"key":"Potion Belt"},{"floor":19,"key":"Necronomicon"},{"floor":26,"key":"Vajra"},{"floor":30,"key":"White Beast Statue"},{"floor":36,"key":"Champion Belt"},{"floor":43,"key":"Mummified Hand"}],"event_choices":[{"damage_healed":0,"gold_gain":0,"player_choice":"Got Potions","damage_taken":0,"max_hp_gain":0,"max_hp_loss":0,"event_name":"Lab","floor":4,"gold_loss":0},{"damage_healed":0,"gold_gain":0,"player_choice":"Obtained Book","damage_taken":16,"max_hp_gain":0,"max_hp_loss":0,"event_name":"Cursed Tome","floor":19,"gold_loss":0},{"damage_healed":0,"gold_gain":0,"player_choice":"Became a vampire","damage_taken":0,"max_hp_gain":0,"max_hp_loss":26,"event_name":"Vampires","floor":21,"gold_loss":0,"cards_obtained":["Bite","Bite","Bite","Bite","Bite"]},{"damage_healed":0,"gold_gain":0,"player_choice":"Fight","damage_taken":0,"max_hp_gain":0,"max_hp_loss":0,"event_name":"Mysterious Sphere","floor":36,"gold_loss":0},{"damage_healed":0,"gold_gain":0,"player_choice":"Ignored","damage_taken":0,"max_hp_gain":0,"max_hp_loss":0,"event_name":"Tomb of Lord Red Mask","floor":37,"gold_loss":0},{"damage_healed":0,"gold_gain":0,"cards_transformed":["Bash"],"player_choice":"Transformed","damage_taken":0,"max_hp_gain":0,"max_hp_loss":0,"event_name":"Transmorgrifier","floor":39,"gold_loss":0,"cards_obtained":["Clash"]},{"damage_healed":0,"gold_gain":0,"player_choice":"Embrace Madness","damage_taken":7,"max_hp_gain":0,"max_hp_loss":0,"event_name":"Winding Halls","floor":46,"gold_loss":0,"cards_obtained":["Madness","Madness"]}],"is_beta":false,"boss_relics":[{"not_picked":["SacredBark","Astrolabe"],"picked":"Busted Crown"},{"not_picked":["Velvet Choker","Snecko Eye"],"picked":"SlaversCollar"}],"items_purged_floors":[],"is_endless":false,"potions_floor_spawned":[3,10,11,13,16,24,29,30,31,33,35,36,41,42,44,45],"killed_by":"Nightmare","ascension_level":0}}