{"host":"dhyczjm99amxd3qx","time":1609048178,"event":{"mods":["BaseMod","Colored Map","Googly Eyes","Highlight Path","Minty Spire (QoL Compilation)","Quick Restart","StSLib"],"gold_per_floor":[112,112,37,37,48,79,96,125,125,138,138,157,212,225,225,330,330,344,314,303,317,330,365,64,99,99,198,216,75,75,86,86,86,86],"floor_reached":33,"playtime":2389,"items_purged":["Defend_B"],"score":299,"play_id":"c1dff7fd-9151-426f-83f0-a8e9ae6d35ca","local_time":"20201227004938","is_ascension_mode":false,"campfire_choices":[{"data":"Chill","floor":11,"key":"SMITH"},{"data":"Storm","floor":15,"key":"SMITH"},{"data":"Fission","floor":32,"key":"SMITH"}],"circlet_count":0,"master_deck":["Strike_B","Strike_B","Strike_B","Strike_B","Defend_B+1","Defend_B","Defend_B+1","Zap","Dualcast+1","Glacier+1","Self Repair","Skim","Storm+1","Hello World","White Noise","Chill+1","Turbo","Redo","Coolheaded","Buffer","Turbo","Loop","Gash+1","White Noise","Fission+1","Necronomicurse","Compile Driver"],"relics":["Cracked Core","Nunchaku","Question Card","Shuriken","Meat on the Bone","Busted Crown","Kunai","War Paint","Bag of Preparation","Frozen Egg 2","Necronomicon"],"acts_visited":["Exordium","TheCity"],"potions_floor_usage":[12,13,13,16,20,23,23,23,28,33,33],"damage_taken":[{"damage":16,"enemies":"Jaw Worm","floor":1,"turns":4},{"damage":0,"enemies":"Cultist","floor":5,"turns":5},{"damage":14,"enemies":"3 Sentries","floor":6,"turns":13},{"damage":2,"enemies":"2 Louse","floor":7,"turns":2},{"damage":5,"enemies":"Lagavulin","floor":8,"turns":6},{"damage":9,"enemies":"Large Slime","floor":10,"turns":7},{"damage":5,"enemies":"Gremlin Gang","floor":12,"turns":6},{"damage":17,"enemies":"Lagavulin Event","floor":13,"turns":7},{"damage":0,"enemies":"2 Fungi Beasts","floor":14,"turns":3},{"damage":44,"enemies":"Slime Boss","floor":16,"turns":11},{"damage":24,"enemies":"Chosen","floor":18,"turns":7},{"damage":25,"enemies":"2 Thieves","floor":20,"turns":5},{"damage":8,"enemies":"Shelled Parasite and Fungi","floor":21,"turns":7},{"damage":28,"enemies":"Snake Plant","floor":22,"turns":4},{"damage":28,"enemies":"Gremlin Leader","floor":23,"turns":7},{"damage":22,"enemies":"Book of Stabbing","floor":25,"turns":5},{"damage":0,"enemies":"Chosen and Byrds","floor":28,"turns":5},{"damage":32,"enemies":"3 Cultists","floor":31,"turns":6},{"damage":32,"enemies":"Champ","floor":33,"turns":7}],"seed_played":"-4601803748405741137","potions_obtained":[{"floor":6,"key":"Energy Potion"},{"floor":10,"key":"Weak Potion"},{"floor":12,"key":"Strength Potion"},{"floor":13,"key":"SkillPotion"},{"floor":16,"key":"Swift Potion"},{"floor":19,"key":"Block Potion"},{"floor":19,"key":"EssenceOfDarkness"},{"floor":22,"key":"LiquidBronze"},{"floor":23,"key":"Energy Potion"},{"floor":25,"key":"Swift Potion"},{"floor":31,"key":"Explosive Potion"}],"is_trial":false,"path_per_floor":["M","?","$","?","M","E","M","E","T","M","R","M","?","M","R","B",null,"M","?","M","M","M","E","$","E","T","?","M","$","?","M","R","B"],"character_chosen":"DEFECT","items_purchased":["Self Repair","War Paint","White Noise","Fission"],"campfire_rested":0,"item_purchase_floors":[3,24,24,29],"current_hp_per_floor":[66,50,50,50,57,50,48,50,50,48,48,57,47,54,54,29,82,65,65,59,58,49,40,40,37,37,37,56,56,40,27,27,0,0],"gold":86,"neow_bonus":"TEN_PERCENT_HP_BONUS","is_daily":false,"chose_seed":false,"campfire_upgraded":3,"win_rate":0.0,"timestamp":1609048178,"path_taken":["M","?","$","?","M","E","M","E","T","?","R","?","?","M","R","BOSS","M","?","M","M","?","E","$","E","T","?","M","$","?","M","R","BOSS"],"items_purchased_type":["Card","Relic","Card","Card"],"build_version":"2020-12-22","purchased_purges":1,"victory":false,"max_hp_per_floor":[82,82,82,82,82,82,82,82,82,82,82,82,82,82,82,82,82,82,82,82,82,82,82,82,82,82,82,82,82,82,82,82,82,82],"card_choices":[{"not_picked":["Steam","Melter"],"picked":"Glacier","floor":1},{"not_picked":["Sunder","Beam Cell"],"picked":"Skim","floor":5},{"not_picked":["Gash","Static Discharge"],"picked":"Storm","floor":6},{"not_picked":["Cold Snap","Turbo"],"picked":"Hello World","floor":7},{"not_picked":["Tempest","Conserve Battery"],"picked":"White Noise","floor":8},{"not_picked":["Chaos","Steam","Biased Cognition"],"picked":"Chill","floor":10},{"not_picked":["Glacier","Skim","Conserve Battery"],"picked":"Turbo","floor":12},{"not_picked":["Steam","Lockon","Consume"],"picked":"Redo","floor":13},{"not_picked":["Gash","All For One","Rebound"],"picked":"Coolheaded","floor":14},{"not_picked":["Core Surge","Biased Cognition","Thunder Strike"],"picked":"Buffer","floor":16},{"not_picked":["Gash"],"picked":"Turbo","floor":18},{"not_picked":["Conserve Battery","Rip and Tear"],"picked":"SKIP","floor":20},{"not_picked":["Barrage"],"picked":"Loop","floor":21},{"not_picked":["Turbo"],"picked":"Gash+1","floor":22},{"not_picked":["Turbo","Rebound"],"picked":"SKIP","floor":23},{"not_picked":["Leap+1","Beam Cell"],"picked":"SKIP","floor":25},{"not_picked":["Barrage","Sweeping Beam"],"picked":"SKIP","floor":28},{"not_picked":["Gash"],"picked":"Compile Driver","floor":31}],"player_experience":88743,"relics_obtained":[{"floor":6,"key":"Nunchaku"},{"floor":8,"key":"Question Card"},{"floor":9,"key":"Shuriken"},{"floor":13,"key":"Meat on the Bone"},{"floor":23,"key":"Kunai"},{"floor":25,"key":"Bag of Preparation"},{"floor":26,"key":"Frozen Egg 2"},{"floor":30,"key":"Necronomicon"}],"event_choices":[{"damage_healed":0,"gold_gain":0,"player_choice":"Entered Light","damage_taken":16,"max_hp_gain":0,"max_hp_loss":0,"event_name":"Shining Light","floor":2,"gold_loss":0,"cards_upgraded":["Dualcast","Defend_B"]},{"damage_healed":0,"gold_gain":0,"player_choice":"Ignored","damage_taken":0,"max_hp_gain":0,"max_hp_loss":0,"event_name":"WeMeetAgain","floor":4,"gold_loss":0},{"damage_healed":0,"gold_gain":0,"player_choice":"Searched \u00271\u0027 times","damage_taken":0,"max_hp_gain":0,"max_hp_loss":0,"event_name":"Dead Adventurer","floor":13,"gold_loss":0},{"damage_healed":0,"gold_gain":0,"player_choice":"Bought 2 Potions","damage_taken":0,"max_hp_gain":0,"max_hp_loss":0,"event_name":"The Woman in Blue","floor":19,"gold_loss":0},{"damage_healed":0,"gold_gain":99,"player_choice":"Stole From Cult","damage_taken":0,"max_hp_gain":0,"max_hp_loss":0,"event_name":"Nest","floor":27,"gold_loss":0},{"damage_healed":0,"gold_gain":0,"player_choice":"Obtained Book","damage_taken":16,"max_hp_gain":0,"max_hp_loss":0,"event_name":"Cursed Tome","floor":30,"gold_loss":0}],"is_beta":false,"boss_relics":[{"not_picked":["Philosopher\u0027s Stone","Tiny House"],"picked":"Busted Crown"}],"items_purged_floors":[24],"is_endless":false,"potions_floor_spawned":[6,10,12,13,16,22,23,25,31],"killed_by":"Champ","ascension_level":0}}