{"host":"7o30bgpqouqblh42","time":1609042430,"event":{"mods":["AchievementEnabler","Aspiration","BaseMod","Colored Map","Downfall","Highlight Path","Minty Spire (QoL Compilation)","StSLib","SuperFastMode"],"gold_per_floor":[112,112,89,102,177,210,210,242,242,242,256,134,154,165,165,263,263,247,263,362,272,285,285,297,297,297,297,297,297,297],"floor_reached":29,"playtime":1123,"items_purged":["Defend_B"],"score":271,"play_id":"0a77fcbd-17ff-490d-85c5-a9190c7389fe","local_time":"20201226231350","is_ascension_mode":true,"campfire_choices":[{"floor":7,"key":"RECALL"},{"floor":15,"key":"REST"},{"floor":23,"key":"REST"},{"floor":28,"key":"REST"}],"circlet_count":0,"master_deck":["Strike_B","Strike_B","Strike_B+1","Defend_B","Defend_B","Defend_B+1","Zap+1","Dualcast+1","Ball Lightning","Steam","Conserve Battery","Thunder Strike","Lockon","CurseOfTheBell","Steam","Ball Lightning","Ball Lightning","Multi-Cast","Barrage+1","Conserve Battery","Redo+1"],"relics":["Cracked Core","NeowsBlessing","Question Card","aspiration:AnachronicSnailShell","aspiration:SeaSaltIceCream","Calling Bell","StoneCalendar","Pantograph","War Paint","Sozu"],"acts_visited":["Exordium","TheCity"],"potions_floor_usage":[8,14,16,16,18],"damage_taken":[{"damage":0,"enemies":"2 Louse","floor":1,"turns":1},{"damage":0,"enemies":"Cultist","floor":4,"turns":1},{"damage":0,"enemies":"3 Sentries","floor":6,"turns":1},{"damage":16,"enemies":"Lagavulin","floor":8,"turns":7},{"damage":0,"enemies":"Small Slimes","floor":11,"turns":2},{"damage":1,"enemies":"Gremlin Gang","floor":13,"turns":5},{"damage":5,"enemies":"Large Slime","floor":14,"turns":3},{"damage":12,"enemies":"The Guardian","floor":16,"turns":6},{"damage":19,"enemies":"2 Thieves","floor":18,"turns":4},{"damage":20,"enemies":"3 Byrds","floor":19,"turns":4},{"damage":17,"enemies":"Centurion and Healer","floor":22,"turns":5},{"damage":23,"enemies":"Shelled Parasite and Fungi","floor":24,"turns":5},{"damage":0,"enemies":"Gremlin Leader","floor":29,"turns":1}],"seed_played":"3348623000722050149","potions_obtained":[{"floor":1,"key":"Weak Potion"},{"floor":11,"key":"champ:CounterPotion"},{"floor":13,"key":"sneckomod:MuddlingPotion"},{"floor":14,"key":"CultistPotion"},{"floor":16,"key":"EntropicBrew"}],"is_trial":false,"path_per_floor":["M","?","$","M","?","E","R","E","T","$","M","$","M","M","R","B",null,"M","M","?","?","M","R","M","?","T","?","R","E"],"character_chosen":"DEFECT","items_purchased":["Steam","Ball Lightning"],"campfire_rested":3,"item_purchase_floors":[3,12],"current_hp_per_floor":[75,60,60,60,53,53,53,37,37,37,37,37,36,31,53,63,75,56,36,36,36,19,41,18,18,18,4,28,28,28],"gold":297,"neow_bonus":"THREE_ENEMY_KILL","is_daily":false,"chose_seed":false,"campfire_upgraded":0,"win_rate":0.0,"timestamp":1609042430,"path_taken":["M","?","$","M","?","E","R","E","T","$","?","$","M","M","R","BOSS","M","M","?","?","M","R","?","?","T","?","R","E"],"items_purchased_type":["Card","Card"],"build_version":"2020-12-22","purchased_purges":1,"victory":false,"max_hp_per_floor":[75,75,75,75,75,75,75,75,75,75,75,75,75,75,75,75,75,75,75,75,75,75,75,75,75,75,80,80,80,80],"card_choices":[{"not_picked":["Reprogram","Beam Cell"],"picked":"Ball Lightning","floor":1},{"not_picked":["Gash","Hologram"],"picked":"Conserve Battery","floor":4},{"not_picked":["Force Field","Leap"],"picked":"Thunder Strike","floor":6},{"not_picked":["Barrage","Chill","Compile Driver"],"picked":"Lockon","floor":8},{"not_picked":["Reinforced Body","Hello World","Compile Driver"],"picked":"Steam","floor":11},{"not_picked":["Cold Snap","Compile Driver","Redo"],"picked":"Ball Lightning","floor":13},{"not_picked":["Go for the Eyes","Leap","Aggregate","Meteor Strike"],"picked":"SKIP","floor":14},{"not_picked":["Fission","Machine Learning","Meteor Strike"],"picked":"Multi-Cast","floor":16},{"not_picked":["Coolheaded","Hologram+1","Heatsinks"],"picked":"Barrage","floor":18},{"not_picked":["Hologram","Sweeping Beam","Coolheaded","Reprogram"],"picked":"SKIP","floor":19},{"not_picked":["Steam Power","Turbo+1","Cold Snap"],"picked":"Conserve Battery","floor":22},{"not_picked":["Rebound","Gash+1","Cold Snap"],"picked":"Redo+1","floor":24}],"player_experience":185019,"relics_obtained":[{"floor":6,"key":"Question Card"},{"floor":8,"key":"aspiration:AnachronicSnailShell"},{"floor":9,"key":"aspiration:SeaSaltIceCream"},{"floor":10,"key":"StoneCalendar"},{"floor":10,"key":"Pantograph"},{"floor":10,"key":"War Paint"}],"event_choices":[{"damage_healed":0,"gold_gain":0,"player_choice":"Entered Light","damage_taken":15,"max_hp_gain":0,"max_hp_loss":0,"event_name":"Shining Light","floor":2,"gold_loss":0,"cards_upgraded":["Dualcast","Strike_B"]},{"damage_healed":0,"gold_gain":75,"player_choice":"Touch","damage_taken":7,"max_hp_gain":0,"max_hp_loss":0,"event_name":"FaceTrader","floor":5,"gold_loss":0},{"damage_healed":0,"gold_gain":99,"player_choice":"Stole From Cult","damage_taken":0,"max_hp_gain":0,"max_hp_loss":0,"event_name":"Nest","floor":20,"gold_loss":0},{"cards_removed":["Strike_B"],"damage_healed":0,"gold_gain":0,"player_choice":"Upgrade and Remove","damage_taken":0,"max_hp_gain":0,"max_hp_loss":0,"event_name":"Designer","floor":21,"gold_loss":90,"cards_upgraded":["Barrage"]},{"damage_healed":0,"gold_gain":0,"player_choice":"Shed Blood","damage_taken":19,"max_hp_gain":5,"max_hp_loss":0,"event_name":"Forgotten Altar","floor":27,"gold_loss":0}],"is_beta":false,"boss_relics":[{"not_picked":["aspiration:RitualDagger","Fusion Hammer"],"picked":"Sozu"}],"items_purged_floors":[12],"is_endless":false,"potions_floor_spawned":[1,11,13,14,16,24],"killed_by":"Gremlin Leader","ascension_level":1}}