{"host":"gkh5j5k5w4qf7k7n","time":1609063966,"event":{"mods":["2.2 Compatiblity","AchievementEnabler","BaseMod","Colored Map","Colored Powertips","GifTheSpireLib","Keyboard Shortcuts","Minty Spire (QoL Compilation)","Quick Restart","StSLib","SuperFastMode","The Construct","The Dragon Tamer","The Marked","TheBandit","¡¼?Úª?ø«¡½REMEMod"],"gold_per_floor":[119,44,64,64,83,110,110,127,127,146,156,188,188,220,220,319,319,333,377,277,277,296,296,310,310,334,334,209,235,235,11,11,110,110,125,35,49,69,69,69,97,110,110,124,124,139,139,149,149,149,149,149,4,32,32],"floor_reached":56,"playtime":2394,"items_purged":["theMarked:Strike","theMarked:Strike","theMarked:Strike","theMarked:Strike"],"score":1319,"play_id":"34dc6158-afea-494c-bc77-8dd5a9715ad6","local_time":"20201227191246","is_ascension_mode":false,"campfire_choices":[{"data":"theMarked:EnhanceMovement","floor":7.0,"key":"SMITH"},{"data":"theMarked:ComboAttacks","floor":15.0,"key":"SMITH"},{"floor":23.0,"key":"RECALL"},{"data":"theMarked:ThrowWeapon","floor":27.0,"key":"SMITH"},{"data":"Deep Breath","floor":32.0,"key":"SMITH"},{"data":"theMarked:ComboAttacks","floor":49.0,"key":"SMITH"},{"data":"REME_AllRoundStrike","floor":52.0,"key":"SMITH"}],"circlet_count":0,"master_deck":["theMarked:Defend+1","theMarked:Defend+1","theMarked:Defend+1","theMarked:Defend+1","theMarked:SoldierOfQuellstein+1","Hyperbeam+1","theMarked:Overthink+1","theMarked:SoldierForm+1","theMarked:EnhanceMovement+1","theMarked:ComboAttacks+1","theMarked:TurnInvisible+1","theMarked:ThrowWeapon+1","Deep Breath+1","REME_FirmDetermination+1","theMarked:ReduceFriction+1","Ghostly+1","Ghostly+1","Ghostly+1","Ghostly+1","Ghostly+1","theMarked:TurnInvisible+1","theMarked:EnhanceMovement+1","theMarked:SoldierForm+1","REME_FirmDetermination+1","REME_ShortnessOfBreath+1","theMarked:ComboAttacks+1","Secret Technique","REME_AllRoundStrike+1","theMarked:ReduceFriction","Finesse","Finesse","Master of Strategy","Madness"],"relics":["theMarked:ArtifactOfAir","REME_ComplimentaryCards","Potion Belt","Bottled Flame","Ice Cream","REME_LowDesire","Juzu Bracelet","Omamori","Enchiridion","Bag of Marbles","War Paint","Thread and Needle","Coffee Dripper","Mark of the Bloom","Whetstone","StrikeDummy","REME_CardOfGreed","Vajra"],"acts_visited":["Exordium","TheCity","TheBeyond","TheEnding"],"potions_floor_usage":[55,55,55,55,55],"damage_taken":[{"damage":1.0,"enemies":"Jaw Worm","floor":1.0,"turns":2.0},{"damage":0.0,"enemies":"Cultist","floor":3.0,"turns":2.0},{"damage":0.0,"enemies":"Small Slimes","floor":5.0,"turns":2.0},{"damage":0.0,"enemies":"3 Sentries","floor":6.0,"turns":2.0},{"damage":3.0,"enemies":"Red Slaver","floor":8.0,"turns":4.0},{"damage":2.0,"enemies":"Blue Slaver","floor":10.0,"turns":2.0},{"damage":0.0,"enemies":"Exordium Wildlife","floor":11.0,"turns":2.0},{"damage":18.0,"enemies":"Lagavulin","floor":12.0,"turns":5.0},{"damage":0.0,"enemies":"3 Sentries","floor":14.0,"turns":2.0},{"damage":29.0,"enemies":"The Guardian","floor":16.0,"turns":10.0},{"damage":9.0,"enemies":"3 Byrds","floor":18.0,"turns":4.0},{"damage":5.0,"enemies":"Chosen","floor":19.0,"turns":4.0},{"damage":0.0,"enemies":"Centurion and Healer","floor":22.0,"turns":5.0},{"damage":7.0,"enemies":"Shelled Parasite and Fungi","floor":24.0,"turns":3.0},{"damage":4.0,"enemies":"Book of Stabbing","floor":29.0,"turns":6.0},{"damage":17.0,"enemies":"Automaton","floor":33.0,"turns":10.0},{"damage":0.0,"enemies":"3 Shapes","floor":35.0,"turns":1.0},{"damage":0.0,"enemies":"3 Darklings","floor":37.0,"turns":2.0},{"damage":2.0,"enemies":"Sphere and 2 Shapes","floor":38.0,"turns":5.0},{"damage":0.0,"enemies":"Giant Head","floor":41.0,"turns":7.0},{"damage":0.0,"enemies":"4 Shapes","floor":42.0,"turns":1.0},{"damage":0.0,"enemies":"Maw","floor":44.0,"turns":9.0},{"damage":0.0,"enemies":"Writhing Mass","floor":46.0,"turns":1.0},{"damage":0.0,"enemies":"4 Shapes","floor":48.0,"turns":1.0},{"damage":4.0,"enemies":"Awakened One","floor":50.0,"turns":10.0},{"damage":0.0,"enemies":"Shield and Spear","floor":54.0,"turns":5.0},{"damage":6,"enemies":"The Heart","floor":55,"turns":8}],"seed_played":"-2501085284713549795","potions_obtained":[{"floor":1.0,"key":"construct:ShiftPotion"},{"floor":5.0,"key":"SteroidPotion"},{"floor":8.0,"key":"EssenceOfSteel"},{"floor":11.0,"key":"Explosive Potion"},{"floor":18.0,"key":"REME_GoldPotion"},{"floor":29.0,"key":"FearPotion"},{"floor":35.0,"key":"DuplicationPotion"},{"floor":44.0,"key":"LiquidBronze"},{"floor":48.0,"key":"Regen Potion"}],"is_trial":false,"path_per_floor":["M","$","M","?","M","E","R","M","T","M","M","E","?","E","R","B",null,"M","M","$","?","M","R","M","?","T","R","$","E","?","$","R","B",null,"M","$","M","M","?","R","E","M","T","M","?","M","?","M","R","B",null,"R","$","E","B",null],"character_chosen":"THE_DEFAULT","items_purchased":["theMarked:EnhanceMovement","REME_FirmDetermination","REME_CardOfGreed"],"campfire_rested":0,"item_purchase_floors":[31,36,53],"current_hp_per_floor":[69,69,69,69,69,69,69,66,66,64,64,46,46,46,46,17,70,61,56,56,40,40,40,33,33,33,33,33,29,29,29,29,12,35,35,35,35,33,33,33,33,33,33,33,33,33,23,23,23,19,19,19,19,19,13],"gold":32,"neow_bonus":"UPGRADE_CARD","is_daily":false,"chose_seed":false,"campfire_upgraded":6,"win_rate":0.0,"timestamp":1609063966,"path_taken":["M","$","M","?","M","E","R","M","T","M","?","E","?","E","R","BOSS","M","M","$","?","M","R","M","?","T","R","?","E","?","$","R","BOSS","M","$","M","M","?","R","E","M","T","M","?","M","?","M","R","BOSS","R","$","E","BOSS"],"items_purchased_type":["Card","Card","Relic"],"build_version":"2020-12-22","purchased_purges":4,"victory":true,"max_hp_per_floor":[70,70,70,70,70,70,70,70,70,70,70,70,70,70,70,70,70,70,70,70,70,70,70,70,35,35,35,35,35,35,35,35,35,35,35,35,35,35,35,35,35,35,35,35,35,35,35,35,35,35,35,35,35,35,35],"card_choices":[{"not_picked":["theMarked:SwordAndMagic","theMarked:BanishingStrike"],"picked":"theMarked:Overthink","floor":1.0},{"not_picked":["theMarked:Electrocute","theMarked:ResourceFulStrike","theMarked:WardOff"],"picked":"SKIP","floor":3.0},{"not_picked":["theMarked:WardOff","theMarked:TwofoldDefense"],"picked":"theMarked:SoldierForm","floor":5.0},{"not_picked":["theMarked:Static","theMarked:WardOff"],"picked":"theMarked:EnhanceMovement","floor":6.0},{"not_picked":["theMarked:Aftermath","theMarked:EmpowerWeapon","theMarked:Parkour"],"picked":"SKIP","floor":8.0},{"not_picked":["theMarked:ShockingTouch","theMarked:StartUp"],"picked":"theMarked:ComboAttacks","floor":10.0},{"not_picked":["theMarked:CreepingChasm","theMarked:SwordAndMagic","theMarked:TwofoldDefense"],"picked":"SKIP","floor":11.0},{"not_picked":["theMarked:TunnelVision","theMarked:CreepingChasm","theMarked:Static"],"picked":"SKIP","floor":12.0},{"not_picked":["theMarked:MysticalArsenal","theMarked:ResourceFulStrike"],"picked":"theMarked:TurnInvisible","floor":14.0},{"not_picked":["theMarked:SuspiciousRaven","theMarked:TakeOffHeels"],"picked":"theMarked:ThrowWeapon","floor":16.0},{"not_picked":["theMarked:Indomitable+1","theMarked:ShockingTouch","theMarked:BanishingStrike"],"picked":"Deep Breath","floor":18.0},{"not_picked":["theMarked:ComboAttacks","theMarked:Convert+1","theMarked:SelfDefenseTraining"],"picked":"REME_FirmDetermination","floor":19.0},{"not_picked":["theMarked:EmpowerWeapon","theMarked:FavorableWinds","Jack Of All Trades+1"],"picked":"theMarked:ReduceFriction","floor":22.0},{"not_picked":["theMarked:Aftermath","theMarked:HeightenedSenses","theMarked:TakeCover","Good Instincts"],"picked":"SKIP","floor":24.0},{"not_picked":["theMarked:ElectricStrings","theMarked:ParalyzingBlade+1","Deep Breath"],"picked":"theMarked:TurnInvisible","floor":29.0},{"not_picked":["theMarked:UnarmedFury","theMarked:BindingBlade","REME_TwoStrings+1"],"picked":"theMarked:SoldierForm","floor":33.0},{"not_picked":["theMarked:Frustration+1","theMarked:ChainLightning","theMarked:Aftermath+1","Bandage Up"],"picked":"SKIP","floor":35.0},{"not_picked":["theMarked:WastefulDefense+1","theMarked:SwordAndMagic","theMarked:HeritageOfTheMarked+1","The Bomb"],"picked":"SKIP","floor":37.0},{"not_picked":["theMarked:Aftermath","theMarked:WardOff","theMarked:SwordAndMagic+1"],"picked":"REME_ShortnessOfBreath","floor":38.0},{"not_picked":["theMarked:Electrocute+1","theMarked:RepellingDischarge+1","Madness"],"picked":"theMarked:ComboAttacks","floor":41.0},{"not_picked":["theMarked:WastefulAttack","theMarked:Indomitable+1","theMarked:TwofoldDefense"],"picked":"Secret Technique","floor":42.0},{"not_picked":["theMarked:TwofoldDefense+1","theMarked:MaelstromOfLightning+1","theMarked:Improvise+1"],"picked":"REME_AllRoundStrike","floor":44.0},{"not_picked":["theMarked:Overthink","theMarked:Parkour","theMarked:BanishingStrike","Swift Strike+1"],"picked":"SKIP","floor":46.0},{"not_picked":["Mayhem","REME_ShortnessOfBreath"],"picked":"Finesse","floor":47.0},{"not_picked":["Jack Of All Trades","Dark Shackles"],"picked":"Finesse","floor":47.0},{"not_picked":["Panacea","Enlightenment"],"picked":"Master of Strategy","floor":47.0},{"not_picked":["theMarked:Convert","theMarked:RepellingDischarge","theMarked:BanishingStrike","REME_EyeOfCthun"],"picked":"SKIP","floor":48.0},{"not_picked":["theMarked:ResourceFulStrike","theMarked:ContemptForTheProud","theMarked:ReduceFriction+1"],"picked":"Madness","floor":54.0}],"player_experience":938026,"relics_obtained":[{"floor":6.0,"key":"Potion Belt"},{"floor":12.0,"key":"Bottled Flame"},{"floor":14.0,"key":"Ice Cream"},{"floor":17.0,"key":"Juzu Bracelet"},{"floor":17.0,"key":"Omamori"},{"floor":21.0,"key":"Enchiridion"},{"floor":26.0,"key":"Bag of Marbles"},{"floor":29.0,"key":"War Paint"},{"floor":41.0,"key":"Whetstone"},{"floor":43.0,"key":"StrikeDummy"},{"floor":54.0,"key":"Vajra"}],"event_choices":[{"damage_healed":0.0,"max_hp_gain":0.0,"max_hp_loss":0.0,"gold_gain":0.0,"event_name":"Match and Keep!","player_choice":"0 cards matched","floor":4.0,"gold_loss":0.0,"damage_taken":0.0,"cards_obtained":[]},{"damage_healed":0.0,"max_hp_gain":0.0,"max_hp_loss":0.0,"gold_gain":0.0,"event_name":"The Woman in Blue","player_choice":"Bought 0 Potions","floor":13.0,"gold_loss":0.0,"damage_taken":0.0},{"damage_healed":0.0,"max_hp_gain":0.0,"max_hp_loss":0.0,"gold_gain":0.0,"event_name":"Cursed Tome","player_choice":"Obtained Book","floor":21.0,"gold_loss":0.0,"damage_taken":16.0},{"damage_healed":0.0,"max_hp_gain":0.0,"max_hp_loss":35.0,"gold_gain":0.0,"event_name":"Ghosts","player_choice":"Became a Ghost","floor":25.0,"gold_loss":0.0,"damage_taken":0.0,"cards_obtained":["Ghostly","Ghostly","Ghostly","Ghostly","Ghostly"]},{"damage_healed":0.0,"max_hp_gain":0.0,"max_hp_loss":0.0,"gold_gain":0.0,"event_name":"Addict","player_choice":"Stole Relic","floor":30.0,"gold_loss":0.0,"damage_taken":0.0,"relics_obtained":["Thread and Needle"],"cards_obtained":["Shame"]},{"damage_healed":0.0,"max_hp_gain":0.0,"max_hp_loss":0.0,"gold_gain":0.0,"event_name":"MindBloom","player_choice":"Upgrade","floor":39.0,"gold_loss":0.0,"damage_taken":0.0,"cards_upgraded":["theMarked:Strike","theMarked:Defend","theMarked:Defend","theMarked:Defend","theMarked:Defend","theMarked:SoldierOfQuellstein","theMarked:Overthink","theMarked:SoldierForm","REME_FirmDetermination","theMarked:ReduceFriction","Ghostly","Ghostly","Ghostly","Ghostly","theMarked:TurnInvisible","theMarked:EnhanceMovement","theMarked:SoldierForm","REME_FirmDetermination","REME_ShortnessOfBreath"],"relics_obtained":["Mark of the Bloom"]},{"damage_healed":0.0,"max_hp_gain":0.0,"max_hp_loss":0.0,"gold_gain":0.0,"cards_transformed":["theMarked:Strike"],"event_name":"Transmorgrifier","player_choice":"Transformed","floor":45.0,"gold_loss":0.0,"damage_taken":0.0,"cards_obtained":["theMarked:ReduceFriction"]},{"damage_healed":0.0,"max_hp_gain":0.0,"max_hp_loss":0.0,"gold_gain":0.0,"event_name":"SensoryStone","player_choice":"Memory 3","floor":47.0,"gold_loss":0.0,"damage_taken":10.0}],"is_beta":false,"boss_relics":[{"not_picked":["construct:ClawGrip","SacredBark"],"picked":"REME_LowDesire"},{"not_picked":["Astrolabe","Black Star"],"picked":"Coffee Dripper"}],"items_purged_floors":[2,20,28,31],"is_endless":false,"potions_floor_spawned":[1,5,8,11,18,29,35,37,44,46,48],"ascension_level":0}}