{"host":"pf9sh7nh6rpu9sau","time":1609035575,"event":{"mods":["2.2 Compatiblity","BaseMod","BetterRewards","Downfall","Hermit","Hubris","Mad Scientist","Minty Spire (QoL Compilation)","Permanent Neow","Quick Restart","Replay The Spire","Somnambulant","StSLib","The Clintock","The Cursed","The Disciple","The Hierophant","The Necromancer","The Runesmith","The Servant 0.9.4","TheVacant"],"gold_per_floor":[416,416,431,1,15,50,74,74,84,95,110,129,129,145,156,255,255,255,272,272,372,384,384,384,384,410,426,452,464,4,21,38,140,140,140,160,175,191,241,241,241,276,276,288,288,288,288,288,300,300,300,300],"floor_reached":50,"playtime":4948,"items_purged":["Shame","champ:Strike"],"score":568,"play_id":"08a9502c-cc5b-4d5b-9ecd-186b6d0b6e0f","local_time":"20201226211935","is_ascension_mode":false,"campfire_choices":[{"data":"champ:Backstep","floor":13,"key":"SMITH"},{"data":"champ:Strike","floor":18,"key":"PURGE"},{"data":"champ:SteelEdge","floor":23,"key":"SMITH"},{"data":"champ:Taunt","floor":25,"key":"SMITH"},{"data":"champ:Strike","floor":35,"key":"PURGE"},{"floor":40,"key":"RECALL"},{"floor":47,"key":"REST"}],"circlet_count":0,"master_deck":["champ:Strike","champ:Defend","champ:Defend","champ:Defend","champ:Defend","champ:Execute","champ:Taunt+1","champ:Haymaker","champ:SteelEdge+1","Replay:SS_hec_1","champ:TornadoPunch+1","champ:Aggression","champ:Backstep+1","champ:Encircle+1","champ:IronFortress","champ:GladiatorsShout","champ:PreciseThrust+1","champ:PerfectForm","champ:FlashCut+1","champ:EnragedBash+1","champ:GladiatorStyle+1","champ:SteelEdge+1","champ:Shatter+1","champ:IgnorePain","champ:CrookedStrike+1","champ:DancingMaster","champ:BerserkerStyle+1","champ:StanceDance","champ:Balance","champ:BringItOn+1","champ:CalledShot+1"],"relics":["champ:ChampionCrownUpgraded","Lantern","Molten Egg 2","Mango","Velvet Choker","Chameleon Ring","The Courier","Strawberry","Question Card","Omamori","Frozen Eye","Ginger","MealTicket","Replay:Towering Pillar of Hats","hubris:Towel","hubris:Icosahedron"],"acts_visited":["Exordium","TheCity","TheBeyond"],"potions_floor_usage":[6,6,16,19,26,30,38,42],"damage_taken":[{"damage":7,"enemies":"2 Louse","floor":3,"turns":3},{"damage":20,"enemies":"downfall:FleeingMerchant","floor":4,"turns":4},{"damage":5,"enemies":"Small Slimes","floor":5,"turns":3},{"damage":9,"enemies":"Gremlin Nob","floor":6,"turns":5},{"damage":0,"enemies":"Cultist","floor":9,"turns":2},{"damage":10,"enemies":"3 Louse","floor":10,"turns":2},{"damage":8,"enemies":"Large Slime","floor":11,"turns":4},{"damage":9,"enemies":"Exordium Thugs","floor":12,"turns":4},{"damage":7,"enemies":"Blue Slaver","floor":14,"turns":4},{"damage":5,"enemies":"3 Louse","floor":15,"turns":3},{"damage":27,"enemies":"downfall:Ironclad","floor":16,"turns":9},{"damage":8,"enemies":"3 Byrds","floor":19,"turns":5},{"damage":13,"enemies":"Centurion and Healer","floor":22,"turns":9},{"damage":49,"enemies":"Slavers","floor":26,"turns":7},{"damage":33,"enemies":"Sentry and Sphere","floor":27,"turns":5},{"damage":3,"enemies":"Replay:Snechameleon","floor":28,"turns":6},{"damage":19,"enemies":"3 Cultists","floor":29,"turns":4},{"damage":7,"enemies":"downfall:FleeingMerchant","floor":30,"turns":4},{"damage":16,"enemies":"Snake Plant","floor":31,"turns":5},{"damage":21,"enemies":"Centurion and Healer","floor":32,"turns":7},{"damage":21,"enemies":"downfall:Defect","floor":33,"turns":13},{"damage":0,"enemies":"3 Shapes","floor":36,"turns":6},{"damage":18,"enemies":"Orb Walker","floor":37,"turns":4},{"damage":34,"enemies":"Spire Growth","floor":38,"turns":7},{"damage":40,"enemies":"Mind Bloom Boss Battle","floor":39,"turns":10},{"damage":77,"enemies":"Reptomancer","floor":42,"turns":8},{"damage":50,"enemies":"Maw","floor":44,"turns":9},{"damage":14,"enemies":"Jaw Worm Horde","floor":49,"turns":4},{"damage":51,"enemies":"downfall:Silent","floor":50,"turns":4}],"seed_played":"1679530657327509773","potions_obtained":[{"floor":3,"key":"EssenceOfSteel"},{"floor":5,"key":"EssenceOfSteel"},{"floor":12,"key":"champ:CounterPotion"},{"floor":14,"key":"Reflective Coating"},{"floor":15,"key":"Flashbang"},{"floor":19,"key":"Dexterity Potion"},{"floor":27,"key":"SpeedPotion"},{"floor":29,"key":"Elixir"},{"floor":33,"key":"Elixir"},{"floor":37,"key":"Block Potion"},{"floor":39,"key":"Fire Potion"},{"floor":44,"key":"sneckomod:MuddlingPotion"}],"is_trial":false,"path_per_floor":["R","?","M","$","M","E","T","?","M","M","M","M","R","M","M","B",null,"R","M","?","?","M","R","T","R","E","M","E","M","$","M","M","B",null,"R","M","M","M","?","R","T","E","?","M","?","?","R","?","M","B"],"character_chosen":"THE_CHAMP","items_purchased":["Molten Egg 2","Replay:SS_hec_1","champ:IgnorePain","Omamori","Frozen Eye"],"campfire_rested":1,"item_purchase_floors":[4,4,30,30,30],"current_hp_per_floor":[90,90,88,78,78,93,93,93,93,83,83,81,81,76,76,66,104,104,104,104,104,104,104,104,104,76,57,64,56,56,44,38,30,111,111,111,108,87,90,90,90,38,38,8,8,8,41,41,41,0,0,0],"gold":300,"neow_bonus":"TWO_FIFTY_GOLD","is_daily":false,"chose_seed":false,"campfire_upgraded":3,"win_rate":0.0,"timestamp":1609035575,"path_taken":["R","?","M","$","M","E","T","?","?","M","M","M","R","M","M","BOSS","R","M","?","?","M","R","T","R","E","M","E","M","$","M","M","BOSS","R","M","M","M","?","R","T","E","?","M","?","?","R","?","M","BOSS"],"items_purchased_type":["Relic","Card","Card","Relic","Relic"],"build_version":"2020-12-22","purchased_purges":2,"victory":false,"max_hp_per_floor":[90,90,90,90,90,104,104,104,104,104,104,104,104,104,104,104,104,104,104,104,104,104,104,104,104,111,111,111,111,111,111,111,111,111,111,111,111,111,111,111,111,111,111,111,111,111,111,111,111,111,111,111],"card_choices":[{"not_picked":["champ:RapidStrikes","champ:Riposte"],"picked":"champ:Haymaker","floor":3},{"not_picked":["champ:Riposte","champ:CrookedStrike"],"picked":"champ:SteelEdge","floor":4},{"not_picked":["champ:IronFortress","champ:FocusedGladiator"],"picked":"champ:TornadoPunch+1","floor":5},{"not_picked":["champ:CheapShot+1","champ:BringItOn"],"picked":"champ:Aggression","floor":6},{"not_picked":["champ:BladeFlurry+1","champ:ShieldWall","champ:BerserkersShout"],"picked":"SKIP","floor":9},{"not_picked":["champ:PerfectedStrike+1","champ:GladiatorsShout"],"picked":"champ:Backstep","floor":10},{"not_picked":["champ:GladiatorsShout","champ:BladeFlurry+1"],"picked":"champ:Encircle+1","floor":11},{"not_picked":["champ:GutPunch+1","champ:GladiatorStyle"],"picked":"champ:IronFortress","floor":12},{"not_picked":["champ:BladeFlurry+1","champ:DefensiveShout"],"picked":"champ:GladiatorsShout","floor":14},{"not_picked":["champ:FaceSlap+1","champ:BerserkersShout"],"picked":"champ:PreciseThrust+1","floor":15},{"not_picked":["champ:StrikeOfGenius","champ:HeavySlash+1"],"picked":"champ:PerfectForm","floor":16},{"not_picked":["champ:TornadoPunch+1","champ:PerfectedStrike+1"],"picked":"champ:FlashCut+1","floor":19},{"not_picked":["champ:Riposte+1","champ:Backstep","champ:DefensiveStyle"],"picked":"SKIP","floor":22},{"not_picked":["champ:DefensiveShout","champ:Aggression"],"picked":"champ:EnragedBash+1","floor":26},{"not_picked":["champ:CrookedStrike+1","champ:FaceSlap+1"],"picked":"champ:GladiatorStyle+1","floor":27},{"not_picked":["champ:BerserkersShout","champ:CrookedStrike+1"],"picked":"champ:SteelEdge+1","floor":28},{"not_picked":["champ:BringItOn","champ:DefensiveShout","champ:AdrenalArmor"],"picked":"champ:Shatter+1","floor":29},{"not_picked":["champ:FlashCut+1","champ:EndlessRage","champ:GladiatorsShout","champ:Circumvent+1"],"picked":"SKIP","floor":30},{"not_picked":["champ:BerserkersShout","champ:EnragedBash+1","champ:HeavySlash+1"],"picked":"champ:CrookedStrike+1","floor":31},{"not_picked":["champ:FightOn","champ:PerfectedStrike+1","champ:BerserkersShout+1","champ:FaceSlap+1"],"picked":"SKIP","floor":32},{"not_picked":["champ:SteelEdge+1","champ:VampiricStrike+1","champ:CheapShot+1"],"picked":"champ:DancingMaster","floor":33},{"not_picked":["champ:Circumvent+1","champ:Haymaker+1","champ:PerfectedStrike+1"],"picked":"champ:BerserkerStyle+1","floor":36},{"not_picked":["champ:Haymaker+1","champ:DeathBlow+1","champ:SkillfulDodge+1","champ:Aggression+1"],"picked":"SKIP","floor":37},{"not_picked":["champ:ShieldWall+1","champ:GutPunch+1","champ:FaceSlap+1","champ:Lariat"],"picked":"SKIP","floor":38},{"not_picked":["champ:BerserkerStyle+1","champ:FightOn","champ:Haymaker+1"],"picked":"champ:StanceDance","floor":39},{"not_picked":["champ:GladiatorsShout","champ:Haymaker+1","champ:BladeFlurry+1"],"picked":"champ:Balance","floor":42},{"not_picked":["champ:Balance","champ:GutPunch+1","champ:GladiatorsShout"],"picked":"champ:BringItOn+1","floor":44},{"not_picked":["champ:GladiatorsShout","champ:Shatter+1","champ:RisingSlash+1"],"picked":"champ:CalledShot+1","floor":49}],"player_experience":757483,"relics_obtained":[{"floor":6,"key":"Mango"},{"floor":24,"key":"The Courier"},{"floor":26,"key":"Strawberry"},{"floor":28,"key":"Question Card"},{"floor":39,"key":"Ginger"},{"floor":41,"key":"MealTicket"},{"floor":42,"key":"Replay:Towering Pillar of Hats"}],"event_choices":[{"damage_healed":0,"gold_gain":0,"player_choice":"Box","damage_taken":0,"relics_obtained":["Lantern"],"max_hp_gain":0,"max_hp_loss":0,"event_name":"Big Fish","floor":2,"gold_loss":0,"cards_obtained":["Regret"]},{"cards_removed":["Regret"],"damage_healed":0,"gold_gain":0,"player_choice":"Purged","damage_taken":0,"max_hp_gain":0,"max_hp_loss":0,"event_name":"Purifier","floor":8,"gold_loss":0},{"damage_healed":0,"gold_gain":0,"player_choice":"Ignored","damage_taken":0,"max_hp_gain":0,"max_hp_loss":0,"event_name":"Mysterious Sphere","floor":46,"gold_loss":0}],"is_beta":false,"boss_relics":[{"not_picked":["Busted Crown","Black Star"],"picked":"Velvet Choker"},{"not_picked":["ReplayTheSpireMod:DimensionalGlitch","Painkiller Herb"],"picked":"champ:ChampionCrownUpgraded"}],"items_purged_floors":[4,30],"is_endless":false,"potions_floor_spawned":[3,5,12,14,15,19,27,29,33,37,39,44],"killed_by":"downfall:Silent","ascension_level":0}}