{"host":"873t0y8ybyo38pfq","time":1609031993,"event":{"mods":["BaseMod","Bestiary","Colored Map","Colored Powertips","Highlight Path","Minty Spire (QoL Compilation)","Quick Restart","RNG Fix","Rare Cards Sparkle","Relic Stats","StSLib"],"gold_per_floor":[15,32,45,55,55,55,55,88,88,188,207,207,227,240,240,240,240],"floor_reached":16,"playtime":415,"items_purged":[],"score":208,"play_id":"e93c3b9e-7f02-4bea-aa00-3431ce79de25","local_time":"20201226201953","is_ascension_mode":true,"campfire_choices":[{"data":"Backstab","floor":6,"key":"SMITH"},{"data":"Backstab","floor":12,"key":"SMITH"},{"floor":15,"key":"REST"}],"circlet_count":0,"master_deck":["AscendersBane","Strike_G","Strike_G","Strike_G","Strike_G","Strike_G","Defend_G","Defend_G","Defend_G","Defend_G","Defend_G","Survivor","Neutralize","Backflip","Sucker Punch","Backstab+1","Well Laid Plans","Backstab+1","Burst+1","Bouncing Flask+1","Cloak And Dagger+1"],"relics":["Ring of the Snake","Ginger","Dead Branch","Toxic Egg 2","Mercury Hourglass"],"acts_visited":["Exordium"],"potions_floor_usage":[8,13,16,16],"damage_taken":[{"damage":0,"enemies":"2 Louse","floor":1,"turns":4},{"damage":4,"enemies":"Small Slimes","floor":2,"turns":5},{"damage":6,"enemies":"Cultist","floor":3,"turns":5},{"damage":7,"enemies":"2 Fungi Beasts","floor":4,"turns":4},{"damage":6,"enemies":"Gremlin Nob","floor":8,"turns":3},{"damage":0,"enemies":"Lots of Slimes","floor":11,"turns":2},{"damage":0,"enemies":"Large Slime","floor":13,"turns":4},{"damage":5,"enemies":"Gremlin Gang","floor":14,"turns":3},{"damage":44,"enemies":"Slime Boss","floor":16,"turns":5}],"seed_played":"6190761160596475845","potions_obtained":[{"floor":1,"key":"Block Potion"},{"floor":5,"key":"GamblersBrew"},{"floor":5,"key":"Fire Potion"},{"floor":13,"key":"SteroidPotion"},{"floor":14,"key":"SteroidPotion"}],"is_trial":false,"path_per_floor":["M","M","M","M","?","R","?","E","T","?","M","R","M","M","R","B"],"character_chosen":"THE_SILENT","items_purchased":[],"campfire_rested":1,"item_purchase_floors":[],"current_hp_per_floor":[59,55,49,42,42,42,31,25,25,25,25,25,25,20,39,0,0],"gold":240,"neow_bonus":"ONE_RARE_RELIC","is_daily":false,"chose_seed":false,"campfire_upgraded":2,"win_rate":0.0,"timestamp":1609031993,"path_taken":["M","M","M","M","?","R","?","E","T","?","?","R","M","M","R","BOSS"],"items_purchased_type":[],"build_version":"2020-12-22","purchased_purges":0,"victory":false,"max_hp_per_floor":[66,66,66,66,66,66,66,66,66,66,66,66,66,66,66,66,66],"relic_stats":{"counters":[9,35],"Dead Branch":[16],"Ginger":[4],"obtain_stats":[{"Dead Branch":7,"Ginger":0,"Toxic Egg 2":8,"Ring of the Snake":0,"Mercury Hourglass":9},{"Dead Branch":4,"Ginger":0,"Toxic Egg 2":5,"Ring of the Snake":0,"Mercury Hourglass":5},{"Dead Branch":18,"Ginger":0,"Toxic Egg 2":21,"Ring of the Snake":0,"Mercury Hourglass":21}],"Ring of the Snake":[18],"Mercury Hourglass":[92]},"card_choices":[{"not_picked":["Outmaneuver","Prepared"],"picked":"Backflip","floor":1},{"not_picked":["Outmaneuver","Cloak And Dagger"],"picked":"Sucker Punch","floor":2},{"not_picked":["Flying Knee","Accuracy"],"picked":"Backstab","floor":3},{"not_picked":["Setup","PiercingWail"],"picked":"Well Laid Plans","floor":4},{"not_picked":["Well Laid Plans","Escape Plan+1"],"picked":"Backstab","floor":8},{"not_picked":["Riddle With Holes","Concentrate+1"],"picked":"Burst+1","floor":11},{"not_picked":["Underhanded Strike","Quick Slash"],"picked":"Bouncing Flask+1","floor":13},{"not_picked":["Outmaneuver+1","Prepared+1"],"picked":"Cloak And Dagger+1","floor":14}],"player_experience":1358342,"relics_obtained":[{"floor":8,"key":"Toxic Egg 2"},{"floor":9,"key":"Mercury Hourglass"}],"event_choices":[{"damage_healed":0,"gold_gain":0,"player_choice":"Got Potions","damage_taken":0,"max_hp_gain":0,"max_hp_loss":0,"event_name":"Lab","floor":5,"gold_loss":0},{"damage_healed":0,"gold_gain":0,"player_choice":"Success","damage_taken":11,"relics_obtained":["Dead Branch"],"max_hp_gain":0,"max_hp_loss":0,"event_name":"Scrap Ooze","floor":7,"gold_loss":0},{"damage_healed":0,"gold_gain":100,"player_choice":"Gold","damage_taken":0,"max_hp_gain":0,"max_hp_loss":0,"event_name":"Wheel of Change","floor":10,"gold_loss":0}],"is_beta":false,"boss_relics":[],"items_purged_floors":[],"is_endless":false,"potions_floor_spawned":[1,13,14],"killed_by":"Slime Boss","ascension_level":20}}