{"host":"89b1o62hw5aqf71h","time":1609031796,"event":{"mods":["Aspiration","BaseMod","Bestiary","Better Silent Start","Better-Laid Plans","BetterRewards","Colored Map","Colored Powertips","Conspire","Energized Spire","Hubris","Infinite Spire","JesterMod","Mimic Mod","Minty Spire (QoL Compilation)","Random Character Mod","Replay The Spire","Shop Mod","Small Relic Pack","Spicy Shops","StSLib","The Blue Laboratory","Thieving Mod","Waifu the Spire","everything is the same but u backflip on backflip","vexMod","??????REMEMod"],"gold_per_floor":[114,133,133,149,9,36,47,47,83,97,107,25,25,25,25,129,129,143,143,143,83,93,93,121,121,121,121,121,71,71,83,83,187,187,197,212,212,357,377,406,406,437,469,469,469,469,469],"floor_reached":46,"playtime":1985,"items_purged":[],"score":594,"play_id":"a15bbd61-a1f6-4dd5-bde1-2b2ee508eb11","local_time":"20201226201636","is_ascension_mode":false,"campfire_choices":[{"floor":13.0,"key":"REST"},{"data":"Omniscience","floor":23.0,"key":"SMITH"},{"data":"Demon Form","floor":25.0,"key":"SMITH"},{"data":"Reaper","floor":28.0,"key":"SMITH"},{"data":"Double Tap","floor":41,"key":"SMITH"},{"data":"Eclipse","floor":44,"key":"SMITH"}],"circlet_count":0,"master_deck":["Strike_R","Strike_R","Strike_R","Strike_R","Defend_R","Defend_R","Defend_R","Defend_R+1","Bash","Omniscience+1","Whirlwind+1","Double Tap+1","Reckless Charge","Parasite","Whirlwind+1","Thunderclap","Demon Form+1","Reaper+1","Flex+1","Anger","Infernal Blade+1","ReplayTheSpireMod:Stacked+1","Eclipse+1","Flex+1","Cleave+1","Sadistic Nature","Inflame","REME_SingleHolding","hubris:ReadiedAction","Headbutt+1","Replay:Undeath\u0027s Touch+1","Metallicize","Inflame","Reaper+1","Battle Trance"],"relics":["Burning Blood","REME_ComplimentaryCards","infinitespire:PuzzleCube","jesterMod:MirrorMask","Centennial Puzzle","Pen Nib","Magic Flower","Juzu Bracelet","conspire:RoyalGoblet","Sundial","hubris:Towel","Replay:Rubber Ducky","infinitespire:Lucky Rock","hubris:Icosahedron","vexMod:MysteryBossChallenge","aspiration:SecretTechniqueScroll","MerchantsRug","hubris:NiceRug","Bottled Lightning","Molten Egg 2","vexMod:Cooldron","hubris:TinFlute","infinitespire:ShieldingShard","aspiration:Nostalgia","infinitespire:DarkRift","Lantern","War Paint","vexMod:HeadHunter","Incense Burner"],"acts_visited":["Exordium","TheCity","TheBeyond"],"potions_floor_usage":[33,38,39,40,40],"damage_taken":[{"damage":10.0,"enemies":"Cultist","floor":1.0,"turns":4.0},{"damage":13.0,"enemies":"Jaw Worm","floor":2.0,"turns":3.0},{"damage":6.0,"enemies":"Small Slimes","floor":4.0,"turns":4.0},{"damage":38.0,"enemies":"Replay:BlueRogue","floor":6.0,"turns":8.0},{"damage":7.0,"enemies":"Gremlin Gang","floor":7.0,"turns":2.0},{"damage":6.0,"enemies":"Exordium Thugs","floor":9.0,"turns":6.0},{"damage":6.0,"enemies":"Exordium Thugs","floor":10.0,"turns":3.0},{"damage":3.0,"enemies":"3 Louse","floor":11.0,"turns":2.0},{"damage":39.0,"enemies":"Fading Forest","floor":16.0,"turns":11.0},{"damage":0.0,"enemies":"Spheric Guardian","floor":18.0,"turns":1.0},{"damage":24.0,"enemies":"Shell Parasite","floor":22.0,"turns":3.0},{"damage":52.0,"enemies":"Nightmare","floor":24.0,"turns":6.0},{"damage":1,"enemies":"Shelled Parasite and Fungi","floor":31,"turns":2},{"damage":6,"enemies":"conspire:MysteriousRune","floor":33,"turns":6},{"damage":15,"enemies":"Orb Walker","floor":35,"turns":3},{"damage":13,"enemies":"3 Shapes","floor":36,"turns":3},{"damage":0,"enemies":"hubris:Merchant","floor":38,"turns":4},{"damage":32,"enemies":"Transient","floor":39,"turns":5},{"damage":50,"enemies":"Reptomancer","floor":40,"turns":5},{"damage":30,"enemies":"Nightmare","floor":42,"turns":5},{"damage":0,"enemies":"3 Darklings","floor":43,"turns":4},{"damage":1,"enemies":"infinitespire:Three Voidlings","floor":46,"turns":2},{"damage":162,"enemies":"Nightmare_Alpha","floor":46,"turns":11}],"seed_played":"-1336514564622120058","potions_obtained":[{"floor":2.0,"key":"SteroidPotion"},{"floor":4.0,"key":"Fruit Juice"},{"floor":7.0,"key":"blueLaboratory:FruitPunch"},{"floor":16.0,"key":"Swift Potion"},{"floor":24.0,"key":"blueLaboratory:FrostheartPotion"},{"floor":31,"key":"PowerPotion"},{"floor":35,"key":"blueLaboratory:Moonshine"},{"floor":38,"key":"blueLaboratory:IronCompound"},{"floor":39,"key":"EntropicBrew"}],"is_trial":false,"path_per_floor":["M","M","$","M","$","E","M","?","MIM","M","M","$","R","T","R_BF","B",null,"M","AVR","?","?","M","R","NM","R","T","?","R","?","?","M","R_BF","B",null,"M","M","?","$","M","E","R","NM","MIM","R","?","?"],"character_chosen":"IRONCLAD","items_purchased":["infinitespire:PuzzleCube","jesterMod:MirrorMask","Magic Flower","MerchantsRug"],"campfire_rested":1,"item_purchase_floors":[5,5,12,38],"current_hp_per_floor":[84,77,77,82,82,50,49,30,32,32,35,35,63,63,63,42,95,95,95,95,95,80,80,48,48,48,48,48,48,48,56,84,95,95,95,91,91,95,72,54,54,86,95,95,95,0,0],"gold":469,"neow_bonus":"TEN_PERCENT_HP_BONUS","is_daily":false,"chose_seed":false,"campfire_upgraded":5,"win_rate":0.0,"timestamp":1609031796,"path_taken":["M","M","$","?","$","E","M","?","MIM","?","M","$","R","?","R_BF","BOSS","M","AVR","?","?","M","R","NM","R","T","?","R","?","?","M","R_BF","BOSS","M","M","?","$","M","E","R","NM","MIM","R","?","?"],"items_purchased_type":["Relic","Relic","Relic","Relic"],"build_version":"2020-12-22","purchased_purges":0,"victory":false,"max_hp_per_floor":[88,88,88,93,93,93,93,93,95,95,95,95,95,95,95,95,95,95,95,95,95,95,95,95,95,95,95,95,95,95,95,95,95,95,95,95,95,95,95,95,95,95,95,95,95,95,95],"card_choices":[{"not_picked":["Iron Wave","Shrug It Off"],"picked":"Whirlwind","floor":1.0},{"not_picked":["hubris:ReadiedAction","Replay:Undeath\u0027s Touch"],"picked":"Double Tap","floor":2.0},{"not_picked":["Armaments","ReplayTheSpireMod:Corrosion Curse"],"picked":"Reckless Charge","floor":4.0},{"not_picked":["Combust","Carnage"],"picked":"Second Wind","floor":6.0},{"not_picked":["Clothesline","Twin Strike"],"picked":"Whirlwind","floor":7.0},{"not_picked":["Burning Pact","Massacre","Carnage"],"picked":"SKIP","floor":10.0},{"not_picked":["Power Through","Berserk"],"picked":"Thunderclap","floor":11.0},{"not_picked":["Feed","conspire:HitWhereItHurts"],"picked":"Reaper","floor":16.0},{"not_picked":["hubris:ReadiedAction","ReplayTheSpireMod:Corrosion Curse","Replay:Undeath\u0027s Touch"],"picked":"SKIP","floor":18.0},{"not_picked":["Body Slam","Iron Wave"],"picked":"Flex","floor":22.0},{"not_picked":["Feel No Pain","Ghostly Armor+1"],"picked":"Anger","floor":24.0},{"not_picked":["Headbutt","Sever Soul"],"picked":"ReplayTheSpireMod:Stacked+1","floor":31},{"not_picked":["Feed","Hemogenesis"],"picked":"Eclipse","floor":33},{"not_picked":["Body Slam","Warcry"],"picked":"Flex+1","floor":35},{"not_picked":["ReplayTheSpireMod:Corrosion Curse+1","Replay:Undeath\u0027s Touch+1"],"picked":"Cleave+1","floor":36},{"not_picked":[],"picked":"Sadistic Nature","floor":38},{"not_picked":[],"picked":"Inflame","floor":38},{"not_picked":[],"picked":"REME_SingleHolding","floor":38},{"not_picked":[],"picked":"hubris:ReadiedAction","floor":38},{"not_picked":[],"picked":"Headbutt+1","floor":38},{"not_picked":[],"picked":"Replay:Undeath\u0027s Touch+1","floor":38},{"not_picked":["Replay:Sssssssssstrike+1"],"picked":"SKIP","floor":38},{"not_picked":["Entrench","Twin Strike+1"],"picked":"Metallicize","floor":39},{"not_picked":["Life Link","Anger+1"],"picked":"Inflame","floor":40},{"not_picked":["Hemokinesis+1","Combust"],"picked":"Reaper+1","floor":42},{"not_picked":["Replay:Undeath\u0027s Touch+1","Warcry+1"],"picked":"Battle Trance","floor":43}],"player_experience":1170,"relics_obtained":[{"floor":6.0,"key":"Centennial Puzzle"},{"floor":9.0,"key":"Pen Nib"},{"floor":14.0,"key":"Juzu Bracelet"},{"floor":24.0,"key":"Replay:Rubber Ducky"},{"floor":26.0,"key":"infinitespire:Lucky Rock"},{"floor":38,"key":"Bottled Lightning"},{"floor":38,"key":"Molten Egg 2"},{"floor":38,"key":"vexMod:Cooldron"},{"floor":38,"key":"hubris:TinFlute"},{"floor":38,"key":"infinitespire:ShieldingShard"},{"floor":38,"key":"aspiration:Nostalgia"},{"floor":40,"key":"Lantern"},{"floor":42,"key":"War Paint"},{"floor":43,"key":"vexMod:HeadHunter"},{"floor":43,"key":"Incense Burner"}],"event_choices":[{"damage_healed":0.0,"max_hp_gain":0.0,"max_hp_loss":0.0,"gold_gain":0.0,"event_name":"Shining Light","player_choice":"Entered Light","floor":8.0,"gold_loss":0.0,"damage_taken":19.0,"cards_upgraded":["Whirlwind","Whirlwind"]},{"damage_healed":0.0,"max_hp_gain":0.0,"max_hp_loss":0.0,"gold_gain":0.0,"event_name":"The Joust","player_choice":"Bet on Murderer","floor":29.0,"gold_loss":50.0,"damage_taken":0.0},{"damage_healed":0.0,"max_hp_gain":0.0,"max_hp_loss":0.0,"gold_gain":0.0,"event_name":"The Library","player_choice":"Read","floor":30.0,"gold_loss":0.0,"damage_taken":0.0,"cards_obtained":["Infernal Blade"]},{"damage_healed":0,"gold_gain":0,"player_choice":"Bought 0 Potions","damage_taken":0,"max_hp_gain":0,"max_hp_loss":0,"event_name":"The Woman in Blue","floor":37,"gold_loss":0},{"cards_removed":["Second Wind"],"damage_healed":0,"gold_gain":0,"player_choice":"Removed Skill","damage_taken":0,"max_hp_gain":0,"max_hp_loss":0,"event_name":"Falling","floor":45,"gold_loss":0}],"is_beta":false,"boss_relics":[{"not_picked":["ReplayTheSpireMod:SealedPack","aspiration:SecretTechniqueScroll"],"picked":"conspire:RoyalGoblet"},{"not_picked":["REME_ChargedStone","Black Blood"],"picked":"vexMod:MysteryBossChallenge"}],"items_purged_floors":[],"is_endless":true,"potions_floor_spawned":[2,4,7,16,24,31,35,39,46],"killed_by":"Nightmare_Alpha","ascension_level":0}}