{"host":"vp2frn5hc2y9r85i","time":1609081453,"event":{"mods":["2.2 Compatiblity","AchievementEnabler","BaseMod","Better-Laid Plans","BetterRewards","Card Forge","Colored Map","DeckTracker","Highlight Path","Minty Spire (QoL Compilation)","Permanent Neow","Quick Restart","Random Character Button","Rare Cards Sparkle","StSLib","The Sage","Transform Curses"],"gold_per_floor":[114,129,129,129,144,144,144,144,144,144,159,189,189,204,204,304,304,319,334,349,199,224,224,239,89,89,104,119,134,149,164,164,264,264,279,129,129,129,153,168,183,213,213,243,243,258,273,288,288,288],"floor_reached":51,"playtime":3713,"items_purged":[],"score":765,"play_id":"e516d68a-b1a9-4be0-84e0-11d70f983c3b","local_time":"20201227160413","daily_mods":["Chimera","Red Cards","Lethality"],"is_ascension_mode":false,"campfire_choices":[{"floor":6,"key":"REST"},{"floor":8,"key":"REST"},{"floor":15,"key":"REST"},{"floor":23,"key":"REST"},{"floor":32,"key":"REST"},{"floor":45,"key":"REST"},{"floor":49,"key":"REST"}],"circlet_count":0,"master_deck":["Feed+1","Adrenaline+1","Seeing Red+1","Catalyst+1","Deadly Poison+1","Deflect+1","Footwork+1","Noxious Fumes+1","Well Laid Plans+1","Terror+1","Prepared+1","Footwork+1","Deadly Poison+1","Catalyst+1","Bouncing Flask+1","Adrenaline+1","Seeing Red+1","Reaper+1","Demon Form+1","Genetic Algorithm+1","Chill+1","Auto Shields+1","Double Energy+1","Demon Form+1","Feed+1","Seeing Red+1","Adrenaline+1","Deadly Poison+1","Deflect+1","Noxious Fumes+1","Night Terror+1","Prepared+1","Capacitor+1","Coolheaded+1","Double Energy+1","Genetic Algorithm+1","Loop+1","Machine Learning+1","Tactician+1","Defragment+1","Demon Form+1"],"relics":["Ring of the Snake","Hammer of Thor","Seething Fire","Anvil of the Gods","Regal Pillow","Paper Crane","Pocketwatch","Meat on the Bone","Tingsha","Busted Crown","OrangePellets","Nunchaku","ClockworkSouvenir","Sundial","Runic Dome","HandDrill","Lizard Tail","Blue Candle","Letter Opener","Orichalcum"],"acts_visited":["Exordium","TheCity","TheBeyond"],"potions_floor_usage":[41,41,50,50],"damage_taken":[{"damage":0,"enemies":"2 Louse","floor":1,"turns":3},{"damage":6,"enemies":"Small Slimes","floor":2,"turns":4},{"damage":0,"enemies":"Cultist","floor":5,"turns":3},{"damage":1,"enemies":"Blue Slaver","floor":11,"turns":2},{"damage":9,"enemies":"Lagavulin","floor":12,"turns":5},{"damage":14,"enemies":"Red Slaver","floor":14,"turns":3},{"damage":51,"enemies":"Hexaghost","floor":16,"turns":3},{"damage":13,"enemies":"Shell Parasite","floor":18,"turns":5},{"damage":17,"enemies":"2 Thieves","floor":19,"turns":4},{"damage":35,"enemies":"Shelled Parasite and Fungi","floor":20,"turns":5},{"damage":108,"enemies":"3 Cultists","floor":24,"turns":6},{"damage":0,"enemies":"Snake Plant","floor":27,"turns":3},{"damage":26,"enemies":"Cultist and Chosen","floor":28,"turns":6},{"damage":0,"enemies":"Snecko","floor":29,"turns":6},{"damage":45,"enemies":"Shelled Parasite and Fungi","floor":30,"turns":8},{"damage":30,"enemies":"Centurion and Healer","floor":31,"turns":6},{"damage":32,"enemies":"Collector","floor":33,"turns":7},{"damage":32,"enemies":"3 Shapes","floor":35,"turns":5},{"damage":65,"enemies":"2 Orb Walkers","floor":39,"turns":4},{"damage":41,"enemies":"Orb Walker","floor":40,"turns":4},{"damage":30,"enemies":"Transient","floor":41,"turns":5},{"damage":20,"enemies":"Giant Head","floor":42,"turns":6},{"damage":25,"enemies":"Nemesis","floor":44,"turns":3},{"damage":21,"enemies":"Maw","floor":46,"turns":6},{"damage":10,"enemies":"Sphere and 2 Shapes","floor":47,"turns":5},{"damage":0,"enemies":"Spire Growth","floor":48,"turns":4},{"damage":144,"enemies":"Awakened One","floor":50,"turns":11}],"seed_played":"4726349093531193793","potions_obtained":[{"floor":5,"key":"FairyPotion"},{"floor":12,"key":"Fire Potion"},{"floor":14,"key":"Poison Potion"},{"floor":24,"key":"DuplicationPotion"},{"floor":44,"key":"SpeedPotion"},{"floor":46,"key":"Weak Potion"}],"is_trial":false,"path_per_floor":["M","M","?","?","M","R","?","R","T","?","M","E","T","M","R","B",null,"M","M","M","$","T","R","M","$","T","M","M","M","M","M","R","B",null,"M","$","?","$","?","M","M","E","T","E","R","M","M","M","R","B",null],"character_chosen":"THE_SILENT","items_purchased":["OrangePellets","ClockworkSouvenir","HandDrill"],"campfire_rested":7,"item_purchase_floors":[21,25,36],"current_hp_per_floor":[74,76,76,76,80,86,86,86,86,86,85,84,84,74,90,51,90,81,97,81,81,81,106,110,110,110,114,96,108,79,81,137,142,142,114,114,114,114,83,69,91,109,109,84,146,154,152,164,174,98],"gold":288,"neow_bonus":"","is_daily":true,"chose_seed":false,"campfire_upgraded":0,"win_rate":0.0,"timestamp":1609081453,"path_taken":["M","M","?","?","?","R","?","R","T","?","?","E","?","M","R","BOSS","M","M","M","$","?","R","M","$","T","?","M","M","M","M","R","BOSS","M","$","?","$","?","M","M","E","T","E","R","M","M","M","R","BOSS"],"items_purchased_type":["Relic","Relic","Relic"],"build_version":"2020-12-22","purchased_purges":0,"victory":true,"max_hp_per_floor":[74,82,82,82,86,86,86,86,86,86,86,86,86,90,90,90,90,94,102,106,106,106,106,110,110,110,114,122,126,134,138,138,142,142,146,146,146,146,154,158,158,158,158,158,158,162,170,174,174,178],"card_choices":[{"not_picked":["Warcry","True Grit","Flechettes"],"picked":"SKIP","floor":1},{"not_picked":["Sucker Punch","Seeing Red","Riddle With Holes"],"picked":"SKIP","floor":2},{"not_picked":["Deadly Poison","Backstab","Pommel Strike"],"picked":"SKIP","floor":5},{"not_picked":["Pummel","Dodge and Roll","Pommel Strike"],"picked":"SKIP","floor":11},{"not_picked":["Rupture","Underhanded Strike","Crippling Poison"],"picked":"SKIP","floor":12},{"not_picked":["Cleave","Deadly Poison","Sucker Punch"],"picked":"SKIP","floor":14},{"not_picked":[],"picked":"Tactician","floor":18},{"not_picked":["Masterful Stab"],"picked":"SKIP","floor":19},{"not_picked":["Clash+1"],"picked":"SKIP","floor":20},{"not_picked":["Distraction"],"picked":"SKIP","floor":24},{"not_picked":["Caltrops"],"picked":"SKIP","floor":27},{"not_picked":["Acrobatics+1"],"picked":"SKIP","floor":28},{"not_picked":["Spot Weakness"],"picked":"SKIP","floor":29},{"not_picked":["Bane"],"picked":"SKIP","floor":30},{"not_picked":["Choke"],"picked":"SKIP","floor":31},{"not_picked":["Heavy Blade+1"],"picked":"SKIP","floor":35},{"not_picked":["Leg Sweep+1"],"picked":"SKIP","floor":40},{"not_picked":["Spot Weakness+1"],"picked":"SKIP","floor":41},{"not_picked":["Flex+1"],"picked":"SKIP","floor":42},{"not_picked":["Blade Dance+1"],"picked":"SKIP","floor":44},{"not_picked":["Heavy Blade"],"picked":"SKIP","floor":46},{"not_picked":["Sucker Punch"],"picked":"SKIP","floor":47},{"not_picked":["Poisoned Stab+1"],"picked":"SKIP","floor":48}],"player_experience":56464,"relics_obtained":[{"floor":9,"key":"Paper Crane"},{"floor":12,"key":"Meat on the Bone"},{"floor":13,"key":"Tingsha"},{"floor":22,"key":"Nunchaku"},{"floor":26,"key":"Sundial"},{"floor":39,"key":"Lizard Tail"},{"floor":42,"key":"Blue Candle"},{"floor":43,"key":"Letter Opener"},{"floor":44,"key":"Orichalcum"}],"event_choices":[{"damage_healed":0,"gold_gain":0,"player_choice":"Ignored","damage_taken":0,"max_hp_gain":0,"max_hp_loss":0,"event_name":"Shining Light","floor":3,"gold_loss":0},{"damage_healed":0,"gold_gain":0,"player_choice":"Bought 0 Potions","damage_taken":0,"max_hp_gain":0,"max_hp_loss":0,"event_name":"The Woman in Blue","floor":4,"gold_loss":0},{"damage_healed":0,"gold_gain":0,"player_choice":"Box","damage_taken":0,"relics_obtained":["Regal Pillow"],"max_hp_gain":0,"max_hp_loss":0,"event_name":"Big Fish","floor":7,"gold_loss":0,"cards_obtained":["Regret"]},{"cards_removed":["Defragment"],"damage_healed":0,"gold_gain":0,"player_choice":"Gave Card","damage_taken":0,"relics_obtained":["Pocketwatch"],"max_hp_gain":0,"max_hp_loss":0,"event_name":"WeMeetAgain","floor":10,"gold_loss":0},{"cards_removed":["Demon Form"],"damage_healed":0,"gold_gain":0,"player_choice":"Removed Power","damage_taken":0,"max_hp_gain":0,"max_hp_loss":0,"event_name":"Falling","floor":37,"gold_loss":0},{"damage_healed":0,"gold_gain":0,"player_choice":"Fight","damage_taken":0,"max_hp_gain":0,"max_hp_loss":0,"event_name":"Mysterious Sphere","floor":39,"gold_loss":0}],"is_beta":false,"boss_relics":[{"not_picked":["Sozu","Pandora\u0027s Box"],"picked":"Busted Crown"},{"not_picked":["Empty Cage","WristBlade"],"picked":"Runic Dome"}],"items_purged_floors":[],"is_endless":false,"potions_floor_spawned":[5,12,14,16,18,24,27,29,31,33,40,44,46,47,48],"ascension_level":0}}