{"host":"foq4mrde4mssg7vt","time":1609087069,"event":{"mods":["AchievementEnabler","BaseMod","Colored Map","Colored Powertips","Highlight Path","Minty Spire (QoL Compilation)","Relic Stats","everything is the same but u backflip on backflip"],"gold_per_floor":[110,189,10,22,39,73,73,98,179,210,210,221,240,205,205,282,282,293,208,219,219,239,269,279,279,279,311,327,327,60,87,87,161,161,172,192,192,192,202,213,213,213],"floor_reached":41,"playtime":1672,"items_purged":[],"score":921,"play_id":"d9eefe34-104b-4784-ba91-6983bf46eaf9","local_time":"20201228003749","is_ascension_mode":true,"campfire_choices":[{"data":"Eruption","floor":7.0,"key":"SMITH"},{"floor":11.0,"key":"REST"},{"data":"Meditate","floor":15.0,"key":"SMITH"},{"data":"Ghostly","floor":25.0,"key":"SMITH"},{"data":"Ghostly","floor":29.0,"key":"SMITH"},{"data":"Ghostly","floor":32.0,"key":"SMITH"}],"circlet_count":0,"master_deck":["AscendersBane","Strike_P","Strike_P","Strike_P","Defend_P","Defend_P+1","Eruption+1","Vigilance","Conclude","FlurryOfBlows","BattleHymn+1","Meditate+1","FearNoEvil","Protect+1","EmptyBody","Tantrum","Adaptation","DeusExMachina","Halt","DeceiveReality","Ghostly+1","Ghostly+1","Ghostly+1","EmptyFist+1","LessonLearned"],"relics":["Empty Cage","Shovel","PreservedInsect","Letter Opener","Happy Flower","Coffee Dripper","Boot","Turnip","Damaru","Shuriken","Singing Bowl","Fusion Hammer"],"acts_visited":["Exordium","TheCity","TheBeyond"],"potions_floor_usage":[41],"damage_taken":[{"damage":3.0,"enemies":"2 Louse","floor":1.0,"turns":2.0},{"damage":1.0,"enemies":"Small Slimes","floor":4.0,"turns":3.0},{"damage":4.0,"enemies":"Jaw Worm","floor":5.0,"turns":2.0},{"damage":3.0,"enemies":"Lagavulin","floor":6.0,"turns":5.0},{"damage":18.0,"enemies":"Gremlin Nob","floor":8.0,"turns":3.0},{"damage":13.0,"enemies":"Lagavulin","floor":10.0,"turns":4.0},{"damage":7.0,"enemies":"Gremlin Gang","floor":12.0,"turns":3.0},{"damage":12.0,"enemies":"Exordium Thugs","floor":13.0,"turns":3.0},{"damage":28.0,"enemies":"The Guardian","floor":16.0,"turns":8.0},{"damage":11.0,"enemies":"Spheric Guardian","floor":18.0,"turns":4.0},{"damage":0.0,"enemies":"Chosen","floor":20.0,"turns":3.0},{"damage":1.0,"enemies":"Snecko","floor":22.0,"turns":5.0},{"damage":0.0,"enemies":"Slavers","floor":23.0,"turns":3.0},{"damage":1.0,"enemies":"Centurion and Healer","floor":24.0,"turns":5.0},{"damage":2.0,"enemies":"Book of Stabbing","floor":27.0,"turns":4.0},{"damage":14.0,"enemies":"Snake Plant","floor":28.0,"turns":5.0},{"damage":5.0,"enemies":"Slavers","floor":31.0,"turns":4.0},{"damage":4.0,"enemies":"Automaton","floor":33.0,"turns":7.0},{"damage":0.0,"enemies":"Orb Walker","floor":35.0,"turns":3.0},{"damage":1.0,"enemies":"3 Shapes","floor":36.0,"turns":3.0},{"damage":1.0,"enemies":"Sphere and 2 Shapes","floor":39.0,"turns":4.0},{"damage":29.0,"enemies":"Writhing Mass","floor":40.0,"turns":8.0},{"damage":23,"enemies":"Reptomancer","floor":41,"turns":2}],"seed_played":"-958901282984668457","potions_obtained":[{"floor":4.0,"key":"AttackPotion"},{"floor":5.0,"key":"EntropicBrew"},{"floor":6.0,"key":"EssenceOfSteel"},{"floor":20.0,"key":"AttackPotion"},{"floor":31.0,"key":"Regen Potion"},{"floor":35.0,"key":"Energy Potion"}],"is_trial":false,"path_per_floor":["M","?","$","M","M","E","R","E","T","E","R","M","M","?","R","B",null,"M","?","M","?","M","E","M","R","T","E","M","R","$","E","R","B",null,"M","M","?","?","M","M","E"],"character_chosen":"WATCHER","items_purchased":["FlurryOfBlows","BattleHymn","Meditate","Shuriken"],"campfire_rested":1,"item_purchase_floors":[3,3,3,30],"current_hp_per_floor":[58,58,58,57,53,50,50,32,32,19,39,32,20,37,37,9,53,42,42,42,34,33,33,32,32,32,30,16,16,16,13,13,24,33,35,36,36,36,37,10,0,0],"gold":213,"neow_bonus":"BOSS_RELIC","is_daily":false,"chose_seed":false,"campfire_upgraded":5,"win_rate":0.0,"timestamp":1609087069,"path_taken":["M","?","$","M","M","E","R","E","T","E","R","M","M","?","R","BOSS","M","?","M","?","?","E","M","R","T","E","?","R","?","E","R","BOSS","M","M","?","?","M","?","E"],"items_purchased_type":["Card","Card","Card","Relic"],"build_version":"2020-12-22","purchased_purges":0,"victory":false,"max_hp_per_floor":[68,68,68,68,68,68,68,68,68,68,68,68,68,68,68,68,68,68,68,68,34,34,34,34,34,34,34,34,34,34,36,36,36,36,38,40,38,38,40,42,42,42],"relic_stats":{"Shovel":0,"Happy Flower":[24],"Singing Bowl":10,"counters":[23,93],"Shuriken":[19],"PreservedInsect":213,"Turnip":[11],"Letter Opener":[105],"Boot":[95],"obtain_stats":[{"Happy Flower":10,"Singing Bowl":31,"Damaru":27,"PreservedInsect":8,"Letter Opener":9,"Empty Cage":0,"Boot":19,"Shovel":6,"Shuriken":30,"Turnip":23,"Fusion Hammer":34,"Coffee Dripper":17,"PureWater":0},{"Happy Flower":6,"Singing Bowl":17,"Damaru":15,"PreservedInsect":5,"Letter Opener":5,"Empty Cage":0,"Boot":10,"Shovel":4,"Shuriken":16,"Turnip":13,"Fusion Hammer":18,"Coffee Dripper":9,"PureWater":0},{"Happy Flower":19,"Singing Bowl":66,"Damaru":57,"PreservedInsect":15,"Letter Opener":15,"Empty Cage":0,"Boot":37,"Shovel":12,"Shuriken":62,"Turnip":48,"Fusion Hammer":73,"Coffee Dripper":33,"PureWater":0}]},"card_choices":[{"not_picked":["EmptyBody","Adaptation"],"picked":"Conclude","floor":1.0},{"not_picked":["JustLucky","EmptyBody"],"picked":"FearNoEvil","floor":4.0},{"not_picked":["Consecrate","Fasting2"],"picked":"Protect","floor":5.0},{"not_picked":["Evaluate","ClearTheMind"],"picked":"EmptyBody","floor":6.0},{"not_picked":["Vault","BowlingBash"],"picked":"Tantrum","floor":8.0},{"not_picked":["Collect","Consecrate","ConjureBlade"],"picked":"SKIP","floor":10.0},{"not_picked":["FlurryOfBlows","EmptyBody","BowlingBash"],"picked":"SKIP","floor":12.0},{"not_picked":["FollowUp","ThirdEye"],"picked":"Adaptation","floor":13.0},{"not_picked":["Alpha","DevaForm"],"picked":"DeusExMachina","floor":16.0},{"not_picked":["EmptyBody","CrushJoints"],"picked":"Halt","floor":18.0},{"not_picked":["Conclude","PathToVictory+1"],"picked":"DeceiveReality","floor":20.0},{"not_picked":["Study","Halt","PathToVictory"],"picked":"SKIP","floor":22.0},{"not_picked":["DevaForm","WaveOfTheHand"],"picked":"EmptyFist+1","floor":23.0},{"not_picked":["JustLucky","ForeignInfluence","Tantrum"],"picked":"SKIP","floor":24.0},{"not_picked":["SandsOfTime","Worship","FollowUp"],"picked":"SKIP","floor":27.0},{"not_picked":["WaveOfTheHand","Prostrate","Evaluate"],"picked":"SKIP","floor":28.0},{"not_picked":["DevaForm","FollowUp","MasterReality"],"picked":"Singing Bowl","floor":31.0},{"not_picked":["Brilliance","Wish"],"picked":"LessonLearned","floor":33.0},{"not_picked":["EmptyFist+1","SashWhip+1","Crescendo+1"],"picked":"Singing Bowl","floor":35.0},{"not_picked":["ThirdEye+1","Prostrate+1","Consecrate"],"picked":"Singing Bowl","floor":36.0},{"not_picked":["Perseverance","Consecrate","ThirdEye+1"],"picked":"Singing Bowl","floor":39.0},{"not_picked":["Evaluate","BowlingBash","SignatureMove"],"picked":"Singing Bowl","floor":40.0}],"player_experience":298329,"relics_obtained":[{"floor":6.0,"key":"Shovel"},{"floor":8.0,"key":"PreservedInsect"},{"floor":9.0,"key":"Letter Opener"},{"floor":10.0,"key":"Happy Flower"},{"floor":23.0,"key":"Turnip"},{"floor":27.0,"key":"Damaru"},{"floor":31.0,"key":"Singing Bowl"}],"event_choices":[{"damage_healed":0.0,"max_hp_gain":0.0,"max_hp_loss":0.0,"gold_gain":79.0,"event_name":"Golden Wing","player_choice":"Gained Gold","floor":2.0,"gold_loss":0.0,"damage_taken":0.0},{"damage_healed":17.0,"max_hp_gain":0.0,"max_hp_loss":0.0,"gold_gain":0.0,"event_name":"The Cleric","player_choice":"Healed","floor":14.0,"gold_loss":35.0,"damage_taken":0.0},{"damage_healed":0.0,"max_hp_gain":0.0,"max_hp_loss":0.0,"gold_gain":0.0,"event_name":"Addict","player_choice":"Obtained Relic","floor":19.0,"gold_loss":85.0,"damage_taken":0.0,"relics_obtained":["Boot"]},{"damage_healed":0.0,"max_hp_gain":0.0,"max_hp_loss":34.0,"gold_gain":0.0,"event_name":"Ghosts","player_choice":"Became a Ghost","floor":21.0,"gold_loss":0.0,"damage_taken":0.0,"cards_obtained":["Ghostly","Ghostly","Ghostly"]},{"damage_healed":0.0,"max_hp_gain":0.0,"max_hp_loss":2.0,"gold_gain":0.0,"event_name":"Winding Halls","player_choice":"Max HP","floor":37.0,"gold_loss":0.0,"damage_taken":0.0},{"cards_removed":["Defend_P"],"damage_healed":0.0,"max_hp_gain":0.0,"max_hp_loss":0.0,"gold_gain":0.0,"event_name":"Falling","player_choice":"Removed Skill","floor":38.0,"gold_loss":0.0,"damage_taken":0.0}],"is_beta":false,"boss_relics":[{"not_picked":["SlaversCollar","Runic Dome"],"picked":"Coffee Dripper"},{"not_picked":["Sozu","SacredBark"],"picked":"Fusion Hammer"}],"items_purged_floors":[],"is_endless":false,"potions_floor_spawned":[4,5,6,12,20,22,31,35,39,40],"killed_by":"Reptomancer","ascension_level":17}}