{"host":"6d7y2d7a0xmat6il","time":1609101101,"event":{"mods":["AchievementEnabler","Aspiration","BaseMod","Better Note","Colored Map","Colored Powertips","Conspire","Highlight Path","Hubris","Infinite Spire","Marisa????????","Minty Spire (QoL Compilation)","Permanent Neow","Replay The Spire","Shop Mod","StSLib","The Wild Card","vexMod"],"gold_per_floor":[109,284,296,307,35,35,51,26,80,92,137,166,178,200,212,322,334,356,387,399,411,442,480,492,522,560,572,584,606,618,650,662,674,674],"floor_reached":33,"playtime":2136,"items_purged":["Doubt"],"score":294,"play_id":"f5c9bb92-0f4d-4bce-af93-c67950259a0b","local_time":"20201227123141","is_ascension_mode":false,"campfire_choices":[{"data":"Eruption","floor":6,"key":"SMITH"},{"floor":13,"key":"REST"},{"floor":24,"key":"DIG"},{"floor":27,"key":"DIG"},{"floor":30,"key":"DIG"},{"floor":32,"key":"REST"}],"circlet_count":0,"master_deck":["Strike_P","Strike_P","Strike_P","Defend_P","Defend_P","Defend_P","Defend_P","Eruption+1","Vigilance","FollowUp","LikeWater","ThirdEye","Nirvana","Spreading Infection","Vengeance+1","Conclude","Regret","FlurryOfBlows","EmptyBody","CutThroughFate","DeusExMachina","Replay:Hum+1","Replay:DivineShield","WaveOfTheHand","Meditate","BowlingBash+1","WreathOfFlame+1","Prostrate","Pot Of Greed","Pot Of Greed","Pot Of Greed","DeceiveReality"],"relics":["PureWater","ReplayTheSpireMod:CursedCoin","hubris:FunFungus","MawBank","infinitespire:BottledMercury","Art of War","hubris:Backtick","Shovel","vexMod:BerryBomb","Replay:Kaleidoscope","Nunchaku","aspiration:HummingbirdHeart","Grinning Jar"],"acts_visited":["Exordium","TheCity"],"potions_floor_usage":[18,22,29,31,33],"damage_taken":[{"damage":0,"enemies":"2 Louse","floor":1,"turns":3},{"damage":2,"enemies":"conspire:RoseBush","floor":3,"turns":6},{"damage":0,"enemies":"Small Slimes","floor":4,"turns":4},{"damage":2,"enemies":"Exordium Wildlife","floor":7,"turns":5},{"damage":45,"enemies":"Lagavulin","floor":11,"turns":8},{"damage":8,"enemies":"Lots of Slimes","floor":12,"turns":4},{"damage":7,"enemies":"3 Louse","floor":14,"turns":3},{"damage":38,"enemies":"Fading Forest","floor":16,"turns":12},{"damage":0,"enemies":"conspire:FuzzyDice","floor":18,"turns":5},{"damage":0,"enemies":"Chosen","floor":19,"turns":3},{"damage":21,"enemies":"3 Cultists","floor":22,"turns":3},{"damage":9,"enemies":"Replay:Snechameleon","floor":23,"turns":10},{"damage":20,"enemies":"conspire:HollyBat","floor":25,"turns":9},{"damage":0,"enemies":"Chosen and Byrds","floor":29,"turns":3},{"damage":23,"enemies":"Snake Plant","floor":31,"turns":5},{"damage":40,"enemies":"Collector","floor":33,"turns":6}],"seed_played":"3095338599229418460","potions_obtained":[{"floor":7,"key":"SpeedPotion"},{"floor":11,"key":"Milkshake"},{"floor":12,"key":"BlessingOfTheForge"},{"floor":16,"key":"Ambrosia"},{"floor":18,"key":"Fire Potion"},{"floor":25,"key":"AttackPotion"},{"floor":29,"key":"Explosive Potion"}],"is_trial":false,"path_per_floor":["M","?","M","M","$","R","M","?","T","?","E","M","R","M","R","B",null,"M","M","?","?","M","E","R","M","T","R","?","M","R","M","R","B"],"character_chosen":"WATCHER","items_purchased":["ReplayTheSpireMod:CursedCoin","hubris:FunFungus","Vengeance+1"],"campfire_rested":2,"item_purchase_floors":[5,5,5],"current_hp_per_floor":[72,72,70,70,70,70,69,69,69,69,25,17,38,32,32,13,72,72,72,72,72,52,54,54,41,41,41,26,26,26,4,28,0,0],"gold":674,"neow_bonus":"RANDOM_EVENT","is_daily":false,"chose_seed":false,"campfire_upgraded":1,"win_rate":0.0,"timestamp":1609101101,"path_taken":["M","?","M","M","$","R","M","?","T","?","E","?","R","M","R","BOSS","M","?","?","?","M","E","R","?","T","R","?","M","R","M","R","BOSS"],"items_purchased_type":["Relic","Relic","Card"],"build_version":"2020-12-22","purchased_purges":1,"victory":false,"max_hp_per_floor":[72,72,72,72,72,72,72,72,72,72,72,72,72,72,72,72,72,72,72,72,72,72,78,78,78,78,78,83,83,83,83,83,83,83],"card_choices":[{"not_picked":["EmptyFist","FollowUp"],"picked":"LikeWater","floor":1},{"not_picked":["FollowUp","ClearTheMind"],"picked":"ThirdEye","floor":3},{"not_picked":["Collect","Replay:BluntJabs"],"picked":"Nirvana","floor":4},{"not_picked":["Meditate","SignatureMove"],"picked":"Conclude","floor":7},{"not_picked":["Protect","FollowUp"],"picked":"FlurryOfBlows","floor":11},{"not_picked":["PathToVictory","LikeWater"],"picked":"EmptyBody","floor":12},{"not_picked":["Consecrate","SashWhip"],"picked":"CutThroughFate","floor":14},{"not_picked":["Vault","Brilliance"],"picked":"DeusExMachina","floor":16},{"not_picked":["Prostrate","Protect"],"picked":"Replay:Hum+1","floor":18},{"not_picked":["Prostrate","Consecrate"],"picked":"Replay:DivineShield","floor":19},{"not_picked":["SashWhip","PathToVictory"],"picked":"Meditate","floor":22},{"not_picked":["Fasting2","SignatureMove"],"picked":"BowlingBash+1","floor":23},{"not_picked":["Fasting2+1","Worship+1"],"picked":"WreathOfFlame+1","floor":25},{"not_picked":["WaveOfTheHand+1","EmptyFist"],"picked":"Prostrate","floor":29},{"not_picked":["BowlingBash","ReachHeaven+1"],"picked":"DeceiveReality","floor":31}],"player_experience":153606,"relics_obtained":[{"floor":9,"key":"MawBank"},{"floor":11,"key":"Art of War"},{"floor":23,"key":"vexMod:BerryBomb"},{"floor":24,"key":"Replay:Kaleidoscope"},{"floor":26,"key":"Nunchaku"},{"floor":27,"key":"aspiration:HummingbirdHeart"},{"floor":30,"key":"Grinning Jar"}],"event_choices":[{"damage_healed":0,"gold_gain":175,"player_choice":"AGREE","damage_taken":0,"max_hp_gain":0,"max_hp_loss":0,"event_name":"Liars Game","floor":2,"gold_loss":0,"cards_obtained":["Doubt"]},{"damage_healed":0,"gold_gain":0,"player_choice":"Box","damage_taken":0,"relics_obtained":["infinitespire:BottledMercury"],"max_hp_gain":0,"max_hp_loss":0,"event_name":"Big Fish","floor":10,"gold_loss":0,"cards_obtained":["Regret"]},{"damage_healed":0,"gold_gain":0,"cards_transformed":["Strike_P"],"player_choice":"Transformed","damage_taken":0,"max_hp_gain":0,"max_hp_loss":0,"event_name":"Transmorgrifier","floor":20,"gold_loss":0,"cards_obtained":["WaveOfTheHand"]},{"damage_healed":0,"gold_gain":0,"player_choice":"Ignored","damage_taken":0,"max_hp_gain":0,"max_hp_loss":0,"event_name":"betterNote:BetterNote","floor":21,"gold_loss":0,"cards_obtained":["Ghostly"]},{"damage_healed":0,"gold_gain":0,"player_choice":"Shed Blood","damage_taken":20,"max_hp_gain":5,"max_hp_loss":0,"event_name":"Forgotten Altar","floor":28,"gold_loss":0}],"is_beta":false,"boss_relics":[{"not_picked":["vexMod:NewClearReactor","ReplayTheSpireMod:DimensionalGlitch"],"picked":"hubris:Backtick"}],"items_purged_floors":[5],"is_endless":false,"potions_floor_spawned":[7,11,12,16,18,25,29],"killed_by":"Collector","ascension_level":0}}