{"host":"zhec3g4cvsmevugl","time":1609082407,"event":{"mods":["BaseMod","BetterRewards","Curses Come First","Minty Spire (QoL Compilation)","Relic Stats","Slay-I","StSLib"],"gold_per_floor":[116,83,158,333,333,333,343,189,216,216,216,233,233,246,246,342,342,354,354,354,354],"floor_reached":20,"playtime":750,"items_purged":[],"score":273,"play_id":"4c3494e2-8f35-4803-af71-352217982665","local_time":"20201227232007","is_ascension_mode":true,"campfire_choices":[{"data":"Aggregate","floor":6,"key":"SMITH"},{"data":"Sunder","floor":13,"key":"SMITH"},{"data":"Hyperbeam","floor":15,"key":"SMITH"}],"circlet_count":0,"master_deck":["Strike_B","Strike_B","Strike_B","Strike_B","Defend_B","Defend_B","Defend_B","Zap","Dualcast","Aggregate+1","Storm","Sunder+1","Regret","White Noise","Hyperbeam+1","All For One","Coolheaded"],"relics":["Cracked Core","Runic Capacitor","Regal Pillow","Orichalcum","Meat on the Bone","Philosopher\u0027s Stone"],"acts_visited":["Exordium","TheCity"],"potions_floor_usage":[16,16],"damage_taken":[{"damage":7,"enemies":"2 Louse","floor":1,"turns":2},{"damage":13,"enemies":"Jaw Worm","floor":7,"turns":3},{"damage":1,"enemies":"Small Slimes","floor":12,"turns":3},{"damage":13,"enemies":"Exordium Thugs","floor":14,"turns":4},{"damage":40,"enemies":"Slime Boss","floor":16,"turns":10},{"damage":24,"enemies":"3 Byrds","floor":18,"turns":3},{"damage":45,"enemies":"Shell Parasite","floor":20,"turns":5}],"seed_played":"8768647710240138879","potions_obtained":[{"floor":12,"key":"LiquidBronze"},{"floor":14,"key":"Fire Potion"}],"is_trial":false,"path_per_floor":["M","$","?","?","?","R","M","$","T","?","?","M","R","M","R","B",null,"M","?","M"],"character_chosen":"DEFECT","items_purchased":["Storm","Runic Capacitor"],"campfire_rested":0,"item_purchase_floors":[2,8],"current_hp_per_floor":[68,68,57,57,50,50,37,37,37,37,34,45,45,44,44,16,75,51,37,0,0],"gold":354,"neow_bonus":"","is_daily":false,"chose_seed":false,"campfire_upgraded":3,"win_rate":0.0,"timestamp":1609082407,"path_taken":["M","$","?","?","?","R","M","$","T","?","?","M","R","?","R","BOSS","M","?","M"],"items_purchased_type":["Card","Relic"],"build_version":"2020-12-22","purchased_purges":0,"victory":false,"max_hp_per_floor":[75,75,75,75,75,75,75,75,75,75,75,75,75,75,75,75,75,75,80,80,80],"relic_stats":{"Regal Pillow":40,"counters":[53,192],"Orichalcum":[210],"obtain_stats":[{"Regal Pillow":38,"Lantern":26,"Singing Bowl":43,"Gremlin Horn":27,"Vajra":3,"Mango":0,"Bag of Preparation":22,"Runic Capacitor":8,"Boot":8,"Smiling Mask":26,"ClockworkSouvenir":39,"Blood Vial":23,"Nunchaku":39,"Dream Catcher":12,"Matryoshka":9,"MealTicket":6,"Philosopher\u0027s Stone":34,"Ring of the Snake":0,"Potion Belt":13,"Girya":42,"Pear":39,"Dead Branch":23,"Thread and Needle":11,"PreservedInsect":26,"Pen Nib":40,"War Paint":44,"Orichalcum":6,"Medical Kit":22,"Question Card":38,"Peace Pipe":29,"Strange Spoon":42,"Anchor":29,"CaptainsWheel":44,"Pandora\u0027s Box":17,"Turnip":40,"Black Star":17,"Membership Card":3,"Meat on the Bone":11},{"Regal Pillow":22,"Lantern":42,"Singing Bowl":24,"Gremlin Horn":42,"Vajra":1,"Mango":29,"Bag of Preparation":12,"Runic Capacitor":48,"Boot":5,"Smiling Mask":14,"ClockworkSouvenir":22,"Blood Vial":13,"Nunchaku":22,"Dream Catcher":35,"Matryoshka":5,"MealTicket":3,"Philosopher\u0027s Stone":20,"Ring of the Snake":0,"Potion Belt":8,"Girya":24,"Pear":22,"Dead Branch":13,"Thread and Needle":7,"PreservedInsect":14,"Pen Nib":23,"War Paint":25,"Orichalcum":34,"Medical Kit":12,"Question Card":22,"Peace Pipe":17,"Strange Spoon":24,"Anchor":17,"CaptainsWheel":25,"Pandora\u0027s Box":38,"Turnip":23,"Black Star":10,"Membership Card":1,"Meat on the Bone":48},{"Regal Pillow":65,"Lantern":145,"Singing Bowl":72,"Gremlin Horn":145,"Vajra":2,"Mango":88,"Bag of Preparation":34,"Runic Capacitor":167,"Boot":11,"Smiling Mask":41,"ClockworkSouvenir":65,"Blood Vial":39,"Nunchaku":65,"Dream Catcher":111,"Matryoshka":11,"MealTicket":7,"Philosopher\u0027s Stone":60,"Ring of the Snake":0,"Potion Belt":23,"Girya":72,"Pear":65,"Dead Branch":39,"Thread and Needle":19,"PreservedInsect":41,"Pen Nib":69,"War Paint":75,"Orichalcum":109,"Medical Kit":34,"Question Card":65,"Peace Pipe":49,"Strange Spoon":72,"Anchor":49,"CaptainsWheel":75,"Pandora\u0027s Box":127,"Turnip":69,"Black Star":30,"Membership Card":2,"Meat on the Bone":167}],"Meat on the Bone":36},"card_choices":[{"not_picked":["Leap","Barrage"],"picked":"Aggregate","floor":1},{"not_picked":["Consume","Darkness"],"picked":"Sunder","floor":7},{"not_picked":["Beam Cell","Compile Driver"],"picked":"White Noise","floor":12},{"not_picked":["Rip and Tear","Conserve Battery"],"picked":"Hyperbeam","floor":14},{"not_picked":["Hyperbeam","Amplify"],"picked":"All For One","floor":16},{"not_picked":["Reinforced Body","Go for the Eyes"],"picked":"Coolheaded","floor":18}],"player_experience":184375,"relics_obtained":[{"floor":9,"key":"Regal Pillow"}],"event_choices":[{"damage_healed":0,"gold_gain":75,"player_choice":"Gather Gold","damage_taken":11,"max_hp_gain":0,"max_hp_loss":0,"event_name":"World of Goop","floor":3,"gold_loss":0},{"damage_healed":0,"gold_gain":175,"player_choice":"AGREE","damage_taken":0,"max_hp_gain":0,"max_hp_loss":0,"event_name":"Liars Game","floor":4,"gold_loss":0,"cards_obtained":["Doubt"]},{"cards_removed":["Doubt"],"damage_healed":0,"gold_gain":0,"player_choice":"Card Removal","damage_taken":7,"max_hp_gain":0,"max_hp_loss":0,"event_name":"Golden Wing","floor":5,"gold_loss":0},{"damage_healed":0,"gold_gain":0,"player_choice":"Box","damage_taken":0,"relics_obtained":["Orichalcum"],"max_hp_gain":0,"max_hp_loss":0,"event_name":"Big Fish","floor":10,"gold_loss":0,"cards_obtained":["Regret"]},{"damage_healed":0,"gold_gain":0,"player_choice":"Success","damage_taken":3,"relics_obtained":["Meat on the Bone"],"max_hp_gain":0,"max_hp_loss":0,"event_name":"Scrap Ooze","floor":11,"gold_loss":0},{"damage_healed":0,"gold_gain":0,"player_choice":"Shed Blood","damage_taken":19,"max_hp_gain":5,"max_hp_loss":0,"event_name":"Forgotten Altar","floor":19,"gold_loss":0}],"is_beta":false,"boss_relics":[{"not_picked":["Busted Crown","Inserter"],"picked":"Philosopher\u0027s Stone"}],"items_purged_floors":[],"is_endless":false,"potions_floor_spawned":[12,14],"killed_by":"Shell Parasite","ascension_level":1}}