{"host":"j0a1jfichhxu8b8p","time":1609045232,"event":{"mods":["BaseMod","Colored Map","DeckTracker","Keyboard Shortcuts","Minty Spire (QoL Compilation)","Permanent Neow","StSLib","The Dragon Tamer"],"gold_per_floor":[116,67,242,266,36,36,46,76,99,99,110,110,144,207,207,303,303,323,349,349,92,105,105,137,147,147,147,164,179,179,212,212,312,312,322,341,359,359,54,54,85,85,85,115,60,80,91,121,121,121],"floor_reached":51,"playtime":2662,"items_purged":["Doubt","Strike_G"],"score":1284,"play_id":"f897822d-2f88-4f36-9d06-4941e7b11bfb","local_time":"20201227140032","is_ascension_mode":true,"campfire_choices":[{"data":"Envenom","floor":6.0,"key":"SMITH"},{"data":"Neutralize","floor":10.0,"key":"SMITH"},{"data":"Bane","floor":12.0,"key":"SMITH"},{"floor":15.0,"key":"REST"},{"floor":23.0,"key":"REST"},{"floor":30.0,"key":"REST"},{"data":"Cloak And Dagger","floor":32.0,"key":"SMITH"},{"data":"Glass Knife","floor":40.0,"key":"SMITH"},{"data":"Storm of Steel","floor":42.0,"key":"SMITH"},{"floor":49.0,"key":"REST"}],"circlet_count":0,"master_deck":["AscendersBane","Strike_G","Strike_G","Strike_G","Strike_G","Defend_G+1","Defend_G","Defend_G+1","Defend_G","Defend_G","Survivor","Neutralize+1","Envenom+1","Footwork","Bane+1","Blade Dance","Noxious Fumes","Footwork","Poisoned Stab","Storm of Steel+1","PiercingWail+1","Bane+1","Jack Of All Trades","Malaise","Cloak And Dagger+1","PiercingWail","Escape Plan","Glass Knife+1","Catalyst","PiercingWail+1","Accuracy","Crippling Poison+1","Acrobatics+1","Bane","Backstab","Cloak And Dagger+1","Venomology+1"],"relics":["Ring of the Snake","Tiny Chest","Sling","Singing Bowl","Oddly Smooth Stone","Bronze Scales","Centennial Puzzle","Black Star","Red Mask","Blood Vial","PreservedInsect","Shuriken","StoneCalendar","Bottled Lightning","Strawberry","The Courier","SlaversCollar","Gremlin Horn","ClockworkSouvenir","Potion Belt","War Paint","HornCleat","Toxic Egg 2","Bottled Tornado","Bag of Marbles","Boot","InkBottle"],"acts_visited":["Exordium","TheCity","TheBeyond"],"potions_floor_usage":[50,50,50],"damage_taken":[{"damage":0.0,"enemies":"Cultist","floor":1.0,"turns":5.0},{"damage":0.0,"enemies":"Jaw Worm","floor":7.0,"turns":5.0},{"damage":29.0,"enemies":"3 Sentries","floor":8.0,"turns":9.0},{"damage":0.0,"enemies":"Small Slimes","floor":11.0,"turns":3.0},{"damage":6.0,"enemies":"Gremlin Nob","floor":13.0,"turns":3.0},{"damage":9.0,"enemies":"Gremlin Nob","floor":14.0,"turns":4.0},{"damage":6.0,"enemies":"The Guardian","floor":16.0,"turns":10.0},{"damage":8.0,"enemies":"3 Byrds","floor":18.0,"turns":4.0},{"damage":35.0,"enemies":"Masked Bandits","floor":19.0,"turns":5.0},{"damage":7.0,"enemies":"Shell Parasite","floor":22.0,"turns":6.0},{"damage":16.0,"enemies":"Slavers","floor":24.0,"turns":4.0},{"damage":19.0,"enemies":"Snecko","floor":25.0,"turns":6.0},{"damage":0.0,"enemies":"Snake Plant","floor":28.0,"turns":6.0},{"damage":3.0,"enemies":"Sentry and Sphere","floor":29.0,"turns":4.0},{"damage":11.0,"enemies":"Gremlin Leader","floor":31.0,"turns":5.0},{"damage":5.0,"enemies":"Champ","floor":33.0,"turns":9.0},{"damage":5.0,"enemies":"Orb Walker","floor":35.0,"turns":3.0},{"damage":0.0,"enemies":"3 Shapes","floor":36.0,"turns":4.0},{"damage":17.0,"enemies":"Maw","floor":37.0,"turns":7.0},{"damage":17.0,"enemies":"Giant Head","floor":41.0,"turns":6.0},{"damage":34.0,"enemies":"Reptomancer","floor":44.0,"turns":4.0},{"damage":11.0,"enemies":"Transient","floor":46.0,"turns":5.0},{"damage":5.0,"enemies":"4 Shapes","floor":47.0,"turns":5.0},{"damage":0.0,"enemies":"Giant Head","floor":48.0,"turns":5.0},{"damage":14,"enemies":"Donu and Deca","floor":50,"turns":7}],"seed_played":"-6387471218592703078","potions_obtained":[{"floor":7.0,"key":"BlessingOfTheForge"},{"floor":11.0,"key":"SkillPotion"},{"floor":13.0,"key":"Energy Potion"},{"floor":25.0,"key":"AttackPotion"},{"floor":28.0,"key":"SkillPotion"},{"floor":29.0,"key":"SmokeBomb"},{"floor":33.0,"key":"Weak Potion"},{"floor":36.0,"key":"Poison Potion"},{"floor":37.0,"key":"ColorlessPotion"},{"floor":46.0,"key":"PowerPotion"},{"floor":47.0,"key":"Block Potion"},{"floor":48.0,"key":"Fire Potion"}],"is_trial":false,"path_per_floor":["M","$","?","T","$","R","M","E","T","R","M","R","E","?","R","B",null,"M","?","T","$","M","R","E","M","T","?","M","M","R","E","R","B",null,"M","M","M","T","$","R","E","R","T","E","$","M","M","E","R","B",null],"character_chosen":"THE_SILENT","items_purchased":["Bane","Sling","PreservedInsect","Accuracy","ClockworkSouvenir","Potion Belt","Acrobatics+1","Bane"],"campfire_rested":4,"item_purchase_floors":[2,5,21,39,39,39,45,45],"current_hp_per_floor":[63,63,63,63,63,63,63,36,36,36,36,36,30,21,42,36,63,55,22,22,22,17,39,27,12,12,12,14,13,36,34,34,31,72,69,71,58,58,58,58,45,45,45,13,13,4,1,3,29,17],"gold":121,"neow_bonus":"ONE_RANDOM_RARE_CARD","is_daily":false,"chose_seed":false,"campfire_upgraded":6,"win_rate":0.0,"timestamp":1609045232,"path_taken":["M","?","?","?","$","R","?","E","T","R","M","R","E","?","R","BOSS","M","?","?","$","M","R","E","M","T","?","M","?","R","E","R","BOSS","M","M","?","?","$","R","E","R","T","E","?","?","M","E","R","BOSS"],"items_purchased_type":["Card","Relic","Relic","Card","Relic","Relic","Card","Card"],"build_version":"2020-12-22","purchased_purges":2,"victory":true,"max_hp_per_floor":[70,70,70,70,70,70,70,72,72,72,72,72,72,72,72,72,72,72,74,74,74,74,74,76,78,78,78,78,78,78,85,85,85,85,85,85,87,87,87,87,89,89,89,89,89,89,89,89,89,89],"card_choices":[{"not_picked":["Deflect","Heel Hook"],"picked":"Footwork","floor":1.0},{"not_picked":["Heel Hook","Underhanded Strike"],"picked":"Blade Dance","floor":7.0},{"not_picked":["Setup","Calculated Gamble","Outmaneuver"],"picked":"Singing Bowl","floor":8.0},{"not_picked":["Dagger Throw","Leg Sweep"],"picked":"Noxious Fumes","floor":11.0},{"not_picked":["Sucker Punch","Endless Agony"],"picked":"Footwork","floor":13.0},{"not_picked":["Riddle With Holes","Footwork"],"picked":"Poisoned Stab","floor":14.0},{"not_picked":["Bullet Time","Tools of the Trade"],"picked":"Storm of Steel","floor":16.0},{"not_picked":["Finisher","Backflip+1"],"picked":"PiercingWail+1","floor":18.0},{"not_picked":["Deflect","Flechettes+1","Dagger Throw+1"],"picked":"Singing Bowl","floor":19.0},{"not_picked":["Blade Dance","Infinite Blades"],"picked":"Bane+1","floor":22.0},{"not_picked":["Slice","Deflect","Deadly Poison"],"picked":"Singing Bowl","floor":24.0},{"not_picked":["Caltrops","Flechettes","Poisoned Stab"],"picked":"Singing Bowl","floor":25.0},{"not_picked":["Deadly Poison","Escape Plan+1"],"picked":"Cloak And Dagger","floor":28.0},{"not_picked":["Eviscerate","Blade Dance"],"picked":"PiercingWail","floor":29.0},{"not_picked":["Flying Knee","Caltrops"],"picked":"Escape Plan","floor":31.0},{"not_picked":["Doppelganger","Burst"],"picked":"Glass Knife","floor":33.0},{"not_picked":["Flying Knee+1","Prepared+1"],"picked":"Catalyst","floor":35.0},{"not_picked":["Backflip","Noxious Fumes"],"picked":"PiercingWail+1","floor":36.0},{"not_picked":["Quick Slash","Prepared","Deflect+1"],"picked":"Singing Bowl","floor":37.0},{"not_picked":["Calculated Gamble+1","Dodge and Roll","Deflect+1"],"picked":"Singing Bowl","floor":41.0},{"not_picked":["Dagger Spray","Finisher+1"],"picked":"Crippling Poison+1","floor":44.0},{"not_picked":["Concentrate+1","Outmaneuver+1"],"picked":"Backstab","floor":46.0},{"not_picked":["Corpse Explosion+1","Backstab+1"],"picked":"Cloak And Dagger+1","floor":47.0},{"not_picked":["Burst+1","PiercingWail+1"],"picked":"Venomology+1","floor":48.0}],"player_experience":352631,"relics_obtained":[{"floor":4.0,"key":"Tiny Chest"},{"floor":8.0,"key":"Singing Bowl"},{"floor":9.0,"key":"Oddly Smooth Stone"},{"floor":13.0,"key":"Bronze Scales"},{"floor":14.0,"key":"Centennial Puzzle"},{"floor":19.0,"key":"Red Mask"},{"floor":20.0,"key":"Blood Vial"},{"floor":24.0,"key":"Shuriken"},{"floor":24.0,"key":"StoneCalendar"},{"floor":26.0,"key":"Bottled Lightning"},{"floor":31.0,"key":"Strawberry"},{"floor":31.0,"key":"The Courier"},{"floor":38.0,"key":"Gremlin Horn"},{"floor":41.0,"key":"War Paint"},{"floor":41.0,"key":"HornCleat"},{"floor":43.0,"key":"Toxic Egg 2"},{"floor":44.0,"key":"Bottled Tornado"},{"floor":44.0,"key":"Bag of Marbles"},{"floor":48.0,"key":"Boot"},{"floor":48.0,"key":"InkBottle"}],"event_choices":[{"damage_healed":0.0,"max_hp_gain":0.0,"max_hp_loss":0.0,"gold_gain":175.0,"event_name":"Liars Game","player_choice":"AGREE","floor":3.0,"gold_loss":0.0,"damage_taken":0.0,"cards_obtained":["Doubt"]},{"damage_healed":0.0,"max_hp_gain":0.0,"max_hp_loss":0.0,"gold_gain":0.0,"event_name":"Dead Adventurer","player_choice":"Searched \u00271\u0027 times","floor":14.0,"gold_loss":0.0,"damage_taken":0.0},{"damage_healed":0.0,"max_hp_gain":0.0,"max_hp_loss":0.0,"gold_gain":0.0,"event_name":"Masked Bandits","player_choice":"Fought Bandits","floor":19.0,"gold_loss":0.0,"damage_taken":0.0},{"damage_healed":0.0,"max_hp_gain":0.0,"max_hp_loss":0.0,"gold_gain":0.0,"event_name":"Match and Keep!","player_choice":"2 cards matched","floor":27.0,"gold_loss":0.0,"damage_taken":0.0,"cards_obtained":["Jack Of All Trades","Malaise"]}],"is_beta":false,"boss_relics":[{"not_picked":["Velvet Choker","Empty Cage"],"picked":"Black Star"},{"not_picked":["Calling Bell","HoveringKite"],"picked":"SlaversCollar"}],"items_purged_floors":[5,21],"is_endless":false,"potions_floor_spawned":[7,11,13,25,28,29,33,36,37,46,47,48],"ascension_level":10}}