{"host":"7nu0fnckee4tlfez","time":1609087709,"event":{"mods":["2.2 Compatiblity","AchievementEnabler","Astrologer","BaseMod","CapriCore","Colored Map","Downfall","Lobotomy","LobotomyExtend","Marisa£¨Ùöéë¡¡Øª×âÞÞ£©","Minty Spire (QoL Compilation)","StSLib","SuperFastMode","The Immortal"],"gold_per_floor":[117,117,117,117,140,140,184,184,184,198,211,232,246,246,246,371,371,392,491,491,103,0,0,25,25],"floor_reached":24,"playtime":680,"items_purged":["Strike_R"],"score":196,"play_id":"2e29b0ec-f91e-444a-a4b7-e550a56178fb","local_time":"20201228014829","is_ascension_mode":false,"campfire_choices":[{"data":"Ghostly Armor","floor":6,"key":"SMITH"},{"floor":8,"key":"REST"},{"data":"Armaments","floor":15,"key":"SMITH"},{"data":"Limit Break","floor":23,"key":"SMITH"}],"circlet_count":0,"master_deck":["Strike_R","Strike_R","Strike_R","Strike_R","Defend_R","Defend_R","Defend_R","Defend_R","Bash+1","CherryBlossoms","Ghostly Armor+1","Cleave","Shockwave","CENSORED","Cleave","SpiderBud","Armaments+1","OSAHOGD","Rupture","VoidDream","Inflame","Brutality","PunishingBird","Power Through+1","Limit Break+1","OldLady","Headbutt+1"],"relics":["Burning Blood","CogitoBucket","RabbitCall","LetterFromLob","Golden Idol","Dream Catcher","Mummified Hand","SkinProphecy","Runic Cube","Self Forming Clay"],"acts_visited":["Exordium","TheCity"],"potions_floor_usage":[],"damage_taken":[{"damage":5,"enemies":"2 Louse","floor":1,"turns":3},{"damage":0,"enemies":"Small Slimes","floor":5,"turns":3},{"damage":18,"enemies":"Gremlin Nob","floor":7,"turns":4},{"damage":0,"enemies":"Cultist","floor":10,"turns":4},{"damage":11,"enemies":"Large Slime","floor":11,"turns":4},{"damage":30,"enemies":"Blue Slaver","floor":12,"turns":5},{"damage":12,"enemies":"Looter","floor":13,"turns":4},{"damage":78,"enemies":"The Guardian","floor":16,"turns":17},{"damage":40,"enemies":"Shell Parasite","floor":18,"turns":7},{"damage":30,"enemies":"Chosen","floor":24,"turns":6}],"seed_played":"2340968080376745297","potions_obtained":[{"floor":1,"key":"Weak Potion"},{"floor":7,"key":"DistilledChaos"},{"floor":16,"key":"Ancient Potion"}],"is_trial":false,"path_per_floor":["M","?","?","?","M","R","E","R","T","M","M","M","M","?","R","B",null,"M","?","?","$","?","R","M"],"character_chosen":"IRONCLAD","items_purchased":["Limit Break","Self Forming Clay"],"campfire_rested":1,"item_purchase_floors":[21,21],"current_hp_per_floor":[80,80,60,60,66,66,54,78,78,80,79,80,73,78,78,41,89,63,63,63,63,63,63,63,63],"gold":25,"neow_bonus":"","is_daily":false,"chose_seed":false,"campfire_upgraded":3,"win_rate":0.0,"timestamp":1609087709,"path_taken":["M","?","?","?","?","R","E","R","T","M","M","M","M","?","R","BOSS","M","?","?","$","?","R","M"],"items_purchased_type":["Card","Relic"],"build_version":"2020-12-22","purchased_purges":1,"victory":false,"max_hp_per_floor":[80,80,80,80,80,80,80,80,80,80,80,80,82,87,87,89,89,91,91,91,91,91,91,93,93],"card_choices":[{"not_picked":["MeatLantern","FairyFestival","UniverseFragment"],"picked":"Singing Bowl","floor":1},{"not_picked":["FairyFestival","Scorched"],"picked":"CherryBlossoms","floor":1},{"not_picked":["Infernal Blade","Wild Strike","Iron Wave"],"picked":"SKIP","floor":1},{"not_picked":["Murderer","FairyFestival","NakedNest"],"picked":"Singing Bowl","floor":5},{"not_picked":["Pummel","Disarm"],"picked":"Ghostly Armor","floor":5},{"not_picked":["UniverseFragment","CrumblingArmor","OSAHOGD"],"picked":"Singing Bowl","floor":7},{"not_picked":["Iron Wave","Searing Blow"],"picked":"Cleave","floor":7},{"not_picked":["Rage","Combust"],"picked":"Shockwave","floor":8},{"not_picked":["OSAHOGD","UniverseFragment","NakedNest"],"picked":"Singing Bowl","floor":10},{"not_picked":["Murderer","Scorched"],"picked":"CENSORED","floor":10},{"not_picked":["Sentinel","Clash"],"picked":"Cleave","floor":10},{"not_picked":["Laetitia","Rudolta","UniverseFragment"],"picked":"Singing Bowl","floor":11},{"not_picked":["DespairKnight","FairyFestival"],"picked":"SpiderBud","floor":11},{"not_picked":["Entrench","Shockwave"],"picked":"Armaments","floor":11},{"not_picked":["Laetitia","UniverseFragment"],"picked":"OSAHOGD","floor":12},{"not_picked":["Hemokinesis","Disarm"],"picked":"Rupture","floor":12},{"not_picked":["Scarecrow","FairyFestival"],"picked":"VoidDream","floor":13},{"not_picked":["Rage","Body Slam"],"picked":"Inflame","floor":13},{"not_picked":["SingingMachine","BeautyBeast","GalaxyChild"],"picked":"Singing Bowl","floor":16},{"not_picked":["Immolate","Juggernaut"],"picked":"Brutality","floor":16},{"not_picked":["BeautyBeast","Freischutz"],"picked":"PunishingBird","floor":18},{"not_picked":["Clothesline","Iron Wave"],"picked":"Power Through+1","floor":18},{"not_picked":["MHz","HeroicMonk"],"picked":"OldLady","floor":24},{"not_picked":["Second Wind+1","Juggernaut"],"picked":"Headbutt+1","floor":24}],"player_experience":57306,"relics_obtained":[{"floor":1,"key":"LetterFromLob"},{"floor":7,"key":"Dream Catcher"},{"floor":9,"key":"Mummified Hand"}],"event_choices":[{"damage_healed":0,"gold_gain":0,"player_choice":"Take Damage","damage_taken":20,"relics_obtained":["Golden Idol"],"max_hp_gain":0,"max_hp_loss":0,"event_name":"Golden Idol","floor":3,"gold_loss":0},{"damage_healed":0,"gold_gain":0,"player_choice":"Forge","damage_taken":0,"max_hp_gain":0,"max_hp_loss":0,"event_name":"Accursed Blacksmith","floor":4,"gold_loss":0,"cards_upgraded":["Bash"]},{"damage_healed":0,"gold_gain":0,"player_choice":"Donut","damage_taken":0,"max_hp_gain":5,"max_hp_loss":0,"event_name":"Big Fish","floor":14,"gold_loss":0},{"damage_healed":0,"gold_gain":99,"player_choice":"Stole From Cult","damage_taken":0,"max_hp_gain":0,"max_hp_loss":0,"event_name":"Nest","floor":19,"gold_loss":0},{"damage_healed":0,"gold_gain":0,"player_choice":"Ignored","damage_taken":0,"max_hp_gain":0,"max_hp_loss":0,"event_name":"Vampires","floor":20,"gold_loss":0},{"damage_healed":0,"gold_gain":0,"player_choice":"Paid Fearfully","damage_taken":0,"max_hp_gain":0,"max_hp_loss":0,"event_name":"Masked Bandits","floor":22,"gold_loss":103}],"is_beta":false,"boss_relics":[{"not_picked":["Fusion Hammer","Tiny House"],"picked":"Runic Cube"}],"items_purged_floors":[21],"is_endless":false,"potions_floor_spawned":[1,7,16],"killed_by":"Chosen","ascension_level":0}}