{"host":"kdt6w7ix8lwe69i9","time":1609105249,"event":{"mods":["Arknights The Spire","Bartender","BaseMod","Downfall","Fiend Mod","Jorbs\u0027s Wanderer Trilogy","Minty Spire (QoL Compilation)","Reimu（博丽灵梦）","Robot Space Explorer","StSLib","The Caster","The Cursed","The Disciple","The Dragon Tamer","The Druid","The Elementalist","The Forsaken","The Gatherer","The Judge","The Marked","TheBandit"],"gold_per_floor":[118,118,118,118,32,32,32,58,58,77,77,25,48,65,65,162,162,175,175,175,190,205,205,205],"floor_reached":23,"playtime":1901,"items_purged":[],"score":187,"play_id":"1e2bffaf-3901-4658-99bd-4dbbfe6b72ca","local_time":"20201227164049","is_ascension_mode":false,"campfire_choices":[{"data":"ats:Burning Ground","floor":6,"key":"SMITH"},{"data":"ats:Thorns","floor":15,"key":"SMITH"}],"circlet_count":0,"master_deck":["ats:Strike C","ats:Strike G","ats:Strike S","ats:Strike V","ats:Armor Crushing Shot","ats:Defend","ats:Defend","ats:Defend","ats:Defend","ats:Emotion Absorption","ats:Neurotoxin","ats:Burning Ground+1","ats:Poison Spread","ats:Guardian Obelisk","ats:Revitalization+1","ats:Revitalization","ats:Thorns+1","ats:Soul Rend","ats:Composite Medical Shells","Writhe","ats:Defend Order+1","ats:Magnetic Hammer"],"relics":["Black Star","Incense Burner","ats:Military Tradition","ats:Originium","FossilizedHelix","MealTicket","Mummified Hand","ats:Tactical Delivery","Lantern"],"acts_visited":["Exordium","TheCity"],"potions_floor_usage":[16,16,21],"damage_taken":[{"damage":1,"enemies":"2 Louse","floor":1,"turns":4},{"damage":30,"enemies":"3 Sentries","floor":8,"turns":6},{"damage":0,"enemies":"Small Slimes","floor":10,"turns":2},{"damage":0,"enemies":"Cultist","floor":14,"turns":3},{"damage":31,"enemies":"Slime Boss","floor":16,"turns":12},{"damage":6,"enemies":"Shell Parasite","floor":18,"turns":5},{"damage":20,"enemies":"Chosen","floor":21,"turns":6},{"damage":22,"enemies":"Sentry and Sphere","floor":22,"turns":8},{"damage":55,"enemies":"Gremlin Leader","floor":23,"turns":3}],"seed_played":"-3775970077097721251","potions_obtained":[{"floor":10,"key":"sneckomod:MuddlingPotion"},{"floor":14,"key":"EssenceOfSteel"},{"floor":18,"key":"Fire Potion"}],"is_trial":false,"path_per_floor":["M","?","?","?","$","R","T","E","T","M","?","$","T","M","R","B",null,"M","?","?","M","M","E"],"character_chosen":"DOCTOR_CLASS","items_purchased":["ats:Burning Ground","ats:Poison Spread","ats:Revitalization"],"campfire_rested":0,"item_purchase_floors":[5,5,12],"current_hp_per_floor":[71,68,68,68,68,68,68,38,38,38,38,53,53,63,63,61,72,72,72,72,56,50,0,0],"gold":205,"neow_bonus":"BOSS_RELIC","is_daily":false,"chose_seed":false,"campfire_upgraded":2,"win_rate":0.0,"timestamp":1609105249,"path_taken":["M","?","?","?","$","R","?","E","T","?","?","$","?","M","R","BOSS","M","?","?","?","M","E"],"items_purchased_type":["Card","Card","Card"],"build_version":"2020-12-22","purchased_purges":0,"victory":false,"max_hp_per_floor":[72,72,72,72,72,72,72,72,72,72,72,72,72,72,72,72,72,72,72,72,72,72,72,72],"card_choices":[{"not_picked":["ats:Curse Doll","ats:Apocalypse"],"picked":"ats:Neurotoxin","floor":1},{"not_picked":["ats:Sword Rain","ats:Apocalypse"],"picked":"ats:Guardian Obelisk","floor":8},{"not_picked":["ats:Hook Shot","ats:Beaten Up"],"picked":"ats:Revitalization","floor":10},{"not_picked":["ats:Powerful Strike","ats:Directed Diagnosis"],"picked":"ats:Thorns","floor":14},{"not_picked":["ats:Rat Pack","ats:Ambush"],"picked":"ats:Soul Rend","floor":16},{"not_picked":["ats:Revitalization","ats:Childhood Dance"],"picked":"ats:Composite Medical Shells","floor":18},{"not_picked":["ats:Flexible Camouflage+1","ats:Automatic Cover+1"],"picked":"ats:Defend Order+1","floor":21},{"not_picked":["ats:Leaping Hammer","ats:Apocalypse"],"picked":"ats:Magnetic Hammer","floor":22}],"player_experience":1618926,"relics_obtained":[{"floor":7,"key":"ats:Military Tradition"},{"floor":8,"key":"ats:Originium"},{"floor":8,"key":"FossilizedHelix"},{"floor":8,"key":"MealTicket"},{"floor":9,"key":"Mummified Hand"}],"event_choices":[{"damage_healed":0,"gold_gain":0,"player_choice":"Success","damage_taken":3,"relics_obtained":["Incense Burner"],"max_hp_gain":0,"max_hp_loss":0,"event_name":"Scrap Ooze","floor":2,"gold_loss":0},{"damage_healed":0,"gold_gain":0,"player_choice":"Ignored","damage_taken":0,"max_hp_gain":0,"max_hp_loss":0,"event_name":"Golden Wing","floor":3,"gold_loss":0},{"damage_healed":0,"gold_gain":0,"player_choice":"Forge","damage_taken":0,"max_hp_gain":0,"max_hp_loss":0,"event_name":"Accursed Blacksmith","floor":11,"gold_loss":0,"cards_upgraded":["ats:Revitalization"]},{"damage_healed":0,"gold_gain":0,"player_choice":"Opened","damage_taken":0,"relics_obtained":["Lantern"],"max_hp_gain":0,"max_hp_loss":0,"event_name":"The Mausoleum","floor":19,"gold_loss":0,"cards_obtained":["Writhe"]},{"damage_healed":0,"gold_gain":0,"player_choice":"Ignored","damage_taken":0,"max_hp_gain":0,"max_hp_loss":0,"event_name":"NoteForYourself","floor":20,"gold_loss":0}],"is_beta":false,"boss_relics":[{"not_picked":["Snecko Eye","RedLine:ReiMu"],"picked":"ats:Tactical Delivery"}],"items_purged_floors":[],"is_endless":false,"potions_floor_spawned":[10,14,18,21],"killed_by":"Gremlin Leader","ascension_level":0}}