{"host":"7nu0fnckee4tlfez","time":1609087003,"event":{"mods":["2.2 Compatiblity","AchievementEnabler","Astrologer","BaseMod","CapriCore","Colored Map","Downfall","Lobotomy","LobotomyExtend","Marisa£¨Ùöéë¡¡Øª×âÞÞ£©","Minty Spire (QoL Compilation)","StSLib","SuperFastMode","The Immortal"],"gold_per_floor":[117,131,148,160,160,160,160,235,235,235,235,235,256,270,270,270,270],"floor_reached":16,"playtime":448,"items_purged":[],"score":92,"play_id":"eb97561b-8423-42ee-bfc9-5e1a9a1e41bc","local_time":"20201228013643","is_ascension_mode":false,"campfire_choices":[{"data":"Neutralize","floor":6,"key":"SMITH"},{"data":"Cloak And Dagger","floor":11,"key":"SMITH"},{"data":"Dagger Spray","floor":15,"key":"SMITH"}],"circlet_count":0,"master_deck":["Strike_G","Strike_G","Strike_G","Strike_G","Strike_G","Defend_G","Defend_G","Defend_G","Defend_G","Defend_G","Survivor","Neutralize+1","Dagger Spray+1","OSAHOGD","Prepared","OldLady","Escape Plan","SpiderBud","Cloak And Dagger+1","VoidDream","Rudolta","Backstab"],"relics":["Ring of the Snake","CogitoBucket","RabbitCall","LetterFromLob","Mummified Hand","Golden Idol","SkinProphecy"],"acts_visited":["Exordium"],"potions_floor_usage":[],"damage_taken":[{"damage":0.0,"enemies":"Small Slimes","floor":1.0,"turns":6.0},{"damage":0.0,"enemies":"2 Louse","floor":2.0,"turns":3.0},{"damage":0.0,"enemies":"Jaw Worm","floor":3.0,"turns":5.0},{"damage":0.0,"enemies":"Looter","floor":4.0,"turns":4.0},{"damage":0,"enemies":"2 Fungi Beasts","floor":13,"turns":3},{"damage":2,"enemies":"Exordium Wildlife","floor":14,"turns":5},{"damage":40,"enemies":"Hexaghost","floor":16,"turns":15}],"seed_played":"7337293856448727691","potions_obtained":[{"floor":1.0,"key":"Dexterity Potion"},{"floor":14,"key":"SneckoOil"}],"is_trial":false,"path_per_floor":["M","M","M","M","?","R","?","?","T","?","R","?","M","M","R","B"],"character_chosen":"THE_SILENT","items_purchased":[],"campfire_rested":0,"item_purchase_floors":[],"current_hp_per_floor":[70,70,70,70,70,70,70,59,59,64,64,46,46,44,44,0,0],"gold":270,"neow_bonus":"","is_daily":false,"chose_seed":false,"campfire_upgraded":3,"win_rate":0.0,"timestamp":1609087003,"path_taken":["M","M","M","M","?","R","?","?","T","?","R","?","M","M","R","BOSS"],"items_purchased_type":[],"build_version":"2020-12-22","purchased_purges":0,"victory":false,"max_hp_per_floor":[70,70,70,70,70,70,70,70,70,75,75,75,75,75,75,77,77],"card_choices":[{"not_picked":["PunishingBird","CrumblingArmor","Wellcheers"],"picked":"Singing Bowl","floor":1.0},{"not_picked":["Backflip","Flying Knee"],"picked":"Dagger Spray","floor":1.0},{"not_picked":["CherryBlossoms","CrumblingArmor"],"picked":"OSAHOGD","floor":2.0},{"not_picked":["Slice","Underhanded Strike"],"picked":"Prepared","floor":2.0},{"not_picked":["Variant","CrumblingArmor","CherryBlossoms"],"picked":"Singing Bowl","floor":3.0},{"not_picked":["BeautyBeast","Alriune"],"picked":"OldLady","floor":3.0},{"not_picked":["Dash","Bane"],"picked":"Escape Plan","floor":3.0},{"not_picked":["Scorched","Alriune","CrumblingArmor"],"picked":"Singing Bowl","floor":4.0},{"not_picked":["FairyFestival","WallGazer"],"picked":"SpiderBud","floor":4.0},{"not_picked":["Deadly Poison","Slice"],"picked":"Cloak And Dagger","floor":4.0},{"not_picked":["Murderer","CherryBlossoms","BigBird"],"picked":"Singing Bowl","floor":13},{"not_picked":["GalaxyChild","Scorched"],"picked":"VoidDream","floor":13},{"not_picked":["Prepared","Backflip","Corpse Explosion"],"picked":"SKIP","floor":13},{"not_picked":["MHz","Bloodbath","MeatLantern"],"picked":"Singing Bowl","floor":14},{"not_picked":["MeatLantern","HeroicMonk"],"picked":"Rudolta","floor":14},{"not_picked":["Tactician","Heel Hook"],"picked":"Backstab","floor":14}],"player_experience":56858,"relics_obtained":[{"floor":1.0,"key":"LetterFromLob"},{"floor":9,"key":"Mummified Hand"}],"event_choices":[{"damage_healed":0,"gold_gain":0,"player_choice":"Fled","damage_taken":0,"max_hp_gain":0,"max_hp_loss":0,"event_name":"Scrap Ooze","floor":5,"gold_loss":0},{"damage_healed":0,"gold_gain":75,"player_choice":"Gather Gold","damage_taken":11,"max_hp_gain":0,"max_hp_loss":0,"event_name":"World of Goop","floor":8,"gold_loss":0},{"damage_healed":0,"gold_gain":0,"player_choice":"Donut","damage_taken":0,"max_hp_gain":5,"max_hp_loss":0,"event_name":"Big Fish","floor":10,"gold_loss":0},{"damage_healed":0,"gold_gain":0,"player_choice":"Take Damage","damage_taken":18,"relics_obtained":["Golden Idol"],"max_hp_gain":0,"max_hp_loss":0,"event_name":"Golden Idol","floor":12,"gold_loss":0}],"is_beta":false,"boss_relics":[],"items_purged_floors":[],"is_endless":false,"potions_floor_spawned":[1,14],"killed_by":"Hexaghost","ascension_level":0}}