{"host":"l84l8xigz5v5foa2","time":1609072806,"event":{"mods":["2.2 Compatiblity","AchievementEnabler","BaseMod","Better Note","Better Vampires","Card Filter","Colored Map","DeckTracker","Downfall","Gremlin Skip","Highlight Path","Keyboard Shortcuts","Minty Spire (QoL Compilation)","Permanent Neow","Quick Restart","Relic Filter","Relic Stats","StSLib","SuperFastMode","Transform Curses","Unknown Chances"],"gold_per_floor":[99,109,109,109,68,53,53,71,100,85,85,101,101,112,132,229,229,229,242,261,261,261,261],"floor_reached":21,"playtime":1225,"items_purged":[],"score":233,"play_id":"3ce6be44-22bb-47ea-97ad-4149de6b41f2","local_time":"20201227214006","is_ascension_mode":true,"campfire_choices":[{"data":"champ:Devastate","floor":1.0,"key":"SMITH"},{"data":"champ:Taunt","floor":11.0,"key":"SMITH"},{"data":"champ:FanOfKnives","floor":13.0,"key":"SMITH"},{"data":"champ:Backstep","floor":18.0,"key":"SMITH"}],"circlet_count":0,"master_deck":["champ:Strike","champ:Strike","champ:Defend","champ:Defend","champ:Defend","champ:Execute","champ:Taunt+1","champ:RageSigil","champ:Devastate+1","champ:FlashCut","champ:Shatter","champ:AdrenalArmor","champ:FanOfKnives+1","champ:AdrenalArmor","champ:EnchantShield","champ:Backstep+1","champ:EnchantCrown"],"relics":["champ:ChampionCrown","Matryoshka","The Courier","Busted Crown"],"acts_visited":["Exordium","TheCity"],"potions_floor_usage":[],"damage_taken":[{"damage":9.0,"enemies":"Small Slimes","floor":2.0,"turns":7.0},{"damage":10.0,"enemies":"downfall:FleeingMerchant","floor":5.0,"turns":4.0},{"damage":7.0,"enemies":"downfall:FleeingMerchant","floor":6.0,"turns":4.0},{"damage":4.0,"enemies":"Jaw Worm","floor":8.0,"turns":2.0},{"damage":32.0,"enemies":"3 Sentries","floor":9.0,"turns":6.0},{"damage":11.0,"enemies":"downfall:FleeingMerchant","floor":10.0,"turns":4.0},{"damage":0.0,"enemies":"Cultist","floor":12.0,"turns":2.0},{"damage":6.0,"enemies":"Exordium Wildlife","floor":14.0,"turns":3.0},{"damage":13.0,"enemies":"2 Fungi Beasts","floor":15.0,"turns":4.0},{"damage":58.0,"enemies":"downfall:Ironclad","floor":16.0,"turns":9.0},{"damage":8.0,"enemies":"Spheric Guardian","floor":19.0,"turns":3.0},{"damage":21.0,"enemies":"Centurion and Healer","floor":20.0,"turns":6.0},{"damage":108,"enemies":"Centurion and Healer","floor":21,"turns":7}],"seed_played":"-6428900190379227106","potions_obtained":[{"floor":8.0,"key":"EntropicBrew"},{"floor":12.0,"key":"Swift Potion"}],"is_trial":false,"path_per_floor":["R","M","?","?","$","$","T","M","E","$","R","M","R","M","M","B",null,"R","M","M","?"],"character_chosen":"THE_CHAMP","items_purchased":["champ:AdrenalArmor"],"campfire_rested":0,"item_purchase_floors":[5],"current_hp_per_floor":[57,53,53,53,53,53,53,53,41,41,41,41,41,37,37,15,71,71,71,64,0,0,0],"gold":261,"neow_bonus":"TRANSFORM_TWO_CARDS","is_daily":false,"chose_seed":false,"campfire_upgraded":4,"win_rate":0.0,"timestamp":1609072806,"path_taken":["R","M","?","?","?","$","T","M","E","?","R","M","R","?","M","BOSS","R","M","M","?"],"items_purchased_type":["Card"],"build_version":"2020-12-22","purchased_purges":0,"victory":false,"max_hp_per_floor":[90,90,90,90,90,90,90,90,90,90,90,90,90,90,90,90,90,90,90,90,90,90,90],"relic_stats":{"Busted Crown":4,"counters":[13,61],"obtain_stats":[{"Matryoshka":7,"Busted Crown":17,"champ:ChampionCrown":0,"The Courier":9},{"Matryoshka":3,"Busted Crown":10,"champ:ChampionCrown":0,"The Courier":5},{"Matryoshka":15,"Busted Crown":45,"champ:ChampionCrown":0,"The Courier":23}]},"card_choices":[{"not_picked":["champ:Circumvent","champ:Haymaker"],"picked":"champ:FlashCut","floor":2.0},{"not_picked":["champ:PerfectedStrike","champ:Aggression"],"picked":"champ:Shatter","floor":5.0},{"not_picked":["champ:IronFortress","champ:ArenaPreparation"],"picked":"champ:FanOfKnives","floor":6.0},{"not_picked":["champ:GutPunch","champ:BerserkersShout"],"picked":"champ:AdrenalArmor","floor":8.0},{"not_picked":["champ:AdrenalArmor","champ:EndlessRage"],"picked":"champ:EnchantShield","floor":9.0},{"not_picked":["champ:PerfectedStrike","champ:RageSigil","champ:BladeFlurry"],"picked":"SKIP","floor":10.0},{"not_picked":["champ:FlashCut","champ:BerserkersShout"],"picked":"champ:Backstep","floor":12.0},{"not_picked":["champ:PerfectedStrike","champ:CrookedStrike","champ:Control"],"picked":"SKIP","floor":14.0},{"not_picked":["champ:TornadoPunch","champ:Backstep","champ:Lariat"],"picked":"SKIP","floor":15.0},{"not_picked":["champ:EnchantSword","champ:PerfectForm"],"picked":"champ:EnchantCrown","floor":16.0},{"not_picked":["champ:DeathBlow"],"picked":"SKIP","floor":19.0},{"not_picked":["champ:RageSigil"],"picked":"SKIP","floor":20.0}],"player_experience":2742890,"relics_obtained":[{"floor":7.0,"key":"Matryoshka"},{"floor":9.0,"key":"The Courier"}],"event_choices":[{"cards_removed":["champ:Strike"],"damage_healed":0.0,"max_hp_gain":0.0,"max_hp_loss":0.0,"gold_gain":0.0,"event_name":"The Cleric","player_choice":"Card Removal","floor":4.0,"gold_loss":0.0,"damage_taken":0.0}],"is_beta":false,"boss_relics":[{"not_picked":["champ:ChampionCrownUpgraded","expansioncontent:StudyCardRelic"],"picked":"Busted Crown"}],"items_purged_floors":[],"is_endless":false,"potions_floor_spawned":[8,12,14,15],"killed_by":"Centurion and Healer","ascension_level":6}}