{"host":"vbgsu3zpv6j9f5su","time":1609112748,"event":{"mods":["BaseMod","Block Reminder","Colored Powertips","DeckTracker","JesterMod","Minty Spire (QoL Compilation)","Quick Restart","StSLib"],"gold_per_floor":[116,116,128,139,159,159,186,186,267,237,162,221,221,250,250,327,327,346,346,92,92,109,137,137,167,167,167,167,104,154,206,206,283,283,295,49,49,324,338,371,371,383,383,398,426,446,446,456,456,456],"floor_reached":51,"playtime":2345,"items_purged":["Strike_R","Strike_R","Strike_R","Strike_R"],"score":1552,"play_id":"463a6301-496b-457c-953f-02aafe229ab6","local_time":"20201228004548","is_ascension_mode":true,"campfire_choices":[{"data":"Fire Breathing","floor":6.0,"key":"SMITH"},{"data":"Evolve","floor":8.0,"key":"SMITH"},{"data":"Second Wind","floor":15.0,"key":"SMITH"},{"data":"Juggernaut","floor":24.0,"key":"SMITH"},{"data":"Immolate","floor":27.0,"key":"SMITH"},{"floor":32.0,"key":"REST"},{"floor":49.0,"key":"REST"}],"circlet_count":0,"master_deck":["AscendersBane","Defend_R","Defend_R+1","Defend_R+1","Defend_R","Bash","Juggernaut+1","Fire Breathing+1","Power Through","Second Wind+1","Burning Pact","Evolve+1","Corruption","Writhe","Immolate+1","Feel No Pain","Impervious","Fiend Fire","Jack Of All Trades","Regret","Body Slam","Doubt","Parasite","Flame Barrier+1","Warcry","Writhe","True Grit"],"relics":["Burning Blood","Mango","White Beast Statue","Dream Catcher","Juzu Bracelet","Philosopher\u0027s Stone","Unceasing Top","Membership Card","FaceOfCleric","Bottled Flame","Ornamental Fan","TungstenRod","Akabeko","Cursed Key","War Paint","Ancient Tea Set","InkBottle","Happy Flower"],"acts_visited":["Exordium","TheCity","TheBeyond"],"potions_floor_usage":[50],"damage_taken":[{"damage":5.0,"enemies":"Cultist","floor":1.0,"turns":5.0},{"damage":11.0,"enemies":"Small Slimes","floor":3.0,"turns":4.0},{"damage":1.0,"enemies":"2 Louse","floor":4.0,"turns":3.0},{"damage":15.0,"enemies":"Large Slime","floor":5.0,"turns":7.0},{"damage":10.0,"enemies":"Lagavulin","floor":7.0,"turns":7.0},{"damage":6.0,"enemies":"Looter","floor":10.0,"turns":4.0},{"damage":29.0,"enemies":"Lagavulin Event","floor":12.0,"turns":6.0},{"damage":5.0,"enemies":"3 Sentries","floor":14.0,"turns":3.0},{"damage":0.0,"enemies":"Hexaghost","floor":16.0,"turns":7.0},{"damage":2.0,"enemies":"Shell Parasite","floor":18.0,"turns":6.0},{"damage":4.0,"enemies":"Chosen","floor":22.0,"turns":4.0},{"damage":30.0,"enemies":"Book of Stabbing","floor":23.0,"turns":5.0},{"damage":17.0,"enemies":"Slavers","floor":25.0,"turns":4.0},{"damage":8.0,"enemies":"Champ","floor":33.0,"turns":7.0},{"damage":0.0,"enemies":"3 Shapes","floor":35.0,"turns":1.0},{"damage":2.0,"enemies":"Orb Walker","floor":39.0,"turns":4.0},{"damage":35.0,"enemies":"Nemesis","floor":40.0,"turns":5.0},{"damage":0.0,"enemies":"Sphere and 2 Shapes","floor":41.0,"turns":1.0},{"damage":58.0,"enemies":"Transient","floor":42.0,"turns":5.0},{"damage":8.0,"enemies":"Writhing Mass","floor":44.0,"turns":6.0},{"damage":25.0,"enemies":"Giant Head","floor":45.0,"turns":7.0},{"damage":1.0,"enemies":"Sphere and 2 Shapes","floor":46.0,"turns":4.0},{"damage":0.0,"enemies":"4 Shapes","floor":48.0,"turns":1.0},{"damage":54,"enemies":"Time Eater","floor":50,"turns":10}],"seed_played":"4089588433310700092","potions_obtained":[{"floor":1.0,"key":"CultistPotion"},{"floor":4.0,"key":"SneckoOil"},{"floor":10.0,"key":"DuplicationPotion"},{"floor":12.0,"key":"Energy Potion"},{"floor":16.0,"key":"SpeedPotion"},{"floor":18.0,"key":"HeartOfIron"},{"floor":22.0,"key":"Strength Potion"},{"floor":23.0,"key":"Swift Potion"},{"floor":25.0,"key":"Weak Potion"},{"floor":33.0,"key":"GamblersBrew"},{"floor":35.0,"key":"HeartOfIron"},{"floor":39.0,"key":"BlessingOfTheForge"},{"floor":40.0,"key":"SmokeBomb"},{"floor":42.0,"key":"Explosive Potion"},{"floor":44.0,"key":"EssenceOfSteel"},{"floor":45.0,"key":"Explosive Potion"},{"floor":46.0,"key":"Weak Potion"}],"is_trial":false,"path_per_floor":["M","?","M","M","M","R","E","R","T","M","$","?","?","E","R","B",null,"M","?","$","?","M","E","R","E","T","R","?","$","?","T","R","B",null,"M","$","?","?","M","E","M","M","T","M","E","M","?","M","R","B",null],"character_chosen":"IRONCLAD","items_purchased":["Membership Card","Immolate","Fiend Fire","War Paint"],"campfire_rested":2,"item_purchase_floors":[20,20,36,36],"current_hp_per_floor":[69,69,64,69,60,60,70,70,70,70,70,47,52,53,53,59,85,89,89,89,89,92,69,69,59,59,59,59,59,59,59,88,87,95,99,99,99,99,100,72,79,28,28,27,9,15,36,43,75,28],"gold":456,"neow_bonus":"ONE_RANDOM_RARE_CARD","is_daily":false,"chose_seed":false,"campfire_upgraded":5,"win_rate":0.0,"timestamp":1609112748,"path_taken":["M","?","M","M","M","R","E","R","T","?","$","?","?","E","R","BOSS","M","?","$","?","M","E","R","E","T","R","?","$","?","?","R","BOSS","M","$","?","?","M","E","M","M","T","M","E","M","?","M","R","BOSS"],"items_purchased_type":["Relic","Card","Card","Relic"],"build_version":"2020-12-22","purchased_purges":4,"victory":true,"max_hp_per_floor":[75,75,75,75,75,75,89,89,89,89,89,89,94,94,94,94,94,94,94,94,94,95,96,96,97,97,97,97,97,97,97,97,98,98,99,99,99,99,100,101,102,103,103,104,105,106,106,107,107,108],"card_choices":[{"not_picked":["Clothesline","Perfected Strike"],"picked":"Fire Breathing","floor":1.0},{"not_picked":["Pommel Strike","Armaments"],"picked":"Power Through","floor":3.0},{"not_picked":["True Grit","Pommel Strike"],"picked":"Second Wind","floor":4.0},{"not_picked":["Battle Trance","Cleave"],"picked":"Burning Pact","floor":5.0},{"not_picked":["Flex","Inflame"],"picked":"Evolve","floor":7.0},{"not_picked":["Evolve","True Grit","Berserk"],"picked":"SKIP","floor":10.0},{"not_picked":["Inflame","Heavy Blade","Dark Embrace"],"picked":"SKIP","floor":14.0},{"not_picked":["Limit Break","Reaper"],"picked":"Corruption","floor":16.0},{"not_picked":["Iron Wave","True Grit","Headbutt"],"picked":"SKIP","floor":18.0},{"not_picked":["Disarm","Fire Breathing","Perfected Strike"],"picked":"SKIP","floor":22.0},{"not_picked":["Iron Wave","Headbutt","Entrench"],"picked":"SKIP","floor":23.0},{"not_picked":["Hemokinesis","Shockwave"],"picked":"Feel No Pain","floor":25.0},{"not_picked":["Double Tap","Juggernaut"],"picked":"Impervious","floor":33.0},{"not_picked":["Headbutt","Iron Wave","Uppercut"],"picked":"SKIP","floor":35.0},{"not_picked":["Enlightenment","PanicButton"],"picked":"Jack Of All Trades","floor":37.0},{"not_picked":["Pommel Strike","Sword Boomerang","Rage"],"picked":"SKIP","floor":39.0},{"not_picked":["Double Tap","Anger"],"picked":"Body Slam","floor":40.0},{"not_picked":["Fire Breathing+1","Perfected Strike","Anger"],"picked":"SKIP","floor":42.0},{"not_picked":["Twin Strike+1","Pummel"],"picked":"Flame Barrier+1","floor":44.0},{"not_picked":["Bludgeon","Perfected Strike+1"],"picked":"Warcry","floor":45.0},{"not_picked":["Ghostly Armor","Cleave+1","Wild Strike"],"picked":"SKIP","floor":46.0},{"not_picked":["Entrench","Shrug It Off"],"picked":"True Grit","floor":48.0}],"player_experience":778660,"relics_obtained":[{"floor":7.0,"key":"Mango"},{"floor":9.0,"key":"White Beast Statue"},{"floor":12.0,"key":"Dream Catcher"},{"floor":14.0,"key":"Juzu Bracelet"},{"floor":23.0,"key":"Bottled Flame"},{"floor":25.0,"key":"Ornamental Fan"},{"floor":26.0,"key":"TungstenRod"},{"floor":31.0,"key":"Akabeko"},{"floor":40.0,"key":"Ancient Tea Set"},{"floor":43.0,"key":"InkBottle"},{"floor":45.0,"key":"Happy Flower"}],"event_choices":[{"cards_removed":["Strike_R"],"damage_healed":0.0,"max_hp_gain":0.0,"max_hp_loss":0.0,"gold_gain":0.0,"event_name":"Purifier","player_choice":"Purged","floor":2.0,"gold_loss":0.0,"damage_taken":0.0},{"damage_healed":0.0,"max_hp_gain":0.0,"max_hp_loss":0.0,"gold_gain":0.0,"event_name":"Dead Adventurer","player_choice":"Searched \u00271\u0027 times","floor":12.0,"gold_loss":0.0,"damage_taken":0.0},{"damage_healed":0.0,"max_hp_gain":5.0,"max_hp_loss":0.0,"gold_gain":0.0,"event_name":"Big Fish","player_choice":"Donut","floor":13.0,"gold_loss":0.0,"damage_taken":0.0},{"damage_healed":0.0,"max_hp_gain":0.0,"max_hp_loss":0.0,"gold_gain":0.0,"event_name":"The Mausoleum","player_choice":"Opened","floor":19.0,"gold_loss":0.0,"damage_taken":0.0,"relics_obtained":["Unceasing Top"],"cards_obtained":["Writhe"]},{"damage_healed":0.0,"max_hp_gain":0.0,"max_hp_loss":0.0,"gold_gain":0.0,"event_name":"FaceTrader","player_choice":"Trade","floor":21.0,"gold_loss":0.0,"damage_taken":0.0,"relics_obtained":["FaceOfCleric"]},{"damage_healed":0.0,"max_hp_gain":0.0,"max_hp_loss":0.0,"gold_gain":0.0,"event_name":"Vampires","player_choice":"Ignored","floor":28.0,"gold_loss":0.0,"damage_taken":0.0},{"damage_healed":0.0,"max_hp_gain":0.0,"max_hp_loss":0.0,"gold_gain":50.0,"event_name":"Nest","player_choice":"Stole From Cult","floor":30.0,"gold_loss":0.0,"damage_taken":0.0},{"damage_healed":0.0,"max_hp_gain":0.0,"max_hp_loss":0.0,"gold_gain":0.0,"event_name":"SensoryStone","player_choice":"Memory 1","floor":37.0,"gold_loss":0.0,"damage_taken":0.0},{"damage_healed":0.0,"max_hp_gain":0.0,"max_hp_loss":0.0,"gold_gain":275.0,"event_name":"Golden Shrine","player_choice":"Desecrate","floor":38.0,"gold_loss":0.0,"damage_taken":0.0,"cards_obtained":["Regret"]},{"damage_healed":21.0,"max_hp_gain":0.0,"max_hp_loss":0.0,"gold_gain":0.0,"event_name":"Winding Halls","player_choice":"Writhe","floor":47.0,"gold_loss":0.0,"damage_taken":0.0,"cards_obtained":["Writhe"]}],"is_beta":false,"boss_relics":[{"not_picked":["jesterMod:MachoBrace","Ectoplasm"],"picked":"Philosopher\u0027s Stone"},{"not_picked":["Velvet Choker","SacredBark"],"picked":"Cursed Key"}],"items_purged_floors":[11,20,29,36],"is_endless":false,"potions_floor_spawned":[1,4,10,12,14,16,18,22,23,25,33,35,39,40,41,42,44,45,46,48],"ascension_level":16}}