{"host":"pbf6u3tyx46snqc7","time":1609095046,"event":{"mods":["AchievementEnabler","BaseMod","Colored Map","Minty Spire (QoL Compilation)","Permanent Neow","Rare Cards Sparkle","Shop Mod","SuperFastMode"],"gold_per_floor":[109,26,26,101,101,101,121,121,121,271,282,300,16,31,31,105,105,122,133,44,44,44,44,44,44,44,61,61,74,104,123,123,197,247,258,258,271,7,57,57,67,99,175,175,187,187,187,203,203,203,203],"floor_reached":50,"playtime":2193,"items_purged":["Doubt","Regret"],"score":1110,"play_id":"a62890eb-6a09-497d-9608-2d0055556970","local_time":"20201228035046","is_ascension_mode":true,"campfire_choices":[{"data":"1","floor":6.0,"key":"LIFT"},{"data":"2","floor":8.0,"key":"LIFT"},{"data":"3","floor":15.0,"key":"LIFT"},{"data":"Sunder","floor":23.0,"key":"SMITH"},{"data":"Aggregate","floor":25.0,"key":"SMITH"},{"floor":32,"key":"REST"},{"floor":40,"key":"REST"},{"data":"Thunder Strike","floor":44,"key":"SMITH"},{"floor":46,"key":"REST"},{"floor":49,"key":"REST"}],"circlet_count":0,"master_deck":["AscendersBane","Strike_B+1","Strike_B+1","Strike_B+1","Strike_B+1","Defend_B+1","Defend_B+1","Defend_B+1","Defend_B+1","Zap","Dualcast","Streamline","Ball Lightning","Chill+1","Reinforced Body","Barrage","Rip and Tear","Coolheaded","Thunder Strike+1","Cold Snap","Aggregate+1","Sunder+1","Shame","Sweeping Beam","Ball Lightning","Beam Cell+1","Echo Form","Stack","Rebound","Melter+1","Gash","Recycle+1","Beam Cell","Doom and Gloom+1"],"relics":["Cracked Core","Girya","Kunai","Shuriken","Orichalcum","Cursed Key","Strawberry","Mango","Incense Burner","Tiny House","Omamori","Pocketwatch","Frozen Egg 2"],"acts_visited":["Exordium","TheCity","TheBeyond"],"potions_floor_usage":[33,33,42,45,50],"damage_taken":[{"damage":2.0,"enemies":"Cultist","floor":1.0,"turns":4.0},{"damage":5.0,"enemies":"Small Slimes","floor":7.0,"turns":3.0},{"damage":1.0,"enemies":"2 Louse","floor":11.0,"turns":2.0},{"damage":0.0,"enemies":"Large Slime","floor":12.0,"turns":3.0},{"damage":0.0,"enemies":"Exordium Wildlife","floor":14.0,"turns":3.0},{"damage":0.0,"enemies":"Hexaghost","floor":16.0,"turns":7.0},{"damage":13.0,"enemies":"Shell Parasite","floor":18.0,"turns":4.0},{"damage":0.0,"enemies":"Spheric Guardian","floor":19.0,"turns":2.0},{"damage":18.0,"enemies":"Chosen and Byrds","floor":27.0,"turns":5.0},{"damage":0.0,"enemies":"Snecko","floor":29.0,"turns":2.0},{"damage":32,"enemies":"Slavers","floor":30,"turns":4},{"damage":7,"enemies":"Centurion and Healer","floor":31,"turns":5},{"damage":32,"enemies":"Champ","floor":33,"turns":9},{"damage":1,"enemies":"3 Shapes","floor":35,"turns":9},{"damage":39,"enemies":"3 Darklings","floor":37,"turns":5},{"damage":1,"enemies":"Spire Growth","floor":41,"turns":4},{"damage":27,"enemies":"Reptomancer","floor":42,"turns":7},{"damage":33,"enemies":"Maw","floor":45,"turns":7},{"damage":9,"enemies":"4 Shapes","floor":48,"turns":4},{"damage":57,"enemies":"Donu and Deca","floor":50,"turns":5}],"seed_played":"-2205360453877227951","potions_obtained":[{"floor":7.0,"key":"Block Potion"},{"floor":14.0,"key":"SneckoOil"},{"floor":16.0,"key":"LiquidBronze"},{"floor":18.0,"key":"LiquidBronze"},{"floor":19.0,"key":"DistilledChaos"},{"floor":31,"key":"FocusPotion"},{"floor":34,"key":"ColorlessPotion"},{"floor":41,"key":"Fire Potion"},{"floor":45,"key":"EssenceOfSteel"},{"floor":48,"key":"SpeedPotion"}],"is_trial":false,"path_per_floor":["M","$","$","?","?","R","M","R","T","?","M","M","$","M","R","B",null,"M","M","$","?","?","R","?","R","T","M","$","M","E","M","R","B",null,"M","?","M","$","?","R","M","E","T","R","M","R","T","M","R","B"],"character_chosen":"DEFECT","items_purchased":["Streamline","Ball Lightning","Rip and Tear","Orichalcum","Sunder","Omamori"],"campfire_rested":4,"item_purchase_floors":[2,2,13,13,20,38],"current_hp_per_floor":[44,44,44,33,28,28,23,23,23,23,22,22,22,22,22,22,59,46,46,46,46,53,53,53,53,67,49,49,49,17,10,37,5,75,74,74,35,35,35,64,63,36,36,36,3,32,32,23,52,0,0],"gold":203,"neow_bonus":"ONE_RARE_RELIC","is_daily":false,"chose_seed":false,"campfire_upgraded":3,"win_rate":0.0,"timestamp":1609095046,"path_taken":["M","?","$","?","?","R","M","R","T","?","?","M","?","M","R","BOSS","M","M","$","?","?","R","?","R","T","M","?","?","E","M","R","BOSS","M","?","M","$","?","R","?","E","T","R","M","R","?","M","R","BOSS"],"items_purchased_type":["Card","Card","Card","Relic","Card","Relic"],"build_version":"2020-12-22","purchased_purges":2,"victory":false,"max_hp_per_floor":[71,71,71,71,71,71,71,71,71,71,71,71,71,71,71,71,71,71,71,71,71,78,78,78,78,92,92,92,92,92,92,92,92,97,97,97,97,97,97,97,97,97,97,97,97,97,97,97,97,97,97],"card_choices":[{"not_picked":["Beam Cell","Leap","Turbo"],"picked":"SKIP","floor":1.0},{"not_picked":["Redo","Conserve Battery"],"picked":"Chill","floor":7.0},{"not_picked":["Darkness","Fusion"],"picked":"Reinforced Body","floor":11.0},{"not_picked":["Fusion","Chill"],"picked":"Barrage","floor":12.0},{"not_picked":["Creative AI","Redo"],"picked":"Coolheaded","floor":14.0},{"not_picked":["Buffer","Creative AI"],"picked":"Thunder Strike","floor":16.0},{"not_picked":["Skim","Sweeping Beam"],"picked":"Cold Snap","floor":18.0},{"not_picked":["Conserve Battery","Glacier"],"picked":"Aggregate","floor":19.0},{"not_picked":["Steam","Turbo+1"],"picked":"Sweeping Beam","floor":27.0},{"not_picked":["Turbo","Streamline"],"picked":"Ball Lightning","floor":29.0},{"not_picked":["Glacier","Heatsinks"],"picked":"Beam Cell+1","floor":30},{"not_picked":["Electrodynamics","Streamline"],"picked":"Hologram","floor":31},{"not_picked":["Amplify","Creative AI"],"picked":"Echo Form","floor":33},{"not_picked":["Lockon","Rebound"],"picked":"Stack","floor":34},{"not_picked":["Redo","Stack"],"picked":"Rebound","floor":35},{"not_picked":["Storm","Multi-Cast"],"picked":"Melter+1","floor":37},{"not_picked":["Turbo","Consume"],"picked":"Gash","floor":41},{"not_picked":["Streamline","Stack"],"picked":"Recycle+1","floor":42},{"not_picked":["Reinforced Body","Stack"],"picked":"Beam Cell","floor":45},{"not_picked":["BootSequence+1","Stack"],"picked":"Doom and Gloom+1","floor":48}],"player_experience":355459,"relics_obtained":[{"floor":9.0,"key":"Shuriken"},{"floor":26.0,"key":"Mango"},{"floor":30,"key":"Incense Burner"},{"floor":42,"key":"Pocketwatch"},{"floor":47,"key":"Frozen Egg 2"}],"event_choices":[{"damage_healed":0.0,"max_hp_gain":0.0,"max_hp_loss":0.0,"gold_gain":75.0,"event_name":"World of Goop","player_choice":"Gather Gold","floor":4.0,"gold_loss":0.0,"damage_taken":11.0},{"damage_healed":0.0,"max_hp_gain":0.0,"max_hp_loss":0.0,"gold_gain":0.0,"event_name":"Scrap Ooze","player_choice":"Success","floor":5.0,"gold_loss":0.0,"damage_taken":5.0,"relics_obtained":["Kunai"]},{"damage_healed":0.0,"max_hp_gain":0.0,"max_hp_loss":0.0,"gold_gain":150.0,"event_name":"Liars Game","player_choice":"AGREE","floor":10.0,"gold_loss":0.0,"damage_taken":0.0,"cards_obtained":["Doubt"]},{"damage_healed":0.0,"max_hp_gain":0.0,"max_hp_loss":0.0,"gold_gain":0.0,"event_name":"Back to Basics","player_choice":"Simplicity","floor":21.0,"gold_loss":0.0,"damage_taken":0.0,"cards_upgraded":["Strike_B","Strike_B","Strike_B","Strike_B","Defend_B","Defend_B","Defend_B","Defend_B"]},{"damage_healed":0.0,"max_hp_gain":0.0,"max_hp_loss":0.0,"gold_gain":0.0,"event_name":"Addict","player_choice":"Stole Relic","floor":22.0,"gold_loss":0.0,"damage_taken":0.0,"relics_obtained":["Strawberry"],"cards_obtained":["Shame"]},{"damage_healed":0.0,"max_hp_gain":0.0,"max_hp_loss":0.0,"gold_gain":0.0,"event_name":"Ghosts","player_choice":"Ignored","floor":24.0,"gold_loss":0.0,"damage_taken":0.0},{"cards_removed":["Hologram"],"damage_healed":0,"gold_gain":0,"player_choice":"Removed Skill","damage_taken":0,"max_hp_gain":0,"max_hp_loss":0,"event_name":"Falling","floor":36,"gold_loss":0},{"damage_healed":0,"gold_gain":50,"player_choice":"Pray","damage_taken":0,"max_hp_gain":0,"max_hp_loss":0,"event_name":"Golden Shrine","floor":39,"gold_loss":0}],"is_beta":false,"boss_relics":[{"not_picked":["SlaversCollar","Snecko Eye"],"picked":"Cursed Key"},{"not_picked":["Runic Dome","Philosopher\u0027s Stone"],"picked":"Tiny House"}],"items_purged_floors":[13,38],"is_endless":false,"potions_floor_spawned":[7,14,16,18,19,31,41,45,48],"killed_by":"Donu and Deca","ascension_level":20}}