{"host":"rqd50iigewdjy74u","time":1609069935,"event":{"mods":["AchievementEnabler","BaseMod","BetterRewards","Custom Start","Minty Spire (QoL Compilation)","StSLib"],"gold_per_floor":[111,111,131,206,206,206,225,241,241,241,276,276,288,288,288,388,388,406,406,317,317,328,359,359,359],"floor_reached":24,"playtime":1018,"items_purged":[],"score":214,"play_id":"550827c7-e2eb-455a-8b4b-3f1741a8eed1","local_time":"20201227055215","is_ascension_mode":false,"campfire_choices":[{"floor":6,"key":"RECALL"},{"data":"Eruption","floor":10,"key":"SMITH"},{"data":"Halt","floor":12,"key":"SMITH"},{"data":"FlurryOfBlows","floor":15,"key":"SMITH"}],"circlet_count":0,"master_deck":["Strike_P","Strike_P","Strike_P","Strike_P+1","Defend_P","Defend_P","Defend_P+1","Defend_P","Eruption+1","Vigilance","Evaluate","FlurryOfBlows+1","EmptyMind","EmptyBody","Halt+1","SashWhip","MasterReality","Crescendo","Discovery","Prostrate","ClearTheMind"],"relics":["PureWater","NeowsBlessing","Torii","WingedGreaves","Philosopher\u0027s Stone","MutagenicStrength","Potion Belt"],"acts_visited":["Exordium","TheCity"],"potions_floor_usage":[11,11,16,23,23],"damage_taken":[{"damage":0,"enemies":"Jaw Worm","floor":1,"turns":1},{"damage":0,"enemies":"Cultist","floor":3,"turns":1},{"damage":0,"enemies":"2 Louse","floor":7,"turns":1},{"damage":10,"enemies":"Looter","floor":8,"turns":2},{"damage":3,"enemies":"3 Sentries","floor":11,"turns":7},{"damage":0,"enemies":"Blue Slaver","floor":13,"turns":3},{"damage":17,"enemies":"The Guardian","floor":16,"turns":11},{"damage":9,"enemies":"Chosen","floor":18,"turns":5},{"damage":11,"enemies":"Spheric Guardian","floor":22,"turns":3},{"damage":17,"enemies":"Book of Stabbing","floor":23,"turns":3},{"damage":45,"enemies":"Slavers","floor":24,"turns":4}],"seed_played":"-3871290694739918924","potions_obtained":[{"floor":1,"key":"Block Potion"},{"floor":3,"key":"Block Potion"},{"floor":8,"key":"Swift Potion"},{"floor":13,"key":"Ambrosia"},{"floor":18,"key":"ColorlessPotion"}],"is_trial":false,"path_per_floor":["M","?","M","?","?","R","M","M","T","R","E","R","M","T","R","B",null,"M","?","$","?","M","E","E"],"character_chosen":"WATCHER","items_purchased":["Discovery"],"campfire_rested":0,"item_purchase_floors":[20],"current_hp_per_floor":[72,72,72,61,47,47,47,37,37,37,34,34,34,34,34,17,72,63,63,63,63,52,35,0,0],"gold":359,"neow_bonus":"THREE_ENEMY_KILL","is_daily":false,"chose_seed":false,"campfire_upgraded":3,"win_rate":0.0,"timestamp":1609069935,"path_taken":["M","?","?","?","?","R","M","M","T","R","E","R","M","?","R","BOSS","M","?","$","?","M","E","E"],"items_purchased_type":["Card"],"build_version":"2020-12-22","purchased_purges":0,"victory":false,"max_hp_per_floor":[72,72,72,72,72,72,72,72,72,72,72,72,72,72,72,72,72,72,72,72,72,72,72,72,72],"card_choices":[{"not_picked":["Fasting2","ThirdEye"],"picked":"Evaluate","floor":1},{"not_picked":["Halt","EmptyBody"],"picked":"FlurryOfBlows","floor":3},{"not_picked":["Weave","PathToVictory"],"picked":"EmptyMind","floor":7},{"not_picked":["PathToVictory","SashWhip"],"picked":"EmptyBody","floor":8},{"not_picked":["FearNoEvil","PathToVictory"],"picked":"Halt","floor":11},{"not_picked":["ThirdEye","LikeWater"],"picked":"SashWhip","floor":13},{"not_picked":["Ragnarok","Blasphemy"],"picked":"MasterReality","floor":16},{"not_picked":["Consecrate","CrushJoints"],"picked":"Crescendo","floor":18},{"not_picked":["ThirdEye+1","ClearTheMind"],"picked":"Prostrate","floor":22},{"not_picked":["Perseverance+1","Crescendo"],"picked":"ClearTheMind","floor":23}],"player_experience":120066,"relics_obtained":[{"floor":11,"key":"Torii"},{"floor":14,"key":"WingedGreaves"},{"floor":23,"key":"Potion Belt"}],"event_choices":[{"damage_healed":0,"gold_gain":0,"player_choice":"Bought 0 Potions","damage_taken":0,"max_hp_gain":0,"max_hp_loss":0,"event_name":"The Woman in Blue","floor":2,"gold_loss":0},{"damage_healed":0,"gold_gain":75,"player_choice":"Gather Gold","damage_taken":11,"max_hp_gain":0,"max_hp_loss":0,"event_name":"World of Goop","floor":4,"gold_loss":0},{"damage_healed":0,"gold_gain":0,"player_choice":"Entered Light","damage_taken":14,"max_hp_gain":0,"max_hp_loss":0,"event_name":"Shining Light","floor":5,"gold_loss":0,"cards_upgraded":["Defend_P","Strike_P"]},{"damage_healed":0,"gold_gain":0,"player_choice":"Ignored","damage_taken":0,"max_hp_gain":0,"max_hp_loss":0,"event_name":"Beggar","floor":19,"gold_loss":0},{"damage_healed":0,"gold_gain":0,"player_choice":"Inject Mutagens","damage_taken":0,"relics_obtained":["MutagenicStrength"],"max_hp_gain":0,"max_hp_loss":0,"event_name":"Drug Dealer","floor":21,"gold_loss":0}],"is_beta":false,"boss_relics":[{"not_picked":["Black Star","Runic Pyramid"],"picked":"Philosopher\u0027s Stone"}],"items_purged_floors":[],"is_endless":false,"potions_floor_spawned":[1,3,8,13,18],"killed_by":"Slavers","ascension_level":0}}