{"host":"fne7yx97fnz7kq05","time":1609052207,"event":{"mods":["BaseMod","Colored Map","Colored Powertips","Highlight Path","Minty Spire (QoL Compilation)","Relic Stats"],"gold_per_floor":[113,20,36,54,54,82,82,115,115,130,147,72,72,95,95,174,174,186,200,200,380,392,392,412,412,435,12,12,0,32,42,42,118,118,137,155,167,192,192,192,227,244,321,334,362,362,80,110,110,110,110,110,26,54,54],"floor_reached":56,"playtime":8983,"items_purged":["Strike_G","Storm of Steel"],"score":2274,"play_id":"f448857e-967f-46df-8fe1-b8d66cd6f832","local_time":"20201227005647","is_ascension_mode":true,"campfire_choices":[{"data":"Predator","floor":7.0,"key":"SMITH"},{"data":"Catalyst","floor":13.0,"key":"SMITH"},{"floor":15.0,"key":"REST"},{"floor":23.0,"key":"REST"},{"data":"Wraith Form v2","floor":25.0,"key":"SMITH"},{"data":"Well Laid Plans","floor":28.0,"key":"SMITH"},{"floor":32.0,"key":"REST"},{"floor":40,"key":"RECALL"},{"data":"Night Terror","floor":46,"key":"SMITH"},{"data":"Tactician","floor":49,"key":"SMITH"},{"data":"Venomology","floor":52,"key":"SMITH"}],"circlet_count":0,"master_deck":["AscendersBane","Survivor+1","Neutralize","Dagger Throw","Footwork","Flying Knee+1","Deflect","Predator+1","Acrobatics+1","Wraith Form v2+1","Deadly Poison","Catalyst+1","Deadly Poison","Night Terror+1","Tactician","Tactician+1","Venomology+1","Grand Finale+1","Glass Knife","Noxious Fumes","Dagger Spray","Grand Finale","Dodge and Roll","Sucker Punch+1","Calculated Gamble+1","PiercingWail","Well Laid Plans+1","Prepared+1","Prepared+1","Acrobatics","Adrenaline"],"relics":["Ring of the Snake","Blood Vial","Centennial Puzzle","Pear","Odd Mushroom","Pandora\u0027s Box","Juzu Bracelet","Meat on the Bone","Gremlin Horn","Coffee Dripper","Tough Bandages","Dream Catcher","Bottled Lightning","Tingsha","Bottled Tornado","War Paint","Whetstone"],"acts_visited":["Exordium","TheCity","TheBeyond","TheEnding"],"potions_floor_usage":[35,36,37,41,42,48,50,54,55,55,55],"damage_taken":[{"damage":7.0,"enemies":"Cultist","floor":1.0,"turns":5.0},{"damage":0.0,"enemies":"2 Louse","floor":3.0,"turns":2.0},{"damage":5.0,"enemies":"Small Slimes","floor":4.0,"turns":4.0},{"damage":0.0,"enemies":"Gremlin Nob","floor":6.0,"turns":3.0},{"damage":34.0,"enemies":"Lagavulin","floor":8.0,"turns":7.0},{"damage":4.0,"enemies":"Red Slaver","floor":10.0,"turns":4.0},{"damage":4.0,"enemies":"Exordium Wildlife","floor":11.0,"turns":4.0},{"damage":6.0,"enemies":"The Mushroom Lair","floor":14.0,"turns":5.0},{"damage":18.0,"enemies":"The Guardian","floor":16.0,"turns":9.0},{"damage":12.0,"enemies":"Spheric Guardian","floor":18.0,"turns":5.0},{"damage":11.0,"enemies":"2 Thieves","floor":19.0,"turns":3.0},{"damage":3.0,"enemies":"Snecko","floor":22.0,"turns":4.0},{"damage":17.0,"enemies":"Shelled Parasite and Fungi","floor":24.0,"turns":2.0},{"damage":14.0,"enemies":"Slavers","floor":30.0,"turns":6.0},{"damage":24.0,"enemies":"Snake Plant","floor":31.0,"turns":3.0},{"damage":36,"enemies":"Automaton","floor":33,"turns":8},{"damage":1,"enemies":"3 Shapes","floor":35,"turns":4},{"damage":16,"enemies":"3 Darklings","floor":36,"turns":6},{"damage":9,"enemies":"Transient","floor":37,"turns":6},{"damage":15,"enemies":"Mind Bloom Boss Battle","floor":38,"turns":5},{"damage":7,"enemies":"Giant Head","floor":41,"turns":4},{"damage":0,"enemies":"Spire Growth","floor":42,"turns":6},{"damage":9,"enemies":"Sphere and 2 Shapes","floor":44,"turns":4},{"damage":12,"enemies":"Nemesis","floor":45,"turns":5},{"damage":2,"enemies":"Giant Head","floor":48,"turns":4},{"damage":0,"enemies":"Awakened One","floor":50,"turns":9},{"damage":0,"enemies":"Shield and Spear","floor":54,"turns":5},{"damage":46,"enemies":"The Heart","floor":55,"turns":11}],"seed_played":"-5351480082148379914","potions_obtained":[{"floor":0.0,"key":"Explosive Potion"},{"floor":0.0,"key":"Dexterity Potion"},{"floor":1.0,"key":"CunningPotion"},{"floor":6.0,"key":"LiquidBronze"},{"floor":11.0,"key":"Block Potion"},{"floor":16.0,"key":"AttackPotion"},{"floor":35,"key":"Explosive Potion"},{"floor":41,"key":"Ancient Potion"},{"floor":42,"key":"DuplicationPotion"},{"floor":54,"key":"Regen Potion"}],"is_trial":false,"path_per_floor":["M","$","M","M","T","E","R","E","T","M","M","$","R","?","R","B",null,"M","M","?","?","M","R","M","R","T","$","R","?","E","M","R","B",null,"M","M","M","?","?","R","E","M","T","M","E","R","$","E","R","B",null,"R","$","E","B",null],"character_chosen":"THE_SILENT","items_purchased":["Footwork","Flying Knee","Well Laid Plans","Meat on the Bone","Bottled Tornado","Ancient Potion"],"campfire_rested":3,"item_purchase_floors":[2,2,27,27,47,53],"current_hp_per_floor":[52,52,52,47,47,47,47,15,25,23,21,21,21,17,39,23,63,53,44,44,25,24,46,31,31,31,31,31,31,31,21,43,21,62,63,49,42,41,41,41,48,50,50,43,45,45,45,45,45,47,69,69,69,71,42],"gold":54,"neow_bonus":"THREE_SMALL_POTIONS","is_daily":false,"chose_seed":false,"campfire_upgraded":7,"win_rate":0.0,"timestamp":1609052207,"path_taken":["M","?","?","M","?","E","R","E","T","?","M","$","R","?","R","BOSS","M","M","?","?","?","R","M","R","T","$","R","?","E","M","R","BOSS","M","M","M","?","?","R","E","M","T","M","E","R","$","E","R","BOSS","R","$","E","BOSS"],"items_purchased_type":["Card","Card","Card","Relic","Relic","Potion"],"build_version":"2020-12-22","purchased_purges":2,"victory":true,"max_hp_per_floor":[66,66,66,66,66,66,66,66,76,76,76,76,76,76,76,76,76,76,76,76,76,76,76,76,76,76,76,76,76,76,76,76,76,76,76,76,76,76,76,76,76,76,76,76,76,76,76,76,76,76,76,76,76,76,76],"relic_stats":{"Gremlin Horn":[13,13],"counters":[28,143],"Tingsha":[353],"Juzu Bracelet":0,"Whetstone":["Flying Knee","Grand Finale"],"War Paint":["Acrobatics","Survivor"],"Blood Vial":48,"Centennial Puzzle":[60],"Tough Bandages":[552],"Dream Catcher":0,"Pandora\u0027s Box":["Tactician","Tactician","Venomology","Grand Finale","Glass Knife","Noxious Fumes","Dagger Spray","Grand Finale","Storm of Steel"],"obtain_stats":[{"Pear":9,"Gremlin Horn":30,"Tingsha":45,"Juzu Bracelet":26,"Whetstone":54,"Odd Mushroom":14,"Bottled Tornado":47,"War Paint":48,"Blood Vial":6,"Centennial Puzzle":8,"Tough Bandages":38,"Dream Catcher":41,"Pandora\u0027s Box":17,"Coffee Dripper":34,"Bottled Lightning":43,"Ring of the Snake":0,"Meat on the Bone":27},{"Pear":5,"Gremlin Horn":14,"Tingsha":24,"Juzu Bracelet":13,"Whetstone":27,"Odd Mushroom":8,"Bottled Tornado":24,"War Paint":25,"Blood Vial":4,"Centennial Puzzle":5,"Tough Bandages":20,"Dream Catcher":21,"Pandora\u0027s Box":9,"Coffee Dripper":16,"Bottled Lightning":22,"Ring of the Snake":0,"Meat on the Bone":13},{"Pear":21,"Gremlin Horn":63,"Tingsha":114,"Juzu Bracelet":57,"Whetstone":132,"Odd Mushroom":34,"Bottled Tornado":114,"War Paint":118,"Blood Vial":14,"Centennial Puzzle":21,"Tough Bandages":95,"Dream Catcher":99,"Pandora\u0027s Box":43,"Coffee Dripper":74,"Bottled Lightning":105,"Ring of the Snake":0,"Meat on the Bone":57}],"Ring of the Snake":[56],"Meat on the Bone":72},"card_choices":[{"not_picked":["Flechettes","Eviscerate"],"picked":"Dagger Throw","floor":1.0},{"not_picked":["Bane","Outmaneuver"],"picked":"Deflect","floor":3.0},{"not_picked":["Dagger Throw","Backstab"],"picked":"Predator","floor":4.0},{"not_picked":["Quick Slash","Slice"],"picked":"Acrobatics","floor":6.0},{"not_picked":["Dagger Spray","Cloak And Dagger"],"picked":"Wraith Form v2","floor":8.0},{"not_picked":["Tactician","Backflip"],"picked":"Deadly Poison","floor":10.0},{"not_picked":["PiercingWail","Underhanded Strike"],"picked":"Catalyst","floor":11.0},{"not_picked":["Dagger Throw","Sucker Punch"],"picked":"Deadly Poison","floor":14.0},{"not_picked":["Die Die Die","Unload"],"picked":"Night Terror","floor":16.0},{"not_picked":["Underhanded Strike","Masterful Stab"],"picked":"Dodge and Roll","floor":18.0},{"not_picked":["Expertise","Cloak And Dagger"],"picked":"Sucker Punch+1","floor":19.0},{"not_picked":["Crippling Poison","Backflip"],"picked":"Calculated Gamble+1","floor":22.0},{"not_picked":["Riddle With Holes","Outmaneuver"],"picked":"PiercingWail","floor":24.0},{"not_picked":["Terror","Calculated Gamble"],"picked":"Prepared+1","floor":30.0},{"not_picked":["Heel Hook","Catalyst","PiercingWail"],"picked":"SKIP","floor":31.0},{"not_picked":["Noxious Fumes","Accuracy"],"picked":"Prepared+1","floor":35},{"not_picked":["Bane","Blade Dance"],"picked":"Acrobatics","floor":36},{"not_picked":["Dagger Throw+1","Outmaneuver","Quick Slash"],"picked":"SKIP","floor":37},{"not_picked":["Tactician","Setup","Choke"],"picked":"SKIP","floor":41},{"not_picked":["Deflect","Underhanded Strike","Flying Knee"],"picked":"SKIP","floor":42},{"not_picked":["Prepared","Poisoned Stab","Sucker Punch+1"],"picked":"SKIP","floor":44},{"not_picked":["Finisher","Poisoned Stab"],"picked":"Adrenaline","floor":45},{"not_picked":["Backstab","Catalyst","Die Die Die"],"picked":"SKIP","floor":48},{"not_picked":["Dash+1","Dagger Throw","Prepared+1"],"picked":"SKIP","floor":54}],"player_experience":240340,"relics_obtained":[{"floor":6.0,"key":"Blood Vial"},{"floor":8.0,"key":"Centennial Puzzle"},{"floor":9.0,"key":"Pear"},{"floor":14.0,"key":"Odd Mushroom"},{"floor":26.0,"key":"Juzu Bracelet"},{"floor":30.0,"key":"Gremlin Horn"},{"floor":38,"key":"Tough Bandages"},{"floor":41,"key":"Dream Catcher"},{"floor":43,"key":"Bottled Lightning"},{"floor":45,"key":"Tingsha"},{"floor":48,"key":"War Paint"},{"floor":54,"key":"Whetstone"}],"event_choices":[{"damage_healed":0.0,"max_hp_gain":0.0,"max_hp_loss":0.0,"gold_gain":0.0,"event_name":"Mushrooms","player_choice":"Fought Mushrooms","floor":14.0,"gold_loss":0.0,"damage_taken":0.0},{"damage_healed":0.0,"max_hp_gain":0.0,"max_hp_loss":0.0,"gold_gain":0.0,"event_name":"Vampires","player_choice":"Ignored","floor":20.0,"gold_loss":0.0,"damage_taken":0.0},{"damage_healed":0.0,"max_hp_gain":0.0,"max_hp_loss":0.0,"gold_gain":180.0,"event_name":"Knowing Skull","player_choice":"GOLD GOLD ","floor":21.0,"potions_obtained":[],"gold_loss":0.0,"damage_taken":19.0,"cards_obtained":[]},{"damage_healed":0.0,"max_hp_gain":0.0,"max_hp_loss":0.0,"gold_gain":0.0,"event_name":"Masked Bandits","player_choice":"Paid Fearfully","floor":29.0,"gold_loss":12.0,"damage_taken":0.0},{"damage_healed":0,"gold_gain":0,"player_choice":"Fight","damage_taken":0,"max_hp_gain":0,"max_hp_loss":0,"event_name":"MindBloom","floor":38,"gold_loss":0},{"damage_healed":0,"gold_gain":0,"player_choice":"0 cards matched","damage_taken":0,"max_hp_gain":0,"max_hp_loss":0,"event_name":"Match and Keep!","floor":39,"gold_loss":0,"cards_obtained":[]}],"is_beta":false,"boss_relics":[{"not_picked":["Calling Bell","Ectoplasm"],"picked":"Pandora\u0027s Box"},{"not_picked":["WristBlade","Ring of the Serpent"],"picked":"Coffee Dripper"}],"items_purged_floors":[12,27],"is_endless":false,"potions_floor_spawned":[1,6,11,16,22,35,37,41,42,54],"ascension_level":18}}