{"host":"nwjx7hbomubpmo86","time":1609033866,"event":{"mods":["AchievementEnabler","BaseMod","Better Note","Better Third Choice","Downfall","Hermit","Hubris","Minty Spire (QoL Compilation)","Replay The Spire","StSLib","The Blackbeard","The Necromancer","slay the spire mod where everything is the same but ironclad has a cowboy hat"],"gold_per_floor":[109,384,13,30,49,49,82,82,82,82,18576,18576,18246,18280,18280,18351,18351,18365,18383,17481,17410,17430,17430,17462,17462,17462,17476,17476,17489,17505,16898,16898,16975,17075,17094,17094,17120,17131,17163,17163,17193,17248,17278,17323,17347,17374,17406,17418,17430,17442],"floor_reached":52,"playtime":1800,"items_purged":["Strike_R","Strike_R","Strike_R"],"score":2086,"play_id":"104b6338-4ab3-464d-aeac-d492331d0c7f","local_time":"20201227025106","is_ascension_mode":true,"campfire_choices":[{"data":"Armaments","floor":6.0,"key":"SMITH"},{"floor":8.0,"key":"REST"},{"data":"Panache","floor":10.0,"key":"SMITH"},{"data":"Metallicize","floor":15,"key":"SMITH"},{"data":"Apotheosis","floor":23,"key":"SMITH"},{"data":"Mind Blast","floor":25,"key":"SMITH"},{"data":"ReplayTheSpireMod:Brewmster","floor":28,"key":"SMITH"},{"data":"hubris:EnhanceAbility","floor":32,"key":"SMITH"},{"floor":49,"key":"DIG"}],"circlet_count":0,"master_deck":["AscendersBane","Strike_R","Strike_R+1","Defend_R","Defend_R","Defend_R","Defend_R","Bash","Fire Breathing","Regret","Panache+1","Armaments+1","Impervious","Spot Weakness","Twin Strike","Combust","ReplayTheSpireMod:Brewmster+1","Shrug It Off","Dropkick","Finisher","Electrodynamics","Defy Death","Pommel Strike","Headbutt","Pummel","Evolve","Metallicize+1","Eclipse","ReplayTheSpireMod:Strike From Hell","Armaments+1","Apotheosis+1","Inflame","Inflame","Infernal Blade","Dual Wield","Rampage","Mind Blast+1","Cleave","Heavy Blade+1","Demon Form","Spot Weakness","Rampage","Evolve+1","Bloodletting","ReplayTheSpireMod:Limb From Limb","Uppercut","hubris:EnhanceAbility+1","Exhume","Deep Breath","Feed","Wild Strike+1","Armaments+1","Iron Wave","Rage+1","Anger","Disarm","Headbutt","Flame Barrier","ReplayTheSpireMod:Limb From Limb"],"relics":["Burning Blood","Lee\u0027s Waffle","Potion Belt","hubris:GlazedTorus","Sling","Mirror","Dream Catcher","hubris:Teleporter","Tiny Chest","Orrery","Happy Flower","Black Star","Membership Card","Replay:Baseball","Orichalcum","Shuriken","Chameleon Ring","Letter Opener","King of Hearts","Bag of Marbles","Replay:Wanted Poster","Oddly Smooth Stone","Akabeko","Omamori","hubris:Towel","Smiling Mask","Pear","MawBank","Golden Egg","Bottled Flame","Shovel","Red Skull"],"acts_visited":["Exordium","TheCity","TheBeyond"],"potions_floor_usage":[14,16,16,16,16,16,18,18,19,22,22,24,24,24,27,27,27,33,33,33,33,33,39,39,42,44,44,45,50,50,50,50,51,51,51,51,51],"damage_taken":[{"damage":6.0,"enemies":"2 Louse","floor":1.0,"turns":3.0},{"damage":21.0,"enemies":"Cultist","floor":4.0,"turns":4.0},{"damage":12.0,"enemies":"Jaw Worm","floor":5.0,"turns":3.0},{"damage":35.0,"enemies":"Gremlin Nob","floor":7.0,"turns":5.0},{"damage":33,"enemies":"Lagavulin","floor":14,"turns":6},{"damage":43,"enemies":"The Guardian","floor":16,"turns":8},{"damage":30,"enemies":"3 Byrds","floor":18,"turns":5},{"damage":31,"enemies":"Chosen","floor":19,"turns":6},{"damage":0,"enemies":"Snecko","floor":22,"turns":2},{"damage":109,"enemies":"Book of Stabbing","floor":24,"turns":7},{"damage":37,"enemies":"Snake Plant","floor":27,"turns":4},{"damage":42,"enemies":"Shelled Parasite and Fungi","floor":29,"turns":4},{"damage":0,"enemies":"Snecko","floor":30,"turns":3},{"damage":50,"enemies":"hubris:MusketHawk","floor":33,"turns":8},{"damage":10,"enemies":"3 Shapes","floor":35,"turns":2},{"damage":6,"enemies":"3 Darklings","floor":39,"turns":2},{"damage":50,"enemies":"Giant Head","floor":40,"turns":7},{"damage":74,"enemies":"Nemesis","floor":42,"turns":7},{"damage":23,"enemies":"Maw","floor":44,"turns":7},{"damage":74,"enemies":"Reptomancer","floor":45,"turns":7},{"damage":32,"enemies":"Writhing Mass","floor":47,"turns":5},{"damage":11,"enemies":"Spire Growth","floor":48,"turns":3},{"damage":82,"enemies":"Time Eater","floor":50,"turns":8},{"damage":162,"enemies":"hubris:GrandSnecko","floor":51,"turns":13}],"seed_played":"772781411903490266","potions_obtained":[{"floor":5.0,"key":"FearPotion"},{"floor":14,"key":"PowerPotion"},{"floor":24,"key":"Fire Potion"},{"floor":33,"key":"ColorlessPotion"},{"floor":44,"key":"FairyPotion"},{"floor":48,"key":"Doom Potion"}],"is_trial":false,"path_per_floor":["M","?","$","M","M","R","E","R","T","R","$","?","$","E","R","B",null,"M","M","$","?","M","R","E","R","T","M","R","M","M","$","R","B",null,"M","?","T","M","E","?","E","T","M","E","?","M","M","R","B","B",null],"character_chosen":"IRONCLAD","items_purchased":["Panache","Lee\u0027s Waffle","Twin Strike","Combust","hubris:GlazedTorus","ReplayTheSpireMod:Brewmster","Sling","Shrug It Off","Dropkick","Mirror","LifebloodPotion","Swift Potion","BloodPotion","Tiny Chest","Orrery","Apotheosis","Membership Card","Replay:Baseball","Orichalcum","Inflame","Infernal Blade","Dual Wield","Rampage","Mind Blast","Cleave","Guardian:BlockOnCardUsePotion","DuplicationPotion","King of Hearts","Bag of Marbles","Evolve+1","Bloodletting","ReplayTheSpireMod:Limb From Limb","Uppercut","hubris:EnhanceAbility","Exhume","Deep Breath"],"campfire_rested":1,"item_purchase_floors":[3,3,11,11,11,11,11,11,11,11,11,11,11,13,13,20,20,20,20,20,20,20,20,20,20,20,20,31,31,31,31,31,31,31,31,31],"current_hp_per_floor":[68,68,82,67,61,61,32,56,56,56,56,134,134,82,82,45,73,65,40,40,40,46,46,82,82,82,51,51,82,82,82,82,38,71,67,67,67,67,23,23,92,92,79,96,58,96,91,91,96,88],"gold":17454,"neow_bonus":"RANDOM_EVENT","is_daily":false,"chose_seed":false,"campfire_upgraded":7,"win_rate":0.0,"timestamp":1609033866,"path_taken":["M","?","$","?","M","R","E","R","T","R","$","?","$","E","R","BOSS","M","M","$","?","M","R","E","R","T","?","R","M","M","$","R","BOSS","M","?","?","M","E","?","E","T","M","E","?","M","M","R","BOSS","BOSS"],"items_purchased_type":["Card","Relic","Card","Card","Relic","Card","Relic","Card","Card","Relic","Potion","Potion","Potion","Relic","Relic","Card","Relic","Relic","Relic","Card","Card","Card","Card","Card","Card","Potion","Potion","Relic","Relic","Card","Card","Card","Card","Card","Card","Card"],"build_version":"2020-12-22","purchased_purges":3,"victory":true,"max_hp_per_floor":[75,75,82,82,82,82,82,82,82,82,82,82,82,82,82,82,82,82,82,82,82,82,82,82,82,82,82,82,82,82,82,82,82,82,82,82,82,82,82,82,92,92,96,96,96,96,96,96,96,96],"card_choices":[{"not_picked":["Twin Strike","Shrug It Off"],"picked":"Fire Breathing","floor":1.0},{"not_picked":["Anger","True Grit"],"picked":"Armaments","floor":4.0},{"not_picked":["Pommel Strike","Infernal Blade"],"picked":"Impervious","floor":5.0},{"not_picked":["ReplayTheSpireMod:Limb From Limb","Wild Strike"],"picked":"Spot Weakness","floor":7.0},{"not_picked":["Body Slam","Headbutt"],"picked":"Defy Death","floor":13},{"not_picked":["Life Link","Dark Embrace"],"picked":"Pommel Strike","floor":13},{"not_picked":["Perfected Strike","Entrench"],"picked":"Headbutt","floor":13},{"not_picked":["Clash","Dual Wield"],"picked":"Pummel","floor":13},{"not_picked":["Perfected Strike","Twin Strike"],"picked":"Evolve","floor":13},{"not_picked":["Pommel Strike","Wild Strike"],"picked":"Metallicize","floor":14},{"not_picked":["Demonic Infusion","hubris:StunningStrike"],"picked":"Eclipse","floor":16},{"not_picked":["Flex","ReplayReversal"],"picked":"ReplayTheSpireMod:Strike From Hell","floor":18},{"not_picked":["Sword Boomerang","Headbutt"],"picked":"Armaments+1","floor":19},{"not_picked":["Thunderclap","True Grit"],"picked":"Heavy Blade+1","floor":22},{"not_picked":["Rupture","Shrug It Off"],"picked":"Demon Form","floor":24},{"not_picked":["ReplayTheSpireMod:Limb From Limb","Body Slam"],"picked":"Spot Weakness","floor":27},{"not_picked":["Dark Embrace","Armaments","Dual Wield"],"picked":"SKIP","floor":29},{"not_picked":["Flex","Body Slam"],"picked":"Rampage","floor":30},{"not_picked":["Double Tap","Hemogenesis"],"picked":"Feed","floor":33},{"not_picked":["ReplayTheSpireMod:Strike From Hell+1","Hemokinesis"],"picked":"Wild Strike+1","floor":35},{"not_picked":["Havoc","Shrug It Off+1"],"picked":"Armaments+1","floor":39},{"not_picked":["ReplayTheSpireMod:Strike From Hell","Exhume"],"picked":"Iron Wave","floor":40},{"not_picked":["Evolve","Dual Wield+1"],"picked":"Rage+1","floor":42},{"not_picked":["Abandon","Havoc"],"picked":"Anger","floor":44},{"not_picked":["Perfected Strike+1","True Grit"],"picked":"Disarm","floor":45},{"not_picked":["Clothesline","Second Wind"],"picked":"Headbutt","floor":46},{"not_picked":["ReplayTheSpireMod:Stacked","Pommel Strike"],"picked":"Flame Barrier","floor":47},{"not_picked":["Disarm","Flex"],"picked":"ReplayTheSpireMod:Limb From Limb","floor":48}],"player_experience":586470,"relics_obtained":[{"floor":9.0,"key":"Potion Belt"},{"floor":14,"key":"Happy Flower"},{"floor":24,"key":"Chameleon Ring"},{"floor":24,"key":"Letter Opener"},{"floor":38,"key":"Oddly Smooth Stone"},{"floor":40,"key":"Akabeko"},{"floor":40,"key":"Omamori"},{"floor":42,"key":"Smiling Mask"},{"floor":42,"key":"Pear"},{"floor":43,"key":"MawBank"},{"floor":45,"key":"Golden Egg"},{"floor":45,"key":"Bottled Flame"},{"floor":46,"key":"Shovel"},{"floor":49,"key":"Red Skull"}],"event_choices":[{"damage_healed":0.0,"max_hp_gain":0.0,"max_hp_loss":0.0,"gold_gain":275.0,"event_name":"Golden Shrine","player_choice":"Desecrate","floor":2.0,"gold_loss":0.0,"damage_taken":0.0,"cards_obtained":["Regret"]},{"damage_healed":0,"gold_gain":0,"player_choice":"Paid Gold","damage_taken":0,"relics_obtained":["Shuriken"],"max_hp_gain":0,"max_hp_loss":0,"event_name":"WeMeetAgain","floor":21,"gold_loss":71},{"damage_healed":0,"gold_gain":0,"player_choice":"Ignored","damage_taken":0,"max_hp_gain":0,"max_hp_loss":0,"event_name":"Tomb of Lord Red Mask","floor":37,"gold_loss":0}],"is_beta":false,"boss_relics":[{"not_picked":["Sozu","Ring of Chaos"],"picked":"Black Star"},{"not_picked":["Cursed Key","Replay:Ancient Bell"],"picked":"Replay:Wanted Poster"}],"items_purged_floors":[11,20,31],"is_endless":false,"potions_floor_spawned":[5,14,16,24,29,33,35,44,48],"ascension_level":20}}