{"host":"ba8fi0vd2808q8ml","time":1609062824,"event":{"mods":["2.2 Compatiblity","AchievementEnabler","BaseMod","Hermit","Lobotomy","LobotomyExtend","Marisa£¨Ùöéë¡¡Øª×âÞÞ£©","Minty Spire (QoL Compilation)","StSLib","SuperFastMode","Td1madao Mod","The Bug Knight","The Cursed","The Servant 0.9.4"],"gold_per_floor":[116,116,116,132,61,89,89,89,89],"floor_reached":8,"playtime":143,"items_purged":[],"score":57,"play_id":"1bb07fee-0057-4caa-b7aa-1cdacc4d551c","local_time":"20201227185344","is_ascension_mode":true,"campfire_choices":[{"floor":7,"key":"REST"}],"circlet_count":0,"master_deck":["SpecialBullet","SpecialBullet","SpecialBullet","SpecialBullet","SpecialBullet","SpecialBullet","ExtractionCode","InformationCode","TrainingCode","Mimicry","SolemnVow","Logging","MeatLantern"],"relics":["CogitoBucket","Meat on the Bone"],"acts_visited":["Exordium"],"potions_floor_usage":[],"damage_taken":[{"damage":6,"enemies":"Cultist","floor":1,"turns":3},{"damage":19,"enemies":"2 Louse","floor":4,"turns":3},{"damage":36,"enemies":"Gremlin Nob","floor":6,"turns":5},{"damage":71,"enemies":"3 Sentries","floor":8,"turns":4}],"seed_played":"2825023654803565158","potions_obtained":[],"is_trial":false,"path_per_floor":["M","?","$","M","$","E","R","E"],"character_chosen":"Angela","items_purchased":["SolemnVow"],"campfire_rested":1,"item_purchase_floors":[5],"current_hp_per_floor":[64,57,57,38,38,2,23,0,0],"gold":89,"neow_bonus":"TRANSFORM_CARD","is_daily":false,"chose_seed":false,"campfire_upgraded":0,"win_rate":0.0,"timestamp":1609062824,"path_taken":["M","?","$","M","$","E","R","E"],"items_purchased_type":["Card"],"build_version":"2020-12-22","purchased_purges":0,"victory":false,"max_hp_per_floor":[70,70,70,70,70,70,70,70,70],"card_choices":[{"not_picked":["Penitence","Loneliness"],"picked":"SKIP","floor":1},{"not_picked":["FourthMatchFlame","Lantern"],"picked":"SKIP","floor":1},{"not_picked":["FourthMatchFlame","Noise"],"picked":"SKIP","floor":4},{"not_picked":["Christmas","ShedSkin"],"picked":"SKIP","floor":4},{"not_picked":["MagicBullet"],"picked":"Logging","floor":6},{"not_picked":["Scorched","Wellcheers"],"picked":"MeatLantern","floor":6}],"player_experience":60472,"relics_obtained":[{"floor":6,"key":"Meat on the Bone"}],"event_choices":[{"cards_removed":["SpecialBullet"],"damage_healed":0,"gold_gain":0,"player_choice":"Card Removal","damage_taken":7,"max_hp_gain":0,"max_hp_loss":0,"event_name":"Golden Wing","floor":2,"gold_loss":0}],"is_beta":false,"boss_relics":[],"items_purged_floors":[],"is_endless":false,"potions_floor_spawned":[],"killed_by":"3 Sentries","ascension_level":1}}