{"host":"fa96ppy4vc5r7pma","time":1609077227,"event":{"mods":["BaseMod","Best Route Mod","Bestiary","Block Reminder","Colored Map","Dota2Spire","Ekko","GungeonMod","Hermit","Highlight Path","Hubris","Minty Spire (QoL Compilation)","Permanent Neow","Quick Restart","Random Character Button","Relic Stats","Replay The Spire","StSLib","The Blue Laboratory","The Servant 0.9.4"],"gold_per_floor":[219,229,239,253,266,266,266,266,266,297,312,205,205,221,221,344,344,363,363,363,363],"floor_reached":20,"playtime":1011,"items_purged":[],"score":176,"play_id":"51f4d522-cf4f-4817-be0e-226d591574fa","local_time":"20201227085347","is_ascension_mode":false,"campfire_choices":[{"floor":6,"key":"REST"},{"data":"hermit:Combo","floor":8,"key":"SMITH"},{"data":"hermit:GoldenBullet","floor":13,"key":"SMITH"},{"floor":15,"key":"REST"}],"circlet_count":0,"master_deck":["hermit:Strike_Hermit","hermit:Strike_Hermit","hermit:Strike_Hermit","hermit:Strike_Hermit","hermit:Defend_Hermit","hermit:Defend_Hermit","hermit:Defend_Hermit","hermit:Defend_Hermit","hermit:Snapshot","hermit:Covet","hermit:Desperado","hermit:Combo+1","hermit:Headshot","hermit:Vantage","hermit:RoundhouseKick","hermit:GoldenBullet+1","hermit:Shortfuse","Spreading Infection","hermit:Dive","hermit:Dissolve","hermit:TakeAim"],"relics":["hermit:Momento","Golden Idol","Bag of Marbles","Replay:Mystery Machine","ReplayTheSpireMod:CursedCoin","DemoMod:MeltedRock","hubris:Backtick","Matryoshka","MutagenicStrength"],"acts_visited":["Exordium","TheCity"],"potions_floor_usage":[4,16],"damage_taken":[{"damage":2,"enemies":"Small Slimes","floor":1,"turns":3},{"damage":6,"enemies":"Jaw Worm","floor":2,"turns":3},{"damage":0,"enemies":"2 Louse","floor":3,"turns":2},{"damage":0,"enemies":"Gremlin Gang","floor":4,"turns":2},{"damage":24,"enemies":"Exordium Wildlife","floor":5,"turns":5},{"damage":13,"enemies":"Gremlin Nob","floor":10,"turns":3},{"damage":0,"enemies":"3 Louse","floor":11,"turns":3},{"damage":4,"enemies":"Looter","floor":14,"turns":2},{"damage":22,"enemies":"Hexaghost","floor":16,"turns":10},{"damage":25,"enemies":"Shell Parasite","floor":18,"turns":12},{"damage":44,"enemies":"3 Byrds","floor":20,"turns":5}],"seed_played":"6442409554084438169","potions_obtained":[{"floor":2,"key":"AttackPotion"},{"floor":5,"key":"Dota2Spire:Clarity"}],"is_trial":false,"path_per_floor":["M","M","M","M","M","R","?","R","T","E","M","$","R","M","R","B",null,"M","?","M"],"character_chosen":"HERMIT","items_purchased":["ReplayTheSpireMod:CursedCoin","DemoMod:MeltedRock"],"campfire_rested":2,"item_purchase_floors":[12,12],"current_hp_per_floor":[73,67,67,67,43,65,65,65,65,52,52,52,52,48,68,46,69,44,44,0,0],"gold":363,"neow_bonus":"HUNDRED_GOLD","is_daily":false,"chose_seed":false,"campfire_upgraded":2,"win_rate":0.0,"timestamp":1609077227,"path_taken":["M","M","M","M","M","R","?","R","T","E","M","$","R","M","R","BOSS","M","?","M"],"items_purchased_type":["Relic","Relic"],"build_version":"2020-12-22","purchased_purges":0,"victory":false,"max_hp_per_floor":[75,75,75,75,75,75,69,69,69,69,69,69,69,69,69,69,69,69,69,69,69],"relic_stats":{"counters":[11,50],"Golden Idol":41,"obtain_stats":[{"hubris:Backtick":17,"Matryoshka":17,"Golden Idol":7,"ReplayTheSpireMod:CursedCoin":12,"MutagenicStrength":19,"DemoMod:MeltedRock":12,"DemoMod:GlassGuonStoneRelic":2,"Bag of Marbles":9,"Replay:Mystery Machine":10,"hermit:Momento":0},{"hubris:Backtick":9,"Matryoshka":9,"Golden Idol":5,"ReplayTheSpireMod:CursedCoin":7,"MutagenicStrength":10,"DemoMod:MeltedRock":7,"DemoMod:GlassGuonStoneRelic":2,"Bag of Marbles":5,"Replay:Mystery Machine":6,"hermit:Momento":0},{"hubris:Backtick":33,"Matryoshka":33,"Golden Idol":15,"ReplayTheSpireMod:CursedCoin":21,"MutagenicStrength":45,"DemoMod:MeltedRock":21,"DemoMod:GlassGuonStoneRelic":6,"Bag of Marbles":15,"Replay:Mystery Machine":18,"hermit:Momento":0}]},"card_choices":[{"not_picked":["hermit:DeadMansHand","hermit:CalledShot"],"picked":"hermit:Desperado","floor":1},{"not_picked":["hermit:PistolWhip","hermit:Headshot"],"picked":"hermit:Combo","floor":2},{"not_picked":["hermit:Coalescence","hermit:HoleUp"],"picked":"hermit:Headshot","floor":3},{"not_picked":["hermit:HoleUp","hermit:BodyArmor"],"picked":"hermit:Vantage","floor":4},{"not_picked":["hermit:Coalescence","hermit:Glare"],"picked":"hermit:RoundhouseKick","floor":5},{"not_picked":["hermit:Spite","hermit:NoHoldsBarred"],"picked":"hermit:GoldenBullet","floor":10},{"not_picked":["hermit:WideOpen","hermit:Coalescence"],"picked":"hermit:Shortfuse","floor":11},{"not_picked":["hermit:FromBeyond","hermit:Gestalt"],"picked":"hermit:Dive","floor":14},{"not_picked":["hermit:Magnum","hermit:RoundhouseKick"],"picked":"hermit:Dissolve","floor":16},{"not_picked":["hermit:Gestalt","hermit:Desperado+1"],"picked":"hermit:TakeAim","floor":18}],"player_experience":101564,"relics_obtained":[{"floor":9,"key":"Bag of Marbles"},{"floor":10,"key":"Replay:Mystery Machine"}],"event_choices":[{"damage_healed":0,"gold_gain":0,"player_choice":"Lose Max HP","damage_taken":0,"relics_obtained":["Golden Idol"],"max_hp_gain":0,"max_hp_loss":6,"event_name":"Golden Idol","floor":7,"gold_loss":0},{"damage_healed":0,"gold_gain":0,"player_choice":"Inject Mutagens","damage_taken":0,"relics_obtained":["MutagenicStrength"],"max_hp_gain":0,"max_hp_loss":0,"event_name":"Drug Dealer","floor":19,"gold_loss":0}],"is_beta":false,"boss_relics":[{"not_picked":["hermit:DentedPlate","Kintsugi"],"picked":"hubris:Backtick"}],"items_purged_floors":[],"is_endless":false,"potions_floor_spawned":[2,4,5,10],"killed_by":"3 Byrds","ascension_level":0}}