{"host":"daa8jqyg4gqfaysm","time":1609085395,"event":{"mods":["BaseMod","Colored Powertips","Minty Spire (QoL Compilation)","StSLib"],"gold_per_floor":[113,93,5,23,43,43,76,76,123,123,151,151,164,164,164,164,164],"floor_reached":16,"playtime":278,"items_purged":[],"score":194,"play_id":"f0753478-f43b-4eee-825d-32a6e3fdd337","local_time":"20201228000955","is_ascension_mode":true,"campfire_choices":[{"data":"Defragment","floor":6,"key":"SMITH"},{"data":"Loop","floor":8,"key":"SMITH"},{"data":"Zap","floor":10,"key":"SMITH"},{"floor":12,"key":"REST"},{"data":"Heatsinks","floor":15,"key":"SMITH"}],"circlet_count":0,"master_deck":["AscendersBane","Strike_B","Strike_B","Strike_B","Strike_B","Defend_B","Defend_B","Defend_B","Defend_B","Zap+1","Dualcast","Ball Lightning","Defragment+1","Loop+1","Conserve Battery","BootSequence","Heatsinks+1","Compile Driver"],"relics":["Cracked Core","NeowsBlessing","Tiny Chest","Mummified Hand"],"acts_visited":["Exordium"],"potions_floor_usage":[7,7,16,16],"damage_taken":[{"damage":0,"enemies":"Jaw Worm","floor":1,"turns":1},{"damage":0,"enemies":"Cultist","floor":4,"turns":1},{"damage":0,"enemies":"Small Slimes","floor":5,"turns":1},{"damage":30,"enemies":"Gremlin Nob","floor":7,"turns":4},{"damage":23,"enemies":"Lagavulin","floor":11,"turns":5},{"damage":3,"enemies":"Blue Slaver","floor":13,"turns":3},{"damage":35,"enemies":"The Guardian","floor":16,"turns":9}],"seed_played":"7141334198343869841","potions_obtained":[{"floor":1,"key":"PowerPotion"},{"floor":2,"key":"Swift Potion"},{"floor":7,"key":"SneckoOil"},{"floor":11,"key":"SpeedPotion"}],"is_trial":false,"path_per_floor":["M","?","$","M","M","R","E","R","T","R","E","R","M","?","R","B"],"character_chosen":"DEFECT","items_purchased":["Defragment"],"campfire_rested":1,"item_purchase_floors":[3],"current_hp_per_floor":[64,64,64,64,64,64,34,34,34,34,11,32,29,29,29,0,0],"gold":164,"neow_bonus":"THREE_ENEMY_KILL","is_daily":false,"chose_seed":false,"campfire_upgraded":4,"win_rate":0.0,"timestamp":1609085395,"path_taken":["M","?","$","M","?","R","E","R","T","R","E","R","M","?","R","BOSS"],"items_purchased_type":["Card"],"build_version":"2020-12-22","purchased_purges":0,"victory":false,"max_hp_per_floor":[71,71,71,71,71,71,71,71,71,71,71,71,71,71,71,71,71],"card_choices":[{"not_picked":["Chaos","Gash"],"picked":"Ball Lightning","floor":1},{"not_picked":["Turbo","Recycle"],"picked":"Loop","floor":4},{"not_picked":["Genetic Algorithm","Capacitor"],"picked":"Conserve Battery","floor":5},{"not_picked":["Hello World","Rebound"],"picked":"BootSequence","floor":7},{"not_picked":["Coolheaded","Darkness"],"picked":"Heatsinks","floor":11},{"not_picked":["Doom and Gloom","Blizzard"],"picked":"Compile Driver","floor":13}],"player_experience":741674,"relics_obtained":[{"floor":7,"key":"Tiny Chest"},{"floor":11,"key":"Mummified Hand"}],"event_choices":[{"damage_healed":0,"gold_gain":0,"player_choice":"Bought 1 Potion","damage_taken":0,"max_hp_gain":0,"max_hp_loss":0,"event_name":"The Woman in Blue","floor":2,"gold_loss":0},{"damage_healed":0,"gold_gain":0,"player_choice":"Ignored","damage_taken":0,"max_hp_gain":0,"max_hp_loss":0,"event_name":"Liars Game","floor":14,"gold_loss":0}],"is_beta":false,"boss_relics":[],"items_purged_floors":[],"is_endless":false,"potions_floor_spawned":[1,7,11],"killed_by":"The Guardian","ascension_level":16}}