{"host":"uq7j81ocmf0ebuur","time":1609073426,"event":{"mods":["AchievementEnabler","BaseMod","Better Match","Better Note","Better Third Choice","Block Reminder","Colored Map","Colored Powertips","Defuse TimeMaze Blight","Googly Eyes","Minty Spire (QoL Compilation)","Relic Stats","StSLib","SuperFastMode","everything is the same but u backflip on backflip","slay the spire mod where everything is the same but ironclad has a cowboy hat"],"gold_per_floor":[112,124,135,135,85,85,129,154,154,7,7,43,43,67,67,187,187,205,205,223,148,164,164,205,205,231,231,231,231],"floor_reached":28,"playtime":1740,"items_purged":["Strike_G"],"score":308,"play_id":"d185c42c-efd4-4add-ac7b-935a9c562328","local_time":"20201227145026","is_ascension_mode":true,"campfire_choices":[{"data":"Poisoned Stab","floor":6,"key":"SMITH"},{"data":"Footwork","floor":11,"key":"SMITH"},{"data":"Envenom","floor":13,"key":"SMITH"},{"floor":15,"key":"REST"},{"data":"After Image","floor":23,"key":"SMITH"},{"floor":27,"key":"REST"}],"circlet_count":0,"master_deck":["Strike_G","Defend_G","Defend_G","Defend_G","Defend_G","Survivor","Neutralize","Poisoned Stab+1","Endless Agony","Flying Knee","Endless Agony","Dash","Footwork+1","Envenom+1","Footwork","After Image+1","PiercingWail","RitualDagger","Deadly Poison","After Image+1","Dagger Spray+1","Terror","Bane"],"relics":["Ring of the Snake","Golden Idol","Omamori","Turnip","HoveringKite","Mango","Art of War"],"acts_visited":["Exordium","TheCity"],"potions_floor_usage":[14,22,24,28],"damage_taken":[{"damage":4,"enemies":"Cultist","floor":1,"turns":6},{"damage":1,"enemies":"Jaw Worm","floor":2,"turns":4},{"damage":0,"enemies":"2 Louse","floor":3,"turns":3},{"damage":33,"enemies":"Lagavulin","floor":7,"turns":8},{"damage":1,"enemies":"Red Slaver","floor":8,"turns":3},{"damage":4,"enemies":"3 Sentries","floor":12,"turns":7},{"damage":0,"enemies":"Gremlin Gang","floor":14,"turns":5},{"damage":16,"enemies":"The Guardian","floor":16,"turns":9},{"damage":5,"enemies":"Chosen","floor":18,"turns":6},{"damage":4,"enemies":"3 Byrds","floor":20,"turns":7},{"damage":5,"enemies":"Centurion and Healer","floor":22,"turns":11},{"damage":21,"enemies":"Book of Stabbing","floor":24,"turns":9},{"damage":53,"enemies":"Gremlin Leader","floor":28,"turns":6}],"seed_played":"-5899384733804266822","potions_obtained":[{"floor":3,"key":"SmokeBomb"},{"floor":7,"key":"Block Potion"},{"floor":8,"key":"Swift Potion"},{"floor":18,"key":"Swift Potion"},{"floor":20,"key":"LiquidMemories"}],"is_trial":false,"path_per_floor":["M","M","M","?","?","R","E","M","T","$","R","E","R","M","R","B",null,"M","?","M","?","M","R","E","?","T","R","E"],"character_chosen":"THE_SILENT","items_purchased":["Footwork"],"campfire_rested":2,"item_purchase_floors":[10],"current_hp_per_floor":[66,65,65,65,65,65,32,31,31,31,31,27,27,27,46,30,56,51,45,41,41,36,36,29,29,29,52,0,0],"gold":231,"neow_bonus":"REMOVE_CARD","is_daily":false,"chose_seed":false,"campfire_upgraded":4,"win_rate":0.0,"timestamp":1609073426,"path_taken":["M","M","M","?","?","R","E","M","T","?","R","E","R","?","R","BOSS","M","?","M","?","?","R","E","?","T","R","E"],"items_purchased_type":["Card"],"build_version":"2020-12-22","purchased_purges":1,"victory":false,"max_hp_per_floor":[70,70,70,65,65,65,65,65,65,65,65,65,65,65,65,65,65,65,65,65,65,65,65,79,79,79,79,79,79],"relic_stats":{"counters":[13,84],"Golden Idol":69,"HoveringKite":[5],"Turnip":[6],"Art of War":[0],"obtain_stats":[{"Golden Idol":4,"HoveringKite":17,"Mango":24,"Turnip":12,"Omamori":7,"Art of War":26,"Ring of the Snake":0},{"Golden Idol":3,"HoveringKite":8,"Mango":12,"Turnip":6,"Omamori":4,"Art of War":12,"Ring of the Snake":0},{"Golden Idol":13,"HoveringKite":45,"Mango":78,"Turnip":31,"Omamori":21,"Art of War":78,"Ring of the Snake":0}],"Ring of the Snake":[27]},"card_choices":[{"not_picked":["Dagger Throw","Deadly Poison"],"picked":"Poisoned Stab","floor":1},{"not_picked":["Well Laid Plans","Prepared"],"picked":"Endless Agony","floor":2},{"not_picked":["Distraction","Acrobatics"],"picked":"Flying Knee","floor":3},{"not_picked":["Deflect","Calculated Gamble"],"picked":"Endless Agony","floor":7},{"not_picked":["Venomology","Dodge and Roll"],"picked":"Dash","floor":8},{"not_picked":["Flying Knee","Dagger Throw"],"picked":"Envenom","floor":12},{"not_picked":["Backflip","Dagger Throw"],"picked":"Footwork","floor":14},{"not_picked":["Doppelganger","Night Terror"],"picked":"After Image","floor":16},{"not_picked":["Underhanded Strike+1","Concentrate"],"picked":"PiercingWail","floor":18},{"not_picked":["Caltrops","Expertise"],"picked":"Deadly Poison","floor":20},{"not_picked":["Unload+1","Malaise+1"],"picked":"After Image+1","floor":21},{"not_picked":["Quick Slash","Flying Knee"],"picked":"Dagger Spray+1","floor":22},{"not_picked":["Noxious Fumes+1","Tactician","Dodge and Roll"],"picked":"SKIP","floor":24},{"not_picked":["Noxious Fumes+1","Tactician","Dodge and Roll"],"picked":"SKIP","floor":24}],"player_experience":323306,"relics_obtained":[{"floor":7,"key":"Omamori"},{"floor":12,"key":"Turnip"},{"floor":24,"key":"Mango"},{"floor":26,"key":"Art of War"}],"event_choices":[{"damage_healed":0,"gold_gain":0,"player_choice":"Lose Max HP","damage_taken":0,"relics_obtained":["Golden Idol"],"max_hp_gain":0,"max_hp_loss":5,"event_name":"Golden Idol","floor":4,"gold_loss":0},{"cards_removed":["Defend_G"],"damage_healed":0,"gold_gain":0,"player_choice":"Card Removal","damage_taken":0,"max_hp_gain":0,"max_hp_loss":0,"event_name":"The Cleric","floor":5,"gold_loss":50},{"damage_healed":0,"gold_gain":0,"player_choice":"Dagger","damage_taken":6,"max_hp_gain":0,"max_hp_loss":0,"event_name":"betterThird:BetterNest","floor":19,"gold_loss":0,"cards_obtained":["RitualDagger"]},{"damage_healed":0,"gold_gain":0,"player_choice":"2","damage_taken":0,"max_hp_gain":0,"max_hp_loss":0,"event_name":"betterMatch:BetterMatch","floor":21,"gold_loss":0,"cards_obtained":["betterMatch:RareCard"]},{"damage_healed":0,"gold_gain":0,"cards_transformed":["Strike_G","Strike_G"],"player_choice":"Became Test Subject","damage_taken":0,"max_hp_gain":0,"max_hp_loss":0,"event_name":"Drug Dealer","floor":25,"gold_loss":0,"cards_obtained":["Terror","Bane"]}],"is_beta":false,"boss_relics":[{"not_picked":["Black Star","Empty Cage"],"picked":"HoveringKite"}],"items_purged_floors":[10],"is_endless":false,"potions_floor_spawned":[3,7,8,18,20],"killed_by":"Gremlin Leader","ascension_level":5}}