{"host":"91blwi3hgehj6ch9","time":1609102797,"event":{"mods":["2.2 Compatiblity","AchievementEnabler","BaseMod","Colored Map","DeckTracker","Keyboard Shortcuts","Minty Spire (QoL Compilation)","Permanent Neow","Quick Restart","StSLib","SuperFastMode"],"gold_per_floor":[117,2,17,35,35,35,35,69,96,96,124,143,143,143,143,246,246,262,262,262,272,28,28,39,50,50,50,0,10,24,40,40,135,135,147,198,198,198,248,248,18,48,48,48,60,78,113,125,125,125],"floor_reached":51,"playtime":1350,"items_purged":["Strike_P","Defend_P","Strike_P+1","LessonLearned+1"],"score":1227,"play_id":"016dc4a0-b0e3-4fe7-8ba4-2015c646743b","local_time":"20201228055957","is_ascension_mode":true,"campfire_choices":[{"data":"Eruption","floor":6.0,"key":"SMITH"},{"data":"Tantrum","floor":13.0,"key":"SMITH"},{"floor":15.0,"key":"REST"},{"data":"Consecrate","floor":23.0,"key":"SMITH"},{"floor":27.0,"key":"REST"},{"floor":32.0,"key":"RECALL"},{"data":"Defend_P+1","floor":40.0,"key":"PURGE"},{"data":"Defend_P+1","floor":49.0,"key":"PURGE"}],"circlet_count":0,"master_deck":["Eruption+1","Vigilance+1","CrushJoints+1","Tantrum+1","EmptyBody+1","Consecrate+1","FollowUp+1","CutThroughFate+1","Adaptation"],"relics":["HolyWater","Oddly Smooth Stone","Bag of Marbles","Akabeko","Art of War","MutagenicStrength","Toolbox","Smiling Mask","Coffee Dripper","Peace Pipe","Unceasing Top","TheAbacus","White Beast Statue","Mercury Hourglass","Shuriken"],"acts_visited":["Exordium","TheCity","TheBeyond"],"potions_floor_usage":[50],"damage_taken":[{"damage":0.0,"enemies":"Cultist","floor":1.0,"turns":2.0},{"damage":4.0,"enemies":"Small Slimes","floor":3.0,"turns":2.0},{"damage":0.0,"enemies":"2 Louse","floor":4.0,"turns":2.0},{"damage":0.0,"enemies":"3 Sentries","floor":8.0,"turns":4.0},{"damage":12.0,"enemies":"Lagavulin","floor":11.0,"turns":3.0},{"damage":0.0,"enemies":"Exordium Wildlife","floor":12.0,"turns":2.0},{"damage":18.0,"enemies":"Hexaghost","floor":16.0,"turns":8.0},{"damage":0.0,"enemies":"Spheric Guardian","floor":18.0,"turns":1.0},{"damage":0.0,"enemies":"Chosen","floor":21.0,"turns":2.0},{"damage":0.0,"enemies":"Centurion and Healer","floor":24.0,"turns":3.0},{"damage":0.0,"enemies":"Shelled Parasite and Fungi","floor":25.0,"turns":1.0},{"damage":0.0,"enemies":"Cultist and Chosen","floor":29.0,"turns":3.0},{"damage":0.0,"enemies":"Snake Plant","floor":30.0,"turns":1.0},{"damage":0.0,"enemies":"Centurion and Healer","floor":31.0,"turns":1.0},{"damage":0.0,"enemies":"Collector","floor":33.0,"turns":2.0},{"damage":0.0,"enemies":"Orb Walker","floor":35.0,"turns":1.0},{"damage":0.0,"enemies":"2 Orb Walkers","floor":36.0,"turns":1.0},{"damage":0.0,"enemies":"Mind Bloom Boss Battle","floor":39.0,"turns":2.0},{"damage":0.0,"enemies":"Nemesis","floor":42.0,"turns":1.0},{"damage":0.0,"enemies":"3 Shapes","floor":45.0,"turns":1.0},{"damage":0.0,"enemies":"Transient","floor":46.0,"turns":5.0},{"damage":0.0,"enemies":"Reptomancer","floor":47.0,"turns":1.0},{"damage":10.0,"enemies":"4 Shapes","floor":48.0,"turns":3.0},{"damage":13,"enemies":"Donu and Deca","floor":50,"turns":4}],"seed_played":"2109324382425138060","potions_obtained":[{"floor":3.0,"key":"DuplicationPotion"},{"floor":8.0,"key":"SkillPotion"},{"floor":21.0,"key":"Swift Potion"},{"floor":29.0,"key":"LiquidMemories"},{"floor":35.0,"key":"ColorlessPotion"},{"floor":36.0,"key":"Dexterity Potion"},{"floor":45.0,"key":"Fire Potion"}],"is_trial":false,"path_per_floor":["M","$","M","M","?","R","$","E","T","?","E","M","R","?","R","B",null,"M","?","?","M","$","R","M","M","T","R","$","M","M","M","R","B",null,"M","?","?","?","?","R","$","E","T","$","M","M","E","M","R","B",null],"character_chosen":"WATCHER","items_purchased":["Tantrum","Toolbox","Adaptation","TheAbacus"],"campfire_rested":2,"item_purchase_floors":[2,22,41,41],"current_hp_per_floor":[65,65,61,61,54,54,54,54,54,54,42,42,42,29,48,30,56,56,56,56,56,56,56,56,56,56,65,65,65,65,65,65,65,65,65,65,62,62,62,62,62,62,62,62,62,62,62,52,52,39],"gold":125,"neow_bonus":"REMOVE_TWO","is_daily":false,"chose_seed":false,"campfire_upgraded":3,"win_rate":0.0,"timestamp":1609102797,"path_taken":["M","$","?","M","?","R","$","E","T","?","E","?","R","?","R","BOSS","M","?","?","M","?","R","M","M","T","R","$","?","M","M","R","BOSS","M","?","?","?","?","R","$","E","T","?","M","M","E","M","R","BOSS"],"items_purchased_type":["Card","Relic","Card","Relic"],"build_version":"2020-12-22","purchased_purges":4,"victory":true,"max_hp_per_floor":[65,65,65,65,65,65,65,65,65,65,65,65,65,65,65,65,65,65,65,65,65,65,65,65,65,65,65,65,65,65,65,65,65,65,65,65,62,62,62,62,62,62,62,62,62,62,62,62,62,62],"card_choices":[{"not_picked":["ForeignInfluence","Worship"],"picked":"CrushJoints","floor":1.0},{"not_picked":["BowlingBash","ClearTheMind"],"picked":"EmptyBody","floor":3.0},{"not_picked":["PathToVictory","FlurryOfBlows"],"picked":"Consecrate","floor":4.0},{"not_picked":["JustLucky","ReachHeaven","Tantrum"],"picked":"SKIP","floor":8.0},{"not_picked":["CutThroughFate","FlurryOfBlows"],"picked":"LessonLearned","floor":11.0},{"not_picked":["PathToVictory","ClearTheMind"],"picked":"FollowUp","floor":12.0},{"not_picked":["ForeignInfluence","FlyingSleeves","FollowUp"],"picked":"SKIP","floor":18.0},{"not_picked":["Prostrate","FollowUp","Wallop+1"],"picked":"SKIP","floor":21.0},{"not_picked":["Fasting2","EmptyFist","CutThroughFate+1"],"picked":"SKIP","floor":24.0},{"not_picked":["Fasting2","EmptyFist"],"picked":"CutThroughFate+1","floor":24.0},{"not_picked":["FollowUp+1","Prostrate+1","WindmillStrike"],"picked":"SKIP","floor":25.0},{"not_picked":["EmptyFist","SandsOfTime","Perseverance"],"picked":"SKIP","floor":29.0},{"not_picked":["FlyingSleeves","Indignation+1","EmptyMind"],"picked":"SKIP","floor":30.0},{"not_picked":["Vengeance","Swivel+1","DeusExMachina"],"picked":"SKIP","floor":31.0},{"not_picked":["Wallop","FollowUp+1","BowlingBash"],"picked":"SKIP","floor":35.0},{"not_picked":["Alpha","FlyingSleeves","ThirdEye+1"],"picked":"SKIP","floor":42.0},{"not_picked":["Evaluate","Consecrate","FlurryOfBlows"],"picked":"SKIP","floor":45.0},{"not_picked":["Perseverance+1","Halt","SashWhip"],"picked":"SKIP","floor":46.0},{"not_picked":["Alpha","LikeWater+1","EmptyFist+1"],"picked":"SKIP","floor":47.0},{"not_picked":["EmptyFist+1","Prostrate+1","SandsOfTime+1"],"picked":"SKIP","floor":48.0}],"player_experience":119614,"relics_obtained":[{"floor":8.0,"key":"Bag of Marbles"},{"floor":9.0,"key":"Akabeko"},{"floor":11.0,"key":"Art of War"},{"floor":26.0,"key":"Smiling Mask"},{"floor":36.0,"key":"Peace Pipe"},{"floor":39.0,"key":"Unceasing Top"},{"floor":42.0,"key":"White Beast Statue"},{"floor":43.0,"key":"Mercury Hourglass"},{"floor":47.0,"key":"Shuriken"}],"event_choices":[{"damage_healed":0.0,"max_hp_gain":0.0,"max_hp_loss":0.0,"gold_gain":0.0,"event_name":"Scrap Ooze","player_choice":"Success","floor":5.0,"gold_loss":0.0,"damage_taken":7.0,"relics_obtained":["Oddly Smooth Stone"]},{"cards_removed":["Strike_P"],"damage_healed":0.0,"max_hp_gain":0.0,"max_hp_loss":0.0,"gold_gain":0.0,"event_name":"Living Wall","player_choice":"Forget","floor":10.0,"gold_loss":0.0,"damage_taken":0.0},{"damage_healed":0.0,"max_hp_gain":0.0,"max_hp_loss":0.0,"gold_gain":0.0,"event_name":"Shining Light","player_choice":"Entered Light","floor":14.0,"gold_loss":0.0,"damage_taken":13.0,"cards_upgraded":["Defend_P","Vigilance"]},{"damage_healed":0.0,"max_hp_gain":0.0,"max_hp_loss":0.0,"gold_gain":0.0,"event_name":"Drug Dealer","player_choice":"Inject Mutagens","floor":19.0,"gold_loss":0.0,"damage_taken":0.0,"relics_obtained":["MutagenicStrength"]},{"damage_healed":0.0,"max_hp_gain":0.0,"max_hp_loss":0.0,"gold_gain":0.0,"event_name":"The Mausoleum","player_choice":"Ignored","floor":20.0,"gold_loss":0.0,"damage_taken":0.0},{"damage_healed":0.0,"max_hp_gain":0.0,"max_hp_loss":0.0,"gold_gain":0.0,"event_name":"Mysterious Sphere","player_choice":"Fight","floor":36.0,"gold_loss":0.0,"damage_taken":0.0},{"damage_healed":0.0,"max_hp_gain":0.0,"max_hp_loss":3.0,"gold_gain":0.0,"event_name":"Winding Halls","player_choice":"Max HP","floor":37.0,"gold_loss":0.0,"damage_taken":0.0},{"damage_healed":0.0,"max_hp_gain":0.0,"max_hp_loss":0.0,"gold_gain":0.0,"event_name":"Tomb of Lord Red Mask","player_choice":"Ignored","floor":38.0,"gold_loss":0.0,"damage_taken":0.0},{"damage_healed":0.0,"max_hp_gain":0.0,"max_hp_loss":0.0,"gold_gain":0.0,"event_name":"MindBloom","player_choice":"Fight","floor":39.0,"gold_loss":0.0,"damage_taken":0.0}],"is_beta":false,"boss_relics":[{"not_picked":["SacredBark","SlaversCollar"],"picked":"HolyWater"},{"not_picked":["Busted Crown","Black Star"],"picked":"Coffee Dripper"}],"items_purged_floors":[2,22,28,41],"is_endless":false,"potions_floor_spawned":[3,8,21,29,31,35,36,45,46,47,48],"ascension_level":6}}