{"host":"fa96ppy4vc5r7pma","time":1609076204,"event":{"mods":["BaseMod","Best Route Mod","Bestiary","Block Reminder","Colored Map","Dota2Spire","Ekko","GungeonMod","Hermit","Highlight Path","Hubris","Minty Spire (QoL Compilation)","Permanent Neow","Quick Restart","Random Character Button","Relic Stats","Replay The Spire","StSLib","The Blue Laboratory","The Servant 0.9.4"],"gold_per_floor":[117,133,152,164,164,191,191,217,243,243,243],"floor_reached":10,"playtime":462,"items_purged":[],"score":78,"play_id":"63580542-480c-4c68-b199-acb82dca8e21","local_time":"20201227083644","is_ascension_mode":false,"campfire_choices":[{"floor":7,"key":"REST"}],"circlet_count":0,"master_deck":["ekkoTheBoyWhoShatteredTime:Strike+1","ekkoTheBoyWhoShatteredTime:Strike","ekkoTheBoyWhoShatteredTime:Strike","ekkoTheBoyWhoShatteredTime:Strike","ekkoTheBoyWhoShatteredTime:Strike","ekkoTheBoyWhoShatteredTime:Defend","ekkoTheBoyWhoShatteredTime:Defend","ekkoTheBoyWhoShatteredTime:Defend","ekkoTheBoyWhoShatteredTime:Defend","ekkoTheBoyWhoShatteredTime:TimeMaster+1","ekkoTheBoyWhoShatteredTime:HauntingGuise","ekkoTheBoyWhoShatteredTime:NashorsTooth","ekkoTheBoyWhoShatteredTime:AfterimageHit+1","ekkoTheBoyWhoShatteredTime:Overflow","ekkoTheBoyWhoShatteredTime:TimeRecall","ekkoTheBoyWhoShatteredTime:VelocityConsuming"],"relics":["ekkoTheBoyWhoShatteredTime:zDriveResonance","Dota2Spire:Satanic","Dota2Spire:PhaseBoots","Smiling Mask"],"acts_visited":["Exordium"],"potions_floor_usage":[4,4],"damage_taken":[{"damage":0,"enemies":"Cultist","floor":1,"turns":4},{"damage":3,"enemies":"2 Louse","floor":2,"turns":2},{"damage":8,"enemies":"Small Slimes","floor":3,"turns":3},{"damage":2,"enemies":"Looter","floor":4,"turns":3},{"damage":13,"enemies":"Lagavulin","floor":6,"turns":6},{"damage":36,"enemies":"Gremlin Nob","floor":8,"turns":4},{"damage":28,"enemies":"Lagavulin","floor":10,"turns":3}],"seed_played":"-3403072887750708420","potions_obtained":[{"floor":1,"key":"AttackPotion"},{"floor":3,"key":"BlessingOfTheForge"},{"floor":8,"key":"blueLaboratory:HorrorPotion"}],"is_trial":false,"path_per_floor":["M","M","M","M","?","E","R","E","T","E"],"character_chosen":"EKKO_THE_BOY_WHO_SHATTERED_TIME","items_purchased":[],"campfire_rested":1,"item_purchase_floors":[],"current_hp_per_floor":[78,75,67,65,49,36,59,23,23,0,0],"gold":243,"neow_bonus":"UPGRADE_CARD","is_daily":false,"chose_seed":false,"campfire_upgraded":0,"win_rate":0.0,"timestamp":1609076204,"path_taken":["M","M","M","M","?","E","R","E","T","E"],"items_purchased_type":[],"build_version":"2020-12-22","purchased_purges":0,"victory":false,"max_hp_per_floor":[78,78,78,78,78,78,78,78,78,78,78],"relic_stats":{"counters":[7,25],"Smiling Mask":0,"obtain_stats":[{"Dota2Spire:Satanic":6,"DemoMod:GlassGuonStoneRelic":1,"ekkoTheBoyWhoShatteredTime:zDriveResonance":0,"Smiling Mask":9,"Dota2Spire:PhaseBoots":8},{"Dota2Spire:Satanic":5,"DemoMod:GlassGuonStoneRelic":1,"ekkoTheBoyWhoShatteredTime:zDriveResonance":0,"Smiling Mask":6,"Dota2Spire:PhaseBoots":6},{"Dota2Spire:Satanic":18,"DemoMod:GlassGuonStoneRelic":4,"ekkoTheBoyWhoShatteredTime:zDriveResonance":0,"Smiling Mask":22,"Dota2Spire:PhaseBoots":22}]},"card_choices":[{"not_picked":["ekkoTheBoyWhoShatteredTime:PlayTheBeat","ekkoTheBoyWhoShatteredTime:ItemsAfterimage"],"picked":"ekkoTheBoyWhoShatteredTime:HauntingGuise","floor":1},{"not_picked":["ekkoTheBoyWhoShatteredTime:DelayedWork","ekkoTheBoyWhoShatteredTime:FeelIt"],"picked":"ekkoTheBoyWhoShatteredTime:NashorsTooth","floor":2},{"not_picked":["ekkoTheBoyWhoShatteredTime:QuickBreak","ekkoTheBoyWhoShatteredTime:NaggingBlow"],"picked":"ekkoTheBoyWhoShatteredTime:AfterimageHit","floor":3},{"not_picked":["ekkoTheBoyWhoShatteredTime:DelayedWork","ekkoTheBoyWhoShatteredTime:CommittedStrike"],"picked":"ekkoTheBoyWhoShatteredTime:Overflow","floor":4},{"not_picked":["ekkoTheBoyWhoShatteredTime:DodgeTraining","ekkoTheBoyWhoShatteredTime:Vibin"],"picked":"ekkoTheBoyWhoShatteredTime:TimeRecall","floor":6},{"not_picked":["ekkoTheBoyWhoShatteredTime:Dash","ekkoTheBoyWhoShatteredTime:HextechProtobelt"],"picked":"ekkoTheBoyWhoShatteredTime:VelocityConsuming","floor":8}],"player_experience":101102,"relics_obtained":[{"floor":6,"key":"Dota2Spire:Satanic"},{"floor":8,"key":"Dota2Spire:PhaseBoots"},{"floor":9,"key":"Smiling Mask"}],"event_choices":[{"damage_healed":0,"gold_gain":0,"player_choice":"Entered Light","damage_taken":16,"max_hp_gain":0,"max_hp_loss":0,"event_name":"Shining Light","floor":5,"gold_loss":0,"cards_upgraded":["ekkoTheBoyWhoShatteredTime:Strike","ekkoTheBoyWhoShatteredTime:AfterimageHit"]}],"is_beta":false,"boss_relics":[],"items_purged_floors":[],"is_endless":false,"potions_floor_spawned":[1,3,8],"killed_by":"Lagavulin","ascension_level":0}}