{"host":"gttgmv2wah99hzdm","time":1609038430,"event":{"mods":["AchievementEnabler","BaseMod","Bestiary","Block Reminder","Filter the Spire","Highlight Path","Minty Spire (QoL Compilation)","Permanent Neow","Random Character Button","Relic Stats","StSLib"],"gold_per_floor":[113,113,129,140,44,73,73,108,155,203,253,253,278,278,278,350,350,368,368,368,368,46,46,46,46],"floor_reached":24,"playtime":757,"items_purged":[],"score":386,"play_id":"498a68ba-ccaa-4604-9b46-5385aefd227d","local_time":"20201226210710","is_ascension_mode":true,"campfire_choices":[{"data":"Defragment","floor":7,"key":"SMITH"},{"data":"Loop","floor":12,"key":"SMITH"},{"floor":15,"key":"REST"},{"data":"Coolheaded","floor":23,"key":"SMITH"}],"circlet_count":0,"master_deck":["AscendersBane","Strike_B","Strike_B","Strike_B","Defend_B","Defend_B","Defend_B","Defend_B","Zap","Dualcast","Conserve Battery","Loop+1","Compile Driver","Self Repair","Defragment+1","Sweeping Beam","Buffer","Sweeping Beam","Coolheaded+1"],"relics":["Runic Dome","Darkstone Periapt","Potion Belt","Juzu Bracelet","Bag of Preparation","Odd Mushroom","Philosopher\u0027s Stone","Ice Cream","HornCleat"],"acts_visited":["Exordium","TheCity"],"potions_floor_usage":[6,6,16],"damage_taken":[{"damage":8,"enemies":"Small Slimes","floor":1,"turns":4},{"damage":5,"enemies":"Cultist","floor":3,"turns":5},{"damage":9,"enemies":"Jaw Worm","floor":4,"turns":4},{"damage":5,"enemies":"3 Sentries","floor":6,"turns":5},{"damage":18,"enemies":"Lagavulin","floor":8,"turns":6},{"damage":25,"enemies":"The Mushroom Lair","floor":13,"turns":5},{"damage":32,"enemies":"Hexaghost","floor":16,"turns":8},{"damage":31,"enemies":"Shell Parasite","floor":18,"turns":7},{"damage":39,"enemies":"Book of Stabbing","floor":24,"turns":6}],"seed_played":"5900449069776456166","potions_obtained":[{"floor":2,"key":"Explosive Potion"},{"floor":2,"key":"AttackPotion"},{"floor":8,"key":"PowerPotion"},{"floor":16,"key":"Dexterity Potion"}],"is_trial":false,"path_per_floor":["M","?","M","M","$","E","R","E","T","T","?","R","?","?","R","B",null,"M","?","?","?","$","R","E"],"character_chosen":"DEFECT","items_purchased":["Compile Driver","Self Repair","Coolheaded","HornCleat"],"campfire_rested":1,"item_purchase_floors":[5,5,22,22],"current_hp_per_floor":[56,56,51,42,42,44,44,33,33,33,33,33,15,15,36,11,56,32,32,32,32,32,32,0,0],"gold":46,"neow_bonus":"BOSS_RELIC","is_daily":false,"chose_seed":false,"campfire_upgraded":3,"win_rate":0.0,"timestamp":1609038430,"path_taken":["M","?","M","M","?","E","R","E","T","?","?","R","?","?","R","BOSS","M","?","?","?","?","R","E"],"items_purchased_type":["Card","Card","Card","Relic"],"build_version":"2020-12-22","purchased_purges":0,"victory":false,"max_hp_per_floor":[71,71,71,71,71,71,71,71,71,71,71,71,71,71,71,71,71,71,71,71,71,71,71,71,71],"relic_stats":{"Darkstone Periapt":0,"counters":[9,50],"Juzu Bracelet":2,"Bag of Preparation":[8],"obtain_stats":[{"Darkstone Periapt":6,"Potion Belt":8,"Ice Cream":21,"Runic Dome":0,"HornCleat":22,"Philosopher\u0027s Stone":17,"Juzu Bracelet":9,"Bag of Preparation":10,"Odd Mushroom":13,"Cracked Core":0},{"Darkstone Periapt":4,"Potion Belt":5,"Ice Cream":8,"Runic Dome":0,"HornCleat":8,"Philosopher\u0027s Stone":7,"Juzu Bracelet":5,"Bag of Preparation":5,"Odd Mushroom":6,"Cracked Core":0},{"Darkstone Periapt":18,"Potion Belt":24,"Ice Cream":44,"Runic Dome":0,"HornCleat":44,"Philosopher\u0027s Stone":37,"Juzu Bracelet":24,"Bag of Preparation":24,"Odd Mushroom":29,"Cracked Core":0}]},"card_choices":[{"not_picked":["Turbo","Chaos"],"picked":"Conserve Battery","floor":1},{"not_picked":["Chaos","Steam"],"picked":"Loop","floor":3},{"not_picked":["Skim","Steam","Leap"],"picked":"SKIP","floor":4},{"not_picked":["Skim","Darkness"],"picked":"Defragment","floor":6},{"not_picked":["Go for the Eyes","Static Discharge"],"picked":"Sweeping Beam","floor":8},{"not_picked":["All For One","Seek"],"picked":"Buffer","floor":16},{"not_picked":["Blizzard+1","Steam"],"picked":"Sweeping Beam","floor":18}],"player_experience":978214,"relics_obtained":[{"floor":6,"key":"Darkstone Periapt"},{"floor":8,"key":"Potion Belt"},{"floor":9,"key":"Juzu Bracelet"},{"floor":10,"key":"Bag of Preparation"},{"floor":13,"key":"Odd Mushroom"}],"event_choices":[{"damage_healed":0,"gold_gain":0,"player_choice":"Got Potions","damage_taken":0,"max_hp_gain":0,"max_hp_loss":0,"event_name":"Lab","floor":2,"gold_loss":0},{"damage_healed":0,"gold_gain":50,"player_choice":"Pray","damage_taken":0,"max_hp_gain":0,"max_hp_loss":0,"event_name":"Golden Shrine","floor":11,"gold_loss":0},{"damage_healed":0,"gold_gain":0,"player_choice":"Fought Mushrooms","damage_taken":0,"max_hp_gain":0,"max_hp_loss":0,"event_name":"Mushrooms","floor":13,"gold_loss":0},{"damage_healed":0,"gold_gain":0,"player_choice":"Ignored","damage_taken":0,"max_hp_gain":0,"max_hp_loss":0,"event_name":"Shining Light","floor":14,"gold_loss":0},{"cards_removed":["Strike_B"],"damage_healed":0,"gold_gain":0,"player_choice":"Purged","damage_taken":0,"max_hp_gain":0,"max_hp_loss":0,"event_name":"Purifier","floor":19,"gold_loss":0},{"damage_healed":0,"gold_gain":0,"player_choice":"Ignored","damage_taken":0,"max_hp_gain":0,"max_hp_loss":0,"event_name":"The Mausoleum","floor":20,"gold_loss":0},{"damage_healed":0,"gold_gain":0,"player_choice":"Gave Potion","damage_taken":0,"relics_obtained":["Ice Cream"],"max_hp_gain":0,"max_hp_loss":0,"event_name":"WeMeetAgain","floor":21,"gold_loss":0}],"is_beta":false,"boss_relics":[{"not_picked":["Black Star","Busted Crown"],"picked":"Philosopher\u0027s Stone"}],"items_purged_floors":[],"is_endless":false,"potions_floor_spawned":[4,8,16],"killed_by":"Book of Stabbing","ascension_level":19}}