{"host":"kdt6w7ix8lwe69i9","time":1609110829,"event":{"mods":["Arknights The Spire","Bartender","BaseMod","Downfall","Fiend Mod","Jorbs\u0027s Wanderer Trilogy","Minty Spire (QoL Compilation)","Reimu（博丽灵梦）","Robot Space Explorer","StSLib","The Caster","The Cursed","The Disciple","The Dragon Tamer","The Druid","The Elementalist","The Forsaken","The Gatherer","The Judge","The Marked","TheBandit"],"gold_per_floor":[110,110,126,126,146,172,15,25,52,52,67,117,129,163,163,163,163],"floor_reached":16,"playtime":1144,"items_purged":[],"score":112,"play_id":"47834550-efad-4e5d-9c47-97c22fc5c989","local_time":"20201227181349","is_ascension_mode":false,"campfire_choices":[{"floor":10,"key":"REST"},{"floor":15,"key":"REST"}],"circlet_count":0,"master_deck":["theMarked:Strike","theMarked:Strike+1","theMarked:Strike","theMarked:Strike","theMarked:Strike+1","theMarked:Defend","theMarked:Defend","theMarked:Defend","theMarked:Defend","theMarked:SoldierOfQuellstein","theMarked:Improvise","theMarked:Opportunist","theMarked:ElectricStrings","theMarked:EmpowerWeapon","theMarked:DispelDoubt","theMarked:EnhancedHearing","theMarked:WardOff","theMarked:Static","theMarked:Frustration"],"relics":["theMarked:ArtifactOfAir","NeowsBlessing","ats:Originium","Centennial Puzzle","ats:Originium","Toy Ornithopter"],"acts_visited":["Exordium"],"potions_floor_usage":[8,14],"damage_taken":[{"damage":0,"enemies":"2 Louse","floor":1,"turns":1},{"damage":0,"enemies":"Jaw Worm","floor":3,"turns":1},{"damage":0,"enemies":"Small Slimes","floor":5,"turns":1},{"damage":26,"enemies":"3 Sentries","floor":6,"turns":8},{"damage":8,"enemies":"2 Fungi Beasts","floor":8,"turns":2},{"damage":6,"enemies":"Looter","floor":11,"turns":3},{"damage":9,"enemies":"Exordium Thugs","floor":13,"turns":4},{"damage":14,"enemies":"Lagavulin","floor":14,"turns":5},{"damage":36,"enemies":"Hexaghost","floor":16,"turns":9}],"seed_played":"534806755965934123","potions_obtained":[{"floor":1,"key":"hexamod:EctoCoolerPotion"},{"floor":6,"key":"champ:CounterPotion"}],"is_trial":false,"path_per_floor":["M","?","M","?","M","E","$","M","T","R","M","?","M","E","R","B"],"character_chosen":"THE_DEFAULT","items_purchased":["theMarked:DispelDoubt"],"campfire_rested":2,"item_purchase_floors":[7],"current_hp_per_floor":[70,70,70,56,56,30,30,22,22,43,37,37,28,14,35,0,0],"gold":163,"neow_bonus":"THREE_ENEMY_KILL","is_daily":false,"chose_seed":false,"campfire_upgraded":0,"win_rate":0.0,"timestamp":1609110829,"path_taken":["M","?","M","?","M","E","$","M","T","R","M","?","M","E","R","BOSS"],"items_purchased_type":["Card"],"build_version":"2020-12-22","purchased_purges":0,"victory":false,"max_hp_per_floor":[70,70,70,70,70,70,70,70,70,70,70,70,70,70,70,70,70],"card_choices":[{"not_picked":["theMarked:WardOff","theMarked:SelfDefenseTraining"],"picked":"theMarked:Improvise","floor":1},{"not_picked":["theMarked:PowerFlow","theMarked:Electrocute"],"picked":"theMarked:Opportunist","floor":3},{"not_picked":["theMarked:Parkour","theMarked:TwofoldDefense"],"picked":"theMarked:ElectricStrings","floor":5},{"not_picked":["theMarked:Opportunist","theMarked:Improvise"],"picked":"theMarked:EmpowerWeapon","floor":6},{"not_picked":["theMarked:Frustration","theMarked:TwofoldDefense"],"picked":"theMarked:EnhancedHearing","floor":8},{"not_picked":["theMarked:KeepCalmAndFightOn","theMarked:Aftermath"],"picked":"theMarked:WardOff","floor":11},{"not_picked":["theMarked:ElectricStrings","theMarked:TurnInvisible"],"picked":"theMarked:Static","floor":13},{"not_picked":["theMarked:ElectricStrings","theMarked:HeightenedSenses"],"picked":"theMarked:Frustration","floor":14}],"player_experience":1624855,"relics_obtained":[{"floor":6,"key":"ats:Originium"},{"floor":6,"key":"Centennial Puzzle"},{"floor":14,"key":"ats:Originium"},{"floor":14,"key":"Toy Ornithopter"}],"event_choices":[{"damage_healed":0,"gold_gain":0,"player_choice":"Entered Light","damage_taken":14,"max_hp_gain":0,"max_hp_loss":0,"event_name":"Shining Light","floor":4,"gold_loss":0,"cards_upgraded":["theMarked:Strike","theMarked:Strike"]}],"is_beta":false,"boss_relics":[],"items_purged_floors":[],"is_endless":false,"potions_floor_spawned":[1,6],"killed_by":"Hexaghost","ascension_level":0}}