{"host":"fuszjwm6fqgjjp4d","time":1609060149,"event":{"mods":["BaseMod","Bestiary","Colored Map","DeckTracker","Minty Spire (QoL Compilation)","Permanent Neow","Relic Sorter","Relic Stats","StSLib"],"gold_per_floor":[109,120,120,120,134,177,177,177,203,217,217,217,217],"floor_reached":12,"playtime":382,"items_purged":[],"score":156,"play_id":"6e27b06d-94a1-4106-9fe0-990ff8fe6378","local_time":"20201227030909","is_ascension_mode":true,"campfire_choices":[{"data":"Envenom","floor":8,"key":"SMITH"},{"data":"Expertise","floor":11,"key":"SMITH"}],"circlet_count":0,"master_deck":["AscendersBane","Strike_G","Strike_G","Strike_G","Strike_G","Strike_G","Defend_G","Defend_G","Defend_G","Defend_G","Defend_G","Survivor","Neutralize","Storm of Steel+1","Backflip","Blur","Envenom+1","Expertise+1","Prepared"],"relics":["Ring of the Snake","Golden Idol","Juzu Bracelet","Potion Belt"],"acts_visited":["Exordium"],"potions_floor_usage":[6,6],"damage_taken":[{"damage":4,"enemies":"Small Slimes","floor":1,"turns":3},{"damage":7,"enemies":"Jaw Worm","floor":2,"turns":5},{"damage":0,"enemies":"2 Louse","floor":5,"turns":4},{"damage":7,"enemies":"3 Sentries","floor":6,"turns":10},{"damage":1,"enemies":"2 Fungi Beasts","floor":10,"turns":5},{"damage":44,"enemies":"Lagavulin","floor":12,"turns":10}],"seed_played":"-8932382693318564527","potions_obtained":[{"floor":1,"key":"AttackPotion"},{"floor":5,"key":"BlessingOfTheForge"}],"is_trial":false,"path_per_floor":["M","M","?","?","M","E","?","R","T","M","R","E"],"character_chosen":"THE_SILENT","items_purchased":[],"campfire_rested":0,"item_purchase_floors":[],"current_hp_per_floor":[55,48,48,48,48,41,46,46,46,45,45,1,1],"gold":217,"neow_bonus":"ONE_RANDOM_RARE_CARD","is_daily":false,"chose_seed":false,"campfire_upgraded":2,"win_rate":0.0,"timestamp":1609060149,"path_taken":["M","M","?","?","?","E","?","R","T","M","R","E"],"items_purchased_type":[],"build_version":"2020-12-22","purchased_purges":0,"victory":false,"max_hp_per_floor":[66,66,66,60,60,60,65,65,65,65,65,65,65],"relic_stats":{"counters":[6,37],"Golden Idol":15,"Juzu Bracelet":0,"obtain_stats":[{"Potion Belt":9,"Golden Idol":4,"Juzu Bracelet":6,"Ring of the Snake":0},{"Potion Belt":4,"Golden Idol":2,"Juzu Bracelet":4,"Ring of the Snake":0},{"Potion Belt":22,"Golden Idol":8,"Juzu Bracelet":22,"Ring of the Snake":0}],"Ring of the Snake":[12]},"card_choices":[{"not_picked":["Backstab","Endless Agony"],"picked":"Backflip","floor":1},{"not_picked":["Reflex","Sucker Punch"],"picked":"Blur","floor":2},{"not_picked":["Bane","Deflect"],"picked":"Envenom","floor":5},{"not_picked":["Calculated Gamble","Flechettes"],"picked":"Expertise","floor":6},{"not_picked":["Distraction","Slice"],"picked":"Prepared","floor":10}],"player_experience":1226065,"relics_obtained":[{"floor":6,"key":"Juzu Bracelet"},{"floor":9,"key":"Potion Belt"}],"event_choices":[{"damage_healed":0,"gold_gain":0,"player_choice":"Grow","damage_taken":0,"max_hp_gain":0,"max_hp_loss":0,"event_name":"Living Wall","floor":3,"gold_loss":0,"cards_upgraded":["Storm of Steel"]},{"damage_healed":0,"gold_gain":0,"player_choice":"Lose Max HP","damage_taken":0,"relics_obtained":["Golden Idol"],"max_hp_gain":0,"max_hp_loss":6,"event_name":"Golden Idol","floor":4,"gold_loss":0},{"damage_healed":0,"gold_gain":0,"player_choice":"Donut","damage_taken":0,"max_hp_gain":5,"max_hp_loss":0,"event_name":"Big Fish","floor":7,"gold_loss":0}],"is_beta":false,"boss_relics":[],"items_purged_floors":[],"is_endless":false,"potions_floor_spawned":[1,5],"killed_by":"Lagavulin","ascension_level":20}}