{"host":"ishme5wb80o83upk","time":1609080524,"event":{"mods":["Arknights The Spire","BaseMod","Minty Spire (QoL Compilation)","StSLib"],"gold_per_floor":[117,292,144,144,68,103,103,137,137,137,157,188,188,207,207,302,302,318,318,69,69,79,107,107,135,160,187,205,221,248,55,55,152,152,163,163,213,223,223,255,255,285,308,308,342,355,139,168,168,168,168,168,13,38,38,38],"floor_reached":55,"playtime":2112,"items_purged":["Doubt","ats:Strike G","ats:Strike S","ats:Defend"],"score":1064,"play_id":"397bee23-cd9f-44fc-add7-dce8296267cf","local_time":"20201227234844","is_ascension_mode":true,"campfire_choices":[{"data":"ats:Emotion Absorption","floor":10.0,"key":"SMITH"},{"data":"ats:Burning Ground","floor":13.0,"key":"SMITH"},{"data":"ats:Burning Ground","floor":15.0,"key":"SMITH"},{"floor":24.0,"key":"REST"},{"floor":32,"key":"REST"},{"data":"ats:Guardian Obelisk","floor":41,"key":"SMITH"},{"data":"ats:Shadow Assault","floor":44,"key":"SMITH"},{"floor":49,"key":"RECALL"},{"data":"ats:Flame Of Heaven","floor":52,"key":"SMITH"}],"circlet_count":0,"master_deck":["ats:Strike C","ats:Strike V+1","ats:Armor Crushing Shot+1","ats:Defend+1","ats:Defend","ats:Defend","ats:Emotion Absorption+1","ats:Ignite","ats:Burning Ground+1","ats:Burning Ground+1","ats:Hook Shot","ats:Shadow Assault+1","ats:Guardian Obelisk+1","ats:Volcano+1","ats:Directed Diagnosis","ats:Very Hot Blade+1","ats:Hook Shot","ats:Volcano","Madness","Madness","ats:Flame Of Heaven+1","Purity"],"relics":["ats:Sanity","NeowsBlessing","ats:Originium","Oddly Smooth Stone","ats:Originium","Turnip","Meat on the Bone","ats:Originium","Akabeko","Busted Crown","ats:Bonebreaker","ats:Military Tradition","ats:Originium","PreservedInsect","Question Card","Runic Dome","Du-Vu Doll","Lantern","CeramicFish","Whetstone","Mercury Hourglass","Bird Faced Urn","ats:Hidden Killer"],"acts_visited":["Exordium","TheCity","TheBeyond","TheEnding"],"potions_floor_usage":[45,50,50,54,55],"damage_taken":[{"damage":0.0,"enemies":"2 Louse","floor":1.0,"turns":1.0},{"damage":0.0,"enemies":"Gremlin Nob","floor":6.0,"turns":1.0},{"damage":0.0,"enemies":"Lagavulin","floor":8.0,"turns":1.0},{"damage":0.0,"enemies":"Cultist","floor":11.0,"turns":2.0},{"damage":10.0,"enemies":"3 Sentries","floor":12.0,"turns":4.0},{"damage":3.0,"enemies":"Jaw Worm","floor":14.0,"turns":2.0},{"damage":0.0,"enemies":"Slime Boss","floor":16.0,"turns":6.0},{"damage":5.0,"enemies":"Spheric Guardian","floor":18.0,"turns":3.0},{"damage":0.0,"enemies":"Chosen","floor":22.0,"turns":4.0},{"damage":39.0,"enemies":"Book of Stabbing","floor":23.0,"turns":5.0},{"damage":18.0,"enemies":"Gremlin Leader","floor":25.0,"turns":4.0},{"damage":52.0,"enemies":"Book of Stabbing","floor":27.0,"turns":5.0},{"damage":8,"enemies":"Shelled Parasite and Fungi","floor":28,"turns":2},{"damage":8,"enemies":"3 Cultists","floor":29,"turns":4},{"damage":17,"enemies":"Gremlin Leader","floor":30,"turns":5},{"damage":32,"enemies":"Automaton","floor":33,"turns":8},{"damage":14,"enemies":"3 Shapes","floor":35,"turns":4},{"damage":0,"enemies":"Mind Bloom Boss Battle","floor":37,"turns":7},{"damage":16,"enemies":"Orb Walker","floor":38,"turns":3},{"damage":3,"enemies":"Reptomancer","floor":40,"turns":3},{"damage":4,"enemies":"Giant Head","floor":42,"turns":5},{"damage":24,"enemies":"Nemesis","floor":45,"turns":4},{"damage":8,"enemies":"4 Shapes","floor":46,"turns":3},{"damage":14,"enemies":"Reptomancer","floor":48,"turns":3},{"damage":31,"enemies":"Donu and Deca","floor":50,"turns":5},{"damage":40,"enemies":"Shield and Spear","floor":54,"turns":3},{"damage":65,"enemies":"The Heart","floor":55,"turns":2}],"seed_played":"-2702000459831912507","potions_obtained":[{"floor":11.0,"key":"FearPotion"},{"floor":12.0,"key":"DistilledChaos"},{"floor":14.0,"key":"AttackPotion"},{"floor":18.0,"key":"SpeedPotion"},{"floor":25.0,"key":"Fruit Juice"},{"floor":27.0,"key":"Dexterity Potion"},{"floor":33,"key":"EssenceOfSteel"},{"floor":35,"key":"Fire Potion"},{"floor":46,"key":"AttackPotion"}],"is_trial":false,"path_per_floor":["M","?","$","?","$","E","?","E","T","R","M","E","R","M","R","B",null,"M","?","$","?","M","E","R","E","T","E","M","M","E","$","R","B",null,"M","?","?","M","?","E","R","E","T","R","E","M","$","E","R","B",null,"R","$","E","B"],"character_chosen":"DOCTOR_CLASS","items_purchased":["ats:Burning Ground","ats:Burning Ground","ats:Volcano","ats:Hook Shot","ats:Flame Of Heaven","DistilledChaos","Purity"],"campfire_rested":2,"item_purchase_floors":[3,5,20,31,47,53,53],"current_hp_per_floor":[72,72,72,58,58,58,58,58,58,58,58,48,48,45,45,45,72,67,67,67,72,72,45,66,48,48,13,17,21,16,16,39,19,77,63,63,63,47,37,48,48,44,44,44,32,36,36,34,34,19,77,77,77,39,0,0],"gold":38,"neow_bonus":"THREE_ENEMY_KILL","is_daily":false,"chose_seed":false,"campfire_upgraded":6,"win_rate":0.0,"timestamp":1609080524,"path_taken":["M","?","$","?","$","E","?","E","T","R","?","E","R","M","R","BOSS","M","?","$","?","M","E","R","E","T","E","M","M","E","$","R","BOSS","M","?","?","M","?","E","R","E","T","R","E","M","$","E","R","BOSS","R","$","E","BOSS"],"items_purchased_type":["Card","Card","Card","Card","Card","Potion","Card"],"build_version":"2020-12-22","purchased_purges":4,"victory":false,"max_hp_per_floor":[72,72,72,72,72,72,72,72,72,72,72,72,72,72,72,72,72,72,72,72,72,72,72,72,72,72,77,77,77,77,77,77,77,77,77,77,77,77,77,77,77,77,77,77,77,77,77,77,77,77,77,77,77,77,77,77],"card_choices":[{"not_picked":["ats:Revitalization","ats:Flexible Camouflage"],"picked":"ats:Ignite","floor":1.0},{"not_picked":["ats:Healing Strengthening","ats:Leaping Hammer","ats:Curse Doll"],"picked":"SKIP","floor":6.0},{"not_picked":["ats:Shadow Assault","ats:Revitalization","ats:Apocalypse"],"picked":"SKIP","floor":8.0},{"not_picked":["ats:Shell Defense","ats:Revitalization"],"picked":"ats:Hook Shot","floor":11.0},{"not_picked":["ats:Childhood Dance","ats:Revitalization","ats:Assault Order"],"picked":"SKIP","floor":12.0},{"not_picked":["ats:Song Of Battle","ats:Flexible Camouflage","ats:Consecutive Shot Auto"],"picked":"SKIP","floor":14.0},{"not_picked":["ats:Durian","ats:Soul Rend"],"picked":"ats:Shadow Assault","floor":16.0},{"not_picked":["ats:Curse Doll"],"picked":"SKIP","floor":18.0},{"not_picked":["ats:Assault Order"],"picked":"SKIP","floor":22.0},{"not_picked":["ats:Apocalypse"],"picked":"SKIP","floor":23.0},{"not_picked":[],"picked":"ats:Directed Diagnosis","floor":25.0},{"not_picked":["ats:Poison Spread+1"],"picked":"SKIP","floor":27.0},{"not_picked":["ats:Apocalypse"],"picked":"SKIP","floor":28},{"not_picked":["ats:Hammer On"],"picked":"SKIP","floor":29},{"not_picked":[],"picked":"ats:Very Hot Blade+1","floor":30},{"not_picked":["ats:Nebulous Foxfire"],"picked":"ats:Volcano","floor":33},{"not_picked":["ats:Hammer On+1","ats:Chain Hook+1"],"picked":"SKIP","floor":35},{"not_picked":["ats:Collapsing Strike+1","ats:Nebulous Foxfire"],"picked":"SKIP","floor":38},{"not_picked":["ats:Hammer On+1","ats:Powerful Strike+1"],"picked":"SKIP","floor":40},{"not_picked":["ats:Counter Healing Mode","ats:Childhood Dance+1"],"picked":"SKIP","floor":42},{"not_picked":["ats:Revitalization","ats:Apocalypse"],"picked":"SKIP","floor":45},{"not_picked":["ats:Counter Healing Mode","ats:Childhood Dance"],"picked":"SKIP","floor":46},{"not_picked":["ats:Soul Rend","ats:Hammer On"],"picked":"SKIP","floor":48},{"not_picked":["ats:Beaten Up+1","ats:Soul Absorption"],"picked":"SKIP","floor":54}],"player_experience":1071001,"relics_obtained":[{"floor":6.0,"key":"ats:Originium"},{"floor":6.0,"key":"Oddly Smooth Stone"},{"floor":8.0,"key":"ats:Originium"},{"floor":8.0,"key":"Turnip"},{"floor":9.0,"key":"Meat on the Bone"},{"floor":12.0,"key":"ats:Originium"},{"floor":12.0,"key":"Akabeko"},{"floor":23.0,"key":"ats:Bonebreaker"},{"floor":25.0,"key":"ats:Military Tradition"},{"floor":27.0,"key":"ats:Originium"},{"floor":27.0,"key":"PreservedInsect"},{"floor":30,"key":"Question Card"},{"floor":37,"key":"Du-Vu Doll"},{"floor":40,"key":"Lantern"},{"floor":42,"key":"CeramicFish"},{"floor":43,"key":"Whetstone"},{"floor":45,"key":"Mercury Hourglass"},{"floor":48,"key":"Bird Faced Urn"},{"floor":54,"key":"ats:Hidden Killer"}],"event_choices":[{"damage_healed":0.0,"max_hp_gain":0.0,"max_hp_loss":0.0,"gold_gain":175.0,"event_name":"Liars Game","player_choice":"AGREE","floor":2.0,"gold_loss":0.0,"damage_taken":0.0,"cards_obtained":["Doubt"]},{"damage_healed":0.0,"max_hp_gain":0.0,"max_hp_loss":0.0,"gold_gain":0.0,"event_name":"Shining Light","player_choice":"Entered Light","floor":4.0,"gold_loss":0.0,"damage_taken":14.0,"cards_upgraded":["ats:Defend","ats:Strike V"]},{"damage_healed":0.0,"max_hp_gain":0.0,"max_hp_loss":0.0,"gold_gain":0.0,"event_name":"Match and Keep!","player_choice":"0 cards matched","floor":7.0,"gold_loss":0.0,"damage_taken":0.0,"cards_obtained":[]},{"damage_healed":0.0,"max_hp_gain":0.0,"max_hp_loss":0.0,"gold_gain":0.0,"event_name":"The Library","player_choice":"Read","floor":19.0,"gold_loss":0.0,"damage_taken":0.0,"cards_obtained":["ats:Guardian Obelisk"]},{"damage_healed":5.0,"max_hp_gain":0.0,"max_hp_loss":0.0,"gold_gain":0.0,"event_name":"Wheel of Change","player_choice":"Full Heal","floor":21.0,"gold_loss":0.0,"damage_taken":0.0},{"damage_healed":0,"gold_gain":0,"player_choice":"Ignored","damage_taken":0,"max_hp_gain":0,"max_hp_loss":0,"event_name":"Tomb of Lord Red Mask","floor":36,"gold_loss":0},{"damage_healed":0,"gold_gain":0,"player_choice":"Fight","damage_taken":0,"max_hp_gain":0,"max_hp_loss":0,"event_name":"MindBloom","floor":37,"gold_loss":0},{"damage_healed":0,"gold_gain":0,"player_choice":"Embrace Madness","damage_taken":10,"max_hp_gain":0,"max_hp_loss":0,"event_name":"Winding Halls","floor":39,"gold_loss":0,"cards_obtained":["Madness","Madness"]}],"is_beta":false,"boss_relics":[{"not_picked":["Empty Cage","Ectoplasm"],"picked":"Busted Crown"},{"not_picked":["SlaversCollar","Fusion Hammer"],"picked":"Runic Dome"}],"items_purged_floors":[3,20,31,47],"is_endless":false,"potions_floor_spawned":[11,12,14,18,22,25,27,33,35,37,46],"killed_by":"The Heart","ascension_level":3}}