{"host":"i09pxcjttd31eh4q","time":1609072471,"event":{"mods":["AchievementEnabler","BaseMod","Colored Map","Keyboard Shortcuts","Minty Spire (QoL Compilation)","StSLib","SuperFastMode"],"gold_per_floor":[119,136,6,18,31,31,65,77,100,117,117,128,128,128,128,128,128],"floor_reached":16,"playtime":280,"items_purged":["Strike_B"],"score":208,"play_id":"86882339-5d46-4c2b-bee1-0711876527d8","local_time":"20201227213431","is_ascension_mode":true,"campfire_choices":[{"data":"Steam Power","floor":6.0,"key":"SMITH"},{"data":"Sunder","floor":11,"key":"SMITH"},{"data":"Coolheaded","floor":13,"key":"SMITH"},{"floor":15,"key":"REST"}],"circlet_count":0,"master_deck":["AscendersBane","Strike_B","Strike_B","Defend_B","Defend_B","Defend_B","Defend_B","Zap","Dualcast","Gash","Gash","Go for the Eyes","Steam Power+1","Melter","Sunder+1","Coolheaded+1"],"relics":["Cracked Core","Anchor","DataDisk","Golden Idol"],"acts_visited":[],"potions_floor_usage":[8,16],"damage_taken":[{"damage":1.0,"enemies":"Cultist","floor":1.0,"turns":3.0},{"damage":6.0,"enemies":"2 Louse","floor":2.0,"turns":2.0},{"damage":4.0,"enemies":"Small Slimes","floor":4.0,"turns":3.0},{"damage":19.0,"enemies":"Exordium Wildlife","floor":5.0,"turns":4.0},{"damage":27.0,"enemies":"Gremlin Nob","floor":7.0,"turns":4.0},{"damage":11,"enemies":"Large Slime","floor":8,"turns":5},{"damage":0,"enemies":"Blue Slaver","floor":10,"turns":2},{"damage":0,"enemies":"Gremlin Gang","floor":12,"turns":3},{"damage":19,"enemies":"The Guardian","floor":16,"turns":8}],"seed_played":"589467522941071011","potions_obtained":[{"floor":1.0,"key":"Block Potion"},{"floor":7.0,"key":"Regen Potion"},{"floor":10,"key":"Strength Potion"},{"floor":12,"key":"Strength Potion"}],"is_trial":false,"path_per_floor":["M","M","$","M","M","R","E","M","T","M","R","M","R","?","R","B"],"character_chosen":"DEFECT","items_purchased":["Go for the Eyes"],"campfire_rested":1,"item_purchase_floors":[3],"current_hp_per_floor":[63,57,57,53,34,34,7,10,10,10,10,10,10,10,29,10,10],"gold":128,"neow_bonus":"REMOVE_CARD","is_daily":false,"chose_seed":false,"campfire_upgraded":3,"win_rate":0.0,"timestamp":1609072471,"path_taken":["M","M","$","M","M","R","E","M","T","M","R","?","R","?","R","BOSS"],"items_purchased_type":["Card"],"build_version":"2020-12-22","purchased_purges":1,"victory":false,"max_hp_per_floor":[71,71,71,71,71,71,71,71,71,71,71,71,71,64,64,64,64],"card_choices":[{"not_picked":["Hello World","Rebound"],"picked":"Gash","floor":1.0},{"not_picked":["Rebound","Auto Shields"],"picked":"Gash","floor":2.0},{"not_picked":["Defragment","Rip and Tear"],"picked":"Steam Power","floor":4.0},{"not_picked":["Fusion","Barrage","Storm"],"picked":"SKIP","floor":5.0},{"not_picked":["Ball Lightning","Biased Cognition"],"picked":"Melter","floor":7.0},{"not_picked":["Stack","Sweeping Beam"],"picked":"Sunder","floor":8},{"not_picked":["Ball Lightning","Fusion","Lockon"],"picked":"SKIP","floor":10},{"not_picked":["Ball Lightning","BootSequence"],"picked":"Coolheaded","floor":12}],"player_experience":780815,"relics_obtained":[{"floor":7.0,"key":"Anchor"},{"floor":9,"key":"DataDisk"}],"event_choices":[{"damage_healed":0,"gold_gain":0,"player_choice":"Lose Max HP","damage_taken":0,"relics_obtained":["Golden Idol"],"max_hp_gain":0,"max_hp_loss":7,"event_name":"Golden Idol","floor":14,"gold_loss":0}],"is_beta":false,"boss_relics":[],"items_purged_floors":[3],"is_endless":false,"potions_floor_spawned":[1,7,10,12],"killed_by":"The Guardian","ascension_level":20}}