{"host":"fdyrp9onk4l1wyd9","time":1609106906,"event":{"mods":["AchievementEnabler","BaseMod","Better Note","BetterRewards","Colored Powertips","DeckTracker","Gremlin Skip","Highlight Path","Minty Spire (QoL Compilation)","Quick Restart","Rare Cards Sparkle","Relic Stats","Remove Card Discount Mod","Shop Mod","StSLib","SuperFastMode","Transform Curses","slay the spire mod where everything is the same but ironclad has a cowboy hat"],"gold_per_floor":[109,2494,2512,2523,2533,2533,2552,2584,2584,2600,2033,2047,2067,2102,2102,2205,2205,2175,1610,1610,1610,1610,1610],"floor_reached":22,"playtime":1517,"items_purged":["Strike_R","Defend_R","Defend_R","Immolate","Bash","Strike_R"],"score":377,"play_id":"52a34a9f-6293-4a6d-8bf4-3ea96ea07237","local_time":"20201227230826","is_ascension_mode":false,"campfire_choices":[{"data":"Inflame","floor":6,"key":"SMITH"},{"data":"Body Slam","floor":15,"key":"SMITH"}],"circlet_count":0,"master_deck":["Strike_R","Strike_R","Strike_R","Defend_R","Defend_R","Metallicize","Anger","Infernal Blade+1","Spot Weakness","Inflame+1","Infernal Blade+1","Heavy Blade","Inflame","Panache","Thunderclap","Anger","Anger","Cleave","Seeing Red+1","Impervious+1","Panache","Body Slam+1","Reaper","Seeing Red+1","Barricade","Infernal Blade+1","Shrug It Off+1","Inflame","Anger"],"relics":["Burning Blood","MerchantsRug","Bag of Preparation","Lantern","Ginger","MealTicket","Nunchaku","StoneCalendar","CaptainsWheel","Mercury Hourglass","TheAbacus","Gambling Chip","Pantograph","Shuriken","Vajra","OrangePellets","Orrery","Question Card","Meat on the Bone","Toxic Egg 2","Oddly Smooth Stone","Anchor","War Paint","PreservedInsect","Ectoplasm","ClockworkSouvenir","Ancient Tea Set","Bronze Scales"],"acts_visited":["Exordium","TheCity"],"potions_floor_usage":[8],"damage_taken":[{"damage":0,"enemies":"2 Louse","floor":1,"turns":2},{"damage":11,"enemies":"Jaw Worm","floor":3,"turns":2},{"damage":0,"enemies":"Cultist","floor":4,"turns":2},{"damage":0,"enemies":"Blue Slaver","floor":5,"turns":1},{"damage":0,"enemies":"2 Fungi Beasts","floor":7,"turns":2},{"damage":14,"enemies":"Lagavulin","floor":8,"turns":3},{"damage":0,"enemies":"Large Slime","floor":10,"turns":3},{"damage":0,"enemies":"Blue Slaver","floor":12,"turns":1},{"damage":0,"enemies":"Red Slaver","floor":13,"turns":1},{"damage":0,"enemies":"3 Sentries","floor":14,"turns":2},{"damage":9,"enemies":"Slime Boss","floor":16,"turns":4},{"damage":0,"enemies":"2 Thieves","floor":18,"turns":2},{"damage":2,"enemies":"3 Byrds","floor":20,"turns":2},{"damage":11,"enemies":"Centurion and Healer","floor":21,"turns":3}],"seed_played":"-7880063315453518056","potions_obtained":[{"floor":1,"key":"ColorlessPotion"},{"floor":3,"key":"FairyPotion"},{"floor":5,"key":"EssenceOfSteel"},{"floor":7,"key":"PowerPotion"},{"floor":12,"key":"Strength Potion"},{"floor":13,"key":"PowerPotion"}],"is_trial":false,"path_per_floor":["M","$","M","M","M","R","M","E","T","M","$","M","M","E","R","B",null,"M","$","M","M","?"],"character_chosen":"IRONCLAD","items_purchased":["MerchantsRug","Bag of Preparation","Lantern","MealTicket","Nunchaku","Metallicize","Mercury Hourglass","TheAbacus","Pantograph","Shuriken","Vajra","OrangePellets","Anger","Orrery","Question Card","Heavy Blade","Inflame","Panache","Meat on the Bone","Immolate","Anchor","War Paint","Impervious+1","Panache","ClockworkSouvenir","Ancient Tea Set","Bronze Scales","Shrug It Off+1","Inflame"],"campfire_rested":0,"item_purchase_floors":[0,0,0,0,0,0,0,0,0,0,0,0,0,0,0,0,0,2,2,2,11,11,11,11,19,19,19,19,19],"current_hp_per_floor":[80,80,75,80,80,80,80,72,72,78,80,80,80,80,80,77,80,80,80,80,75,75,75],"gold":1610,"neow_bonus":"","is_daily":false,"chose_seed":false,"campfire_upgraded":2,"win_rate":0.0,"timestamp":1609106906,"path_taken":["M","$","M","M","M","R","M","E","T","M","$","M","M","E","R","BOSS","M","$","M","M","?"],"items_purchased_type":["Relic","Relic","Relic","Relic","Relic","Card","Relic","Relic","Relic","Relic","Relic","Relic","Card","Relic","Relic","Card","Card","Card","Relic","Card","Relic","Relic","Card","Card","Relic","Relic","Relic","Card","Card"],"build_version":"2020-12-22","purchased_purges":6,"victory":false,"max_hp_per_floor":[80,80,80,80,80,80,80,80,80,80,80,80,80,80,80,80,80,80,80,80,80,80,80],"relic_stats":{"counters":[14,28],"StoneCalendar":[0],"PreservedInsect":0,"Bag of Preparation":[28],"Ginger":[2],"War Paint":["Infernal Blade","Infernal Blade"],"Question Card":14,"Burning Blood":37,"Mercury Hourglass":[132],"OrangePellets":[0],"Nunchaku":[7],"TheAbacus":[0],"Shuriken":[14],"Gambling Chip":[40],"Pantograph":0,"Bronze Scales":[21],"MealTicket":2,"Ectoplasm":96071,"obtain_stats":[{"Lantern":0,"Calipers":0,"Vajra":0,"StoneCalendar":0,"Bag of Preparation":0,"Ginger":0,"Ancient Tea Set":19,"Burning Blood":0,"ClockworkSouvenir":19,"Nunchaku":0,"TheAbacus":0,"Gambling Chip":0,"Pantograph":0,"MealTicket":0,"Toxic Egg 2":8,"MerchantsRug":0,"Oddly Smooth Stone":9,"PreservedInsect":14,"War Paint":11,"Question Card":0,"Mercury Hourglass":0,"OrangePellets":0,"CaptainsWheel":0,"Anchor":11,"Shuriken":0,"Bronze Scales":19,"Orrery":0,"Molten Egg 2":0,"Ectoplasm":17,"Meat on the Bone":2},{"Lantern":0,"Calipers":0,"Vajra":0,"StoneCalendar":0,"Bag of Preparation":0,"Ginger":0,"Ancient Tea Set":12,"Burning Blood":0,"ClockworkSouvenir":12,"Nunchaku":0,"TheAbacus":0,"Gambling Chip":0,"Pantograph":0,"MealTicket":0,"Toxic Egg 2":6,"MerchantsRug":0,"Oddly Smooth Stone":6,"PreservedInsect":10,"War Paint":7,"Question Card":0,"Mercury Hourglass":0,"OrangePellets":0,"CaptainsWheel":0,"Anchor":7,"Shuriken":0,"Bronze Scales":12,"Orrery":0,"Molten Egg 2":0,"Ectoplasm":11,"Meat on the Bone":1},{"Lantern":0,"Calipers":0,"Vajra":0,"StoneCalendar":0,"Bag of Preparation":0,"Ginger":0,"Ancient Tea Set":23,"Burning Blood":0,"ClockworkSouvenir":23,"Nunchaku":0,"TheAbacus":0,"Gambling Chip":0,"Pantograph":0,"MealTicket":0,"Toxic Egg 2":11,"MerchantsRug":0,"Oddly Smooth Stone":11,"PreservedInsect":17,"War Paint":13,"Question Card":0,"Mercury Hourglass":0,"OrangePellets":0,"CaptainsWheel":0,"Anchor":13,"Shuriken":0,"Bronze Scales":23,"Orrery":0,"Molten Egg 2":0,"Ectoplasm":21,"Meat on the Bone":2}],"Meat on the Bone":0},"card_choices":[{"not_picked":["Flex","Second Wind"],"picked":"Infernal Blade","floor":0},{"not_picked":["Blood for Blood","Power Through"],"picked":"Spot Weakness","floor":0},{"not_picked":["Shrug It Off","Dropkick"],"picked":"Inflame","floor":0},{"not_picked":["Evolve","Wild Strike"],"picked":"Infernal Blade","floor":0},{"not_picked":["Whirlwind","Sever Soul","Clothesline","Reckless Charge"],"picked":"SKIP","floor":1},{"not_picked":["Rampage","True Grit","Wild Strike"],"picked":"Thunderclap","floor":3},{"not_picked":["Pommel Strike","Rage","Searing Blow"],"picked":"Anger","floor":4},{"not_picked":["Searing Blow","Double Tap","Havoc"],"picked":"Anger","floor":5},{"not_picked":["Pummel","Clothesline","Thunderclap"],"picked":"Cleave","floor":7},{"not_picked":["Flame Barrier+1","Twin Strike","Evolve"],"picked":"Seeing Red+1","floor":8},{"not_picked":["Second Wind+1","Warcry+1","Shockwave+1","Thunderclap"],"picked":"SKIP","floor":10},{"not_picked":["Cleave","Flame Barrier+1","Metallicize"],"picked":"Body Slam","floor":12},{"not_picked":["Uppercut","Iron Wave","Clothesline"],"picked":"Reaper","floor":13},{"not_picked":["Twin Strike","Clash","Sentinel+1"],"picked":"Seeing Red+1","floor":14},{"not_picked":["Impervious+1","Offering+1","Bludgeon"],"picked":"Barricade","floor":16},{"not_picked":["Headbutt","Armaments+1","Anger"],"picked":"Infernal Blade+1","floor":18},{"not_picked":["Sever Soul","Rampage","Carnage","Pommel Strike"],"picked":"SKIP","floor":20},{"not_picked":["Immolate","Rupture+1","Clothesline+1"],"picked":"Anger","floor":21}],"player_experience":146542,"relics_obtained":[{"floor":8,"key":"Toxic Egg 2"},{"floor":9,"key":"Oddly Smooth Stone"},{"floor":14,"key":"PreservedInsect"}],"event_choices":[{"damage_healed":0,"gold_gain":0,"player_choice":"Ignored","damage_taken":0,"max_hp_gain":0,"max_hp_loss":0,"event_name":"betterNote:BetterNote","floor":22,"gold_loss":0,"cards_obtained":["Shrug It Off"]}],"is_beta":false,"boss_relics":[{"not_picked":["Astrolabe","Runic Pyramid"],"picked":"Ectoplasm"}],"items_purged_floors":[2,2,2,11,19,19],"is_endless":false,"potions_floor_spawned":[1,3,5,7,12,13,20],"ascension_level":0}}