{"host":"a1eatafr7pisesky","time":1609080550,"event":{"mods":["BaseMod","Colored Map","DeckTracker","Highlight Path","Keyboard Shortcuts","Minty Spire (QoL Compilation)","Permanent Neow","Random Character Button","StSLib","SuperFastMode","everything is the same but u backflip on backflip"],"gold_per_floor":[117,131,131,55,68,97,116,116,116],"floor_reached":8,"playtime":145,"items_purged":[],"score":87,"play_id":"af6e619c-2edd-4af3-a4ae-65cfeff8242d","local_time":"20201227234910","is_ascension_mode":true,"campfire_choices":[],"circlet_count":0,"master_deck":["AscendersBane","Strike_R","Strike_R","Strike_R","Strike_R","Strike_R","Defend_R","Defend_R","Defend_R","Defend_R","Bash","Immolate","Ghostly Armor","Reaper","Second Wind","Blood for Blood","Flex"],"relics":["Burning Blood","Letter Opener","Pen Nib"],"acts_visited":["Exordium"],"potions_floor_usage":[],"damage_taken":[{"damage":0,"enemies":"2 Louse","floor":1,"turns":1},{"damage":9,"enemies":"Jaw Worm","floor":2,"turns":4},{"damage":6,"enemies":"Cultist","floor":5,"turns":3},{"damage":31,"enemies":"Gremlin Nob","floor":6,"turns":5},{"damage":11,"enemies":"Looter","floor":7,"turns":3},{"damage":34,"enemies":"Lagavulin","floor":8,"turns":4}],"seed_played":"-3688253427990558784","potions_obtained":[{"floor":5,"key":"PowerPotion"},{"floor":6,"key":"AttackPotion"}],"is_trial":false,"path_per_floor":["M","M","?","$","M","E","M","E"],"character_chosen":"IRONCLAD","items_purchased":["Second Wind"],"campfire_rested":0,"item_purchase_floors":[4],"current_hp_per_floor":[72,69,57,57,57,32,27,0,0],"gold":116,"neow_bonus":"THREE_RARE_CARDS","is_daily":false,"chose_seed":false,"campfire_upgraded":0,"win_rate":0.0,"timestamp":1609080550,"path_taken":["M","M","?","$","M","E","M","E"],"items_purchased_type":["Card"],"build_version":"2020-12-22","purchased_purges":0,"victory":false,"max_hp_per_floor":[72,72,72,72,72,72,72,72,72],"card_choices":[{"not_picked":["Fiend Fire","Double Tap"],"picked":"Immolate","floor":0},{"not_picked":["Anger","Havoc"],"picked":"Ghostly Armor","floor":1},{"not_picked":["Clash","Sentinel"],"picked":"Reaper","floor":2},{"not_picked":["Uppercut","Headbutt"],"picked":"Blood for Blood","floor":5},{"not_picked":["Reckless Charge","Twin Strike"],"picked":"Flex","floor":6},{"not_picked":["Uppercut","Clash","Armaments"],"picked":"SKIP","floor":7}],"player_experience":261027,"relics_obtained":[{"floor":6,"key":"Pen Nib"}],"event_choices":[{"damage_healed":0,"gold_gain":0,"player_choice":"Success","damage_taken":12,"relics_obtained":["Letter Opener"],"max_hp_gain":0,"max_hp_loss":0,"event_name":"Scrap Ooze","floor":3,"gold_loss":0}],"is_beta":false,"boss_relics":[],"items_purged_floors":[],"is_endless":false,"potions_floor_spawned":[5,6],"killed_by":"Lagavulin","ascension_level":10}}