{"host":"rolltorest","time":1609108109,"event":{"mods":["BaseMod","Minty Spire (QoL Compilation)","StSLib"],"gold_per_floor":[109,119,133,133,16,46,46,76,76,23,23,53,203,221,221,297,297,313,238,257,257,276,310,310,338,338,338,338],"floor_reached":27,"playtime":727,"items_purged":[],"score":738,"play_id":"9eb7dce3-a72e-4f30-865d-647f7554d7c7","local_time":"20201227142829","is_ascension_mode":true,"campfire_choices":[{"data":"Conclude","floor":7,"key":"SMITH"},{"data":"EmptyFist","floor":11,"key":"SMITH"},{"data":"Eruption","floor":15,"key":"SMITH"},{"data":"Ghostly","floor":24,"key":"SMITH"}],"circlet_count":0,"master_deck":["AscendersBane","Strike_P","Defend_P","Defend_P","Defend_P","Defend_P","Eruption+1","Vigilance","Fasting2","Consecrate","ThirdEye","Conclude+1","Wallop","SashWhip","EmptyFist+1","ConjureBlade","CutThroughFate","Ghostly+1","Ghostly","Ghostly","Halt"],"relics":["Velvet Choker","Pocketwatch","Ice Cream","GoldenEye","Strawberry","Empty Cage","Bottled Flame","Ornamental Fan","StrikeDummy"],"acts_visited":["Exordium","TheCity"],"potions_floor_usage":[12,23,25,27],"damage_taken":[{"damage":0,"enemies":"Cultist","floor":1,"turns":3},{"damage":0,"enemies":"Jaw Worm","floor":2,"turns":4},{"damage":0,"enemies":"Small Slimes","floor":3,"turns":4},{"damage":14,"enemies":"3 Sentries","floor":6,"turns":6},{"damage":12,"enemies":"Gremlin Nob","floor":8,"turns":3},{"damage":0,"enemies":"3 Sentries","floor":12,"turns":3},{"damage":6,"enemies":"Looter","floor":14,"turns":2},{"damage":0,"enemies":"Slime Boss","floor":16,"turns":4},{"damage":0,"enemies":"Chosen","floor":18,"turns":3},{"damage":6,"enemies":"Shell Parasite","floor":20,"turns":5},{"damage":16,"enemies":"Chosen and Byrds","floor":22,"turns":5},{"damage":0,"enemies":"Book of Stabbing","floor":23,"turns":4},{"damage":15,"enemies":"Slavers","floor":25,"turns":7},{"damage":0,"enemies":"Book of Stabbing","floor":27,"turns":5}],"seed_played":"2262105115199089732","potions_obtained":[{"floor":1,"key":"Dexterity Potion"},{"floor":3,"key":"Fruit Juice"},{"floor":12,"key":"Strength Potion"},{"floor":23,"key":"Explosive Potion"}],"is_trial":false,"path_per_floor":["M","M","M","?","$","E","R","E","T","$","R","E","?","M","R","B",null,"M","?","M","?","M","E","R","E","T","E"],"character_chosen":"WATCHER","items_purchased":["Conclude","Wallop","EmptyFist"],"campfire_rested":0,"item_purchase_floors":[5,5,10],"current_hp_per_floor":[61,61,61,61,61,47,47,35,35,35,35,47,47,41,41,41,70,70,70,64,40,24,24,24,9,9,9,9],"gold":338,"neow_bonus":"BOSS_RELIC","is_daily":false,"chose_seed":false,"campfire_upgraded":4,"win_rate":0.0,"timestamp":1609108109,"path_taken":["M","M","M","?","?","E","R","E","T","?","R","E","?","M","R","BOSS","M","?","M","?","M","E","R","E","T","E"],"items_purchased_type":["Card","Card","Card"],"build_version":"2020-12-18","purchased_purges":0,"victory":false,"max_hp_per_floor":[68,68,68,68,68,68,68,68,68,68,68,80,80,80,80,80,80,80,80,80,40,40,40,40,40,40,40,40],"card_choices":[{"not_picked":["Worship","Protect"],"picked":"Fasting2","floor":1},{"not_picked":["Evaluate","WindmillStrike"],"picked":"Consecrate","floor":2},{"not_picked":["JustLucky","Prostrate"],"picked":"ThirdEye","floor":3},{"not_picked":["Swivel","PathToVictory","ReachHeaven"],"picked":"SKIP","floor":6},{"not_picked":["DeusExMachina","Wallop"],"picked":"SashWhip","floor":8},{"not_picked":["Consecrate","Prostrate","SashWhip"],"picked":"SKIP","floor":12},{"not_picked":["JustLucky","Prostrate","Consecrate"],"picked":"SKIP","floor":14},{"not_picked":["MasterReality","Alpha"],"picked":"ConjureBlade","floor":16},{"not_picked":["ClearTheMind","Worship","Crescendo"],"picked":"SKIP","floor":18},{"not_picked":["CrushJoints","Vengeance"],"picked":"CutThroughFate","floor":20},{"not_picked":["ClearTheMind","Protect","FlyingSleeves+1"],"picked":"SKIP","floor":22},{"not_picked":["Conclude","CrushJoints"],"picked":"Halt","floor":23},{"not_picked":["Evaluate","InnerPeace","Crescendo"],"picked":"SKIP","floor":25}],"player_experience":1711223,"relics_obtained":[{"floor":6,"key":"Pocketwatch"},{"floor":8,"key":"Ice Cream"},{"floor":9,"key":"GoldenEye"},{"floor":12,"key":"Strawberry"},{"floor":23,"key":"Bottled Flame"},{"floor":25,"key":"Ornamental Fan"},{"floor":26,"key":"StrikeDummy"}],"event_choices":[{"cards_removed":["Strike_P"],"damage_healed":0,"gold_gain":0,"player_choice":"Offered Basic","damage_taken":0,"max_hp_gain":0,"max_hp_loss":0,"event_name":"Bonfire Elementals","floor":4,"gold_loss":0},{"damage_healed":0,"gold_gain":150,"player_choice":"AGREE","damage_taken":0,"max_hp_gain":0,"max_hp_loss":0,"event_name":"Liars Game","floor":13,"gold_loss":0,"cards_obtained":["Doubt"]},{"cards_removed":["Strike_P"],"damage_healed":0,"gold_gain":0,"player_choice":"Gave Gold","damage_taken":0,"max_hp_gain":0,"max_hp_loss":0,"event_name":"Beggar","floor":19,"gold_loss":75},{"damage_healed":0,"gold_gain":0,"player_choice":"Became a Ghost","damage_taken":0,"max_hp_gain":0,"max_hp_loss":40,"event_name":"Ghosts","floor":21,"gold_loss":0,"cards_obtained":["Ghostly","Ghostly","Ghostly"]}],"is_beta":true,"boss_relics":[{"not_picked":["Pandora\u0027s Box","Cursed Key"],"picked":"Empty Cage"}],"items_purged_floors":[],"is_endless":false,"potions_floor_spawned":[1,3,12,16,23],"killed_by":"Book of Stabbing","ascension_level":20}}