{"host":"uv231blk40vjdojr","time":1609072922,"event":{"mods":["BaseMod","Minty Spire (QoL Compilation)","Relic Stats"],"gold_per_floor":[112,112,112,124,124,150,150,169,217,217,247,85,103,133,133,207,207,220,236,236,236,67,93,108,133,159,176,203,21,21,37,37,112,112,127,145,1144,1161,457,482,502,534,534,545,34,34,34,34,34,34,34],"floor_reached":50,"playtime":1777,"items_purged":["Strike_R","Normality","Normality"],"score":1187,"play_id":"b77576a7-fd58-4317-9309-e98738c9b5e9","local_time":"20201227134202","is_ascension_mode":true,"campfire_choices":[{"data":"Cleave","floor":7.0,"key":"SMITH"},{"data":"Bash","floor":10.0,"key":"SMITH"},{"data":"Anger","floor":15.0,"key":"SMITH"},{"data":"Immolate","floor":32.0,"key":"SMITH"},{"data":"Pommel Strike","floor":47,"key":"SMITH"},{"data":"Ghostly","floor":49,"key":"SMITH"}],"circlet_count":0,"master_deck":["AscendersBane","Strike_R","Strike_R","Strike_R","Strike_R","Defend_R","Defend_R","Defend_R","Defend_R","Bash+1","Cleave+1","Impervious","Anger+1","Feed","Clothesline+1","Ghostly","Ghostly","Ghostly+1","Immolate+1","Fiend Fire","Sever Soul+1","Pommel Strike+1","Pommel Strike+1"],"relics":["Burning Blood","NeowsBlessing","Bronze Scales","Darkstone Periapt","PreservedInsect","Nunchaku","Brimstone","Dream Catcher","Busted Crown","Orichalcum","Self Forming Clay","Happy Flower","Sundial","Runic Dome","Paper Frog","Boot","Sling","Shuriken","Toy Ornithopter","Molten Egg 2","Medical Kit","Lantern"],"acts_visited":["Exordium","TheCity","TheBeyond"],"potions_floor_usage":[41,42,50,50],"damage_taken":[{"damage":0.0,"enemies":"Small Slimes","floor":1.0,"turns":1.0},{"damage":0.0,"enemies":"Jaw Worm","floor":4.0,"turns":1.0},{"damage":0.0,"enemies":"Gremlin Nob","floor":6.0,"turns":1.0},{"damage":0.0,"enemies":"2 Louse","floor":8.0,"turns":2.0},{"damage":15.0,"enemies":"3 Sentries","floor":11.0,"turns":5.0},{"damage":12.0,"enemies":"Looter","floor":13.0,"turns":2.0},{"damage":18.0,"enemies":"Gremlin Nob","floor":14.0,"turns":3.0},{"damage":12.0,"enemies":"Slime Boss","floor":16.0,"turns":6.0},{"damage":12.0,"enemies":"Shell Parasite","floor":18.0,"turns":3.0},{"damage":19.0,"enemies":"3 Byrds","floor":19.0,"turns":3.0},{"damage":1.0,"enemies":"Book of Stabbing","floor":23.0,"turns":4.0},{"damage":0.0,"enemies":"Centurion and Healer","floor":24.0,"turns":5.0},{"damage":0.0,"enemies":"Gremlin Leader","floor":25.0,"turns":4.0},{"damage":0.0,"enemies":"Snake Plant","floor":27.0,"turns":3.0},{"damage":10.0,"enemies":"Book of Stabbing","floor":28.0,"turns":4.0},{"damage":0.0,"enemies":"Cultist and Chosen","floor":31.0,"turns":4.0},{"damage":36.0,"enemies":"Collector","floor":33.0,"turns":8.0},{"damage":9.0,"enemies":"3 Shapes","floor":35.0,"turns":6.0},{"damage":0.0,"enemies":"Orb Walker","floor":36.0,"turns":3.0},{"damage":30,"enemies":"Writhing Mass","floor":38,"turns":5},{"damage":21,"enemies":"Nemesis","floor":40,"turns":5},{"damage":3,"enemies":"Spire Growth","floor":41,"turns":5},{"damage":22,"enemies":"Reptomancer","floor":42,"turns":5},{"damage":0,"enemies":"3 Darklings","floor":44,"turns":3},{"damage":38,"enemies":"Donu and Deca","floor":50,"turns":4}],"seed_played":"-7780279473965231470","potions_obtained":[{"floor":4.0,"key":"Ancient Potion"},{"floor":8.0,"key":"DistilledChaos"},{"floor":16.0,"key":"AttackPotion"},{"floor":23.0,"key":"SkillPotion"},{"floor":24.0,"key":"Explosive Potion"},{"floor":41,"key":"Explosive Potion"},{"floor":46,"key":"GamblersBrew"}],"is_trial":false,"path_per_floor":["M","?","?","M","?","E","R","M","T","R","E","$","M","E","R","B",null,"M","M","?","?","$","E","M","E","T","M","E","$","?","M","R","B",null,"M","M","?","M","$","E","M","E","T","M","$","?","R","$","R","B"],"character_chosen":"IRONCLAD","items_purchased":["Brimstone","Immolate","CultistPotion","Paper Frog","Boot","Sling","Medical Kit","Lantern","Pommel Strike+1"],"campfire_rested":0,"item_purchase_floors":[12,22,29,39,39,39,45,45,45],"current_hp_per_floor":[74,48,48,54,75,75,75,75,75,75,66,66,60,48,48,42,67,61,51,29,29,29,34,40,41,41,44,40,40,40,47,47,17,40,40,46,58,34,34,22,25,9,9,18,18,18,18,18,18,0,0],"gold":34,"neow_bonus":"THREE_ENEMY_KILL","is_daily":false,"chose_seed":false,"campfire_upgraded":6,"win_rate":0.0,"timestamp":1609072922,"path_taken":["M","?","?","M","?","E","R","M","T","R","E","?","M","E","R","BOSS","M","M","?","?","?","E","M","E","T","M","E","$","?","M","R","BOSS","M","M","?","M","$","E","M","E","T","M","$","?","R","$","R","BOSS"],"items_purchased_type":["Relic","Card","Potion","Relic","Relic","Relic","Relic","Relic","Card"],"build_version":"2020-12-22","purchased_purges":3,"victory":false,"max_hp_per_floor":[75,75,75,75,75,75,75,75,75,75,75,75,75,75,75,75,75,75,78,83,41,41,41,41,41,41,44,44,44,44,47,47,47,47,50,50,62,62,62,65,65,65,65,68,68,68,68,68,68,68,68],"relic_stats":{"Darkstone Periapt":12,"Happy Flower":[18],"counters":[25,95],"Self Forming Clay":[39],"PreservedInsect":301,"Orichalcum":[162],"Boot":[0],"Medical Kit":[0],"Burning Blood":119,"Nunchaku":[17],"Dream Catcher":0,"Busted Crown":32,"Sundial":[4],"Shuriken":[6],"Bronze Scales":[285],"obtain_stats":[{"Darkstone Periapt":6,"Lantern":45,"NeowsBlessing":0,"Happy Flower":26,"Self Forming Clay":25,"PreservedInsect":9,"Orichalcum":23,"Boot":39,"Sling":39,"Medical Kit":45,"Burning Blood":0,"Runic Dome":34,"Nunchaku":11,"Dream Catcher":14,"Busted Crown":17,"Brimstone":12,"Sundial":28,"Shuriken":40,"Bronze Scales":2,"Molten Egg 2":43,"Toy Ornithopter":42,"Paper Frog":39},{"Darkstone Periapt":3,"Lantern":24,"NeowsBlessing":0,"Happy Flower":13,"Self Forming Clay":13,"PreservedInsect":4,"Orichalcum":11,"Boot":20,"Sling":20,"Medical Kit":24,"Burning Blood":0,"Runic Dome":17,"Nunchaku":5,"Dream Catcher":7,"Busted Crown":8,"Brimstone":5,"Sundial":15,"Shuriken":21,"Bronze Scales":1,"Molten Egg 2":23,"Toy Ornithopter":23,"Paper Frog":20},{"Darkstone Periapt":3,"Lantern":91,"NeowsBlessing":0,"Happy Flower":40,"Self Forming Clay":40,"PreservedInsect":5,"Orichalcum":31,"Boot":73,"Sling":73,"Medical Kit":91,"Burning Blood":0,"Runic Dome":59,"Nunchaku":10,"Dream Catcher":15,"Busted Crown":21,"Brimstone":10,"Sundial":47,"Shuriken":78,"Bronze Scales":1,"Molten Egg 2":88,"Toy Ornithopter":88,"Paper Frog":73}],"Toy Ornithopter":10},"card_choices":[{"not_picked":["Clash","Armaments","Shrug It Off"],"picked":"SKIP","floor":1.0},{"not_picked":["Sword Boomerang","Pommel Strike"],"picked":"Cleave","floor":4.0},{"not_picked":["Sever Soul","Blood for Blood"],"picked":"Impervious","floor":6.0},{"not_picked":["Clash","Wild Strike","Anger"],"picked":"SKIP","floor":8.0},{"not_picked":["Dropkick","Flex","Headbutt"],"picked":"SKIP","floor":11.0},{"not_picked":["Flex","Headbutt"],"picked":"Anger","floor":13.0},{"not_picked":["Sentinel","Hemokinesis","Power Through"],"picked":"SKIP","floor":14.0},{"not_picked":["Barricade","Juggernaut"],"picked":"Feed","floor":16.0},{"not_picked":[],"picked":"Clothesline+1","floor":18.0},{"not_picked":["Metallicize"],"picked":"SKIP","floor":19.0},{"not_picked":["Sword Boomerang"],"picked":"SKIP","floor":23.0},{"not_picked":["Metallicize"],"picked":"SKIP","floor":24.0},{"not_picked":["Perfected Strike"],"picked":"SKIP","floor":25.0},{"not_picked":["Perfected Strike"],"picked":"SKIP","floor":27.0},{"not_picked":["Rampage"],"picked":"SKIP","floor":28.0},{"not_picked":["Headbutt"],"picked":"SKIP","floor":31.0},{"not_picked":[],"picked":"Fiend Fire","floor":33.0},{"not_picked":["Inflame+1"],"picked":"SKIP","floor":35.0},{"not_picked":["Carnage"],"picked":"SKIP","floor":36.0},{"not_picked":["Whirlwind"],"picked":"SKIP","floor":38},{"not_picked":["Dual Wield"],"picked":"SKIP","floor":40},{"not_picked":[],"picked":"Sever Soul+1","floor":41},{"not_picked":[],"picked":"Pommel Strike","floor":42},{"not_picked":["Power Through+1"],"picked":"SKIP","floor":44}],"player_experience":536579,"relics_obtained":[{"floor":6.0,"key":"Darkstone Periapt"},{"floor":9.0,"key":"PreservedInsect"},{"floor":11.0,"key":"Nunchaku"},{"floor":14.0,"key":"Dream Catcher"},{"floor":23.0,"key":"Orichalcum"},{"floor":25.0,"key":"Self Forming Clay"},{"floor":26.0,"key":"Happy Flower"},{"floor":28.0,"key":"Sundial"},{"floor":40,"key":"Shuriken"},{"floor":42,"key":"Toy Ornithopter"},{"floor":43,"key":"Molten Egg 2"}],"event_choices":[{"damage_healed":0.0,"max_hp_gain":0.0,"max_hp_loss":0.0,"gold_gain":0.0,"event_name":"Scrap Ooze","player_choice":"Success","floor":2.0,"gold_loss":0.0,"damage_taken":26.0,"relics_obtained":["Bronze Scales"]},{"damage_healed":0.0,"max_hp_gain":0.0,"max_hp_loss":0.0,"gold_gain":0.0,"event_name":"Liars Game","player_choice":"Ignored","floor":3.0,"gold_loss":0.0,"damage_taken":0.0},{"damage_healed":25.0,"max_hp_gain":0.0,"max_hp_loss":0.0,"gold_gain":0.0,"event_name":"Big Fish","player_choice":"Banana","floor":5.0,"gold_loss":0.0,"damage_taken":0.0},{"damage_healed":0.0,"max_hp_gain":5.0,"max_hp_loss":0.0,"gold_gain":0.0,"event_name":"Forgotten Altar","player_choice":"Shed Blood","floor":20.0,"gold_loss":0.0,"damage_taken":27.0},{"damage_healed":0.0,"max_hp_gain":0.0,"max_hp_loss":42.0,"gold_gain":0.0,"event_name":"Ghosts","player_choice":"Became a Ghost","floor":21.0,"gold_loss":0.0,"damage_taken":0.0,"cards_obtained":["Ghostly","Ghostly","Ghostly"]},{"damage_healed":0.0,"max_hp_gain":0.0,"max_hp_loss":0.0,"gold_gain":0.0,"event_name":"Vampires","player_choice":"Ignored","floor":30.0,"gold_loss":0.0,"damage_taken":0.0},{"damage_healed":0,"gold_gain":999,"player_choice":"Gold","damage_taken":0,"max_hp_gain":0,"max_hp_loss":0,"event_name":"MindBloom","floor":37,"gold_loss":0,"cards_obtained":["Normality","Normality"]},{"damage_healed":0,"gold_gain":0,"player_choice":"Got Potions","damage_taken":0,"max_hp_gain":0,"max_hp_loss":0,"event_name":"Lab","floor":46,"gold_loss":0}],"is_beta":false,"boss_relics":[{"not_picked":["Black Blood","Runic Pyramid"],"picked":"Busted Crown"},{"not_picked":["Black Star","Mark of Pain"],"picked":"Runic Dome"}],"items_purged_floors":[29,39,45],"is_endless":false,"potions_floor_spawned":[4,8,16,23,24,25,27,35,41],"killed_by":"Donu and Deca","ascension_level":17}}