{"host":"qxeepl7ydvsgmfdb","time":1609084331,"event":{"mods":["AchievementEnabler","BaseMod","Colored Powertips","Minty Spire (QoL Compilation)","Quick Restart","slay the spire mod where everything is the same but ironclad has a cowboy hat"],"gold_per_floor":[363,538,538,555,570,570,590,590,617,629,641,665,677,706,718,825,837,860,891,903,840,370,370,390,390,390],"floor_reached":25,"playtime":576,"items_purged":["Strike_G"],"score":251,"play_id":"1ab2c0a2-7ec8-4d77-a367-4c096ad83d4c","local_time":"20201227105211","is_ascension_mode":true,"campfire_choices":[{"floor":6.0,"key":"REST"},{"data":"Deadly Poison","floor":10.0,"key":"SMITH"},{"floor":15.0,"key":"REST"},{"floor":23,"key":"REST"}],"circlet_count":0,"master_deck":["Strike_G","Strike_G","Strike_G","Strike_G","Defend_G","Defend_G","Defend_G","Defend_G","Defend_G","Survivor","Neutralize","Slice","Dagger Throw","Deadly Poison+1","Dagger Spray+1","Die Die Die","Backstab","Die Die Die","Cloak And Dagger","Poisoned Stab","Blade Dance","Accuracy","Slice"],"relics":["Ring of the Snake","CultistMask","MawBank","Boot","Ginger"],"acts_visited":["Exordium","TheCity"],"potions_floor_usage":[18,18,25],"damage_taken":[{"damage":0.0,"enemies":"2 Louse","floor":1.0,"turns":2.0},{"damage":0.0,"enemies":"Small Slimes","floor":4.0,"turns":3.0},{"damage":1.0,"enemies":"Cultist","floor":5.0,"turns":4.0},{"damage":4.0,"enemies":"2 Fungi Beasts","floor":7.0,"turns":3.0},{"damage":9.0,"enemies":"Blue Slaver","floor":12.0,"turns":3.0},{"damage":3.0,"enemies":"Gremlin Gang","floor":14.0,"turns":3.0},{"damage":31.0,"enemies":"The Guardian","floor":16.0,"turns":12.0},{"damage":4,"enemies":"Chosen","floor":18,"turns":4},{"damage":36,"enemies":"Shell Parasite","floor":19,"turns":7},{"damage":32,"enemies":"Snecko","floor":24,"turns":5},{"damage":5,"enemies":"Book of Stabbing","floor":25,"turns":1}],"seed_played":"-5906668806568472363","potions_obtained":[{"floor":1.0,"key":"Energy Potion"},{"floor":5.0,"key":"BlessingOfTheForge"},{"floor":14.0,"key":"Swift Potion"},{"floor":16.0,"key":"Swift Potion"},{"floor":24,"key":"SkillPotion"}],"is_trial":false,"path_per_floor":["M","?","?","M","M","R","M","?","T","R","$","M","?","M","R","B",null,"M","M","$","?","$","R","M","E"],"character_chosen":"THE_SILENT","items_purchased":["Ginger","Blade Dance","Accuracy"],"campfire_rested":3,"item_purchase_floors":[22,22,22],"current_hp_per_floor":[45,45,45,45,44,65,61,61,61,61,61,52,27,24,45,14,56,52,16,16,16,16,37,5,0,0],"gold":390,"neow_bonus":"TWO_FIFTY_GOLD","is_daily":false,"chose_seed":false,"campfire_upgraded":1,"win_rate":0.0,"timestamp":1609084331,"path_taken":["M","?","?","?","M","R","M","?","T","R","$","M","?","M","R","BOSS","M","M","$","?","$","R","M","E"],"items_purchased_type":["Relic","Card","Card"],"build_version":"2020-12-22","purchased_purges":1,"victory":false,"max_hp_per_floor":[70,70,70,70,70,70,70,70,70,70,70,70,70,70,70,70,70,70,70,70,70,70,70,70,70,70],"card_choices":[{"not_picked":["Blur","Infinite Blades"],"picked":"Slice","floor":1.0},{"not_picked":["Underhanded Strike","Acrobatics"],"picked":"Dagger Throw","floor":4.0},{"not_picked":["Quick Slash","Terror"],"picked":"Deadly Poison","floor":5.0},{"not_picked":["Distraction","Cloak And Dagger"],"picked":"Dagger Spray","floor":7.0},{"not_picked":["Sucker Punch","Flying Knee"],"picked":"Die Die Die","floor":12.0},{"not_picked":["Quick Slash","Dash"],"picked":"Backstab","floor":14.0},{"not_picked":["Unload","Grand Finale"],"picked":"Die Die Die","floor":16.0},{"not_picked":["Flying Knee","Flechettes+1"],"picked":"Cloak And Dagger","floor":18},{"not_picked":["Escape Plan","Blade Dance"],"picked":"Poisoned Stab","floor":19},{"not_picked":["Concentrate","Dodge and Roll"],"picked":"Slice","floor":24}],"player_experience":406761,"relics_obtained":[{"floor":9.0,"key":"MawBank"}],"event_choices":[{"damage_healed":0.0,"max_hp_gain":0.0,"max_hp_loss":0.0,"gold_gain":175.0,"event_name":"Liars Game","player_choice":"AGREE","floor":2.0,"gold_loss":0.0,"damage_taken":0.0,"cards_obtained":["Doubt"]},{"damage_healed":0.0,"max_hp_gain":0.0,"max_hp_loss":0.0,"gold_gain":0.0,"event_name":"FaceTrader","player_choice":"Trade","floor":3.0,"gold_loss":0.0,"damage_taken":0.0,"relics_obtained":["CultistMask"]},{"damage_healed":0.0,"max_hp_gain":0.0,"max_hp_loss":0.0,"gold_gain":0.0,"event_name":"Living Wall","player_choice":"Grow","floor":8.0,"gold_loss":0.0,"damage_taken":0.0,"cards_upgraded":["Dagger Spray"]},{"damage_healed":0.0,"max_hp_gain":0.0,"max_hp_loss":0.0,"gold_gain":0.0,"event_name":"Scrap Ooze","player_choice":"Success","floor":13.0,"gold_loss":0.0,"damage_taken":25.0,"relics_obtained":["Boot"]},{"cards_removed":["Doubt"],"damage_healed":0,"gold_gain":0,"player_choice":"Gave Gold","damage_taken":0,"max_hp_gain":0,"max_hp_loss":0,"event_name":"Beggar","floor":21,"gold_loss":75}],"is_beta":false,"boss_relics":[{"not_picked":["Busted Crown","Sozu","Ring of the Serpent"]}],"items_purged_floors":[22],"is_endless":false,"potions_floor_spawned":[1,5,14,16,24],"killed_by":"Book of Stabbing","ascension_level":6}}