{"host":"q8fgl2od8kqkd5ip","time":1609106616,"event":{"mods":["AchievementEnabler","BaseMod","Colored Map","Colored Powertips","Highlight Path","Minty Spire (QoL Compilation)","Rare Cards Sparkle","Replay The Spire","StSLib"],"gold_per_floor":[114,129,144,159,174,174,99,99,99,174,154,184,184,199,199,299,299,314,164,164,64,79,79,94,94,94,194,209,224,224,239,239,239,239],"floor_reached":33,"playtime":2922,"items_purged":["Eruption","Writhe"],"score":299,"play_id":"bd21f799-2875-4cd3-8cb4-2ed42e88a2be","local_time":"20201227230336","daily_mods":["Chimera","Red Cards","Lethality"],"is_ascension_mode":false,"campfire_choices":[{"data":"Crescendo","floor":6,"key":"SMITH"},{"data":"FlyingSleeves","floor":8,"key":"SMITH"},{"data":"TalkToTheHand","floor":13,"key":"SMITH"},{"data":"Shockwave","floor":15,"key":"SMITH"},{"floor":23,"key":"REST"},{"floor":30,"key":"REST"},{"floor":32,"key":"REST"}],"circlet_count":0,"master_deck":["Bash","Survivor","Zap","Strike_R","Strike_G","Strike_B","Defend_R","Defend_G","Defend_P","FlyingSleeves+1","TalkToTheHand+1","Crescendo+1","Shockwave+1","Alpha","Inflame","Protect"],"relics":["PureWater","Pantograph","Nunchaku","Black Star","Happy Flower","Counterbalance","Calipers"],"acts_visited":["Exordium","TheCity"],"potions_floor_usage":[16,22,29,29,31],"damage_taken":[{"damage":0,"enemies":"2 Louse","floor":1,"turns":1},{"damage":0,"enemies":"Small Slimes","floor":2,"turns":2},{"damage":0,"enemies":"Cultist","floor":3,"turns":2},{"damage":8,"enemies":"Blue Slaver","floor":4,"turns":3},{"damage":3,"enemies":"Red Slaver","floor":5,"turns":2},{"damage":0,"enemies":"Lagavulin","floor":12,"turns":4},{"damage":0,"enemies":"Exordium Wildlife","floor":14,"turns":2},{"damage":22,"enemies":"The Guardian","floor":16,"turns":8},{"damage":4,"enemies":"Chosen","floor":18,"turns":3},{"damage":33,"enemies":"Spheric Guardian","floor":22,"turns":4},{"damage":29,"enemies":"Snake Plant","floor":24,"turns":3},{"damage":23,"enemies":"Centurion and Healer","floor":28,"turns":4},{"damage":22,"enemies":"Shelled Parasite and Fungi","floor":29,"turns":3},{"damage":29,"enemies":"3 Cultists","floor":31,"turns":4},{"damage":49,"enemies":"Automaton","floor":33,"turns":4}],"seed_played":"4726349093531193793","potions_obtained":[{"floor":3,"key":"FairyPotion"},{"floor":4,"key":"EntropicBrew"},{"floor":11,"key":"Explosive Potion"},{"floor":14,"key":"AttackPotion"},{"floor":24,"key":"BottledMiracle"},{"floor":29,"key":"BottledMiracle"}],"is_trial":false,"path_per_floor":["M","M","M","M","M","R","$","R","T","?","?","E","R","M","R","B",null,"M","$","?","$","M","R","M","$","T","?","M","M","R","M","R","B"],"character_chosen":"WATCHER","items_purchased":["Happy Flower"],"campfire_rested":3,"item_purchase_floors":[19],"current_hp_per_floor":[72,72,72,64,61,61,61,61,61,50,50,50,50,50,50,50,72,68,68,68,68,35,56,27,27,27,27,4,9,30,1,22,0,0],"gold":239,"neow_bonus":"","is_daily":true,"chose_seed":false,"campfire_upgraded":4,"win_rate":0.0,"timestamp":1609106616,"path_taken":["M","M","M","M","M","R","$","R","T","?","?","E","R","M","R","BOSS","M","?","?","$","?","R","M","$","T","?","?","M","R","M","R","BOSS"],"items_purchased_type":["Relic"],"build_version":"2020-12-22","purchased_purges":2,"victory":false,"max_hp_per_floor":[72,72,72,72,72,72,72,72,72,72,72,72,72,72,72,72,72,72,72,72,72,72,72,72,72,72,72,72,72,72,72,72,72,72],"card_choices":[{"not_picked":["Wild Strike","Evaluate","FearNoEvil"],"picked":"SKIP","floor":1},{"not_picked":["Dark Embrace","ReplayTheSpireMod:Muscle Training"],"picked":"FlyingSleeves","floor":2},{"not_picked":["Iron Wave","JustLucky"],"picked":"TalkToTheHand","floor":3},{"not_picked":["Nirvana","Clash","Shrug It Off"],"picked":"SKIP","floor":4},{"not_picked":["Protect","Replay:Anticipation"],"picked":"Crescendo","floor":5},{"not_picked":["Burning Pact","ForeignInfluence"],"picked":"Shockwave","floor":12},{"not_picked":["Barricade","WreathOfFlame","ThirdEye"],"picked":"SKIP","floor":14},{"not_picked":["Judgement","Berserk"],"picked":"Alpha","floor":16},{"not_picked":["Sanctity","Clothesline+1"],"picked":"Inflame","floor":18},{"not_picked":["JustLucky","Sentinel+1"],"picked":"Protect","floor":22},{"not_picked":["Combust","InnerPeace","Replay:Undeath\u0027s Touch"],"picked":"SKIP","floor":24},{"not_picked":["PathToVictory","Replay:Cycle","Warcry"],"picked":"SKIP","floor":28},{"not_picked":["True Grit","Wild Strike","ThirdEye"],"picked":"SKIP","floor":29},{"not_picked":["ThirdEye","Replay:BluntJabs","Pray"],"picked":"SKIP","floor":31}],"player_experience":393652,"relics_obtained":[{"floor":9,"key":"Pantograph"},{"floor":12,"key":"Nunchaku"},{"floor":26,"key":"Calipers"}],"event_choices":[{"damage_healed":0,"gold_gain":75,"player_choice":"Gather Gold","damage_taken":11,"max_hp_gain":0,"max_hp_loss":0,"event_name":"World of Goop","floor":10,"gold_loss":0},{"damage_healed":0,"gold_gain":0,"player_choice":"Bought 1 Potion","damage_taken":0,"max_hp_gain":0,"max_hp_loss":0,"event_name":"The Woman in Blue","floor":11,"gold_loss":0},{"damage_healed":0,"gold_gain":0,"player_choice":"Opened","damage_taken":0,"relics_obtained":["Counterbalance"],"max_hp_gain":0,"max_hp_loss":0,"event_name":"The Mausoleum","floor":20,"gold_loss":0,"cards_obtained":["Writhe"]},{"damage_healed":0,"gold_gain":100,"player_choice":"Pray","damage_taken":0,"max_hp_gain":0,"max_hp_loss":0,"event_name":"Golden Shrine","floor":27,"gold_loss":0}],"is_beta":false,"boss_relics":[{"not_picked":["Kintsugi","Fusion Hammer"],"picked":"Black Star"}],"items_purged_floors":[7,21],"is_endless":false,"potions_floor_spawned":[3,4,14,24,29],"killed_by":"Automaton","ascension_level":0}}