{"host":"f1miojwxaupu79sp","time":1609031347,"event":{"mods":["BaseMod","Better Vampires","Minty Spire (QoL Compilation)","Shop Mod"],"gold_per_floor":[119,119,134,134,153,153,171,171,171,171,29,39,53,53,53,126,126,143,143,178,3,19,19,19,19,65,65,75,75,94,55,55,129,179,195,105,105,125,140,140,140,140],"floor_reached":41,"playtime":11746,"items_purged":["Strike_G","Strike_G+1"],"score":629,"play_id":"7f8a2da0-444e-42b2-bcf9-17daf4c90b96","local_time":"20201226200907","is_ascension_mode":true,"campfire_choices":[{"data":"After Image","floor":6.0,"key":"SMITH"},{"data":"Crippling Poison","floor":8.0,"key":"SMITH"},{"data":"Sucker Punch","floor":10.0,"key":"SMITH"},{"data":"Adrenaline","floor":15.0,"key":"SMITH"},{"data":"Adrenaline","floor":23.0,"key":"SMITH"},{"data":"Caltrops","floor":25.0,"key":"SMITH"},{"data":"Caltrops","floor":27.0,"key":"SMITH"},{"data":"Noxious Fumes","floor":32.0,"key":"SMITH"},{"data":"Impatience","floor":40.0,"key":"SMITH"}],"circlet_count":0,"master_deck":["AscendersBane","Strike_G+1","Strike_G+1","Defend_G+1","Defend_G+1","Defend_G+1","Defend_G+1","Defend_G+1","Survivor+1","Neutralize","Sucker Punch+1","Deflect+1","Sucker Punch+1","Impatience+1","Neutralize","After Image+1","Crippling Poison+1","Caltrops+1","PiercingWail","Adrenaline+1","Adrenaline+1","Caltrops+1","Noxious Fumes+1"],"relics":["Ring of the Snake","Pocketwatch","Busted Crown","Red Mask","Tiny Chest","MutagenicStrength","Tiny House"],"acts_visited":["Exordium","TheCity","TheBeyond"],"potions_floor_usage":[41],"damage_taken":[{"damage":1.0,"enemies":"Small Slimes","floor":1.0,"turns":3.0},{"damage":0.0,"enemies":"2 Louse","floor":3.0,"turns":4.0},{"damage":0.0,"enemies":"Cultist","floor":5.0,"turns":4.0},{"damage":3.0,"enemies":"Gremlin Gang","floor":7.0,"turns":5.0},{"damage":0.0,"enemies":"Looter","floor":12.0,"turns":3.0},{"damage":4.0,"enemies":"Exordium Thugs","floor":13.0,"turns":5.0},{"damage":5.0,"enemies":"Hexaghost","floor":16.0,"turns":14.0},{"damage":10.0,"enemies":"Spheric Guardian","floor":18.0,"turns":5.0},{"damage":8.0,"enemies":"Masked Bandits","floor":20.0,"turns":5.0},{"damage":0.0,"enemies":"3 Byrds","floor":22.0,"turns":2.0},{"damage":0.0,"enemies":"Sentry and Sphere","floor":28.0,"turns":5.0},{"damage":0.0,"enemies":"Snake Plant","floor":30.0,"turns":3.0},{"damage":18.0,"enemies":"Automaton","floor":33.0,"turns":12.0},{"damage":0.0,"enemies":"3 Darklings","floor":35.0,"turns":5.0},{"damage":2.0,"enemies":"Orb Walker","floor":38.0,"turns":3.0},{"damage":15.0,"enemies":"Maw","floor":39.0,"turns":8.0},{"damage":55,"enemies":"Giant Head","floor":41,"turns":10}],"seed_played":"-8339798952394424026","potions_obtained":[{"floor":5.0,"key":"EntropicBrew"},{"floor":7.0,"key":"EssenceOfSteel"},{"floor":12.0,"key":"DistilledChaos"},{"floor":22.0,"key":"Dexterity Potion"},{"floor":30.0,"key":"CultistPotion"},{"floor":33.0,"key":"LiquidBronze"}],"is_trial":false,"path_per_floor":["M","?","M","?","M","R","M","R","T","R","$","M","M","?","R","B",null,"M","?","?","$","M","R","?","R","T","R","M","?","M","$","R","B",null,"M","?","$","M","M","R","E"],"character_chosen":"THE_SILENT","items_purchased":["Caltrops","Caltrops","Noxious Fumes"],"campfire_rested":0,"item_purchase_floors":[11,21,31],"current_hp_per_floor":[62,62,62,62,62,62,59,59,59,59,59,59,55,55,55,50,65,55,55,47,47,47,47,70,70,70,70,70,70,70,70,70,52,71,71,71,71,69,54,54,0,0],"gold":140,"neow_bonus":"THREE_CARDS","is_daily":false,"chose_seed":false,"campfire_upgraded":9,"win_rate":0.0,"timestamp":1609031347,"path_taken":["M","?","M","?","?","R","?","R","T","R","$","M","?","?","R","BOSS","M","?","?","$","M","R","?","R","T","R","M","?","?","$","R","BOSS","M","?","$","M","M","R","E"],"items_purchased_type":["Card","Card","Card"],"build_version":"2020-12-22","purchased_purges":2,"victory":false,"max_hp_per_floor":[70,70,70,70,70,70,70,70,70,70,70,70,70,70,70,70,70,70,70,70,70,70,70,70,70,70,70,70,70,70,70,70,70,75,75,75,75,75,75,75,75,75],"card_choices":[{"not_picked":["Dagger Throw","Underhanded Strike"],"picked":"Sucker Punch","floor":0.0},{"not_picked":["Quick Slash","Distraction"],"picked":"Deflect","floor":1.0},{"not_picked":["Skewer","Quick Slash"],"picked":"Sucker Punch","floor":3.0},{"not_picked":["Calculated Gamble","Bane"],"picked":"After Image","floor":5.0},{"not_picked":["Dodge and Roll","Predator"],"picked":"Crippling Poison","floor":7.0},{"not_picked":["Sucker Punch","Backstab"],"picked":"PiercingWail","floor":12.0},{"not_picked":["Dagger Throw","Bane"],"picked":"Adrenaline","floor":13.0},{"not_picked":["Wraith Form v2","Die Die Die"],"picked":"Adrenaline","floor":16.0},{"not_picked":["Flying Knee+1"],"picked":"SKIP","floor":18.0},{"not_picked":["Choke"],"picked":"SKIP","floor":22.0},{"not_picked":["Outmaneuver+1"],"picked":"SKIP","floor":28.0},{"not_picked":["Backflip"],"picked":"SKIP","floor":30.0},{"not_picked":["Deadly Poison"],"picked":"SKIP","floor":35.0},{"not_picked":["Predator+1"],"picked":"SKIP","floor":38.0},{"not_picked":["Slice"],"picked":"SKIP","floor":39.0}],"player_experience":825765,"relics_obtained":[{"floor":9.0,"key":"Pocketwatch"},{"floor":20.0,"key":"Red Mask"},{"floor":26.0,"key":"Tiny Chest"}],"event_choices":[{"damage_healed":0.0,"max_hp_gain":0.0,"max_hp_loss":0.0,"gold_gain":0.0,"event_name":"Living Wall","player_choice":"Grow","floor":2.0,"gold_loss":0.0,"damage_taken":0.0,"cards_upgraded":["Deflect"]},{"damage_healed":0.0,"max_hp_gain":0.0,"max_hp_loss":0.0,"gold_gain":0.0,"event_name":"Match and Keep!","player_choice":"2 cards matched","floor":4.0,"gold_loss":0.0,"damage_taken":0.0,"cards_obtained":["Impatience","Neutralize"]},{"damage_healed":0.0,"max_hp_gain":0.0,"max_hp_loss":0.0,"gold_gain":0.0,"event_name":"Liars Game","player_choice":"Ignored","floor":14.0,"gold_loss":0.0,"damage_taken":0.0},{"damage_healed":0.0,"max_hp_gain":0.0,"max_hp_loss":0.0,"gold_gain":0.0,"event_name":"Back to Basics","player_choice":"Simplicity","floor":19.0,"gold_loss":0.0,"damage_taken":0.0,"cards_upgraded":["Strike_G","Strike_G","Strike_G","Strike_G","Defend_G","Defend_G","Defend_G","Defend_G","Defend_G"]},{"damage_healed":0.0,"max_hp_gain":0.0,"max_hp_loss":0.0,"gold_gain":0.0,"event_name":"Masked Bandits","player_choice":"Fought Bandits","floor":20.0,"gold_loss":0.0,"damage_taken":0.0},{"damage_healed":23.0,"max_hp_gain":0.0,"max_hp_loss":0.0,"gold_gain":0.0,"event_name":"The Library","player_choice":"Heal","floor":24.0,"gold_loss":0.0,"damage_taken":0.0},{"damage_healed":0.0,"max_hp_gain":0.0,"max_hp_loss":0.0,"gold_gain":0.0,"event_name":"Drug Dealer","player_choice":"Inject Mutagens","floor":29.0,"gold_loss":0.0,"damage_taken":0.0,"relics_obtained":["MutagenicStrength"]},{"cards_removed":["Strike_G"],"damage_healed":0.0,"max_hp_gain":0.0,"max_hp_loss":0.0,"gold_gain":0.0,"event_name":"Designer","player_choice":"Upgrade and Remove","floor":36.0,"gold_loss":90.0,"damage_taken":0.0,"cards_upgraded":["Survivor"]}],"is_beta":false,"boss_relics":[{"not_picked":["Runic Dome","Cursed Key"],"picked":"Busted Crown"},{"not_picked":["Fusion Hammer","Philosopher\u0027s Stone"],"picked":"Tiny House"}],"items_purged_floors":[11,21],"is_endless":false,"potions_floor_spawned":[5,7,12,22,30,33],"killed_by":"Giant Head","ascension_level":13}}