{"host":"areou1to5q11ox5u","time":1609102936,"event":{"mods":["AchievementEnabler","BaseMod","Bestiary","Block Reminder","Colored Map","Colored Powertips","DeckTracker","Downfall","Highlight Path","Infinite Spire","Minty Spire (QoL Compilation)","Permanent Neow","Random Character Button","Relic Sorter","Relic Stats","StSLib","The Jungle"],"gold_per_floor":[116,116,133,149,161,161,194,194,194,206,222,222,222,222,222,322,372,384,384,384,403,419,419,432,85,85,85,99,99,112,132,132,231,231,247,261,361,379,379,379,412,431,456,477,477,493,493,515,515,523,523],"floor_reached":50,"playtime":6168,"items_purged":[],"score":505,"play_id":"5507c84f-a0e3-47de-b11e-761982a7ad33","local_time":"20201227220216","is_ascension_mode":false,"campfire_choices":[{"data":"Coolheaded","floor":6,"key":"SMITH"},{"data":"Genetic Algorithm","floor":8,"key":"SMITH"},{"floor":13,"key":"REST"},{"data":"Melter","floor":15,"key":"SMITH"},{"data":"Conserve Battery","floor":27,"key":"SMITH"},{"data":"Redo","floor":29,"key":"SMITH"},{"data":"Redo","floor":32,"key":"SMITH"},{"data":"Enlightenment","floor":40,"key":"SMITH"},{"data":"Doom and Gloom","floor":45,"key":"SMITH"},{"data":"Melter","floor":49,"key":"SMITH"}],"circlet_count":0,"master_deck":["Strike_B","Strike_B","Strike_B","Strike_B","Defend_B","Defend_B","Defend_B","Defend_B+1","Zap","Dualcast","White Noise+1","Melter+1","Coolheaded+1","Genetic Algorithm+1","Creative AI+1","Redo+1","Conserve Battery","Self Repair+1","Parasite","Machine Learning+1","Ball Lightning","Gash+1","CurseOfTheBell","Doom and Gloom+1","Streamline+1","Conserve Battery+1","Blind","expansioncontent:SuperHexaguard","Auto Shields","Redo+1","Defragment+1","Go for the Eyes+1","BootSequence+1","Amplify","Lockon","Melter+1","infinitespire:UltimateForm+1","Lockon","Go for the Eyes+1","Enlightenment+1","Tempest+1","Reinforced Body","Stack+1","Fusion+1","Writhe","Barrage+1"],"relics":["Cracked Core","Mummified Hand","Frozen Egg 2","infinitespire:Bottled Soul","Question Card","Tiny House","Calling Bell","infinitespire:Freezer","infinitespire:WardingShard","CaptainsWheel","HandDrill","War Paint","Bottled Lightning","Inserter","Gambling Chip","infinitespire:Midas Blood","infinitespire:Lucky Rock"],"acts_visited":["Exordium","TheCity","TheBeyond"],"potions_floor_usage":[16,16,21,33,37,37,48,50,50],"damage_taken":[{"damage":0,"enemies":"2 Louse","floor":1,"turns":2},{"damage":3,"enemies":"Jaw Worm","floor":3,"turns":3},{"damage":6,"enemies":"Small Slimes","floor":4,"turns":2},{"damage":3,"enemies":"Looter","floor":5,"turns":3},{"damage":26,"enemies":"Gremlin Nob","floor":7,"turns":4},{"damage":3,"enemies":"2 Fungi Beasts","floor":10,"turns":3},{"damage":15,"enemies":"Exordium Thugs","floor":11,"turns":6},{"damage":29,"enemies":"Hexaghost","floor":16,"turns":14},{"damage":13,"enemies":"Shell Parasite","floor":18,"turns":7},{"damage":20,"enemies":"3 Byrds","floor":21,"turns":5},{"damage":26,"enemies":"Cultist and Chosen","floor":22,"turns":6},{"damage":2,"enemies":"Shelled Parasite and Fungi","floor":24,"turns":8},{"damage":0,"enemies":"Snecko","floor":28,"turns":5},{"damage":4,"enemies":"Centurion and Healer","floor":30,"turns":5},{"damage":17,"enemies":"Snake Plant","floor":31,"turns":4},{"damage":8,"enemies":"Champ","floor":33,"turns":12},{"damage":20,"enemies":"3 Darklings","floor":35,"turns":8},{"damage":4,"enemies":"Orb Walker","floor":36,"turns":5},{"damage":51,"enemies":"infinitespire:Three Voidlings","floor":37,"turns":6},{"damage":0,"enemies":"Nightmare_Alpha","floor":37,"turns":14},{"damage":38,"enemies":"Maw","floor":38,"turns":10},{"damage":22,"enemies":"Nemesis","floor":41,"turns":7},{"damage":18,"enemies":"3 Darklings","floor":42,"turns":6},{"damage":7,"enemies":"Transient","floor":44,"turns":5},{"damage":11,"enemies":"4 Shapes","floor":46,"turns":8},{"damage":24,"enemies":"Sphere and 2 Shapes","floor":48,"turns":5},{"damage":55,"enemies":"Awakened One","floor":50,"turns":6}],"seed_played":"-8893557756021868502","potions_obtained":[{"floor":3,"key":"GamblersBrew"},{"floor":10,"key":"EssenceOfSteel"},{"floor":11,"key":"champ:CounterPotion"},{"floor":17,"key":"Strength Potion"},{"floor":18,"key":"AttackPotion"},{"floor":30,"key":"Strength Potion"},{"floor":33,"key":"LiquidMemories"},{"floor":36,"key":"EssenceOfSteel"},{"floor":41,"key":"Energy Potion"},{"floor":42,"key":"Energy Potion"},{"floor":44,"key":"PowerPotion"}],"is_trial":false,"path_per_floor":["M","?","M","M","M","R","E","R","T","M","M","?","R","?","R","B",null,"M","AVR","?","M","M","?","M","$","T","R","M","R","M","M","R","B",null,"M","M","?","M","?","R","E","M","T","M","R","M","?","M","R","B"],"character_chosen":"DEFECT","items_purchased":["Redo","HandDrill","War Paint"],"campfire_rested":1,"item_purchase_floors":[25,25,25],"current_hp_per_floor":[75,75,72,66,63,63,37,37,37,34,19,1,23,41,41,22,80,77,77,77,67,51,32,40,40,40,40,50,50,56,49,49,51,80,70,76,73,45,45,45,43,45,45,38,38,37,57,43,43,0,0],"gold":523,"neow_bonus":"THREE_CARDS","is_daily":false,"chose_seed":false,"campfire_upgraded":9,"win_rate":0.0,"timestamp":1609102936,"path_taken":["M","?","M","M","M","R","E","R","T","M","M","?","R","?","R","BOSS","M","AVR","?","M","M","?","M","$","T","R","M","R","M","M","R","BOSS","M","M","?","M","?","R","E","M","T","M","R","M","?","M","R","BOSS"],"items_purchased_type":["Card","Relic","Relic"],"build_version":"2020-12-22","purchased_purges":0,"victory":false,"max_hp_per_floor":[75,75,75,75,75,75,75,75,75,75,75,75,75,75,75,75,80,80,80,80,80,80,80,80,80,80,80,80,80,80,80,80,80,80,80,80,80,80,80,80,80,80,80,80,80,80,80,80,80,80,80],"relic_stats":{"Inserter":[40],"counters":[27,169],"Mummified Hand":[149],"Gambling Chip":[13],"HandDrill":[28],"War Paint":["Defend_B","White Noise"],"Question Card":25,"obtain_stats":[{"Tiny House":17,"Inserter":34,"infinitespire:Lucky Rock":43,"Frozen Egg 2":7,"War Paint":25,"Question Card":12,"Calling Bell":19,"CaptainsWheel":19,"infinitespire:WardingShard":19,"Mummified Hand":2,"infinitespire:Bottled Soul":9,"Gambling Chip":37,"HandDrill":25,"Bottled Lightning":26,"Cracked Core":0,"infinitespire:Freezer":19,"infinitespire:Midas Blood":41},{"Tiny House":8,"Inserter":16,"infinitespire:Lucky Rock":23,"Frozen Egg 2":5,"War Paint":12,"Question Card":7,"Calling Bell":9,"CaptainsWheel":9,"infinitespire:WardingShard":9,"Mummified Hand":1,"infinitespire:Bottled Soul":5,"Gambling Chip":20,"HandDrill":12,"Bottled Lightning":12,"Cracked Core":0,"infinitespire:Freezer":9,"infinitespire:Midas Blood":22},{"Tiny House":37,"Inserter":89,"infinitespire:Lucky Rock":145,"Frozen Egg 2":14,"War Paint":63,"Question Card":23,"Calling Bell":44,"CaptainsWheel":44,"infinitespire:WardingShard":44,"Mummified Hand":2,"infinitespire:Bottled Soul":14,"Gambling Chip":122,"HandDrill":63,"Bottled Lightning":63,"Cracked Core":0,"infinitespire:Freezer":44,"infinitespire:Midas Blood":139}]},"card_choices":[{"not_picked":["Streamline","Leap"],"picked":"White Noise","floor":0},{"not_picked":["Gash","Steam"],"picked":"Melter","floor":1},{"not_picked":["Streamline","Doom and Gloom"],"picked":"Coolheaded","floor":3},{"not_picked":["Ball Lightning","Gash"],"picked":"Genetic Algorithm","floor":4},{"not_picked":["Steam Power","Steam"],"picked":"Creative AI","floor":5},{"not_picked":["FTL","Tempest"],"picked":"Redo","floor":7},{"not_picked":["Steam Power","Gash"],"picked":"Conserve Battery","floor":10},{"not_picked":["Compile Driver","Coolheaded"],"picked":"Self Repair+1","floor":11},{"not_picked":["Thunder Strike","Reboot","Seek"],"picked":"Machine Learning+1","floor":16},{"not_picked":["Redo","Reinforced Body","Compile Driver"],"picked":"Ball Lightning","floor":17},{"not_picked":["Conserve Battery","Hologram+1","Chill"],"picked":"Gash+1","floor":18},{"not_picked":["Leap","Steam Power","Creative AI+1"],"picked":"Streamline+1","floor":21},{"not_picked":["Streamline","Steam Power","Go for the Eyes"],"picked":"Conserve Battery","floor":22},{"not_picked":["Tempest","Scrape+1","Rip and Tear"],"picked":"Auto Shields","floor":24},{"not_picked":["Ball Lightning+1","Conserve Battery+1","Glacier"],"picked":"Defragment+1","floor":28},{"not_picked":["Blizzard","Force Field","Skim"],"picked":"Go for the Eyes+1","floor":30},{"not_picked":["Steam","Conserve Battery","Cold Snap"],"picked":"BootSequence+1","floor":31},{"not_picked":["Thunder Strike","All For One","Creative AI+1"],"picked":"Amplify","floor":33},{"not_picked":["Conserve Battery+1","Genetic Algorithm","Streamline+1"],"picked":"Lockon","floor":35},{"not_picked":["Hologram","Sweeping Beam","Ball Lightning+1"],"picked":"Melter","floor":36},{"not_picked":["infinitespire:DeathsTouch","infinitespire:Fortify"],"picked":"infinitespire:UltimateForm","floor":37},{"not_picked":["Reprogram+1","Consume+1","Steam+1"],"picked":"Lockon","floor":37},{"not_picked":["Conserve Battery","Blizzard","Sweeping Beam"],"picked":"Go for the Eyes+1","floor":38},{"not_picked":["PanicButton","expansioncontent:FaceSlap","expansioncontent:Torchfire"],"picked":"Enlightenment","floor":39},{"not_picked":["Cold Snap","Coolheaded+1","Compile Driver+1"],"picked":"Tempest+1","floor":41},{"not_picked":["Force Field+1","Steam+1","Scrape"],"picked":"Reinforced Body","floor":42},{"not_picked":["Steam+1","Scrape","Darkness"],"picked":"Stack+1","floor":44},{"not_picked":["All For One","Conserve Battery+1","Beam Cell"],"picked":"Fusion+1","floor":46},{"not_picked":["Sweeping Beam+1","Steam+1","Blizzard"],"picked":"Barrage+1","floor":48}],"player_experience":33748,"relics_obtained":[{"floor":2,"key":"Mummified Hand"},{"floor":7,"key":"Frozen Egg 2"},{"floor":9,"key":"infinitespire:Bottled Soul"},{"floor":19,"key":"infinitespire:Freezer"},{"floor":19,"key":"infinitespire:WardingShard"},{"floor":19,"key":"CaptainsWheel"},{"floor":26,"key":"Bottled Lightning"},{"floor":37,"key":"Gambling Chip"},{"floor":41,"key":"infinitespire:Midas Blood"},{"floor":43,"key":"infinitespire:Lucky Rock"}],"event_choices":[{"damage_healed":0,"gold_gain":0,"player_choice":"Success","damage_taken":18,"relics_obtained":["Question Card"],"max_hp_gain":0,"max_hp_loss":0,"event_name":"Scrap Ooze","floor":12,"gold_loss":0},{"damage_healed":18,"gold_gain":0,"player_choice":"Healed and dodged fight","damage_taken":0,"max_hp_gain":0,"max_hp_loss":0,"event_name":"Mushrooms","floor":14,"gold_loss":0,"cards_obtained":["Parasite"]},{"damage_healed":0,"gold_gain":0,"player_choice":"Read","damage_taken":0,"max_hp_gain":0,"max_hp_loss":0,"event_name":"The Library","floor":20,"gold_loss":0,"cards_obtained":["Doom and Gloom"]},{"damage_healed":0,"gold_gain":0,"player_choice":"CARD CARD ","damage_taken":19,"max_hp_gain":0,"max_hp_loss":0,"event_name":"Knowing Skull","floor":23,"potions_obtained":[],"gold_loss":0,"cards_obtained":["Blind","expansioncontent:SuperHexaguard"]},{"damage_healed":0,"gold_gain":0,"player_choice":"Memory 1","damage_taken":0,"max_hp_gain":0,"max_hp_loss":0,"event_name":"SensoryStone","floor":39,"gold_loss":0},{"damage_healed":20,"gold_gain":0,"player_choice":"Writhe","damage_taken":0,"max_hp_gain":0,"max_hp_loss":0,"event_name":"Winding Halls","floor":47,"gold_loss":0,"cards_obtained":["Writhe"]}],"is_beta":false,"boss_relics":[{"not_picked":["Sozu","Coffee Dripper"],"picked":"Tiny House"},{"not_picked":["Cursed Key","FrozenCore"],"picked":"Inserter"}],"items_purged_floors":[],"is_endless":true,"potions_floor_spawned":[3,10,11,18,30,33,36,41,42,44,46],"killed_by":"Awakened One","ascension_level":0}}