{"host":"odz7g4gpgch153rb","time":1609038505,"event":{"mods":["AchievementEnabler","BaseMod","Better Match","Better Third Choice","BetterRewards","GifTheSpireLib","Infinite Spire","Jedi Mod","Minty Spire (QoL Compilation)","Quick Restart","Replay The Spire","Spikes Relics","StSLib","Stuff the Spire","The Blue Laboratory","Trackpad"],"gold_per_floor":[109,109,124,49,62,62,82,82,82,82,95,108,126,51,51,128,128,139,39,56,76,76,76],"floor_reached":22,"playtime":1300,"items_purged":["Strike_B","Strike_B"],"score":306,"play_id":"3e5746d1-97b8-42c1-95e0-0daebfece494","local_time":"20201226220825","is_ascension_mode":true,"campfire_choices":[{"data":"Zap","floor":6,"key":"SMITH"},{"data":"Dualcast","floor":8,"key":"SMITH"},{"data":"Rip and Tear","floor":10,"key":"SMITH"},{"floor":15,"key":"DIG"}],"circlet_count":0,"master_deck":["AscendersBane","Strike_B","Defend_B","Defend_B","Defend_B","Defend_B","Zap+1","Dualcast+1","Sweeping Beam","Rip and Tear+1","Ball Lightning","StuffTheSpire:Synthwave","Capacitor","StuffTheSpire:Synthwave","Electrodynamics","Conserve Battery+1"],"relics":["Cracked Core","NeowsBlessing","Symbiotic Virus","Question Card"],"acts_visited":["Exordium","TheCity"],"potions_floor_usage":[11,20,21,22],"damage_taken":[{"damage":0,"enemies":"Small Slimes","floor":1,"turns":1},{"damage":0,"enemies":"Cultist","floor":3,"turns":1},{"damage":0,"enemies":"Jaw Worm","floor":5,"turns":1},{"damage":2,"enemies":"Looter","floor":7,"turns":3},{"damage":0,"enemies":"Exordium Wildlife","floor":11,"turns":2},{"damage":8,"enemies":"Blue Slaver","floor":12,"turns":3},{"damage":11,"enemies":"Lots of Slimes","floor":13,"turns":2},{"damage":17,"enemies":"The Guardian","floor":16,"turns":7},{"damage":12,"enemies":"Chosen","floor":18,"turns":4},{"damage":21,"enemies":"3 Byrds","floor":20,"turns":2},{"damage":26,"enemies":"Centurion and Healer","floor":21,"turns":5},{"damage":8,"enemies":"Snecko","floor":22,"turns":2}],"seed_played":"-6283409502871543435","potions_obtained":[{"floor":3,"key":"jedi:holywater"},{"floor":5,"key":"Toxic Potion"},{"floor":16,"key":"LiquidBronze"},{"floor":20,"key":"Explosive Potion"},{"floor":21,"key":"blueLaboratory:BottleOfRum"}],"is_trial":false,"path_per_floor":["M","?","M","$","M","R","M","R","T","R","M","M","M","$","R","B",null,"M","$","M","M","M"],"character_chosen":"DEFECT","items_purchased":["StuffTheSpire:Synthwave"],"campfire_rested":0,"item_purchase_floors":[14],"current_hp_per_floor":[64,64,64,64,64,64,62,62,62,62,62,54,43,43,43,26,60,48,48,27,1,0,0],"gold":76,"neow_bonus":"THREE_ENEMY_KILL","is_daily":false,"chose_seed":false,"campfire_upgraded":3,"win_rate":0.0,"timestamp":1609038505,"path_taken":["M","?","?","$","M","R","M","R","T","R","M","M","M","$","R","BOSS","M","$","M","M","M"],"items_purchased_type":["Card"],"build_version":"2020-12-22","purchased_purges":2,"victory":false,"max_hp_per_floor":[71,71,71,71,71,71,71,71,71,71,71,71,71,71,71,71,71,71,71,71,71,71,71],"card_choices":[{"not_picked":["Turbo","Redo"],"picked":"Sweeping Beam","floor":1},{"not_picked":["Stack","Gash","Chaos"],"picked":"SKIP","floor":3},{"not_picked":["BasicCrystalCard","Skim","StuffTheSpire:LoadUp"],"picked":"SKIP","floor":5},{"not_picked":["jedi:BurstFrost","Amplify"],"picked":"Rip and Tear","floor":7},{"not_picked":["jedi:BurstLightning","Hologram"],"picked":"Ball Lightning","floor":11},{"not_picked":["RefreshScreen","Turbo"],"picked":"StuffTheSpire:Synthwave","floor":12},{"not_picked":["Go for the Eyes","Blizzard"],"picked":"Capacitor","floor":13},{"not_picked":["StuffTheSpire:EventHorizon","Seek","Biased Cognition"],"picked":"Electrodynamics","floor":16},{"not_picked":["Hologram","ReplayTheSpireMod:System Scan","Leap","Barrage"],"picked":"SKIP","floor":18},{"not_picked":["Steam","Chaos","Steam Power"],"picked":"Conserve Battery+1","floor":20},{"not_picked":["Streamline","Go for the Eyes","Consume","Hello World"],"picked":"SKIP","floor":21}],"player_experience":938161,"relics_obtained":[{"floor":9,"key":"Symbiotic Virus"},{"floor":15,"key":"Question Card"}],"event_choices":[{"cards_removed":["Strike_B"],"damage_healed":0,"gold_gain":0,"player_choice":"Purged","damage_taken":0,"max_hp_gain":0,"max_hp_loss":0,"event_name":"Purifier","floor":2,"gold_loss":0}],"is_beta":false,"boss_relics":[{"not_picked":["Cursed Key","trackpad:StolenKidneys","Replay:Drink Me"]}],"items_purged_floors":[4,19],"is_endless":false,"potions_floor_spawned":[3,5,16,20,21],"killed_by":"Snecko","ascension_level":14}}