{"host":"79pwvnyrdes6uj7k","time":1609112230,"event":{"mods":["2.2 Compatiblity","Astrologer","BaseMod","Beaked The Cultist","Colored Powertips","Downfall","Exacting","Friendly Minions","HexUI Lib","Highlight Path","Hubris","Infinite Spire","Mad Scientist","Mimic Mod","Minty Spire (QoL Compilation)","Random Character Button","Replay The Spire","Reworked Bosses","Shop Mod","Somnambulant","StSLib","The Cursed","The Disciple","The Factory","The Judge","The Jungle","The Poker Player","The Runesmith","TheHeartMod"],"gold_per_floor":[183,183,183,358,358,385,455,474,474,487,514,526,559,174,190,285,285,210,226,226,243,257,257,257,257],"floor_reached":23,"playtime":1498,"items_purged":[],"score":216,"play_id":"ac9682fc-0e43-4dee-9340-c7506d9e265a","local_time":"20201227173710","is_ascension_mode":false,"campfire_choices":[{"floor":18,"key":"RECALL"}],"circlet_count":0,"master_deck":["Slimebound:Strike_Slimebound","Slimebound:Strike_Slimebound","Slimebound:Tackle","Slimebound:Defend_Slimebound","Slimebound:Defend_Slimebound","Slimebound:Defend_Slimebound","Slimebound:Defend_Slimebound","Slimebound:Split+1","Slimebound:CorrosiveSpit","Slimebound:FinishingTackle","Slimebound:DisruptingSlam","Doubt","Slimebound:PressTheAttack","Slimebound:RollThrough","Slimebound:TongueLash","Slimebound:FlameTackle","Slimebound:ViciousTackle","Slimebound:RainOfGoop","Slimebound:GoopSpray","Slimebound:DuplicatedForm","Slimebound:ItLooksTasty","Slimebound:SlimeSlap","Slimebound:LeechEnergy","Slimebound:FlameTackle+1","Slimebound:GoopSpray"],"relics":["Slimebound:AbsorbEndCombat","downfall:HeartsMalice","Gremlin Food","Gremlin Horn","Membership Card","MerchantsRug","Replay:Rubber Ducky","Painkiller Herb","downfall:HeartBlessingBlue"],"acts_visited":["Exordium","TheCity"],"potions_floor_usage":[22,23],"damage_taken":[{"damage":0,"enemies":"Small Slimes","floor":2,"turns":1},{"damage":0,"enemies":"2 Louse","floor":3,"turns":1},{"damage":0,"enemies":"Lagavulin","floor":6,"turns":1},{"damage":7,"enemies":"Cultist","floor":8,"turns":4},{"damage":29,"enemies":"Exordium Thugs","floor":10,"turns":5},{"damage":18,"enemies":"Blue Slaver","floor":11,"turns":3},{"damage":11,"enemies":"Large Slime","floor":12,"turns":4},{"damage":10,"enemies":"Exordium Wildlife","floor":13,"turns":7},{"damage":11,"enemies":"downfall:FleeingMerchant","floor":14,"turns":4},{"damage":18,"enemies":"Exordium Wildlife","floor":15,"turns":2},{"damage":61,"enemies":"downfall:Watcher","floor":16,"turns":8},{"damage":50,"enemies":"Shell Parasite","floor":19,"turns":5},{"damage":37,"enemies":"Spheric Guardian","floor":21,"turns":5},{"damage":6,"enemies":"Snake Plant","floor":22,"turns":2},{"damage":49,"enemies":"Book of Stabbing","floor":23,"turns":4}],"seed_played":"6773367632608996783","potions_obtained":[{"floor":6,"key":"hexamod:EctoCoolerPotion"},{"floor":10,"key":"SteroidPotion"},{"floor":15,"key":"FearPotion"},{"floor":20,"key":"CultistPotion"},{"floor":22,"key":"Block Potion"}],"is_trial":false,"path_per_floor":["R","M","M","?","?","E","T","M","?","M","M","M","MIM","$","M","B",null,"T","?","?","?","?","E"],"character_chosen":"SLIMEBOUND","items_purchased":["Membership Card","MerchantsRug","Replay:Rubber Ducky","Slimebound:DuplicatedForm"],"campfire_rested":0,"item_purchase_floors":[14,14,14,14],"current_hp_per_floor":[60,60,60,60,60,60,60,60,60,47,45,50,60,60,60,43,60,70,40,40,27,37,0,0,0],"gold":257,"neow_bonus":"THREE_ENEMY_KILL","is_daily":false,"chose_seed":false,"campfire_upgraded":0,"win_rate":0.0,"timestamp":1609112230,"path_taken":["R","M","M","?","?","E","T","M","?","M","M","?","?","$","M","BOSS","T","?","?","?","?","E"],"items_purchased_type":["Relic","Relic","Relic","Card"],"build_version":"2020-12-22","purchased_purges":0,"victory":false,"max_hp_per_floor":[60,60,60,60,60,60,60,60,60,60,60,60,60,60,60,60,60,70,70,70,70,70,70,70,70],"card_choices":[{"not_picked":["Slimebound:SplitBruiser","Slimebound:SamplingLick"],"picked":"Slimebound:FinishingTackle","floor":2},{"not_picked":["Slimebound:SamplingLick","Slimebound:MegaLick"],"picked":"Slimebound:DisruptingSlam","floor":3},{"not_picked":["Slimebound:SlimeTap","Slimebound:SplitMire"],"picked":"Slimebound:PressTheAttack","floor":6},{"not_picked":["Slimebound:SlimeSpikes","Slimebound:SplitLeeching"],"picked":"Slimebound:RollThrough","floor":8},{"not_picked":["Slimebound:RollThrough","Slimebound:Replication"],"picked":"Slimebound:TongueLash","floor":10},{"not_picked":["Slimebound:SplitAcid","Slimebound:Replication"],"picked":"Slimebound:FlameTackle","floor":11},{"not_picked":["Slimebound:PressTheAttack","Slimebound:LeechingTouch"],"picked":"Slimebound:ViciousTackle","floor":12},{"not_picked":["Slimebound:GrowthPunch","Slimebound:SlimeSpikes"],"picked":"Slimebound:RainOfGoop","floor":13},{"not_picked":["Slimebound:Equalize","Slimebound:SpikyOuterGoop"],"picked":"Slimebound:GoopSpray","floor":14},{"not_picked":["Slimebound:Chomp","Slimebound:Nibble"],"picked":"Slimebound:ItLooksTasty","floor":15},{"not_picked":["Slimebound:SelfFormingGoo","Slimebound:MinionMaster"],"picked":"Slimebound:SlimeSlap","floor":16},{"not_picked":["Slimebound:LevelUp","Slimebound:SplitBruiser"],"picked":"Slimebound:LeechEnergy","floor":19},{"not_picked":["Slimebound:LeadByExample","Slimebound:RollThrough"],"picked":"Slimebound:FlameTackle+1","floor":21},{"not_picked":["Slimebound:PressTheAttack+1","Slimebound:MinionMaster"],"picked":"Slimebound:GoopSpray","floor":22}],"player_experience":327013,"relics_obtained":[{"floor":6,"key":"Gremlin Food"},{"floor":7,"key":"Gremlin Horn"}],"event_choices":[{"damage_healed":0,"gold_gain":0,"player_choice":"Upgraded","damage_taken":0,"max_hp_gain":0,"max_hp_loss":0,"event_name":"Upgrade Shrine","floor":9,"gold_loss":0,"cards_upgraded":["Slimebound:Split"]}],"is_beta":false,"boss_relics":[{"not_picked":["Astrolabe","Ring of Chaos"],"picked":"Painkiller Herb"}],"items_purged_floors":[],"is_endless":false,"potions_floor_spawned":[6,10,15,21,22],"killed_by":"Book of Stabbing","ascension_level":0}}