{"host":"y9jgkjnf95sujozk","time":1609084497,"event":{"mods":["2.2 Compatiblity","AchievementEnabler","Act Like it!","BaseMod","Block Reminder","Colored Map","Colored Powertips","Downfall","Friendly Minions","Gensokyo","GifTheSpireLib","Hermit","Highlight Path","HololiveMod","MarisaÅiñ∂âJÅ@ñÇóùçπÅj","Minty Spire (QoL Compilation)","Random Character Button","Rare Cards Sparkle","Replay The Spire","StSLib","SuperFastMode","The Animator","The Bug Knight","The Cursed","The Servant 0.9.4"],"gold_per_floor":[118,129,84,104,114,128,148,148,148,8,8,28,43,43,43,143,143,154,554,570,570,570,625,505,519,546,125,125,125,55,55,55,70,70,173,173,193,19,19,19,29,29,2,2,2,2,2,31,51,70,70,70],"floor_reached":53,"playtime":1306,"items_purged":[],"score":727,"play_id":"0f09b896-b671-412f-9e6f-a28a3aff3867","local_time":"20201227165457","is_ascension_mode":false,"campfire_choices":[{"floor":8,"key":"REST"},{"data":"Guardian:Orbwalk","floor":11,"key":"SMITH"},{"floor":15,"key":"REST"},{"floor":31,"key":"REST"},{"floor":34,"key":"REST"},{"floor":42,"key":"REST"},{"data":"Guardian:TemporalStrike","floor":46,"key":"SMITH"},{"floor":51,"key":"REST"}],"circlet_count":0,"master_deck":["Guardian:Strike_Guardian","Guardian:Strike_Guardian","Guardian:Strike_Guardian","Guardian:Defend_Guardian","Guardian:Defend_Guardian","Guardian:Defend_Guardian","Guardian:Defend_Guardian","Guardian:CurlUp","Guardian:TwinSlam","Guardian:Reroute","Guardian:ChargeCore","Guardian:TemporalShield","Guardian:Incinerate","Guardian:BronzeOrb","Guardian:Planning","Guardian:Orbwalk+1","Guardian:Orbwalk","Guardian:TimeBomb","Guardian:StasisField","Guardian:FloatingOrbs","Guardian:SentryBeam","Guardian:TimeSifter","Guardian:Incinerate+1","Replay:SS_forest_5","Poisoned Strike","Guardian:MultiBeam","Guardian:TimeBomb","Guardian:StasisField","Guardian:Recover+1","Guardian:TemporalStrike+1","Gensokyo:ReactiveArmor","Guardian:Incinerate+1","Guardian:Repulse","Guardian:ChargeCore+1"],"relics":["Guardian:ModeShifter","Philosopher\u0027s Stone","Orichalcum","Gensokyo:MaskOfHope","Bag of Preparation","HandDrill","ReplayTheSpireMod:Ninjato","Hololive_ChaosS","Sling","Ice Cream","Gensokyo:EmptyGrave","Meat on the Bone","Pen Nib"],"acts_visited":["Exordium","Gensokyo:Gensokyo","Gensokyo:Gensokyoer"],"potions_floor_usage":[16,16,16,35,35,41,41,48,48,48],"damage_taken":[{"damage":1,"enemies":"Gensokyo:Gryphon","floor":1,"turns":4},{"damage":1,"enemies":"Gensokyo:Python","floor":2,"turns":4},{"damage":0,"enemies":"Gensokyo:2_Kodama","floor":4,"turns":2},{"damage":0,"enemies":"Gensokyo:5_Fairies","floor":5,"turns":4},{"damage":1,"enemies":"Gensokyo:CorruptedTreant","floor":6,"turns":3},{"damage":11,"enemies":"Gensokyo:Python_and_Kodama","floor":7,"turns":4},{"damage":0,"enemies":"Gensokyo:LivingMonolith","floor":12,"turns":3},{"damage":11,"enemies":"Gensokyo:CorruptedTreant","floor":13,"turns":3},{"damage":61,"enemies":"Gensokyo:Reimu","floor":16,"turns":9},{"damage":10,"enemies":"Gensokyo:2_Gloops","floor":18,"turns":4},{"damage":20,"enemies":"Gensokyo:Chomper","floor":20,"turns":4},{"damage":5,"enemies":"Gensokyo:Swordslinger","floor":25,"turns":4},{"damage":20,"enemies":"Gensokyo:Monolith_and_Dog","floor":33,"turns":4},{"damage":51,"enemies":"Gensokyo:Eiki","floor":35,"turns":11},{"damage":26,"enemies":"Gensokyo:3_Boulders","floor":37,"turns":6},{"damage":20,"enemies":"Gensokyo:AncientGuardian","floor":41,"turns":5},{"damage":0,"enemies":"Gensokyo:Doremy","floor":48,"turns":5},{"damage":11,"enemies":"Gensokyo:Dusk_and_Dawn","floor":49,"turns":3},{"damage":16,"enemies":"Gensokyo:Sharpion","floor":50,"turns":6},{"damage":39,"enemies":"Gensokyo:Shinki","floor":52,"turns":10}],"seed_played":"-188071580159029923","potions_obtained":[{"floor":1,"key":"Guardian:DefensiveModePotion"},{"floor":5,"key":"Guardian:BlockOnCardUsePotion"},{"floor":6,"key":"sneckomod:MuddlingPotion"},{"floor":16,"key":"Swift Potion"},{"floor":20,"key":"sneckomod:MuddlingPotion"},{"floor":35,"key":"ColorlessPotion"},{"floor":37,"key":"Fire Potion"},{"floor":41,"key":"AttackPotion"},{"floor":47,"key":"hexamod:EctoCoolerPotion"},{"floor":47,"key":"Fire Potion"}],"is_trial":false,"path_per_floor":["M","M","$","M","M","M","M","R","T","$","R","M","M","$","R","B",null,"M","?","M","?","?","T","?","M","T","$","PTL","PTL","$","R","T","M","R","B",null,"M","$","?","?","M","R","COS","$","T","R","?","E","M","M","R","B",null],"character_chosen":"GUARDIAN","items_purchased":["Guardian:ChargeCore","Guardian:Gem_Yellow","Guardian:Orbwalk","Replay:SS_forest_5","Poisoned Strike","HandDrill","Guardian:MultiBeam","Guardian:TemporalStrike","Sling"],"campfire_rested":6,"item_purchase_floors":[3,10,10,27,27,27,30,38,38],"current_hp_per_floor":[87,86,86,86,86,85,74,88,88,88,88,88,77,77,88,27,88,78,78,58,58,58,58,58,53,53,53,53,53,53,79,79,59,85,34,88,62,62,27,27,7,31,71,71,71,71,71,71,60,44,68,41],"gold":70,"neow_bonus":"TEN_PERCENT_HP_BONUS","is_daily":false,"chose_seed":false,"campfire_upgraded":2,"win_rate":0.0,"timestamp":1609084497,"path_taken":["M","M","$","?","?","M","?","R","T","?","R","M","M","$","R","BOSS","M","?","M","?","?","?","?","?","T","?","PTL","PTL","?","R","?","M","R","BOSS","M","$","?","?","M","R","COS","?","T","R","?","E","M","?","R","BOSS"],"items_purchased_type":["Card","Card","Card","Card","Card","Relic","Card","Card","Relic"],"build_version":"2020-12-22","purchased_purges":0,"victory":true,"max_hp_per_floor":[88,88,88,88,88,88,88,88,88,88,88,88,88,88,88,88,88,88,88,88,88,88,88,88,88,88,88,88,88,88,88,88,88,88,88,88,88,88,88,81,81,81,81,81,81,81,81,81,81,81,81,81],"card_choices":[{"not_picked":["Guardian:WalkerClaw","Guardian:VentSteam"],"picked":"Guardian:BronzeOrb","floor":1},{"not_picked":["Guardian:Gem_Cyan","Guardian:PrimingBeam"],"picked":"Guardian:Reroute","floor":2},{"not_picked":["Guardian:FloatingOrbs","Guardian:DonusPower"],"picked":"Guardian:TemporalShield","floor":4},{"not_picked":["Guardian:Gem_Purple","Guardian:Gem_Lightblue"],"picked":"Guardian:Incinerate","floor":5},{"not_picked":["Guardian:Emergency","Guardian:Reroute"],"picked":"Guardian:BronzeOrb","floor":6},{"not_picked":["Guardian:BronzeArmor","Guardian:TemporalStrike"],"picked":"Guardian:Planning","floor":7},{"not_picked":["Guardian:Gem_Cyan","Guardian:Reroute"],"picked":"Guardian:Orbwalk","floor":12},{"not_picked":["Guardian:Gem_Red","Guardian:BaubleBeam"],"picked":"Guardian:TimeBomb","floor":13},{"not_picked":["Guardian:RevengeProtocol","Guardian:Gem_Synthetic"],"picked":"Guardian:StasisField","floor":16},{"not_picked":["Guardian:Gem_Red","Guardian:PolyBeam"],"picked":"Guardian:FloatingOrbs","floor":18},{"not_picked":["Guardian:PrismaticBeam+1","Guardian:TemporalShield"],"picked":"Guardian:SentryBeam","floor":20},{"not_picked":["Guardian:TimeCapacitor","Guardian:Recover"],"picked":"Guardian:Incinerate+1","floor":25},{"not_picked":["Guardian:RollAttack","Guardian:DonusPower"],"picked":"Guardian:TimeBomb","floor":33},{"not_picked":["Guardian:RevengeProtocol","Guardian:GatlingBeam"],"picked":"Guardian:StasisField","floor":35},{"not_picked":["Guardian:ShieldCharger","Guardian:Emergency+1"],"picked":"Guardian:Recover+1","floor":37},{"not_picked":["Guardian:PrimingBeam+1","Guardian:Gem_Green"],"picked":"Guardian:Gem_White","floor":41},{"not_picked":["Guardian:SentryBeam+1","Guardian:Preprogram"],"picked":"Guardian:Incinerate+1","floor":48},{"not_picked":["Guardian:Gem_Lightblue","Guardian:Gem_Blue"],"picked":"Guardian:Repulse","floor":49},{"not_picked":["Guardian:Gem_Green","Guardian:PiercingHide"],"picked":"Guardian:ChargeCore+1","floor":50}],"player_experience":124456,"relics_obtained":[{"floor":9,"key":"Pocketwatch"},{"floor":23,"key":"Orichalcum"},{"floor":26,"key":"Bag of Preparation"},{"floor":32,"key":"ReplayTheSpireMod:Ninjato"},{"floor":45,"key":"Meat on the Bone"},{"floor":48,"key":"Pen Nib"}],"event_choices":[],"is_beta":false,"boss_relics":[{"not_picked":["Fusion Hammer","Hololive_TopUpMoneyS"],"picked":"Philosopher\u0027s Stone"},{"not_picked":["Replay:Drink Me","Empty Cage"],"picked":"Hololive_ChaosS"}],"items_purged_floors":[],"is_endless":false,"potions_floor_spawned":[1,5,6,7,16,20,35,37,41],"ascension_level":0}}