{"host":"jzjaw782v8gfe8gb","time":1609051188,"event":{"mods":["BaseMod","Better Match","Better Note","Better Third Choice","Energized Spire","Magitek Elite","Minty Spire (QoL Compilation)","StSLib"],"gold_per_floor":[112,112,123,133,133,133,158,158,158,174,187,205,225,238,238,238,238],"floor_reached":16,"playtime":1086,"items_purged":[],"score":106,"play_id":"ce34ddb4-468e-4804-8b4c-379e21698398","local_time":"20201226223948","is_ascension_mode":false,"campfire_choices":[{"data":"Blizzard_P","floor":6,"key":"SMITH"},{"data":"Faith","floor":8,"key":"SMITH"},{"floor":15,"key":"REST"}],"circlet_count":0,"master_deck":["Strike_L","Strike_L","Strike_L","Strike_L","Defend_L+1","Defend_L","Defend_L","Defend_L","Defend_L","Fire2","Cure","Quick+1","Thunder_P","Thunder_Blade","Blizzard_P","Faith+1","Water","Minerva_Bustier","Meteor"],"relics":["Pendant","Question Card","White Beast Statue"],"acts_visited":["Exordium"],"potions_floor_usage":[16,16],"damage_taken":[{"damage":1,"enemies":"2 Louse","floor":1,"turns":3},{"damage":6,"enemies":"Jaw Worm","floor":3,"turns":3},{"damage":0,"enemies":"Cultist","floor":4,"turns":3},{"damage":32,"enemies":"Gremlin Nob","floor":7,"turns":6},{"damage":4,"enemies":"Blue Slaver","floor":10,"turns":5},{"damage":14,"enemies":"Red Slaver","floor":11,"turns":4},{"damage":10,"enemies":"Exordium Wildlife","floor":12,"turns":8},{"damage":9,"enemies":"Blue Slaver","floor":13,"turns":4},{"damage":0,"enemies":"Lots of Slimes","floor":14,"turns":1},{"damage":34,"enemies":"Slime Boss","floor":16,"turns":14}],"seed_played":"-3036365615332569410","potions_obtained":[{"floor":4,"key":"EssenceOfSteel"},{"floor":10,"key":"CultistPotion"},{"floor":11,"key":"AttackPotion"},{"floor":12,"key":"LiquidBronze"},{"floor":13,"key":"DistilledChaos"}],"is_trial":false,"path_per_floor":["M","?","M","M","?","R","E","R","T","M","M","M","M","M","R","B"],"character_chosen":"MAGITEKELITE","items_purchased":[],"campfire_rested":1,"item_purchase_floors":[],"current_hp_per_floor":[62,49,43,49,49,49,17,17,17,19,11,7,4,4,22,0,0],"gold":238,"neow_bonus":"ONE_RANDOM_RARE_CARD","is_daily":false,"chose_seed":false,"campfire_upgraded":2,"win_rate":0.0,"timestamp":1609051188,"path_taken":["M","?","M","M","?","R","E","R","T","M","M","M","M","M","R","BOSS"],"items_purchased_type":[],"build_version":"2020-12-22","purchased_purges":0,"victory":false,"max_hp_per_floor":[63,63,63,63,63,63,63,63,63,63,63,63,63,63,63,63,63],"card_choices":[{"not_picked":["Gladius","Mirage_Vest"],"picked":"Thunder_P","floor":1},{"not_picked":["Crystal_Sword","Barrier"],"picked":"Thunder_Blade","floor":3},{"not_picked":["Falchion","Water"],"picked":"Blizzard_P","floor":4},{"not_picked":["Thornlet","Water"],"picked":"Faith","floor":7},{"not_picked":["Gladius","Blizzard_P","Heavy_Shield"],"picked":"Water","floor":10},{"not_picked":["Transpose2","Flametongue","Falchion"],"picked":"Minerva_Bustier","floor":11},{"not_picked":["Aero","Falchion","Wall"],"picked":"Meteor","floor":12},{"not_picked":["Gaia_Gear","Protect_M","Gladius","Transpose_P"],"picked":"SKIP","floor":13},{"not_picked":["Man_Eater","Cursed_Shield","Crystal_Sword","Transfusion"],"picked":"SKIP","floor":14}],"player_experience":1949231,"relics_obtained":[{"floor":7,"key":"Question Card"},{"floor":9,"key":"White Beast Statue"}],"event_choices":[{"damage_healed":62,"gold_gain":0,"player_choice":"Upgrade","damage_taken":13,"max_hp_gain":0,"max_hp_loss":63,"event_name":"betterThird:BetterShining","floor":2,"gold_loss":0,"cards_upgraded":["Defend_L","Quick"]},{"damage_healed":0,"gold_gain":0,"player_choice":"Bought 0 Potions","damage_taken":0,"max_hp_gain":0,"max_hp_loss":0,"event_name":"The Woman in Blue","floor":5,"gold_loss":0}],"is_beta":false,"boss_relics":[],"items_purged_floors":[],"is_endless":false,"potions_floor_spawned":[4,10,11,12,13,14],"killed_by":"Slime Boss","ascension_level":0}}