{"host":"kjehzzhcyp0nyrrl","time":1609059572,"event":{"mods":["AchievementEnabler","Arknights The Spire","BaseMod","Custom Start","Hermit","Keyboard Shortcuts","Koishi","Minty Spire (QoL Compilation)","StSLib","SuperFastMode","The Dragon Tamer","The Gatherer","everything is the same but u backflip on backflip"],"gold_per_floor":[119,69,69,69,79,79,79,79,103,128,144,244,244,255,255,350,350,360,360,285,295,310,310,310,310],"floor_reached":24,"playtime":523,"items_purged":["Decay"],"score":262,"play_id":"49966d02-e334-4e0b-8bc7-8103c5b8fca4","local_time":"20201227175932","is_ascension_mode":true,"campfire_choices":[{"data":"True Grit","floor":6,"key":"SMITH"},{"data":"Bash","floor":8,"key":"SMITH"},{"data":"Feel No Pain","floor":13,"key":"SMITH"},{"data":"Inflame","floor":15,"key":"SMITH"},{"data":"Twin Strike","floor":23,"key":"SMITH"}],"circlet_count":0,"master_deck":["Strike_R","Strike_R","Strike_R","Strike_R","Defend_R","Defend_R","Defend_R","Defend_R","Bash+1","Reaper","Feel No Pain+1","True Grit+1","Twin Strike+1","Inflame+1","Double Tap","Wild Strike","Shrug It Off+1","Shrug It Off"],"relics":["Burning Blood","Akabeko","WarpedTongs","ats:Originium","Bag of Preparation","Runic Pyramid"],"acts_visited":["Exordium","TheCity"],"potions_floor_usage":[18,24,24],"damage_taken":[{"damage":6,"enemies":"2 Louse","floor":1,"turns":4},{"damage":6,"enemies":"Small Slimes","floor":5,"turns":4},{"damage":30,"enemies":"Lagavulin","floor":10,"turns":8},{"damage":14,"enemies":"Cultist","floor":11,"turns":5},{"damage":9,"enemies":"Exordium Wildlife","floor":14,"turns":4},{"damage":40,"enemies":"Hexaghost","floor":16,"turns":11},{"damage":6,"enemies":"2 Thieves","floor":18,"turns":4},{"damage":0,"enemies":"Chosen","floor":21,"turns":3},{"damage":31,"enemies":"Snake Plant","floor":22,"turns":5},{"damage":98,"enemies":"Gremlin Leader","floor":24,"turns":7}],"seed_played":"4899671222844684350","potions_obtained":[{"floor":1,"key":"ElixirPotion"},{"floor":5,"key":"FearPotion"},{"floor":16,"key":"SneckoOil"},{"floor":18,"key":"DistilledChaos"},{"floor":21,"key":"Swift Potion"}],"is_trial":false,"path_per_floor":["M","?","?","?","M","R","?","R","T","E","M","?","R","M","R","B",null,"M","?","$","M","M","R","E"],"character_chosen":"IRONCLAD","items_purchased":[],"campfire_rested":0,"item_purchase_floors":[],"current_hp_per_floor":[59,59,56,56,60,60,53,53,53,35,33,33,33,40,40,18,65,79,79,79,80,55,55,0,0],"gold":310,"neow_bonus":"THREE_RARE_CARDS","is_daily":false,"chose_seed":false,"campfire_upgraded":5,"win_rate":0.0,"timestamp":1609059572,"path_taken":["M","?","?","?","?","R","?","R","T","E","M","?","R","M","R","BOSS","M","?","?","M","M","R","E"],"items_purchased_type":[],"build_version":"2020-12-22","purchased_purges":1,"victory":false,"max_hp_per_floor":[80,80,80,80,80,80,80,80,80,80,80,80,80,80,80,80,80,80,80,80,80,80,80,80,80],"card_choices":[{"not_picked":["Limit Break","Fiend Fire"],"picked":"Reaper","floor":0},{"not_picked":["Burning Pact","Sword Boomerang"],"picked":"Feel No Pain","floor":1},{"not_picked":["Sever Soul","Intimidate"],"picked":"True Grit","floor":5},{"not_picked":["True Grit","Heavy Blade","Clash"],"picked":"SKIP","floor":10},{"not_picked":["Anger","Infernal Blade"],"picked":"Twin Strike","floor":11},{"not_picked":["Flame Barrier","Warcry"],"picked":"Inflame","floor":14},{"not_picked":["Demon Form","Corruption"],"picked":"Double Tap","floor":16},{"not_picked":["Infernal Blade","Entrench+1"],"picked":"Wild Strike","floor":18},{"not_picked":["Clothesline+1","Disarm"],"picked":"Shrug It Off+1","floor":21},{"not_picked":["Reaper","Sword Boomerang"],"picked":"Shrug It Off","floor":22}],"player_experience":379488,"relics_obtained":[{"floor":10,"key":"ats:Originium"},{"floor":10,"key":"Bag of Preparation"}],"event_choices":[{"cards_removed":["Strike_R"],"damage_healed":0,"gold_gain":0,"player_choice":"Card Removal","damage_taken":0,"max_hp_gain":0,"max_hp_loss":0,"event_name":"The Cleric","floor":2,"gold_loss":50},{"damage_healed":0,"gold_gain":0,"player_choice":"Success","damage_taken":3,"relics_obtained":["Akabeko"],"max_hp_gain":0,"max_hp_loss":0,"event_name":"Scrap Ooze","floor":3,"gold_loss":0},{"damage_healed":0,"gold_gain":0,"player_choice":"Rummage","damage_taken":0,"relics_obtained":["WarpedTongs"],"max_hp_gain":0,"max_hp_loss":0,"event_name":"Accursed Blacksmith","floor":4,"gold_loss":0,"cards_obtained":["Pain"]},{"cards_removed":["Pain"],"damage_healed":0,"gold_gain":0,"player_choice":"Card Removal","damage_taken":7,"max_hp_gain":0,"max_hp_loss":0,"event_name":"Golden Wing","floor":7,"gold_loss":0},{"damage_healed":0,"gold_gain":100,"player_choice":"Pray","damage_taken":0,"max_hp_gain":0,"max_hp_loss":0,"event_name":"Golden Shrine","floor":12,"gold_loss":0},{"damage_healed":0,"gold_gain":0,"player_choice":"Cursed","damage_taken":0,"max_hp_gain":0,"max_hp_loss":0,"event_name":"Wheel of Change","floor":19,"gold_loss":0,"cards_obtained":["Decay"]}],"is_beta":false,"boss_relics":[{"not_picked":["SlaversCollar","Cursed Key"],"picked":"Runic Pyramid"}],"items_purged_floors":[20],"is_endless":false,"potions_floor_spawned":[1,5,16,18,21],"killed_by":"Gremlin Leader","ascension_level":7}}