{"host":"3jjxuhjpio8e4zkv","time":1609108391,"event":{"mods":["BaseMod","Colored Map","Highlight Path","Minty Spire (QoL Compilation)","Permanent Neow","Relic Stats","StSLib"],"gold_per_floor":[115,132,145,145,220,220,220],"floor_reached":6,"playtime":177,"items_purged":[],"score":72,"play_id":"cd97105d-4527-4e74-98e2-206ea7a58938","local_time":"20201227173311","is_ascension_mode":true,"campfire_choices":[],"circlet_count":0,"master_deck":["AscendersBane","Strike_P","Strike_P","Strike_P","Strike_P","Defend_P","Defend_P","Eruption","Vigilance","Doubt","Omniscience","EmptyFist","CutThroughFate","TalkToTheHand"],"relics":["PureWater","Frozen Egg 2"],"acts_visited":["Exordium"],"potions_floor_usage":[6,6],"damage_taken":[{"damage":12,"enemies":"Small Slimes","floor":1,"turns":2},{"damage":7,"enemies":"Jaw Worm","floor":2,"turns":3},{"damage":4,"enemies":"2 Louse","floor":3,"turns":3},{"damage":7,"enemies":"Lagavulin","floor":6,"turns":3}],"seed_played":"-2718864371352951190","potions_obtained":[{"floor":2,"key":"Fire Potion"},{"floor":3,"key":"DuplicationPotion"}],"is_trial":false,"path_per_floor":["M","M","M","?","?","E"],"character_chosen":"WATCHER","items_purchased":[],"campfire_rested":0,"item_purchase_floors":[],"current_hp_per_floor":[49,42,38,12,1,0,0],"gold":220,"neow_bonus":"TRANSFORM_TWO_CARDS","is_daily":false,"chose_seed":false,"campfire_upgraded":0,"win_rate":0.0,"timestamp":1609108391,"path_taken":["M","M","M","?","?","E"],"items_purchased_type":[],"build_version":"2020-12-22","purchased_purges":0,"victory":false,"max_hp_per_floor":[68,68,68,68,68,68,68],"relic_stats":{"counters":[4,11],"obtain_stats":[{"PureWater":0,"Frozen Egg 2":4},{"PureWater":0,"Frozen Egg 2":3},{"PureWater":0,"Frozen Egg 2":8}]},"card_choices":[{"not_picked":["ForeignInfluence","JustLucky"],"picked":"CutThroughFate","floor":1},{"not_picked":["BowlingBash","ClearTheMind"],"picked":"TalkToTheHand","floor":2},{"not_picked":["EmptyFist","Vengeance","PathToVictory"],"picked":"SKIP","floor":3}],"player_experience":1123316,"relics_obtained":[],"event_choices":[{"damage_healed":0,"gold_gain":0,"player_choice":"Success","damage_taken":26,"relics_obtained":["Frozen Egg 2"],"max_hp_gain":0,"max_hp_loss":0,"event_name":"Scrap Ooze","floor":4,"gold_loss":0},{"damage_healed":0,"gold_gain":75,"player_choice":"Gather Gold","damage_taken":11,"max_hp_gain":0,"max_hp_loss":0,"event_name":"World of Goop","floor":5,"gold_loss":0}],"is_beta":false,"boss_relics":[],"items_purged_floors":[],"is_endless":false,"potions_floor_spawned":[2,3],"killed_by":"Lagavulin","ascension_level":20}}