{"host":"kiauivt48syq9iz6","time":1609093268,"event":{"mods":["BaseMod","Conspire","Downfall","Hermit","Minty Spire (QoL Compilation)","Replay The Spire","SIMod","StSLib","The Animator","The Construct","The Cursed","The Runesmith","The Servant 0.9.4"],"gold_per_floor":[119,194,194,225,121,121,133,162,162,162,177,193,46,64,64,162,162,177,2,22,35,48,48,63,63,63,63,79,178,178,31,31,132,132,150,164,188,203,4,4,4],"floor_reached":40,"playtime":1965,"items_purged":["Regret"],"score":388,"play_id":"f50d215f-cbe6-40bd-af56-ab1a621ddc8d","local_time":"20201227112108","is_ascension_mode":false,"campfire_choices":[{"floor":6.0,"key":"REST"},{"floor":15.0,"key":"REST"},{"floor":23.0,"key":"REST"},{"floor":25.0,"key":"REST"},{"data":"Runesmith:Repurpose","floor":27.0,"key":"SMITH"},{"data":"Runesmith:LithiumIon","floor":32,"key":"SMITH"}],"circlet_count":0,"master_deck":["Runesmith:Strike_RS","Runesmith:Strike_RS","Runesmith:Defend_RS","Runesmith:Defend_RS","Runesmith:Defend_RS","Runesmith:Defend_RS","Runesmith:CraftFirestone","Runesmith:Fortify","Runesmith:Refine+1","Runesmith:HeatedChisel","Runesmith:Repurpose+1","Runesmith:LithiumIon+1","Runesmith:HammerThrow","Runesmith:CraftProtectio","Runesmith:Fortify","Runesmith:CraftMagma","Runesmith:EnergizedChisel","Runesmith:Permafrost","Runesmith:MakeshiftArmor","Runesmith:ArcReactor+1","CurseOfTheBell","Runesmith:CraftIncendium","GreatAndPowerful+1","Runesmith:PerfectChisel","Runesmith:Malloc+1","Runesmith:CraftSpiculum","Runesmith:Augment","Runesmith:MetallurgicalResearch+1","Runesmith:HeatExchange","Runesmith:PoweredAnvil+1","Runesmith:BackupBattery","Runesmith:MakeshiftArmor+1"],"relics":["Runesmith:BrokenRuby","construct:FoamFinger","Ancient Tea Set","Replay:WaspNest","Nunchaku","Calling Bell","Runesmith:MiniCore","Golden Egg","Ice Cream","construct:RocketBooster","Guide Book","Replay:Rubber Ducky","ReplayFunnel"],"acts_visited":["Exordium","TheCity","TheBeyond"],"potions_floor_usage":[],"damage_taken":[{"damage":0.0,"enemies":"conspire:RoseBush","floor":1.0,"turns":4.0},{"damage":6.0,"enemies":"conspire:MimicChest","floor":4.0,"turns":5.0},{"damage":0.0,"enemies":"Jaw Worm","floor":7.0,"turns":3.0},{"damage":11.0,"enemies":"3 Sentries","floor":8.0,"turns":8.0},{"damage":2.0,"enemies":"2 Louse","floor":11.0,"turns":2.0},{"damage":7.0,"enemies":"2 Fungi Beasts","floor":12.0,"turns":4.0},{"damage":6.0,"enemies":"3 Louse","floor":14.0,"turns":4.0},{"damage":23.0,"enemies":"Slime Boss","floor":16.0,"turns":12.0},{"damage":0.0,"enemies":"Chosen","floor":18.0,"turns":7.0},{"damage":4.0,"enemies":"Shell Parasite","floor":20.0,"turns":7.0},{"damage":16.0,"enemies":"Snecko","floor":21.0,"turns":7.0},{"damage":20.0,"enemies":"Sentry and Sphere","floor":22.0,"turns":7.0},{"damage":0.0,"enemies":"conspire:HollyBat","floor":24.0,"turns":6.0},{"damage":5,"enemies":"Centurion and Healer","floor":28,"turns":9},{"damage":35,"enemies":"Automaton","floor":33,"turns":8},{"damage":34,"enemies":"3 Shapes","floor":35,"turns":6},{"damage":24,"enemies":"3 Darklings","floor":36,"turns":6},{"damage":10,"enemies":"4 Shapes","floor":38,"turns":4},{"damage":8,"enemies":"Nemesis","floor":40,"turns":4}],"seed_played":"-7052633675808539502","potions_obtained":[{"floor":4.0,"key":"Energy Potion"},{"floor":7.0,"key":"FearPotion"},{"floor":8.0,"key":"SpeedPotion"},{"floor":33,"key":"sneckomod:MuddlingPotion"},{"floor":35,"key":"Death Potion"}],"is_trial":false,"path_per_floor":["M","?","?","?","$","R","M","E","T","?","M","M","$","M","R","B",null,"M","$","M","M","M","R","M","R","T","R","M","?","?","$","R","B",null,"M","M","T","M","$","E"],"character_chosen":"RUNESMITH_CLASS","items_purchased":["Runesmith:LithiumIon","Runesmith:HammerThrow","Runesmith:Permafrost","GreatAndPowerful","Guide Book","ReplayFunnel","Runesmith:MakeshiftArmor"],"campfire_rested":4,"item_purchase_floors":[5,5,13,19,31,39,39],"current_hp_per_floor":[70,59,47,41,41,62,62,51,51,51,49,42,42,36,57,34,70,70,70,66,50,30,51,51,70,70,70,65,65,65,65,65,30,70,36,12,12,2,2,0,0],"gold":4,"neow_bonus":"TRANSFORM_CARD","is_daily":false,"chose_seed":false,"campfire_upgraded":2,"win_rate":0.0,"timestamp":1609093268,"path_taken":["M","?","?","?","$","R","M","E","T","?","?","M","$","M","R","BOSS","M","$","M","M","M","R","M","R","T","R","M","?","?","$","R","BOSS","M","M","?","M","$","E"],"items_purchased_type":["Card","Card","Card","Card","Relic","Relic","Card"],"build_version":"2020-12-22","purchased_purges":1,"victory":false,"max_hp_per_floor":[70,70,70,70,70,70,70,70,70,70,70,70,70,70,70,70,70,70,70,70,70,70,70,70,70,70,70,70,70,70,70,70,70,70,70,70,70,70,70,70,70],"card_choices":[{"not_picked":["Runesmith:ShiftingStrike","Runesmith:BackupBattery"],"picked":"Runesmith:HeatedChisel","floor":1.0},{"not_picked":["Runesmith:CraftProtectio","Runesmith:UnstableHammer"],"picked":"Runesmith:Repurpose","floor":4.0},{"not_picked":["Runesmith:Grindstone","Runesmith:ChaoticBlast"],"picked":"Runesmith:CraftProtectio","floor":7.0},{"not_picked":["Runesmith:Augment","Runesmith:HammerTime","Runesmith:StaticCage"],"picked":"SKIP","floor":8.0},{"not_picked":["Runesmith:Empowerment","Runesmith:ShiftingStrike"],"picked":"Runesmith:CraftMagma","floor":11.0},{"not_picked":["Runesmith:Retool","Runesmith:RunicBlueprint"],"picked":"Runesmith:EnergizedChisel","floor":12.0},{"not_picked":["Runesmith:RuneHurl","Runesmith:HeatedChisel"],"picked":"Runesmith:MakeshiftArmor","floor":14.0},{"not_picked":["Runesmith:LastStand","Runesmith:DuctTape"],"picked":"Runesmith:ArcReactor","floor":16.0},{"not_picked":["Runesmith:Retool+1","Runesmith:Electrocute"],"picked":"Runesmith:CraftIncendium","floor":18.0},{"not_picked":["Runesmith:HeatExchange","Runesmith:NegativeSpace"],"picked":"Runesmith:PerfectChisel","floor":20.0},{"not_picked":["Runesmith:StaticCage","Runesmith:RuneHurl"],"picked":"Runesmith:Malloc+1","floor":21.0},{"not_picked":["Runesmith:PoweredAnvil","Runesmith:Superposition"],"picked":"Runesmith:CraftSpiculum","floor":22.0},{"not_picked":["Runesmith:ShiftingStrike","Runesmith:UnstableHammer+1","Runesmith:HeatedChisel"],"picked":"SKIP","floor":24.0},{"not_picked":["Runesmith:HeatedChisel","Runesmith:Prism"],"picked":"Runesmith:Augment","floor":28},{"not_picked":["Runesmith:FissionHammer","Runesmith:LightningRod"],"picked":"Runesmith:MetallurgicalResearch","floor":33},{"not_picked":["Runesmith:HammerThrow","Runesmith:HammerTime"],"picked":"Runesmith:HeatExchange","floor":35},{"not_picked":["Runesmith:ChargedHammer+1","Runesmith:Overpower"],"picked":"Runesmith:PoweredAnvil+1","floor":36},{"not_picked":["Runesmith:Attraction","Runesmith:Overpower"],"picked":"Runesmith:BackupBattery","floor":38}],"player_experience":96203,"relics_obtained":[{"floor":4.0,"key":"Ancient Tea Set"},{"floor":8.0,"key":"Replay:WaspNest"},{"floor":9.0,"key":"Nunchaku"},{"floor":17.0,"key":"Runesmith:MiniCore"},{"floor":17.0,"key":"Golden Egg"},{"floor":17.0,"key":"Ice Cream"},{"floor":26.0,"key":"construct:RocketBooster"},{"floor":37,"key":"Replay:Rubber Ducky"}],"event_choices":[{"damage_healed":0.0,"max_hp_gain":0.0,"max_hp_loss":0.0,"gold_gain":75.0,"event_name":"World of Goop","player_choice":"Gather Gold","floor":2.0,"gold_loss":0.0,"damage_taken":11.0},{"damage_healed":0.0,"max_hp_gain":0.0,"max_hp_loss":0.0,"gold_gain":0.0,"event_name":"Scrap Ooze","player_choice":"Success","floor":3.0,"gold_loss":0.0,"damage_taken":12.0,"relics_obtained":["construct:FoamFinger"]},{"damage_healed":0.0,"max_hp_gain":0.0,"max_hp_loss":0.0,"gold_gain":0.0,"event_name":"Match and Keep!","player_choice":"2 cards matched","floor":10.0,"gold_loss":0.0,"damage_taken":0.0,"cards_obtained":["Regret","Runesmith:Fortify"]},{"damage_healed":0,"gold_gain":99,"player_choice":"Stole From Cult","damage_taken":0,"max_hp_gain":0,"max_hp_loss":0,"event_name":"Nest","floor":29,"gold_loss":0},{"cards_removed":["Runesmith:Strike_RS"],"damage_healed":0,"gold_gain":0,"player_choice":"Offered Basic","damage_taken":0,"max_hp_gain":0,"max_hp_loss":0,"event_name":"Bonfire Elementals","floor":30,"gold_loss":0}],"is_beta":false,"boss_relics":[{"not_picked":["Coffee Dripper","Ectoplasm"],"picked":"Calling Bell"},{"not_picked":[]}],"items_purged_floors":[13],"is_endless":false,"potions_floor_spawned":[4,7,8,12,22,28,33,35],"killed_by":"Nemesis","ascension_level":0}}