{"host":"s4klbi5zf1bej8mm","time":1607985950,"event":{"mods":["2.2 Compatiblity","AchievementEnabler","Act Like it!","BaseMod","Block Reminder","Colored Map","Colored Powertips","DeckTracker","Downfall","Duelist Mod","Hallownest","Hermit","Highlight Path","Jorbs\u0027s Wanderer Trilogy","Minty Spire (QoL Compilation)","Permanent Neow","Quick Restart","Random Character Button","Relic Sorter","Relic Stats","Replay The Spire","Shade Mod","Spicy Shops","StSLib","The Blackbeard","The Bug Knight","The Construct","The Cursed","The Disciple","The Gatherer","The Hierophant","The Necromancer","The Runesmith","Unknown Chances"],"gold_per_floor":[110,60,71,86,105,105,135,135,135,149,37,37,37,58,58,183,183,207,220,288,311,326,326,24,24,48,64,97,97,116,147,147,270,270,293,293,307,307,307,307,331,331,401,417,448,467,487,502,502,502],"floor_reached":51,"playtime":3624,"items_purged":["Shade:Defend_Shade","Injury"],"score":796,"play_id":"4036a1b3-16a2-4c14-a599-4c736ea00f9e","local_time":"20201214164550","is_ascension_mode":false,"campfire_choices":[{"data":"Shade:OpenGraves","floor":6,"key":"SMITH"},{"data":"Shade:AnimateDead","floor":6,"key":"SMITH"},{"data":"Shade:SoulToxin","floor":8,"key":"SMITH"},{"data":"Shade:ExtraLimbs","floor":8,"key":"SMITH"},{"floor":13,"key":"REST"},{"data":"Shade:FleshToFlesh","floor":15,"key":"SMITH"},{"data":"Shade:StitchTogether","floor":15,"key":"SMITH"},{"data":"Shade:Putrefaction","floor":23,"key":"SMITH"},{"data":"Shade:FreshBones","floor":23,"key":"SMITH"},{"floor":25,"key":"DIG"},{"floor":29,"key":"DIG"},{"floor":32,"key":"DIG"},{"data":"Shade:Putrefaction","floor":40,"key":"SMITH"},{"data":"Shade:AnimateDead","floor":40,"key":"SMITH"},{"data":"Shade:FleshToFlesh","floor":42,"key":"SMITH"},{"data":"Shade:CommandSoldier","floor":42,"key":"SMITH"},{"data":"Shade:CallWraith","floor":49,"key":"SMITH"},{"data":"Shade:SoulPierce","floor":49,"key":"SMITH"}],"circlet_count":0,"master_deck":["Shade:Strike_Shade","Shade:Strike_Shade","Shade:Strike_Shade","Shade:Strike_Shade","Shade:Defend_Shade","Shade:Defend_Shade","Shade:Defend_Shade","Shade:AnimateDead+1","Shade:OpenGraves+1","Shade:ExtraLimbs+1","Shade:SoulToxin+1","Shade:FleshToFlesh+1","Shade:GraveStillness","Shade:GraveStillness","Shade:StitchTogether+1","Shade:Putrefaction+1","CurseOfTheBell","Pot Of Greed","Pot Of Greed","Shade:CommandSoldier+1","Shade:AuraOfUnlife+1","Shade:WallOfFlesh","Shade:FreshBones+1","Shade:SoulPierce+1","Shade:GraveStillness","Pot Of Greed","Shade:PressTheAttack","Shade:Putrefaction+1","Shade:CommandSoldier+1","Shade:AnimateDead+1","Shade:FleshToFlesh+1","Shade:Coordination+1","Shade:SkeletonArmy+1","Shade:FreshBones","Parasite","Shade:CallWraith+1"],"relics":["Shade:YorickSkull","Replay:Arrowhead","Bottled Flame","Darkstone Periapt","Golden Idol","Calling Bell","Grinning Jar","Matryoshka","Shovel","Unceasing Top","Gremlin Food","Potion Belt","Sundial","Bag of Marbles","Replay:Mystery Machine","Meat on the Bone","Tiny Chest","ReplayTheSpireMod:TigerMarble","Orichalcum","Coffee Dripper","Golden Egg","Mummified Hand","Happy Flower"],"acts_visited":["Exordium","Hallownest:CityofTears","TheBeyond"],"potions_floor_usage":[5,7,7,16,28,33,33,33,37,46,50,50,50,50],"damage_taken":[{"damage":2,"enemies":"2 Louse","floor":1,"turns":2},{"damage":2,"enemies":"Jaw Worm","floor":3,"turns":4},{"damage":0,"enemies":"Small Slimes","floor":4,"turns":3},{"damage":6,"enemies":"Exordium Thugs","floor":5,"turns":4},{"damage":12,"enemies":"3 Sentries","floor":7,"turns":6},{"damage":6,"enemies":"Exordium Wildlife","floor":10,"turns":4},{"damage":0,"enemies":"Blue Slaver","floor":14,"turns":3},{"damage":9,"enemies":"Slime Boss","floor":16,"turns":16},{"damage":0,"enemies":"Hallownest:Flukemon_and_Top","floor":18,"turns":6},{"damage":25,"enemies":"Hallownest:3_Youths","floor":19,"turns":7},{"damage":0,"enemies":"Hallownest:Master_and_Novice","floor":22,"turns":7},{"damage":4,"enemies":"Hallownest:3_Mistakes","floor":27,"turns":6},{"damage":16,"enemies":"Hallownest:eliteWatcherKnight","floor":28,"turns":12},{"damage":31,"enemies":"Hallownest:2_Flukemon","floor":30,"turns":8},{"damage":0,"enemies":"Hallownest:Nosk","floor":31,"turns":8},{"damage":37,"enemies":"Hallownest:BossMantisLord","floor":33,"turns":8},{"damage":0,"enemies":"3 Shapes","floor":35,"turns":2},{"damage":0,"enemies":"3 Darklings","floor":37,"turns":5},{"damage":14,"enemies":"Jaw Worm Horde","floor":41,"turns":5},{"damage":0,"enemies":"Spire Growth","floor":44,"turns":4},{"damage":0,"enemies":"Giant Head","floor":45,"turns":7},{"damage":24,"enemies":"3 Darklings","floor":46,"turns":3},{"damage":0,"enemies":"Transient","floor":47,"turns":5},{"damage":4,"enemies":"Writhing Mass","floor":48,"turns":5},{"damage":38,"enemies":"Time Eater","floor":50,"turns":9}],"seed_played":"-2215108054889223586","potions_obtained":[{"floor":3,"key":"ColorlessPotion"},{"floor":4,"key":"BlessingOfTheForge"},{"floor":5,"key":"Explosive Potion"},{"floor":10,"key":"Elixir"},{"floor":18,"key":"SteroidPotion"},{"floor":20,"key":"Ancient Potion"},{"floor":20,"key":"Explosive Potion"},{"floor":20,"key":"Swift Potion"},{"floor":27,"key":"SteroidPotion"},{"floor":31,"key":"Energy Potion"},{"floor":33,"key":"ColorlessPotion"},{"floor":35,"key":"GamblersBrew"},{"floor":44,"key":"Weak Potion"},{"floor":45,"key":"Strength Potion"},{"floor":47,"key":"BlessingOfTheForge"}],"is_trial":false,"path_per_floor":["M","?","M","M","M","R","E","R","T","M","$","?","R","M","R","B",null,"M","M","?","T","M","R","$","R","T","M","E","R","M","E","R","B",null,"M","?","M","?","T","R","M","R","T","M","E","M","M","M","R","B",null],"character_chosen":"SHADE","items_purchased":["Shade:GraveStillness","Sundial","Shade:SoulPierce"],"campfire_rested":1,"item_purchase_floors":[11,24,24],"current_hp_per_floor":[45,45,43,43,37,37,25,25,25,19,19,25,46,46,46,47,77,77,52,33,33,43,43,43,43,43,49,43,43,34,44,44,29,77,77,77,77,77,77,77,63,63,63,63,73,49,59,71,71,43],"gold":502,"neow_bonus":"ONE_RARE_RELIC","is_daily":false,"chose_seed":false,"campfire_upgraded":14,"win_rate":0.0,"timestamp":1607985950,"path_taken":["M","?","M","M","M","R","E","R","T","M","$","?","R","M","R","BOSS","M","M","?","?","M","R","?","R","T","?","E","R","M","E","R","BOSS","M","?","?","?","?","R","M","R","T","M","E","M","M","M","R","BOSS"],"items_purchased_type":["Card","Relic","Card"],"build_version":"2020-12-13","purchased_purges":2,"victory":true,"max_hp_per_floor":[65,65,65,65,65,65,65,65,65,65,65,71,71,71,71,71,77,77,77,77,77,77,77,77,77,77,77,77,77,77,77,77,77,77,77,77,77,77,77,77,77,77,77,77,77,77,77,83,83,83],"relic_stats":{"Darkstone Periapt":18,"Shovel":3,"Happy Flower":[7],"counters":[25,149],"Golden Idol":157,"Sundial":[8],"Mummified Hand":[29],"Tiny Chest":1,"Orichalcum":[96],"obtain_stats":[{"Darkstone Periapt":9,"Gremlin Food":21,"Potion Belt":21,"Golden Egg":39,"Happy Flower":45,"Shade:YorickSkull":0,"Golden Idol":12,"Replay:Mystery Machine":26,"Orichalcum":32,"Replay:Arrowhead":0,"Calling Bell":17,"Bottled Flame":7,"Matryoshka":17,"Shovel":17,"Sundial":24,"Mummified Hand":43,"Tiny Chest":29,"Bag of Marbles":25,"ReplayTheSpireMod:TigerMarble":31,"Coffee Dripper":34,"Grinning Jar":17,"Unceasing Top":20,"Meat on the Bone":28},{"Darkstone Periapt":5,"Gremlin Food":10,"Potion Belt":10,"Golden Egg":18,"Happy Flower":21,"Shade:YorickSkull":0,"Golden Idol":6,"Replay:Mystery Machine":11,"Orichalcum":15,"Replay:Arrowhead":0,"Calling Bell":8,"Bottled Flame":5,"Matryoshka":8,"Shovel":8,"Sundial":11,"Mummified Hand":19,"Tiny Chest":13,"Bag of Marbles":11,"ReplayTheSpireMod:TigerMarble":15,"Coffee Dripper":16,"Grinning Jar":8,"Unceasing Top":10,"Meat on the Bone":13},{"Darkstone Periapt":19,"Gremlin Food":55,"Potion Belt":55,"Golden Egg":111,"Happy Flower":127,"Shade:YorickSkull":0,"Golden Idol":23,"Replay:Mystery Machine":62,"Orichalcum":96,"Replay:Arrowhead":0,"Calling Bell":42,"Bottled Flame":19,"Matryoshka":42,"Shovel":42,"Sundial":62,"Mummified Hand":116,"Tiny Chest":80,"Bag of Marbles":62,"ReplayTheSpireMod:TigerMarble":96,"Coffee Dripper":104,"Grinning Jar":42,"Unceasing Top":55,"Meat on the Bone":80}],"Unceasing Top":[24],"Meat on the Bone":24},"card_choices":[{"not_picked":["Shade:Frenzy","Shade:Excise"],"picked":"Shade:OpenGraves","floor":1},{"not_picked":["Shade:FingerOfDeath","Shade:SensePrey"],"picked":"Shade:ExtraLimbs","floor":3},{"not_picked":["Shade:AncientSpear","Shade:GoDigging","Shade:Asphyxiate"],"picked":"SKIP","floor":4},{"not_picked":["Shade:FleshLikeOak","Shade:TouchOfTheGrave"],"picked":"Shade:SoulToxin","floor":5},{"not_picked":["Shade:FuneraryArmor","Shade:CloudOfShrapnel","Shade:AncientSpear"],"picked":"SKIP","floor":7},{"not_picked":["Shade:GreyBargain","Shade:RitualOffering"],"picked":"Shade:FleshToFlesh","floor":10},{"not_picked":["Shade:SpontaneousRitual","Shade:CommandSoldier"],"picked":"Shade:StitchTogether","floor":14},{"not_picked":["Shade:OminousRitual","Shade:LastGasp"],"picked":"Shade:Putrefaction","floor":16},{"not_picked":["Shade:ScuttlingHand","Shade:SpontaneousRitual+1"],"picked":"Shade:CommandSoldier+1","floor":18},{"not_picked":["Shade:Brains","Shade:SpontaneousRitual"],"picked":"Shade:AuraOfUnlife+1","floor":19},{"not_picked":["Shade:BoneShards","Shade:FeralStrike"],"picked":"Shade:WallOfFlesh","floor":20},{"not_picked":["Shade:FuneraryArmor","Shade:ClawBack"],"picked":"Shade:FreshBones","floor":22},{"not_picked":["Shade:CloudOfShrapnel","Shade:PotionOfRestlessness+1","Shade:WallOfFlesh"],"picked":"SKIP","floor":27},{"not_picked":["Shade:SpontaneousRitual","Shade:Tombstone","Shade:ClawBack+1"],"picked":"SKIP","floor":28},{"not_picked":["Shade:BoneShards","Shade:GreyBargain"],"picked":"Shade:GraveStillness","floor":30},{"not_picked":["Shade:GraveStillness","Shade:Bite_Shade"],"picked":"Shade:PressTheAttack","floor":31},{"not_picked":["Shade:DarkOfNight","Shade:LastGasp"],"picked":"Shade:Putrefaction","floor":33},{"not_picked":["Shade:Premonition","Shade:BoneShards+1"],"picked":"Shade:CommandSoldier","floor":35},{"not_picked":["Shade:FuneraryArmor","Shade:PotionOfRestlessness+1"],"picked":"Shade:FleshToFlesh","floor":37},{"not_picked":["Shade:FingerOfDeath+1","Shade:CallOfTheGrave+1"],"picked":"Shade:Coordination","floor":41},{"not_picked":["Shade:FuneraryArmor+1","Shade:Brains"],"picked":"Shade:SkeletonArmy+1","floor":44},{"not_picked":["Shade:FuneraryArmor+1","Shade:FleshToFlesh+1"],"picked":"Shade:FreshBones","floor":45},{"not_picked":["Shade:FeralStrike","Shade:Frenzy","Shade:SkeletonHug+1"],"picked":"SKIP","floor":46},{"not_picked":["Shade:FleshToFlesh","Shade:SpectralStrikes","Shade:SkeletonHug+1"],"picked":"SKIP","floor":47},{"not_picked":["Shade:FleshToFlesh","Shade:Excise"],"picked":"Shade:CallWraith","floor":48}],"player_experience":133869,"relics_obtained":[{"floor":7,"key":"Bottled Flame"},{"floor":9,"key":"Darkstone Periapt"},{"floor":17,"key":"Grinning Jar"},{"floor":17,"key":"Matryoshka"},{"floor":17,"key":"Shovel"},{"floor":20,"key":"Unceasing Top"},{"floor":21,"key":"Gremlin Food"},{"floor":21,"key":"Potion Belt"},{"floor":25,"key":"Bag of Marbles"},{"floor":26,"key":"Replay:Mystery Machine"},{"floor":28,"key":"Meat on the Bone"},{"floor":29,"key":"Tiny Chest"},{"floor":31,"key":"ReplayTheSpireMod:TigerMarble"},{"floor":32,"key":"Orichalcum"},{"floor":39,"key":"Golden Egg"},{"floor":43,"key":"Mummified Hand"},{"floor":45,"key":"Happy Flower"}],"event_choices":[{"cards_removed":["Shade:CarefulCut"],"damage_healed":0,"gold_gain":0,"player_choice":"Card Removal","damage_taken":0,"max_hp_gain":0,"max_hp_loss":0,"event_name":"The Cleric","floor":2,"gold_loss":50},{"damage_healed":0,"gold_gain":0,"player_choice":"Take Wound","damage_taken":0,"relics_obtained":["Golden Idol"],"max_hp_gain":0,"max_hp_loss":0,"event_name":"Golden Idol","floor":12,"gold_loss":0,"cards_obtained":["Injury"]},{"damage_healed":0,"gold_gain":0,"player_choice":"1 cards matched","damage_taken":0,"max_hp_gain":0,"max_hp_loss":0,"event_name":"Match and Keep!","floor":36,"gold_loss":0,"cards_obtained":["Shade:AnimateDead"]},{"damage_healed":0,"gold_gain":0,"player_choice":"Ignored","damage_taken":0,"max_hp_gain":0,"max_hp_loss":0,"event_name":"Tomb of Lord Red Mask","floor":38,"gold_loss":0}],"is_beta":false,"boss_relics":[{"not_picked":["ReplayTheSpireMod:DimensionalGlitch","Empty Cage"],"picked":"Calling Bell"},{"not_picked":["Tiny House","SlaversCollar"],"picked":"Coffee Dripper"}],"items_purged_floors":[11,24],"is_endless":false,"potions_floor_spawned":[3,4,5,10,18,27,31,33,35,44,45,47],"ascension_level":0}}