{"host":"5pvsezzv96u4cz40","time":1607974888,"event":{"mods":["Act Like it!","BaseMod","BetterRewards","CapriCore","Colored Map","Colored Powertips","GifTheSpireLib","Hermit","Hubris","Infinite Spire","Menagerie","Minty Spire (QoL Compilation)","Replay The Spire","Shop Mod","StSLib","The Construct","The Necromancer","The Servant 0.9.4","The Vixen","??????REMEMod"],"gold_per_floor":[116,67,77,94,27,27,27,27,52,85,104,104,119,129,129,232,232,244,61,71,84,98,98,116,133,133,283,283,283,303,7,7,106,106,122,122,122],"floor_reached":36,"playtime":3033,"items_purged":["Strike_G","Sickly"],"score":393,"play_id":"b5833aff-f951-4f49-9c82-6ef82e9a56aa","local_time":"20201214204128","is_ascension_mode":false,"campfire_choices":[{"data":"Bouncing Flask","floor":6,"key":"SMITH"},{"data":"Outmaneuver","floor":8,"key":"SMITH"},{"floor":12,"key":"REST"},{"floor":15,"key":"REST"},{"floor":23,"key":"REST"},{"floor":29,"key":"REST"},{"floor":32,"key":"REST"}],"circlet_count":0,"master_deck":["Defend_G","Defend_G","Defend_G","Defend_G","Defend_G","Survivor","Neutralize","hermit:FlashPowder","Deadly Poison","Poisoned Stab","Outmaneuver+1","PiercingWail","Bouncing Flask+1","Slice","Poisoned Stab","Quick Slash","Deadly Poison","Atom Bomb","Poisoned Stab","Catalyst","Noxious Fumes+1","Dash","Prepared","Cloak And Dagger+1","hubris:SlightOfHand+1","Poisoned Stab","Acrobatics","Unload","Draining Mist+1","Venomology+1","Unload+1"],"relics":["Ring of the Snake","REME_ComplimentaryCards","Potion Belt","Basket Of Snakes","infinitespire:ShieldingShard","ReplayTheSpireMod:CursedCoin","Lantern","Astrolabe"],"acts_visited":["Exordium","TheCity","TheBeyond"],"potions_floor_usage":[1,10,11,16,16,20,21,24,30,33,33,35,35,36],"damage_taken":[{"damage":0,"enemies":"Small Slimes","floor":1,"turns":3},{"damage":0,"enemies":"Cultist","floor":3,"turns":3},{"damage":7,"enemies":"2 Louse","floor":4,"turns":4},{"damage":23,"enemies":"3 Sentries","floor":10,"turns":12},{"damage":4,"enemies":"Exordium Thugs","floor":11,"turns":4},{"damage":13,"enemies":"Lots of Slimes","floor":13,"turns":4},{"damage":5,"enemies":"2 Fungi Beasts","floor":14,"turns":4},{"damage":29,"enemies":"Slime Boss","floor":16,"turns":10},{"damage":0,"enemies":"Chosen","floor":18,"turns":4},{"damage":11,"enemies":"2 Thieves","floor":20,"turns":3},{"damage":20,"enemies":"Centurion and Healer","floor":21,"turns":5},{"damage":32,"enemies":"Snake Plant","floor":22,"turns":5},{"damage":11,"enemies":"Shelled Parasite and Fungi","floor":24,"turns":4},{"damage":28,"enemies":"Chosen and Byrds","floor":25,"turns":7},{"damage":23,"enemies":"Snake Plant","floor":30,"turns":4},{"damage":17,"enemies":"hubris:MusketHawk","floor":33,"turns":6},{"damage":35,"enemies":"3 Shapes","floor":35,"turns":5},{"damage":39,"enemies":"3 Darklings","floor":36,"turns":6}],"seed_played":"3427465906845379643","potions_obtained":[{"floor":0,"key":"FairyPotion"},{"floor":0,"key":"Dexterity Potion"},{"floor":0,"key":"CunningPotion"},{"floor":10,"key":"infinitespire:BlackPotion"},{"floor":13,"key":"Strength Potion"},{"floor":14,"key":"Dexterity Potion"},{"floor":16,"key":"Poison Potion"},{"floor":20,"key":"DistilledChaos"},{"floor":25,"key":"Strength Potion"},{"floor":30,"key":"LiquidMemories"},{"floor":33,"key":"AttackPotion"},{"floor":35,"key":"Weak Potion"}],"is_trial":false,"path_per_floor":["M","$","M","M","$","R","?","R","T","E","M","R","M","M","R","B",null,"M","$","M","M","M","R","M","M","T","AVR","?","R","M","$","R","B",null,"M","M"],"character_chosen":"THE_SILENT","items_purchased":["Poisoned Stab","Bouncing Flask","Catalyst","Toxic Potion","Lantern","SkillPotion","Poisoned Stab","Acrobatics"],"campfire_rested":5,"item_purchase_floors":[2,5,19,19,31,31,31,31],"current_hp_per_floor":[70,70,70,63,63,63,63,63,63,40,36,57,44,39,60,31,70,70,70,59,39,7,28,17,10,10,10,33,54,31,31,52,35,70,35,0,0],"gold":122,"neow_bonus":"THREE_SMALL_POTIONS","is_daily":false,"chose_seed":false,"campfire_upgraded":2,"win_rate":0.0,"timestamp":1607974888,"path_taken":["M","$","M","M","$","R","?","R","T","E","M","R","?","M","R","BOSS","M","?","M","?","M","R","M","M","T","AVR","?","R","?","$","R","BOSS","M","M"],"items_purchased_type":["Card","Card","Card","Potion","Relic","Potion","Card","Card"],"build_version":"2020-12-13","purchased_purges":2,"victory":false,"max_hp_per_floor":[70,70,70,70,70,70,70,70,70,70,70,70,70,70,70,70,70,70,70,70,70,70,70,70,70,70,70,70,70,70,70,70,70,70,70,70,70],"card_choices":[{"not_picked":["Quick Slash","Backflip"],"picked":"Deadly Poison","floor":1},{"not_picked":["Deflect","Bane"],"picked":"Outmaneuver","floor":3},{"not_picked":["Backflip","Prepared"],"picked":"PiercingWail","floor":4},{"not_picked":["Terror","Underhanded Strike"],"picked":"Slice","floor":10},{"not_picked":["Outmaneuver","Flying Knee"],"picked":"Poisoned Stab","floor":11},{"not_picked":["PiercingWail","Draining Mist"],"picked":"Quick Slash","floor":13},{"not_picked":["Storm of Steel","Calculated Gamble"],"picked":"Deadly Poison","floor":14},{"not_picked":["Die Die Die","REME_CopyPotion"],"picked":"Atom Bomb","floor":16},{"not_picked":["Accuracy","Riddle With Holes+1"],"picked":"Poisoned Stab","floor":18},{"not_picked":["hubris:SlightOfHand","Draining Mist"],"picked":"Noxious Fumes+1","floor":20},{"not_picked":["Quick Slash","Riddle With Holes"],"picked":"Dash","floor":21},{"not_picked":["Dagger Throw","Flying Knee","Choke"],"picked":"SKIP","floor":22},{"not_picked":["Endless Agony","ReplayTheSpireMod:Scrap Shanks"],"picked":"Prepared","floor":24},{"not_picked":["Flying Knee","Acrobatics+1"],"picked":"Cloak And Dagger+1","floor":25},{"not_picked":["ReplayTheSpireMod:Scrap Shanks","hubris:TrickCloak+1"],"picked":"hubris:SlightOfHand+1","floor":30},{"not_picked":["After Image","REME_CopyPotion"],"picked":"Unload","floor":33},{"not_picked":["Calculated Gamble","Outmaneuver","Hidden Blade+1"],"picked":"SKIP","floor":35}],"player_experience":99324,"relics_obtained":[{"floor":9,"key":"Potion Belt"},{"floor":10,"key":"Basket Of Snakes"},{"floor":26,"key":"infinitespire:ShieldingShard"}],"event_choices":[{"cards_removed":["Strike_G"],"damage_healed":0,"gold_gain":0,"player_choice":"Purged","damage_taken":0,"max_hp_gain":0,"max_hp_loss":0,"event_name":"Purifier","floor":7,"gold_loss":0},{"damage_healed":23,"gold_gain":0,"player_choice":"Heal","damage_taken":0,"max_hp_gain":0,"max_hp_loss":0,"event_name":"The Library","floor":28,"gold_loss":0}],"is_beta":false,"boss_relics":[{"not_picked":["Kintsugi","hubris:Stopwatch","hubris:CrackedHourglass"]},{"not_picked":["Painkiller Herb","Honey Jar"],"picked":"Astrolabe"}],"items_purged_floors":[19,27],"is_endless":false,"potions_floor_spawned":[10,13,14,16,20,25,30,33,35],"killed_by":"3 Darklings","ascension_level":0}}