{"host":"y89x8uui45kcjy42","time":1607918485,"event":{"mods":["2.2 Compatiblity","BaseMod","Colored Map","Colored Powertips","Friendly Minions","Highlight Path","Keyboard Shortcuts","Minty Spire (QoL Compilation)","StSLib","SuperFastMode","Waifu the Spire","WarShipGirlsR/??á´Ò³R mod"],"gold_per_floor":[110,129,149,167,177,177,203,219,219,69,69,79,79,107,107,212,212,227,127,146,146,146,173,173,173,173],"floor_reached":25,"playtime":1126,"items_purged":["rmod:strick","rmod:strick"],"score":270,"play_id":"28d4f9ae-564c-44f9-b99d-8801d79f4bb4","local_time":"20201214130125","is_ascension_mode":true,"campfire_choices":[{"data":"rmod:salvage","floor":6,"key":"SMITH"},{"data":"rmod:basicallowance","floor":11,"key":"SMITH"},{"data":"rmod:lonelyqueen","floor":13,"key":"SMITH"},{"data":"rmod:diaomin","floor":15,"key":"SMITH"},{"data":"rmod:highspeedmaneuver","floor":24,"key":"SMITH"}],"circlet_count":0,"master_deck":["rmod:strick","rmod:defend","rmod:defend","rmod:defend","rmod:basicallowance+1","rmod:maingunfire","rmod:fletcherpendant","rmod:lonelyqueen+1","rmod:goodsister","rmod:mineteam","rmod:salvage+1","rmod:fletcher+1","rmod:diaomin+1","rmod:expedition+1","rmod:fletcherpendant+1","rmod:desperatesituation+1","rmod:fletcherpendant","rmod:fletcherpendant","rmod:highspeedmaneuver+1","rmod:fletcherpendant","rmod:fletcher","Pain","rmod:seals+1"],"relics":["rmod:firstchargereward","Frozen Egg 2","Mango","Calipers","Empty Cage","WarpedTongs","Matryoshka"],"acts_visited":["Exordium","TheCity"],"potions_floor_usage":[4,7,7,7,14],"damage_taken":[{"damage":0,"enemies":"Cultist","floor":1,"turns":3},{"damage":0,"enemies":"2 Louse","floor":2,"turns":2},{"damage":0,"enemies":"Jaw Worm","floor":3,"turns":4},{"damage":26,"enemies":"Exordium Thugs","floor":4,"turns":5},{"damage":2,"enemies":"Gremlin Gang","floor":5,"turns":5},{"damage":14,"enemies":"Gremlin Nob","floor":7,"turns":3},{"damage":9,"enemies":"Large Slime","floor":8,"turns":6},{"damage":4,"enemies":"Looter","floor":12,"turns":5},{"damage":12,"enemies":"3 Sentries","floor":14,"turns":8},{"damage":18,"enemies":"Slime Boss","floor":16,"turns":8},{"damage":11,"enemies":"Spheric Guardian","floor":18,"turns":6},{"damage":11,"enemies":"Chosen","floor":20,"turns":8},{"damage":66,"enemies":"Gremlin Leader","floor":23,"turns":8},{"damage":7,"enemies":"Slavers","floor":25,"turns":1}],"seed_played":"-2980822968662366402","potions_obtained":[{"floor":0,"key":"Strength Potion"},{"floor":0,"key":"Strength Potion"},{"floor":0,"key":"FairyPotion"},{"floor":1,"key":"Regen Potion"},{"floor":5,"key":"ColorlessPotion"},{"floor":12,"key":"Block Potion"},{"floor":14,"key":"SpeedPotion"},{"floor":23,"key":"Weak Potion"}],"is_trial":false,"path_per_floor":["M","M","M","M","M","R","E","M","T","$","R","M","R","E","R","B",null,"M","$","M","?","?","E","R","E"],"character_chosen":"PRAEFECT","items_purchased":["rmod:expedition+1"],"campfire_rested":0,"item_purchase_floors":[10],"current_hp_per_floor":[75,75,75,49,47,47,42,33,47,47,47,43,43,31,31,13,89,78,78,67,67,67,1,1,0,0],"gold":173,"neow_bonus":"THREE_SMALL_POTIONS","is_daily":false,"chose_seed":false,"campfire_upgraded":5,"win_rate":0.0,"timestamp":1607918485,"path_taken":["M","M","?","M","M","R","E","M","T","?","R","?","R","E","R","BOSS","M","$","?","?","?","E","R","E"],"items_purchased_type":["Card"],"build_version":"2020-12-13","purchased_purges":2,"victory":false,"max_hp_per_floor":[75,75,75,75,75,75,75,75,89,89,89,89,89,89,89,89,89,89,89,89,89,89,89,89,89,89],"card_choices":[{"not_picked":["rmod:luckystar","rmod:circuitoustactics"],"picked":"rmod:fletcherpendant","floor":1},{"not_picked":["rmod:luckystar","rmod:supportescort"],"picked":"rmod:lonelyqueen","floor":2},{"not_picked":["rmod:generalist","rmod:firesupport"],"picked":"rmod:goodsister","floor":3},{"not_picked":["rmod:selfconfidence","rmod:tearstotiara"],"picked":"rmod:mineteam","floor":4},{"not_picked":["rmod:selfconfidence","rmod:diamondstrike"],"picked":"rmod:salvage","floor":5},{"not_picked":["rmod:supportescort","rmod:victimresponsibility"],"picked":"rmod:diaomin","floor":7},{"not_picked":["rmod:salvage","rmod:launchingtorpedo","rmod:luckystar"],"picked":"SKIP","floor":8},{"not_picked":["rmod:unsinkable","rmod:ring"],"picked":"rmod:desperatesituation+1","floor":12},{"not_picked":["rmod:intelligenceanalysis","rmod:bulid","rmod:spoils"],"picked":"SKIP","floor":14},{"not_picked":["rmod:fletcher","rmod:secretscript+1"],"picked":"rmod:highspeedmaneuver","floor":16},{"not_picked":["rmod:chargemoney+1","rmod:aluminumsupply+1","rmod:spoils"],"picked":"SKIP","floor":18},{"not_picked":["rmod:ammunitionsupply","rmod:fuelsupply","rmod:victimresponsibility"],"picked":"SKIP","floor":20},{"not_picked":["rmod:victimresponsibility","rmod:tearstotiara"],"picked":"rmod:seals+1","floor":23}],"player_experience":493071,"relics_obtained":[{"floor":7,"key":"Frozen Egg 2"},{"floor":9,"key":"Mango"},{"floor":14,"key":"Calipers"},{"floor":23,"key":"Matryoshka"}],"event_choices":[{"damage_healed":0,"gold_gain":0,"player_choice":"Ignored","damage_taken":0,"max_hp_gain":0,"max_hp_loss":0,"event_name":"Ghosts","floor":21,"gold_loss":0},{"damage_healed":0,"gold_gain":0,"player_choice":"Rummage","damage_taken":0,"relics_obtained":["WarpedTongs"],"max_hp_gain":0,"max_hp_loss":0,"event_name":"Accursed Blacksmith","floor":22,"gold_loss":0,"cards_obtained":["Pain"]}],"is_beta":false,"boss_relics":[{"not_picked":["Ectoplasm","Philosopher\u0027s Stone"],"picked":"Empty Cage"}],"items_purged_floors":[10,19],"is_endless":false,"potions_floor_spawned":[1,5,12,14,23],"killed_by":"Slavers","ascension_level":1}}