{"host":"y1gy3vaohdji07z5","time":1607977819,"event":{"mods":["BaseMod","Colored Map","Colored Powertips","Hermit","Minty Spire (QoL Compilation)","Random Character Button","Rare Cards Sparkle","StSLib"],"gold_per_floor":[117,128,203,128,138,138,138,138,138,138,152,152,167,117,117,117,117],"floor_reached":16,"playtime":536,"items_purged":["Strike_R","Strike_R"],"score":104,"play_id":"66498f36-3441-443f-8603-be037bec43ab","local_time":"20201214213019","is_ascension_mode":true,"campfire_choices":[{"data":"Cleave","floor":6,"key":"SMITH"},{"floor":8,"key":"REST"},{"data":"Defend_R","floor":10,"key":"SMITH"},{"data":"Twin Strike","floor":12,"key":"SMITH"},{"data":"Pommel Strike","floor":15,"key":"SMITH"}],"circlet_count":0,"master_deck":["Strike_R","Strike_R","Defend_R+1","Defend_R","Defend_R","Defend_R","Cleave+1","Dropkick","Twin Strike+1","Pommel Strike+1"],"relics":["Burning Blood","Regal Pillow","Smiling Mask"],"acts_visited":["Exordium"],"potions_floor_usage":[7,7,7,7],"damage_taken":[{"damage":13,"enemies":"Jaw Worm","floor":1,"turns":8},{"damage":4,"enemies":"Small Slimes","floor":2,"turns":4},{"damage":1,"enemies":"2 Louse","floor":5,"turns":2},{"damage":44,"enemies":"Lagavulin Event","floor":7,"turns":6},{"damage":11,"enemies":"Blue Slaver","floor":11,"turns":4},{"damage":4,"enemies":"Looter","floor":13,"turns":3},{"damage":44,"enemies":"The Guardian","floor":16,"turns":9}],"seed_played":"2150858376853219802","potions_obtained":[{"floor":5,"key":"EntropicBrew"}],"is_trial":false,"path_per_floor":["M","M","?","$","M","R","?","R","T","R","M","R","M","$","R","B"],"character_chosen":"IRONCLAD","items_purchased":[],"campfire_rested":1,"item_purchase_floors":[],"current_hp_per_floor":[49,51,40,40,45,45,7,46,46,46,41,41,43,43,43,0,0],"gold":117,"neow_bonus":"REMOVE_TWO","is_daily":false,"chose_seed":false,"campfire_upgraded":4,"win_rate":0.0,"timestamp":1607977819,"path_taken":["M","M","?","$","M","R","?","R","T","R","M","R","M","?","R","BOSS"],"items_purchased_type":[],"build_version":"2020-12-13","purchased_purges":2,"victory":false,"max_hp_per_floor":[80,80,80,80,80,80,80,80,80,80,80,80,80,80,80,80,80],"card_choices":[{"not_picked":["Body Slam","Clothesline"],"picked":"Cleave","floor":1},{"not_picked":["Thunderclap","Intimidate"],"picked":"Dropkick","floor":2},{"not_picked":["Headbutt","Entrench","Sword Boomerang"],"picked":"SKIP","floor":5},{"not_picked":["Bloodletting","Warcry"],"picked":"Twin Strike","floor":11},{"not_picked":["Perfected Strike","Juggernaut"],"picked":"Pommel Strike","floor":13}],"player_experience":319169,"relics_obtained":[{"floor":9,"key":"Smiling Mask"}],"event_choices":[{"damage_healed":0,"gold_gain":75,"player_choice":"Gather Gold","damage_taken":11,"max_hp_gain":0,"max_hp_loss":0,"event_name":"World of Goop","floor":3,"gold_loss":0},{"damage_healed":0,"gold_gain":0,"player_choice":"Searched \u00272\u0027 times","damage_taken":0,"relics_obtained":["Regal Pillow"],"max_hp_gain":0,"max_hp_loss":0,"event_name":"Dead Adventurer","floor":7,"gold_loss":0}],"is_beta":false,"boss_relics":[],"items_purged_floors":[4,14],"is_endless":false,"potions_floor_spawned":[5,7],"killed_by":"The Guardian","ascension_level":3}}