{"host":"75dm291x99j0clh1","time":1607960435,"event":{"mods":["BaseMod","Friendly Minions","Lobotomy","Marisa£¨Ùöéë¡¡Øª×âÞÞ£©","Minty Spire (QoL Compilation)","StSLib"],"gold_per_floor":[109,109,122,3,32,81,81,110,110,110,135,160,171,198,198,198,198],"floor_reached":16,"playtime":5559,"items_purged":[],"score":139,"play_id":"4f9a5835-dbbc-4461-843d-a59c151b5d84","local_time":"20201215004035","is_ascension_mode":false,"campfire_choices":[{"floor":7.0,"key":"REST"},{"floor":10.0,"key":"REST"},{"floor":15,"key":"REST"}],"circlet_count":0,"master_deck":["Strike_MRS","Strike_MRS","Strike_MRS","Strike_MRS","Defend_MRS","Defend_MRS+1","Defend_MRS","Defend_MRS+1","MasterSpark","UpSweep","Murderer","PunishingBird","WitchLeyline","WitchOfGreed","SporeBomb","UnstableBomb","WallGazer","MachineGunSpark","LaLuna","WitchLeyline","Variant","DespairKnight","DeepEcoloBomb","OSAHOGD","LittleHelper","EnergyFlow","LittlePrince","RefractionSpark"],"relics":["MiniHakkero","CogitoBucket","Singing Bowl","Eternal Feather","AspirationHeart","Prayer Wheel"],"acts_visited":["Exordium"],"potions_floor_usage":[12,16,16],"damage_taken":[{"damage":1.0,"enemies":"Jaw Worm","floor":1.0,"turns":3.0},{"damage":5.0,"enemies":"Cultist","floor":3.0,"turns":3.0},{"damage":1.0,"enemies":"2 Louse","floor":5.0,"turns":3.0},{"damage":31.0,"enemies":"3 Sentries","floor":6.0,"turns":6.0},{"damage":9.0,"enemies":"Blue Slaver","floor":8.0,"turns":3.0},{"damage":24.0,"enemies":"Looter","floor":11.0,"turns":4.0},{"damage":23,"enemies":"Gremlin Nob","floor":12,"turns":4},{"damage":14,"enemies":"Exordium Wildlife","floor":13,"turns":3},{"damage":23,"enemies":"3 Louse","floor":14,"turns":4},{"damage":52,"enemies":"Hexaghost","floor":16,"turns":3}],"seed_played":"-2754840479991445582","potions_obtained":[{"floor":3.0,"key":"Fire Potion"},{"floor":5.0,"key":"Ancient Potion"},{"floor":5.0,"key":"DistilledChaos"},{"floor":6.0,"key":"LiquidMemories"},{"floor":11.0,"key":"SpeedPotion"},{"floor":14,"key":"SkillPotion"},{"floor":14,"key":"Regen Potion"}],"is_trial":false,"path_per_floor":["M","?","M","$","M","E","R","M","T","R","M","E","M","M","R","B"],"character_chosen":"MARISA","items_purchased":["WitchOfGreed","SporeBomb","UnstableBomb"],"campfire_rested":3,"item_purchase_floors":[4,4,4],"current_hp_per_floor":[74,59,54,54,53,22,44,37,37,72,58,37,25,4,46,7,7],"gold":198,"neow_bonus":"","is_daily":false,"chose_seed":false,"campfire_upgraded":0,"win_rate":0.0,"timestamp":1607960435,"path_taken":["M","?","M","$","M","E","R","M","T","R","M","E","M","M","R","BOSS"],"items_purchased_type":["Card","Card","Card"],"build_version":"2020-12-13","purchased_purges":0,"victory":false,"max_hp_per_floor":[75,75,75,75,75,75,75,77,77,77,87,89,91,93,93,93,93],"card_choices":[{"not_picked":["CrumblingArmor","LongBird"],"picked":"Murderer","floor":1.0},{"not_picked":["OpenUniverse","MysteriousBeam","ManaConvection"],"picked":"SKIP","floor":1.0},{"not_picked":["Variant","MeatLantern"],"picked":"PunishingBird","floor":3.0},{"not_picked":["MysteriousBeam","IllusionStar"],"picked":"WitchLeyline","floor":3.0},{"not_picked":["CherryBlossoms","Wellcheers"],"picked":"WallGazer","floor":5.0},{"not_picked":["WitchOfGreed","EventHorizon"],"picked":"MachineGunSpark","floor":5.0},{"not_picked":["Bloodbath","Variant"],"picked":"LaLuna","floor":6.0},{"not_picked":["ShootingEcho","EarthLightRay"],"picked":"WitchLeyline","floor":6.0},{"not_picked":["ShyLook","Wellcheers"],"picked":"Variant","floor":8.0},{"not_picked":["SporeBomb","PowerUp","Acceleration"],"picked":"Singing Bowl","floor":8.0},{"not_picked":["ShyLook","CherryBlossoms"],"picked":"DespairKnight","floor":11.0},{"not_picked":["DarkSpark","StarBarrage"],"picked":"DeepEcoloBomb","floor":11.0},{"not_picked":["VoidDream","CrumblingArmor","DreamingCurrent"],"picked":"Singing Bowl","floor":12},{"not_picked":["MHz","BigBadWolf"],"picked":"OSAHOGD","floor":12},{"not_picked":["EarthLightRay","GravityBeat","Singularity"],"picked":"Singing Bowl","floor":12},{"not_picked":["GalaxyChild","MeatLantern"],"picked":"LittleHelper","floor":13},{"not_picked":["IllusionStar","UnstableBomb"],"picked":"EnergyFlow","floor":13},{"not_picked":["DC","GalacticHalo","IllusionStar"],"picked":"Singing Bowl","floor":13},{"not_picked":["RedShoes","BeautyBeast"],"picked":"LittlePrince","floor":14},{"not_picked":["StarlightTyphoon","NonDirectionalLaser"],"picked":"RefractionSpark","floor":14},{"not_picked":["GrandCross","DoubleSpark","GravityBeat"],"picked":"Singing Bowl","floor":14}],"player_experience":565600,"relics_obtained":[{"floor":6.0,"key":"Singing Bowl"},{"floor":9.0,"key":"Eternal Feather"},{"floor":12,"key":"Prayer Wheel"}],"event_choices":[{"damage_healed":0.0,"max_hp_gain":0.0,"max_hp_loss":0.0,"gold_gain":0.0,"event_name":"Shining Light","player_choice":"Entered Light","floor":2.0,"gold_loss":0.0,"damage_taken":15.0,"cards_upgraded":["Defend_MRS","Defend_MRS"]}],"is_beta":false,"boss_relics":[],"items_purged_floors":[],"is_endless":false,"potions_floor_spawned":[3,5,14],"killed_by":"Hexaghost","ascension_level":0}}