{"host":"2lo6hma6kymb0g9i","time":1607949893,"event":{"mods":["BaseMod","Colored Map","DeckTracker","Minty Spire (QoL Compilation)"],"gold_per_floor":[113,113,113,63,63,63,92,108,189,189,189,189,189,200,200,296,296,314,414,434,281,25,25,25,45,45,45,65,165,40,53,53,156,156,167,17,29,29,29,29,49,61,61,77,77,88,118,136,136,136],"floor_reached":51,"playtime":3705,"items_purged":["Strike_G","Strike_G","Defend_G","Defend_G"],"score":993,"play_id":"08ccd165-020e-4c68-a559-93165428a878","local_time":"20201214214453","is_ascension_mode":true,"campfire_choices":[{"data":"Riddle With Holes","floor":6.0,"key":"SMITH"},{"data":"Neutralize","floor":11.0,"key":"SMITH"},{"data":"Survivor","floor":13.0,"key":"SMITH"},{"data":"Prepared","floor":15.0,"key":"SMITH"},{"floor":23.0,"key":"RECALL"},{"floor":32.0,"key":"REST"},{"floor":40.0,"key":"REST"},{"data":"1","floor":49,"key":"LIFT"}],"circlet_count":0,"master_deck":["Defend_G","Defend_G","Survivor+1","Neutralize+1","Riddle With Holes+1","Prepared+1","Unload","Blur+1","Adrenaline","Predator","Backstab+1","Deflect+1","Phantasmal Killer+1","Terror","Underhanded Strike+1","Shame","Reflex+1","Underhanded Strike+1","Eviscerate+1","Prepared+1"],"relics":["Ring of the Snake","FossilizedHelix","Unceasing Top","Darkstone Periapt","Fusion Hammer","Medical Kit","Mango","TungstenRod","StrikeDummy","Cursed Key","Girya","Blood Vial"],"acts_visited":["Exordium","TheCity","TheBeyond"],"potions_floor_usage":[50,50],"damage_taken":[{"damage":0.0,"enemies":"2 Louse","floor":1.0,"turns":2.0},{"damage":8.0,"enemies":"Gremlin Nob","floor":7.0,"turns":5.0},{"damage":0.0,"enemies":"Jaw Worm","floor":8.0,"turns":3.0},{"damage":0.0,"enemies":"Cultist","floor":14.0,"turns":4.0},{"damage":6.0,"enemies":"The Guardian","floor":16.0,"turns":21.0},{"damage":0.0,"enemies":"Spheric Guardian","floor":18.0,"turns":3.0},{"damage":0.0,"enemies":"Chosen","floor":20.0,"turns":6.0},{"damage":10.0,"enemies":"Shelled Parasite and Fungi","floor":25.0,"turns":6.0},{"damage":0.0,"enemies":"Snake Plant","floor":28.0,"turns":4.0},{"damage":0.0,"enemies":"Colosseum Slavers","floor":29.0,"turns":8.0},{"damage":0.0,"enemies":"Colosseum Nobs","floor":29.0,"turns":4.0},{"damage":0.0,"enemies":"Cultist and Chosen","floor":31.0,"turns":4.0},{"damage":55.0,"enemies":"Automaton","floor":33.0,"turns":16.0},{"damage":0.0,"enemies":"Orb Walker","floor":35.0,"turns":3.0},{"damage":7.0,"enemies":"3 Darklings","floor":37.0,"turns":4.0},{"damage":0.0,"enemies":"Writhing Mass","floor":41.0,"turns":3.0},{"damage":0.0,"enemies":"Spire Growth","floor":42.0,"turns":3.0},{"damage":0.0,"enemies":"Maw","floor":44.0,"turns":4.0},{"damage":0.0,"enemies":"Writhing Mass","floor":46.0,"turns":2.0},{"damage":0.0,"enemies":"Giant Head","floor":47.0,"turns":3.0},{"damage":0.0,"enemies":"3 Darklings","floor":48.0,"turns":3.0},{"damage":8,"enemies":"Time Eater","floor":50,"turns":3}],"seed_played":"-6290724490666498745","potions_obtained":[{"floor":8.0,"key":"Strength Potion"},{"floor":14.0,"key":"PowerPotion"},{"floor":29.0,"key":"Fire Potion"},{"floor":31.0,"key":"Dexterity Potion"},{"floor":33.0,"key":"PowerPotion"},{"floor":41.0,"key":"Poison Potion"},{"floor":46.0,"key":"LiquidMemories"}],"is_trial":false,"path_per_floor":["M","?","?","?","$","R","E","M","T","?","R","?","R","M","R","B",null,"M","?","M","$","$","R","?","M","T","?","M","?","$","M","R","B",null,"M","$","M","?","?","R","M","M","T","M","$","M","E","M","R","B",null],"character_chosen":"THE_SILENT","items_purchased":["Adrenaline","Medical Kit"],"campfire_rested":2,"item_purchase_floors":[21,22],"current_hp_per_floor":[63,63,63,63,63,63,55,55,55,55,55,60,60,60,60,54,65,65,65,65,65,65,65,65,55,69,69,69,69,69,69,82,27,68,68,68,61,61,61,82,82,82,88,88,88,88,88,88,88,80],"gold":136,"neow_bonus":"ONE_RARE_RELIC","is_daily":false,"chose_seed":false,"campfire_upgraded":4,"win_rate":0.0,"timestamp":1607949893,"path_taken":["M","?","?","?","?","R","E","?","T","?","R","?","R","M","R","BOSS","M","?","M","?","$","R","?","M","T","?","M","?","$","M","R","BOSS","M","$","M","?","?","R","M","M","T","?","?","M","E","M","R","BOSS"],"items_purchased_type":["Card","Relic"],"build_version":"2020-12-13","purchased_purges":4,"victory":true,"max_hp_per_floor":[63,63,63,63,63,63,63,63,63,63,63,68,68,68,68,68,68,68,68,68,68,68,68,68,68,82,82,82,82,82,82,82,82,82,82,82,82,82,82,82,82,82,88,88,88,88,88,88,88,88],"card_choices":[{"not_picked":["Flying Knee","Finisher"],"picked":"Riddle With Holes","floor":1.0},{"not_picked":["Masterful Stab","Setup","Finisher"],"picked":"SKIP","floor":7.0},{"not_picked":["Poisoned Stab","Acrobatics","Outmaneuver"],"picked":"SKIP","floor":8.0},{"not_picked":["Dodge and Roll","Blade Dance"],"picked":"Prepared","floor":14.0},{"not_picked":["Envenom","Glass Knife"],"picked":"Unload","floor":16.0},{"not_picked":["Cloak And Dagger+1","Endless Agony"],"picked":"Blur+1","floor":18.0},{"not_picked":["Poisoned Stab","Quick Slash+1","Acrobatics"],"picked":"SKIP","floor":20.0},{"not_picked":["Backflip","Quick Slash","Outmaneuver"],"picked":"SKIP","floor":25.0},{"not_picked":["Infinite Blades+1","Cloak And Dagger","Well Laid Plans"],"picked":"SKIP","floor":28.0},{"not_picked":["Setup","Dagger Throw"],"picked":"Backstab+1","floor":29.0},{"not_picked":["Blade Dance","Bane"],"picked":"Deflect+1","floor":31.0},{"not_picked":["Grand Finale","Envenom"],"picked":"Phantasmal Killer","floor":33.0},{"not_picked":["Infinite Blades+1","Outmaneuver"],"picked":"Terror","floor":35.0},{"not_picked":["Poisoned Stab+1","Acrobatics","Deadly Poison+1"],"picked":"SKIP","floor":37.0},{"not_picked":["Predator+1","Bane","Dodge and Roll"],"picked":"SKIP","floor":41.0},{"not_picked":["Deflect","Flying Knee"],"picked":"Underhanded Strike+1","floor":42.0},{"not_picked":["Poisoned Stab","Bane+1"],"picked":"Reflex+1","floor":44.0},{"not_picked":["Predator+1","All Out Attack"],"picked":"Underhanded Strike+1","floor":46.0},{"not_picked":["Storm of Steel","Endless Agony"],"picked":"Eviscerate+1","floor":47.0},{"not_picked":["Outmaneuver+1","Infinite Blades"],"picked":"Prepared+1","floor":48.0}],"player_experience":785690,"relics_obtained":[{"floor":7.0,"key":"Unceasing Top"},{"floor":9.0,"key":"Darkstone Periapt"},{"floor":26.0,"key":"Mango"},{"floor":29.0,"key":"TungstenRod"},{"floor":29.0,"key":"StrikeDummy"},{"floor":43.0,"key":"Girya"},{"floor":47.0,"key":"Blood Vial"}],"event_choices":[{"cards_removed":["Strike_G"],"damage_healed":0.0,"max_hp_gain":0.0,"max_hp_loss":0.0,"gold_gain":0.0,"event_name":"Living Wall","player_choice":"Forget","floor":2.0,"gold_loss":0.0,"damage_taken":0.0},{"damage_healed":0.0,"max_hp_gain":0.0,"max_hp_loss":0.0,"gold_gain":0.0,"event_name":"Scrap Ooze","player_choice":"Fled","floor":3.0,"gold_loss":0.0,"damage_taken":0.0},{"cards_removed":["Strike_G"],"damage_healed":0.0,"max_hp_gain":0.0,"max_hp_loss":0.0,"gold_gain":0.0,"event_name":"The Cleric","player_choice":"Card Removal","floor":4.0,"gold_loss":50.0,"damage_taken":0.0},{"damage_healed":0.0,"max_hp_gain":0.0,"max_hp_loss":0.0,"gold_gain":0.0,"event_name":"Shining Light","player_choice":"Ignored","floor":10.0,"gold_loss":0.0,"damage_taken":0.0},{"damage_healed":0.0,"max_hp_gain":5.0,"max_hp_loss":0.0,"gold_gain":0.0,"event_name":"Big Fish","player_choice":"Donut","floor":12.0,"gold_loss":0.0,"damage_taken":0.0},{"damage_healed":0.0,"max_hp_gain":0.0,"max_hp_loss":0.0,"gold_gain":100.0,"event_name":"Golden Shrine","player_choice":"Pray","floor":19.0,"gold_loss":0.0,"damage_taken":0.0},{"damage_healed":0.0,"max_hp_gain":0.0,"max_hp_loss":0.0,"gold_gain":0.0,"cards_transformed":["Strike_G","Defend_G"],"event_name":"Drug Dealer","player_choice":"Became Test Subject","floor":24.0,"gold_loss":0.0,"damage_taken":0.0,"cards_obtained":["Well Laid Plans","Predator"]},{"damage_healed":0.0,"max_hp_gain":0.0,"max_hp_loss":0.0,"gold_gain":0.0,"event_name":"Vampires","player_choice":"Ignored","floor":27.0,"gold_loss":0.0,"damage_taken":0.0},{"damage_healed":0.0,"max_hp_gain":0.0,"max_hp_loss":0.0,"gold_gain":0.0,"event_name":"Colosseum","player_choice":"Fight","floor":29.0,"gold_loss":0.0,"damage_taken":0.0},{"damage_healed":0.0,"max_hp_gain":0.0,"max_hp_loss":0.0,"gold_gain":0.0,"event_name":"Colosseum","player_choice":"Fought Nobs","floor":29.0,"gold_loss":0.0,"damage_taken":0.0},{"cards_removed":["Well Laid Plans"],"damage_healed":0.0,"max_hp_gain":0.0,"max_hp_loss":0.0,"gold_gain":0.0,"event_name":"Falling","player_choice":"Removed Power","floor":38.0,"gold_loss":0.0,"damage_taken":0.0},{"damage_healed":0.0,"max_hp_gain":0.0,"max_hp_loss":0.0,"gold_gain":0.0,"event_name":"Upgrade Shrine","player_choice":"Upgraded","floor":39.0,"gold_loss":0.0,"damage_taken":0.0,"cards_upgraded":["Phantasmal Killer"]}],"is_beta":false,"boss_relics":[{"not_picked":["Velvet Choker","Black Star"],"picked":"Fusion Hammer"},{"not_picked":["Coffee Dripper","Sozu"],"picked":"Cursed Key"}],"items_purged_floors":[21,22,30,36],"is_endless":false,"potions_floor_spawned":[8,14,29,29,31,33,41,44,46,47],"ascension_level":9}}