{"host":"nukjzc0ca34w6eem","time":1607975018,"event":{"mods":["2.2 Compatiblity","AchievementEnabler","BaseMod","Colored Powertips","Downfall","Minty Spire (QoL Compilation)","StSLib"],"gold_per_floor":[99,111,111,127,140,140,140,174,191,218,218,238,238,148,158,158,158],"floor_reached":16,"playtime":1456,"items_purged":["champ:Defend"],"score":144,"play_id":"db1bf397-70c7-46a8-b1bf-57cae58a175a","local_time":"20201214114338","is_ascension_mode":true,"campfire_choices":[{"data":"champ:StanceDance","floor":1.0,"key":"SMITH"},{"data":"champ:Encircle","floor":3.0,"key":"SMITH"},{"data":"champ:CrownThrow","floor":6.0,"key":"SMITH"}],"circlet_count":0,"master_deck":["champ:Strike","champ:Strike","champ:Strike","champ:Defend","champ:Defend","champ:Defend","champ:Execute","champ:Taunt+1","champ:StanceDance+1","champ:Encircle+1","champ:CrownThrow+1","champ:BringItOn","champ:ArenaPreparation"],"relics":["champ:ChampionCrown","MealTicket","Darkstone Periapt"],"acts_visited":["Exordium"],"potions_floor_usage":[16],"damage_taken":[{"damage":8.0,"enemies":"2 Louse","floor":2.0,"turns":2.0},{"damage":15.0,"enemies":"Cultist","floor":4.0,"turns":2.0},{"damage":7.0,"enemies":"Small Slimes","floor":5.0,"turns":3.0},{"damage":20.0,"enemies":"Gremlin Nob","floor":8.0,"turns":2.0},{"damage":21.0,"enemies":"Lots of Slimes","floor":9.0,"turns":4.0},{"damage":38,"enemies":"3 Sentries","floor":10,"turns":7},{"damage":14,"enemies":"3 Louse","floor":12,"turns":2},{"damage":36,"enemies":"downfall:FleeingMerchant","floor":14,"turns":4},{"damage":24,"enemies":"Blue Slaver","floor":15,"turns":3},{"damage":53,"enemies":"downfall:Defect","floor":16,"turns":5}],"seed_played":"1505420983327977899","potions_obtained":[{"floor":5.0,"key":"champ:UltimateStancePotion"},{"floor":10,"key":"Energy Potion"},{"floor":12,"key":"BlessingOfTheForge"},{"floor":15,"key":"AttackPotion"}],"is_trial":false,"path_per_floor":["R","M","R","M","M","R","T","E","M","E","?","M","?","$","M","B"],"character_chosen":"THE_CHAMP","items_purchased":[],"campfire_rested":0,"item_purchase_floors":[],"current_hp_per_floor":[90,87,87,87,87,87,87,87,75,46,46,42,42,57,48,8,8],"gold":158,"neow_bonus":"THREE_CARDS","is_daily":false,"chose_seed":false,"campfire_upgraded":3,"win_rate":0.0,"timestamp":1607975018,"path_taken":["R","M","R","M","M","R","T","E","M","E","?","?","?","$","M","BOSS"],"items_purchased_type":[],"build_version":"2020-12-13","purchased_purges":1,"victory":false,"max_hp_per_floor":[90,90,90,90,90,90,90,90,90,90,90,90,90,90,90,90,90],"card_choices":[{"not_picked":["champ:CrookedStrike","champ:Haymaker"],"picked":"champ:StanceDance","floor":0.0},{"not_picked":["champ:DefensiveShout","champ:BringItOn"],"picked":"champ:Encircle","floor":2.0},{"not_picked":["champ:Duel","champ:Haymaker","champ:Circumvent"],"picked":"SKIP","floor":4.0},{"not_picked":["champ:Circumvent","champ:Lariat"],"picked":"champ:CrownThrow","floor":5.0},{"not_picked":["champ:CrookedStrike","champ:EnragedBash"],"picked":"champ:BringItOn","floor":8.0},{"not_picked":["champ:EnragedBash","champ:FocusedDefense","champ:FlashCut"],"picked":"SKIP","floor":9.0},{"not_picked":["champ:FalseCounter","champ:StanceDance","champ:Haymaker"],"picked":"SKIP","floor":10},{"not_picked":["champ:ShieldWall","champ:PerfectedStrike"],"picked":"champ:ArenaPreparation","floor":12},{"not_picked":["champ:PreciseThrust","champ:CalledShot","champ:FanOfKnives"],"picked":"SKIP","floor":14},{"not_picked":["champ:Haymaker","champ:GladiatorsShout","champ:FanOfKnives"],"picked":"SKIP","floor":15}],"player_experience":409564,"relics_obtained":[{"floor":8.0,"key":"MealTicket"},{"floor":10,"key":"Darkstone Periapt"}],"event_choices":[{"damage_healed":0,"gold_gain":0,"player_choice":"Upgraded","damage_taken":0,"max_hp_gain":0,"max_hp_loss":0,"event_name":"Upgrade Shrine","floor":11,"gold_loss":0,"cards_upgraded":["champ:Taunt"]}],"is_beta":false,"boss_relics":[],"items_purged_floors":[14],"is_endless":false,"potions_floor_spawned":[5,10,12,15],"killed_by":"downfall:Defect","ascension_level":1}}