{"host":"z9grmtg2w0nmz8n1","time":1607971225,"event":{"mods":["Aspiration","BaseMod","Better Third Choice","BetterRewards","CCEM","Colored Map","GifTheSpireLib","Googly Eyes","Highlight Path","Hubris","Infinite Spire","Jedi Mod","Jorbs\u0027s Wanderer Trilogy","Minty Spire (QoL Compilation)","Permanent Neow","Replay The Spire","Spicy Shops","StSLib","Stuff the Spire","The Bug Knight"],"gold_per_floor":[117,117,117,132,132,160,160,85,110,135,135,35,50,60,60,156,156,139,139,156,156,156,156],"floor_reached":22,"playtime":1085,"items_purged":["Strike_G","Strike_G"],"score":192,"play_id":"6354d1ec-1968-4db6-82ca-5afbd7b6ab2d","local_time":"20201214164025","is_ascension_mode":false,"campfire_choices":[{"floor":7,"key":"RECALL"},{"data":"After Image","floor":11,"key":"SMITH"},{"floor":15,"key":"REST"}],"circlet_count":0,"master_deck":["Strike_G","Strike_G","Defend_G","Defend_G","Defend_G","Defend_G","Defend_G","Survivor","Neutralize","Flash of Steel","Flying Knee","hubris:SlightOfHand+1","infinitespire:SevenWalls","Infinite Blades+1","After Image+1","jedi:studyshivs","StuffTheSpire:CuriosityCurse","hubris:Greed"],"relics":["Ring of the Snake","hubris:Metronome","HollowMod:StagPassRelic","ChewingGum","Smiling Mask","Enchiridion"],"acts_visited":["Exordium","TheCity"],"potions_floor_usage":[],"damage_taken":[{"damage":0,"enemies":"2 Louse","floor":1,"turns":3},{"damage":0,"enemies":"Jaw Worm","floor":4,"turns":4},{"damage":11,"enemies":"3 Sentries","floor":6,"turns":7},{"damage":25,"enemies":"Gremlin Nob","floor":10,"turns":4},{"damage":0,"enemies":"Small Slimes","floor":13,"turns":4},{"damage":5,"enemies":"3 Louse","floor":14,"turns":5},{"damage":19,"enemies":"The Guardian","floor":16,"turns":13},{"damage":1,"enemies":"2 Thieves","floor":18,"turns":4},{"damage":0,"enemies":"Shell Parasite","floor":20,"turns":6},{"damage":20,"enemies":"Cultist and Chosen","floor":22,"turns":8}],"seed_played":"-8382162106700185400","potions_obtained":[{"floor":6,"key":"SpeedPotion"},{"floor":16,"key":"Dexterity Potion"}],"is_trial":false,"path_per_floor":["M","?","?","M","?","E","R","$","T","E","R","$","M","M","R","B",null,"M","?","M","?","M"],"character_chosen":"THE_SILENT","items_purchased":[],"campfire_rested":1,"item_purchase_floors":[],"current_hp_per_floor":[70,70,54,54,54,43,43,43,43,18,18,18,18,13,34,15,70,69,69,69,53,33,33],"gold":156,"neow_bonus":"RANDOM_COLORLESS","is_daily":false,"chose_seed":false,"campfire_upgraded":1,"win_rate":0.0,"timestamp":1607971225,"path_taken":["M","?","?","?","?","E","R","$","T","E","R","$","M","M","R","BOSS","M","?","M","?","M"],"items_purchased_type":[],"build_version":"2020-12-13","purchased_purges":2,"victory":false,"max_hp_per_floor":[70,70,70,70,70,70,70,70,70,70,70,70,70,70,70,70,70,70,70,70,70,70,70],"card_choices":[{"not_picked":["Survey Options","hubris:Ssssneak"],"picked":"Flash of Steel","floor":0},{"not_picked":["StuffTheSpire:BumpUp","Slice"],"picked":"Flying Knee","floor":1},{"not_picked":["ReplayTheSpireMod:Black Plague","ReplayTheSpireMod:Haul"],"picked":"infinitespire:SevenWalls","floor":3},{"not_picked":["Blade Dance","Outmaneuver"],"picked":"Infinite Blades","floor":4},{"not_picked":["hubris:SlightOfHand","jedi:brewingpoison"],"picked":"After Image","floor":6},{"not_picked":["Predator","Deadly Poison","Riddle With Holes"],"picked":"SKIP","floor":10},{"not_picked":["StuffTheSpire:BumpUp","Prepared","Quick Slash"],"picked":"SKIP","floor":13},{"not_picked":["Quick Slash","Poisoned Stab","Dodge and Roll"],"picked":"SKIP","floor":14},{"not_picked":["jedi:brewingpoison","Bullet Time"],"picked":"jedi:studyshivs","floor":16},{"not_picked":["Finisher+1","Underhanded Strike","jedi:collectorvenom"],"picked":"SKIP","floor":18},{"not_picked":["Poisoned Stab","Prepared","Deadly Poison"],"picked":"SKIP","floor":20}],"player_experience":548201,"relics_obtained":[{"floor":6,"key":"hubris:Metronome"},{"floor":10,"key":"HollowMod:StagPassRelic"},{"floor":21,"key":"Enchiridion"}],"event_choices":[{"damage_healed":0,"gold_gain":0,"player_choice":"Obtained Book","damage_taken":16,"max_hp_gain":0,"max_hp_loss":0,"event_name":"Cursed Tome","floor":21,"gold_loss":0}],"is_beta":false,"boss_relics":[{"not_picked":["ReplayTheSpireMod:DimensionalGlitch","Pandora\u0027s Box"],"picked":"ChewingGum"}],"items_purged_floors":[8,12],"is_endless":false,"potions_floor_spawned":[6,16],"killed_by":"Cultist and Chosen","ascension_level":0}}