{"host":"27hat5v0dffgaxzm","time":1607964588,"event":{"mods":["BaseMod","Colored Map","Colored Powertips","Highlight Path","Minty Spire (QoL Compilation)","Permanent Neow","Quick Restart"],"gold_per_floor":[13,13,13,88,38,70,70,100,100,100,126,142,161,47,47,143,143,162,162,8,8,26,54,54,81,81,94,94,94],"floor_reached":28,"playtime":1106,"items_purged":["Defend_B"],"score":451,"play_id":"a1ca89aa-ab80-43d6-9417-baff4103e2dc","local_time":"20201215014948","is_ascension_mode":true,"campfire_choices":[{"floor":7.0,"key":"REST"},{"data":"Capacitor","floor":10.0,"key":"SMITH"},{"data":"Consume","floor":15.0,"key":"SMITH"},{"data":"Creative AI","floor":24.0,"key":"SMITH"}],"circlet_count":0,"master_deck":["Strike_B","Strike_B","Defend_B","Defend_B","Zap","Dualcast","Rebound","Cold Snap","Capacitor+1","Cold Snap","Consume+1","Lockon","Machine Learning","Skim","FTL","Self Repair+1","Ball Lightning+1","Creative AI+1","Hologram+1","Reboot"],"relics":["Cracked Core","Pocketwatch","Potion Belt","Anchor","Letter Opener","HornCleat","Sozu","Orrery","Bottled Tornado","Singing Bowl","Question Card"],"acts_visited":["Exordium","TheCity"],"potions_floor_usage":[],"damage_taken":[{"damage":0.0,"enemies":"Small Slimes","floor":1.0,"turns":2.0},{"damage":25.0,"enemies":"Lagavulin","floor":6.0,"turns":6.0},{"damage":15.0,"enemies":"3 Sentries","floor":8.0,"turns":7.0},{"damage":19.0,"enemies":"Lagavulin","floor":11.0,"turns":8.0},{"damage":0.0,"enemies":"2 Louse","floor":12.0,"turns":2.0},{"damage":0.0,"enemies":"Jaw Worm","floor":13.0,"turns":4.0},{"damage":0.0,"enemies":"Hexaghost","floor":16.0,"turns":8.0},{"damage":0.0,"enemies":"Chosen","floor":18.0,"turns":4.0},{"damage":2.0,"enemies":"3 Byrds","floor":22.0,"turns":5.0},{"damage":24.0,"enemies":"Book of Stabbing","floor":23.0,"turns":5.0},{"damage":22.0,"enemies":"Slavers","floor":25.0,"turns":6.0},{"damage":2.0,"enemies":"Cultist and Chosen","floor":27.0,"turns":5.0},{"damage":31,"enemies":"Gremlin Leader","floor":28,"turns":7}],"seed_played":"7774288798211690823","potions_obtained":[{"floor":1.0,"key":"SteroidPotion"},{"floor":11.0,"key":"Swift Potion"},{"floor":13.0,"key":"PowerPotion"},{"floor":16.0,"key":"Explosive Potion"}],"is_trial":false,"path_per_floor":["M","?","?","?","?","E","R","E","T","R","E","M","M","$","R","B",null,"M","?","$","?","M","E","R","E","T","M","E"],"character_chosen":"DEFECT","items_purchased":["Lockon","Orrery"],"campfire_rested":1,"item_purchase_floors":[14,20],"current_hp_per_floor":[68,68,61,50,50,25,47,32,32,32,13,13,13,13,13,13,60,60,46,46,46,54,30,30,18,18,26,0,0],"gold":94,"neow_bonus":"ONE_RARE_RELIC","is_daily":false,"chose_seed":false,"campfire_upgraded":3,"win_rate":0.0,"timestamp":1607964588,"path_taken":["M","?","?","?","?","E","R","E","T","R","E","M","?","$","R","BOSS","M","?","$","?","M","E","R","E","T","M","E"],"items_purchased_type":["Card","Relic"],"build_version":"2020-12-13","purchased_purges":1,"victory":false,"max_hp_per_floor":[75,75,75,75,75,75,75,75,75,75,75,75,75,75,75,75,75,75,80,80,80,80,80,80,80,80,80,80,80],"card_choices":[{"not_picked":["Blizzard","Force Field"],"picked":"Rebound","floor":1.0},{"not_picked":["Tempest","Streamline"],"picked":"Cold Snap","floor":6.0},{"not_picked":["Gash","Glacier"],"picked":"Capacitor","floor":8.0},{"not_picked":["Rebound","Force Field"],"picked":"Cold Snap","floor":11.0},{"not_picked":["Storm","Hologram"],"picked":"Consume","floor":12.0},{"not_picked":["Streamline","Steam","Rip and Tear"],"picked":"SKIP","floor":13.0},{"not_picked":["Biased Cognition","Multi-Cast"],"picked":"Machine Learning","floor":16.0},{"not_picked":["Conserve Battery+1","Sweeping Beam","Beam Cell+1"],"picked":"SKIP","floor":18.0},{"not_picked":["Sunder+1","Biased Cognition"],"picked":"Skim","floor":20.0},{"not_picked":["Streamline","Gash"],"picked":"FTL","floor":20.0},{"not_picked":["Chaos","Loop"],"picked":"Self Repair+1","floor":20.0},{"not_picked":["Stack","Cold Snap"],"picked":"Ball Lightning+1","floor":22.0},{"not_picked":["Coolheaded","Chaos"],"picked":"Creative AI","floor":23.0},{"not_picked":["Sweeping Beam","Streamline"],"picked":"Hologram+1","floor":25.0},{"not_picked":["Compile Driver","White Noise+1","Cold Snap"],"picked":"Reboot","floor":27.0}],"player_experience":319017,"relics_obtained":[{"floor":6.0,"key":"Potion Belt"},{"floor":8.0,"key":"Anchor"},{"floor":9.0,"key":"Letter Opener"},{"floor":11.0,"key":"HornCleat"},{"floor":23.0,"key":"Bottled Tornado"},{"floor":25.0,"key":"Singing Bowl"},{"floor":26.0,"key":"Question Card"}],"event_choices":[{"cards_removed":["Strike_B"],"damage_healed":0.0,"max_hp_gain":0.0,"max_hp_loss":0.0,"gold_gain":0.0,"event_name":"Living Wall","player_choice":"Forget","floor":2.0,"gold_loss":0.0,"damage_taken":0.0},{"cards_removed":["Defend_B"],"damage_healed":0.0,"max_hp_gain":0.0,"max_hp_loss":0.0,"gold_gain":0.0,"event_name":"Golden Wing","player_choice":"Card Removal","floor":3.0,"gold_loss":0.0,"damage_taken":7.0},{"damage_healed":0.0,"max_hp_gain":0.0,"max_hp_loss":0.0,"gold_gain":75.0,"event_name":"World of Goop","player_choice":"Gather Gold","floor":4.0,"gold_loss":0.0,"damage_taken":11.0},{"cards_removed":["Strike_B"],"damage_healed":0.0,"max_hp_gain":0.0,"max_hp_loss":0.0,"gold_gain":0.0,"event_name":"The Cleric","player_choice":"Card Removal","floor":5.0,"gold_loss":50.0,"damage_taken":0.0},{"damage_healed":0.0,"max_hp_gain":5.0,"max_hp_loss":0.0,"gold_gain":0.0,"event_name":"Forgotten Altar","player_choice":"Shed Blood","floor":19.0,"gold_loss":0.0,"damage_taken":19.0},{"damage_healed":0.0,"max_hp_gain":0.0,"max_hp_loss":0.0,"gold_gain":0.0,"event_name":"Vampires","player_choice":"Ignored","floor":21.0,"gold_loss":0.0,"damage_taken":0.0}],"is_beta":false,"boss_relics":[{"not_picked":["Philosopher\u0027s Stone","Ectoplasm"],"picked":"Sozu"}],"items_purged_floors":[14],"is_endless":false,"potions_floor_spawned":[1,11,13,16,23,25],"killed_by":"Gremlin Leader","ascension_level":8}}