{"host":"cr9rpoy6dx9riis3","time":1607959527,"event":{"mods":["AchievementEnabler","BaseMod","Better Altar","Better Note","Better Sensory Stone","Better Skull","Better Third Choice","Better-Laid Plans","BetterRewards","Block Reminder","Curses Come First","Displayed Cursed Tome","Emptier Cage","Marked Mod","Minty Spire (QoL Compilation)","Permanent Neow","Relic Sorter","StSLib","The Blue Laboratory","Transform Curses"],"gold_per_floor":[110,128,54,54,72,72,100,100,127,142,170,29,29,204,204,204,204],"floor_reached":16,"playtime":524,"items_purged":["Strike_R"],"score":174,"play_id":"82062b44-1d11-4b94-a2be-b11dd5dfac05","local_time":"20201214162527","is_ascension_mode":true,"campfire_choices":[{"data":"Trip","floor":6,"key":"SMITH"},{"data":"Disarm","floor":8,"key":"SMITH"},{"data":"Immolate","floor":13,"key":"SMITH"},{"data":"Spot Weakness","floor":15,"key":"SMITH"}],"circlet_count":0,"master_deck":["Strike_R","Strike_R","Strike_R","Strike_R","Defend_R","Defend_R","Defend_R","Defend_R","Bash","Trip+1","Disarm+1","Disarm","Uppercut+1","Offering","Spot Weakness+1","Immolate+1","Doubt"],"relics":["Burning Blood","Regal Pillow","Blood Vial","ClockworkSouvenir","Juzu Bracelet"],"acts_visited":["Exordium"],"potions_floor_usage":[7,7,11,16],"damage_taken":[{"damage":1,"enemies":"Cultist","floor":1,"turns":4},{"damage":0,"enemies":"Jaw Worm","floor":2,"turns":3},{"damage":0,"enemies":"Small Slimes","floor":5,"turns":4},{"damage":14,"enemies":"Lagavulin","floor":7,"turns":7},{"damage":4,"enemies":"2 Fungi Beasts","floor":10,"turns":4},{"damage":39,"enemies":"3 Sentries","floor":11,"turns":7},{"damage":48,"enemies":"Slime Boss","floor":16,"turns":8}],"seed_played":"-2879007749922325402","potions_obtained":[{"floor":1,"key":"Fire Potion"},{"floor":2,"key":"Block Potion"},{"floor":5,"key":"Explosive Potion"},{"floor":10,"key":"Weak Potion"}],"is_trial":false,"path_per_floor":["M","M","$","?","M","R","E","R","T","M","E","$","R","?","R","B"],"character_chosen":"IRONCLAD","items_purchased":["Blood Vial","Trip","ClockworkSouvenir","Uppercut","Immolate"],"campfire_rested":0,"item_purchase_floors":[0,0,0,3,12],"current_hp_per_floor":[63,71,71,71,79,79,72,72,72,76,45,45,45,45,45,0,0],"gold":204,"neow_bonus":"","is_daily":false,"chose_seed":false,"campfire_upgraded":4,"win_rate":0.0,"timestamp":1607959527,"path_taken":["M","?","$","?","?","R","E","R","T","M","E","$","R","?","R","BOSS"],"items_purchased_type":["Relic","Card","Relic","Card","Card"],"build_version":"2020-12-13","purchased_purges":1,"victory":false,"max_hp_per_floor":[80,80,80,80,80,80,80,80,80,80,80,80,80,80,80,80,80],"card_choices":[{"not_picked":["Evolve","Headbutt"],"picked":"Disarm","floor":1},{"not_picked":["Pommel Strike","Dual Wield"],"picked":"Disarm","floor":2},{"not_picked":["Bloodletting","True Grit","Evolve"],"picked":"SKIP","floor":5},{"not_picked":["Fire Breathing","Heavy Blade","Sword Boomerang"],"picked":"SKIP","floor":7},{"not_picked":["Havoc","Twin Strike"],"picked":"Offering","floor":10},{"not_picked":["Flex","Inflame"],"picked":"Spot Weakness","floor":11}],"player_experience":694417,"relics_obtained":[{"floor":7,"key":"Regal Pillow"},{"floor":11,"key":"Juzu Bracelet"}],"event_choices":[{"damage_healed":0,"gold_gain":0,"player_choice":"Upgraded","damage_taken":0,"max_hp_gain":0,"max_hp_loss":0,"event_name":"Upgrade Shrine","floor":4,"gold_loss":0,"cards_upgraded":["Uppercut"]},{"damage_healed":0,"gold_gain":175,"player_choice":"AGREE","damage_taken":29,"max_hp_gain":0,"max_hp_loss":0,"event_name":"betterThird:BetterSerpent","floor":14,"gold_loss":0}],"is_beta":false,"boss_relics":[],"items_purged_floors":[0],"is_endless":false,"potions_floor_spawned":[1,2,5,10],"killed_by":"Slime Boss","ascension_level":2}}