{"host":"ryuep8ewa00k39z9","time":1607965494,"event":{"mods":["AchievementEnabler","BaseMod","Best Route Mod","Colored Map","Colored Powertips","Displayed Cursed Tome","Highlight Path","Minty Spire (QoL Compilation)","Quick Restart","SuperFastMode"],"gold_per_floor":[117,5,21,21,21,47,47,47,47],"floor_reached":8,"playtime":267,"items_purged":["Strike_R"],"score":100,"play_id":"09b0e11c-df8a-4310-9857-79b03603950b","local_time":"20201214110454","is_ascension_mode":true,"campfire_choices":[{"data":"Bash","floor":7.0,"key":"SMITH"}],"circlet_count":0,"master_deck":["AscendersBane","Strike_R","Strike_R","Strike_R","Strike_R","Defend_R","Defend_R","Defend_R","Defend_R","Bash+1","Dropkick","Dropkick","Rampage","Decay"],"relics":["Runic Pyramid","Unceasing Top"],"acts_visited":["Exordium"],"potions_floor_usage":[],"damage_taken":[{"damage":12.0,"enemies":"Cultist","floor":1.0,"turns":4.0},{"damage":25.0,"enemies":"Small Slimes","floor":3.0,"turns":3.0},{"damage":8.0,"enemies":"Gremlin Nob","floor":6.0,"turns":3.0},{"damage":22,"enemies":"3 Sentries","floor":8,"turns":4}],"seed_played":"-2142626843081180244","potions_obtained":[{"floor":3.0,"key":"AttackPotion"}],"is_trial":false,"path_per_floor":["M","$","M","?","?","E","R","E"],"character_chosen":"IRONCLAD","items_purchased":["Dropkick"],"campfire_rested":0,"item_purchase_floors":[2],"current_hp_per_floor":[56,56,31,31,31,23,23,1,1],"gold":47,"neow_bonus":"BOSS_RELIC","is_daily":false,"chose_seed":false,"campfire_upgraded":1,"win_rate":0.0,"timestamp":1607965494,"path_taken":["M","$","M","?","?","E","R","E"],"items_purchased_type":["Card"],"build_version":"2020-12-13","purchased_purges":1,"victory":false,"max_hp_per_floor":[75,75,75,75,75,75,75,75,75],"card_choices":[{"not_picked":["Body Slam","Shrug It Off"],"picked":"Dropkick","floor":1.0},{"not_picked":["Wild Strike","Iron Wave"],"picked":"Rampage","floor":3.0},{"not_picked":["Shrug It Off","Body Slam","Clothesline"],"picked":"SKIP","floor":6.0}],"player_experience":3145184,"relics_obtained":[{"floor":6.0,"key":"Unceasing Top"}],"event_choices":[{"damage_healed":0.0,"max_hp_gain":0.0,"max_hp_loss":0.0,"gold_gain":0.0,"event_name":"Liars Game","player_choice":"Ignored","floor":4.0,"gold_loss":0.0,"damage_taken":0.0},{"damage_healed":0.0,"max_hp_gain":0.0,"max_hp_loss":0.0,"gold_gain":0.0,"event_name":"Wheel of Change","player_choice":"Cursed","floor":5.0,"gold_loss":0.0,"damage_taken":0.0,"cards_obtained":["Decay"]}],"is_beta":false,"boss_relics":[],"items_purged_floors":[2],"is_endless":false,"potions_floor_spawned":[3],"killed_by":"3 Sentries","ascension_level":17}}