{"host":"0azimyi6n3ugndj4","time":1607955852,"event":{"mods":["BaseMod","Bestiary","Conspire","Curses Come First","Defuse TimeMaze Blight","Hyrulean Relics","Infinite Spire","Minty Spire (QoL Compilation)","Relic Stats","Replay The Spire","StSLib","SuperFastMode","Uncapped","¡¼?Úª?ø«¡½REMEMod"],"gold_per_floor":[99,144,124,163,163,163,163,163,163,0,0,0,0,0,0,0,0,0,0],"floor_reached":18,"playtime":207,"items_purged":[],"score":313,"play_id":"96569209-9226-4fd2-aa65-8d85abbf63b7","local_time":"20201214232412","daily_mods":["Draft","Hoarder","Insanity","Chimera","Specialized","Vintage","ControlledChaos","Allstar","Diverse","Colorless Cards","Heirloom","Time Dilation","Flight","Binary","Elite Swarm","Lethality","Midas","Night Terrors","Binary"],"is_ascension_mode":true,"campfire_choices":[{"floor":6,"key":"REST"},{"floor":9,"key":"REST"},{"floor":12,"key":"REST"},{"floor":17,"key":"REST"}],"circlet_count":0,"master_deck":["Demon Form","Wraith Form v2","Echo Form","DevaForm","AscendersBane","Survivor","Zap","Strike_R","Strike_G","Strike_B","Defend_R","Defend_G","Defend_P","True Grit","Armaments","Stack","REME_Repentance","REME_TwoStrings","ForeignInfluence","Barrage","Cleave","Infernal Blade","EmptyBody","EmptyBody","Twin Strike","Replay:ManipulateFuture","EmptyFist","Halt","Replay:AtTheReady","BowlingBash","Shrug It Off","Trip","Sword Boomerang","Prepared","Madness","Turbo","Deflect","Conserve Battery","Rampage","Distraction","TalkToTheHand","Cold Snap","Hello World","Shrug It Off","ThirdEye","Consecrate","Twin Strike","Clash","Consume","Spot Weakness","Replay:Undeath\u0027s Touch","Turbo","ClearTheMind","BasicCrystalCard","Armaments","Perseverance","Wild Strike","JustLucky","Anger","Outmaneuver","Prostrate","Flex","Wallop","REME_MusicOfDeath+1","REME_MusicOfDeath","REME_MusicOfDeath","REME_MusicOfDeath","REME_MusicOfDeath","REME_MusicOfDeath","REME_MusicOfDeath","REME_MusicOfDeath","REME_MusicOfDeath","REME_MusicOfDeath","REME_MusicOfDeath","REME_MusicOfDeath","REME_MusicOfDeath","REME_MusicOfDeath","REME_MusicOfDeath","Underhanded Strike","Underhanded Strike","Underhanded Strike","Cleave","Cleave","Cleave","FIFO Queue","FIFO Queue","FIFO Queue","REME_Cut","REME_Cut","REME_Cut","Catalyst","Catalyst","Catalyst","Replay:AtTheReady","Replay:AtTheReady","Replay:AtTheReady","Whirlwind","Whirlwind","Whirlwind","Evaluate","Evaluate","Evaluate","Body Slam","Body Slam","Body Slam","Dark Embrace","Dark Embrace","Dark Embrace","Deadly Poison","Deadly Poison","Deadly Poison","Dagger Throw","Dagger Throw","Dagger Throw","ReplayTheSpireMod:Strike From Hell","ReplayTheSpireMod:Strike From Hell","ReplayTheSpireMod:Strike From Hell","Warcry","Warcry","Warcry","Hidden Blade","Hidden Blade","Hidden Blade","Metamorphosis","Metamorphosis","Metamorphosis","Eruption","Eruption","Eruption","Sentinel","Sentinel","Sentinel"],"relics":["Frozen Eye","Busted Crown","REME_ComplimentaryCards","Lizard Tail","Replay:M_SmolderingBlood","ReplayTheSpireMod:Spearhead","zeldaRelics:Navi","Strange Spoon","zeldaRelics:CouragePiece"],"acts_visited":["Exordium"],"potions_floor_usage":[18,18],"damage_taken":[{"damage":0,"enemies":"2 Louse","floor":2,"turns":2},{"damage":7,"enemies":"Cultist","floor":4,"turns":3},{"damage":114,"enemies":"Fading Forest","floor":18,"turns":12}],"seed_played":"-4100164917324274778","potions_obtained":[{"floor":3,"key":"SneckoOil"},{"floor":4,"key":"Flashbang"}],"is_trial":true,"path_per_floor":["?","M","?","M","?","R","PTL","PTL","R","$","T","R","WH","?","$","$","R","B"],"character_chosen":"IRONCLAD","items_purchased":["Strange Spoon"],"campfire_rested":4,"item_purchase_floors":[10],"current_hp_per_floor":[68,68,68,61,61,70,70,70,65,65,65,60,66,66,66,66,61,0,0],"gold":0,"neow_bonus":"TEN_PERCENT_HP_BONUS","is_daily":false,"chose_seed":false,"campfire_upgraded":0,"win_rate":0.0,"timestamp":1607955852,"path_taken":["?","M","?","?","?","R","PTL","PTL","R","$","T","R","WH","?","$","$","R","BOSS"],"items_purchased_type":["Relic"],"build_version":"2020-12-13","purchased_purges":0,"victory":false,"max_hp_per_floor":[75,75,75,75,75,70,70,70,65,65,65,60,66,66,66,66,61,61,61],"relic_stats":{"Strange Spoon":[9],"Lizard Tail":30,"Busted Crown":2,"counters":[3,17],"obtain_stats":[{"Frozen Eye":0,"Strange Spoon":10,"Lizard Tail":0,"ReplayTheSpireMod:Spearhead":2,"Busted Crown":0,"Replay:M_SmolderingBlood":1,"zeldaRelics:Navi":4,"zeldaRelics:CouragePiece":11,"Burning Blood":0,"REME_ComplimentaryCards":0},{"Frozen Eye":0,"Strange Spoon":2,"Lizard Tail":0,"ReplayTheSpireMod:Spearhead":1,"Busted Crown":0,"Replay:M_SmolderingBlood":0,"zeldaRelics:Navi":2,"zeldaRelics:CouragePiece":2,"Burning Blood":0,"REME_ComplimentaryCards":0},{"Frozen Eye":0,"Strange Spoon":5,"Lizard Tail":0,"ReplayTheSpireMod:Spearhead":2,"Busted Crown":0,"Replay:M_SmolderingBlood":0,"zeldaRelics:Navi":5,"zeldaRelics:CouragePiece":5,"Burning Blood":0,"REME_ComplimentaryCards":0}]},"card_choices":[{"not_picked":["Evaluate","Turbo"],"picked":"Underhanded Strike","floor":0},{"not_picked":["Escape Plan","FearNoEvil"],"picked":"Cleave","floor":0},{"not_picked":["Heavy Blade","Hidden Blade"],"picked":"FIFO Queue","floor":0},{"not_picked":["Dagger Throw","Go for the Eyes"],"picked":"REME_Cut","floor":0},{"not_picked":["Replay:ManipulateFuture","Streamline"],"picked":"Catalyst","floor":0},{"not_picked":["Ball Lightning","Prepared"],"picked":"Replay:AtTheReady","floor":0},{"not_picked":["Body Slam","ReplayTheSpireMod:Limb From Limb"],"picked":"Whirlwind","floor":0},{"not_picked":["Capacitor","Replay:BluntJabs"],"picked":"Evaluate","floor":0},{"not_picked":["Skewer","Rip and Tear"],"picked":"Body Slam","floor":0},{"not_picked":["Thunderclap","Cleave"],"picked":"Dark Embrace","floor":0},{"not_picked":["Eviscerate","Dagger Throw"],"picked":"Deadly Poison","floor":0},{"not_picked":["Gash","Tempest"],"picked":"Dagger Throw","floor":0},{"not_picked":["BowlingBash","ReplayTheSpireMod:Repulse"],"picked":"ReplayTheSpireMod:Strike From Hell","floor":0},{"not_picked":["Stack","Calculated Gamble"],"picked":"Warcry","floor":0},{"not_picked":["FlyingSleeves","Pommel Strike"],"picked":"Hidden Blade","floor":0}],"player_experience":1453511,"relics_obtained":[{"floor":2,"key":"ReplayTheSpireMod:Spearhead"},{"floor":4,"key":"zeldaRelics:Navi"},{"floor":11,"key":"zeldaRelics:CouragePiece"}],"event_choices":[{"damage_healed":0,"gold_gain":0,"player_choice":"Bought 1 Potion","damage_taken":0,"max_hp_gain":0,"max_hp_loss":0,"event_name":"The Woman in Blue","floor":3,"gold_loss":0},{"damage_healed":0,"gold_gain":0,"cards_transformed":["Eruption"],"player_choice":"Change","damage_taken":0,"max_hp_gain":0,"max_hp_loss":0,"event_name":"Living Wall","floor":14,"gold_loss":0,"cards_obtained":["Sentinel"]}],"is_beta":false,"boss_relics":[],"items_purged_floors":[],"is_endless":false,"potions_floor_spawned":[4],"killed_by":"Fading Forest","ascension_level":20}}