{"host":"o3so5oxo9aakc7d5","time":1607914464,"event":{"mods":["BaseMod","Better Altar","Better Match","Better Sensory Stone","Better Skull","Better Third Choice","Block Reminder","CapriCore","Challenge The Spire","Googly Eyes","Jorbs\u0027s Wanderer Trilogy","Minty Spire (QoL Compilation)","Rare Cards Sparkle","Spicy Shops","StSLib"],"gold_per_floor":[113,113,132,150,168,168,195,195,250,281,138,138,164,184,184,286,286,297,307,54,54,64,96,108,139,139,139,150,150,150,165,165,263,263,280,300,312,312,324,324,351,396,396,409,132,162,162,190,190,190],"floor_reached":51,"playtime":2030,"items_purged":["Strike_G","Strike_G","Strike_G"],"score":861,"play_id":"239c58ce-77e2-40cb-b163-934712ccf6cb","local_time":"20201213195424","is_ascension_mode":true,"campfire_choices":[{"data":"Phantasmal Killer","floor":6,"key":"SMITH"},{"data":"Backstab","floor":8,"key":"SMITH"},{"floor":15,"key":"REST"},{"floor":27,"key":"REST"},{"data":"Adrenaline","floor":29,"key":"SMITH"},{"data":"Masterful Stab","floor":32,"key":"SMITH"},{"floor":40,"key":"REST"},{"data":"Glass Knife","floor":47,"key":"SMITH"},{"floor":49,"key":"REST"}],"circlet_count":0,"master_deck":["Strike_G","Defend_G+1","Defend_G","Defend_G","Defend_G","Survivor","Neutralize+1","Backstab+1","Flying Knee","Phantasmal Killer+1","Slice","Backflip","Escape Plan+1","Masterful Stab","Adrenaline+1","Predator","Dagger Spray","Masterful Stab+1","Quick Slash","Dagger Spray","Glass Knife+1"],"relics":["Ring of the Serpent","Blue Candle","Happy Flower","Pen Nib","Regal Pillow","Bronze Scales","SlaversCollar","ClockworkSouvenir","Ninja Scroll","Incense Burner","TungstenRod","Ornamental Fan","Thread and Needle","PreservedInsect","Strange Spoon","War Paint","Pantograph"],"acts_visited":["Exordium","TheCity","TheBeyond"],"potions_floor_usage":[10,16,36,44,50,50,50],"damage_taken":[{"damage":0,"enemies":"2 Louse","floor":1,"turns":3},{"damage":0,"enemies":"Cultist","floor":3,"turns":3},{"damage":0,"enemies":"Jaw Worm","floor":4,"turns":3},{"damage":2,"enemies":"Blue Slaver","floor":5,"turns":2},{"damage":13,"enemies":"3 Sentries","floor":7,"turns":7},{"damage":3,"enemies":"Lagavulin","floor":10,"turns":5},{"damage":4,"enemies":"3 Sentries","floor":13,"turns":7},{"damage":2,"enemies":"2 Fungi Beasts","floor":14,"turns":2},{"damage":22,"enemies":"Hexaghost","floor":16,"turns":9},{"damage":0,"enemies":"3 Byrds","floor":18,"turns":3},{"damage":0,"enemies":"Shell Parasite","floor":19,"turns":3},{"damage":0,"enemies":"Snecko","floor":22,"turns":3},{"damage":10,"enemies":"Book of Stabbing","floor":23,"turns":4},{"damage":7,"enemies":"Centurion and Healer","floor":24,"turns":3},{"damage":18,"enemies":"Slavers","floor":25,"turns":3},{"damage":0,"enemies":"Snake Plant","floor":28,"turns":2},{"damage":0,"enemies":"Snecko","floor":31,"turns":3},{"damage":88,"enemies":"Automaton","floor":33,"turns":11},{"damage":0,"enemies":"3 Shapes","floor":35,"turns":3},{"damage":9,"enemies":"Orb Walker","floor":36,"turns":3},{"damage":0,"enemies":"3 Darklings","floor":37,"turns":3},{"damage":27,"enemies":"Writhing Mass","floor":39,"turns":5},{"damage":34,"enemies":"Nemesis","floor":41,"turns":6},{"damage":13,"enemies":"2 Orb Walkers","floor":42,"turns":4},{"damage":0,"enemies":"4 Shapes","floor":44,"turns":4},{"damage":3,"enemies":"Giant Head","floor":46,"turns":6},{"damage":0,"enemies":"Nemesis","floor":48,"turns":3},{"damage":76,"enemies":"Time Eater","floor":50,"turns":11}],"seed_played":"-1234916631718120233","potions_obtained":[{"floor":1,"key":"PowerPotion"},{"floor":3,"key":"Regen Potion"},{"floor":4,"key":"GamblersBrew"},{"floor":14,"key":"Regen Potion"},{"floor":16,"key":"FairyPotion"},{"floor":35,"key":"PowerPotion"},{"floor":41,"key":"Swift Potion"},{"floor":44,"key":"LiquidMemories"}],"is_trial":false,"path_per_floor":["M","?","M","M","M","R","E","R","T","E","$","?","E","M","R","B",null,"M","M","$","?","M","E","M","E","T","R","M","R","?","M","R","B",null,"M","M","M","?","M","R","E","?","T","M","$","E","R","E","R","B",null],"character_chosen":"THE_SILENT","items_purchased":["Masterful Stab","ClockworkSouvenir","Strange Spoon"],"campfire_rested":4,"item_purchase_floors":[11,20,45],"current_hp_per_floor":[70,70,70,70,68,68,55,55,55,52,52,45,41,39,70,48,70,70,70,70,70,70,60,53,35,35,70,70,70,70,70,70,6,70,70,61,61,61,34,70,36,23,23,23,23,20,20,20,56,4],"gold":190,"neow_bonus":"UPGRADE_CARD","is_daily":false,"chose_seed":false,"campfire_upgraded":5,"win_rate":0.0,"timestamp":1607914464,"path_taken":["M","?","?","M","M","R","E","R","T","E","$","?","E","M","R","BOSS","M","M","$","?","M","E","M","E","T","R","M","R","?","M","R","BOSS","M","M","?","?","M","R","E","?","T","M","?","E","R","E","R","BOSS"],"items_purchased_type":["Card","Relic","Relic"],"build_version":"2020-12-13","purchased_purges":3,"victory":true,"max_hp_per_floor":[70,70,70,70,70,70,70,70,70,70,70,70,70,70,70,70,70,70,70,70,70,70,70,70,70,70,70,70,70,70,70,70,70,70,70,70,70,70,70,70,70,70,70,70,70,70,70,70,70,70],"card_choices":[{"not_picked":["Concentrate","Quick Slash"],"picked":"Backstab","floor":1},{"not_picked":["Underhanded Strike","Outmaneuver"],"picked":"Flying Knee","floor":3},{"not_picked":["Slice","Sucker Punch"],"picked":"Phantasmal Killer","floor":4},{"not_picked":["Terror","Deadly Poison"],"picked":"Slice","floor":5},{"not_picked":["Underhanded Strike","Deadly Poison"],"picked":"Backflip","floor":7},{"not_picked":["Bouncing Flask","Outmaneuver"],"picked":"Escape Plan","floor":10},{"not_picked":["Outmaneuver","PiercingWail","Setup"],"picked":"SKIP","floor":13},{"not_picked":["Footwork","Leg Sweep","All Out Attack"],"picked":"SKIP","floor":14},{"not_picked":["Wraith Form v2","Corpse Explosion"],"picked":"Adrenaline","floor":16},{"not_picked":["Dodge and Roll","Finisher"],"picked":"Predator","floor":18},{"not_picked":["Backflip","Dagger Throw"],"picked":"Dagger Spray","floor":19},{"not_picked":["Acrobatics","Blur","Deflect+1"],"picked":"SKIP","floor":22},{"not_picked":["Terror","Flying Knee","Burst"],"picked":"SKIP","floor":23},{"not_picked":["Prepared","Acrobatics+1"],"picked":"Masterful Stab","floor":24},{"not_picked":["Concentrate","Grand Finale"],"picked":"Quick Slash","floor":25},{"not_picked":["Poisoned Stab+1","Bane+1","Backflip+1"],"picked":"SKIP","floor":28},{"not_picked":["Bane+1","Quick Slash"],"picked":"Dagger Spray","floor":31},{"not_picked":["Sucker Punch+1","Quick Slash","Blade Dance"],"picked":"SKIP","floor":35},{"not_picked":["Accuracy","Backflip+1","Deadly Poison"],"picked":"SKIP","floor":36},{"not_picked":["Leg Sweep","Calculated Gamble+1","Predator"],"picked":"SKIP","floor":37},{"not_picked":["Deadly Poison+1","Accuracy+1","Slice+1"],"picked":"SKIP","floor":39},{"not_picked":["Corpse Explosion","Crippling Poison+1"],"picked":"Glass Knife","floor":41},{"not_picked":["Escape Plan+1","Distraction","Dagger Spray+1"],"picked":"SKIP","floor":44},{"not_picked":["Doppelganger","Blade Dance","Prepared"],"picked":"SKIP","floor":46},{"not_picked":["Eviscerate+1","Deflect+1","All Out Attack"],"picked":"SKIP","floor":48}],"player_experience":513119,"relics_obtained":[{"floor":7,"key":"Blue Candle"},{"floor":9,"key":"Happy Flower"},{"floor":10,"key":"Pen Nib"},{"floor":13,"key":"Bronze Scales"},{"floor":23,"key":"Ninja Scroll"},{"floor":25,"key":"Incense Burner"},{"floor":26,"key":"TungstenRod"},{"floor":41,"key":"Ornamental Fan"},{"floor":42,"key":"Thread and Needle"},{"floor":43,"key":"PreservedInsect"},{"floor":46,"key":"War Paint"},{"floor":48,"key":"Pantograph"}],"event_choices":[{"cards_removed":["Strike_G"],"damage_healed":0,"gold_gain":0,"player_choice":"Offered Basic","damage_taken":0,"max_hp_gain":0,"max_hp_loss":0,"event_name":"Bonfire Elementals","floor":2,"gold_loss":0},{"damage_healed":0,"gold_gain":0,"player_choice":"Relic ","damage_taken":7,"max_hp_gain":0,"max_hp_loss":0,"event_name":"betterThird:BetterScrap","floor":12,"gold_loss":0,"cards_obtained":["Amplify"]},{"damage_healed":0,"gold_gain":2,"player_choice":"1","damage_taken":0,"max_hp_gain":0,"max_hp_loss":0,"event_name":"betterStone:BetterStone","floor":21,"gold_loss":0},{"damage_healed":0,"gold_gain":0,"player_choice":"Ignored","damage_taken":0,"max_hp_gain":0,"max_hp_loss":0,"event_name":"NoteForYourself","floor":30,"gold_loss":0},{"cards_removed":["Defend_G"],"damage_healed":0,"gold_gain":0,"player_choice":"Removed Skill","damage_taken":0,"max_hp_gain":0,"max_hp_loss":0,"event_name":"Falling","floor":38,"gold_loss":0},{"damage_healed":0,"gold_gain":0,"player_choice":"Fight","damage_taken":0,"max_hp_gain":0,"max_hp_loss":0,"event_name":"Mysterious Sphere","floor":42,"gold_loss":0}],"is_beta":false,"boss_relics":[{"not_picked":["Busted Crown","Coffee Dripper"],"picked":"SlaversCollar"},{"not_picked":["Sozu","SacredBark"],"picked":"Ring of the Serpent"}],"items_purged_floors":[11,20,45],"is_endless":false,"potions_floor_spawned":[1,3,4,14,16,19,22,28,31,35,41,42,44,46],"ascension_level":1}}