{"host":"my93eiszsr4rk5tq","time":1607927544,"event":{"mods":["2.2 Compatiblity","AchievementEnabler","BaseMod","Better Altar","Better Match","Better Note","Better Sensory Stone","Better Skull","Better Third Choice","Colored Powertips","Infinite Spire","Minty Spire (QoL Compilation)","Rare Cards Sparkle","Replay The Spire","Shop Mod","Spicy Shops","StSLib","The Jungle"],"gold_per_floor":[110,110,121,134,146,171,186,186,186,213,213,231,257,272,272,373,373,389,389,389,389,46,46,71,71,71,108,108,130,153,169,169,300,300,320,320,354,404,427,427,455,455,455,477,537,562,562,572,572],"floor_reached":48,"playtime":17017,"items_purged":[],"score":622,"play_id":"91de2c41-de71-46e5-8607-987606614222","local_time":"20201214193224","is_ascension_mode":false,"campfire_choices":[{"data":"Hemogenesis","floor":8,"key":"SMITH"},{"data":"Clash","floor":15,"key":"SMITH"},{"data":"infinitespire:SevenWalls","floor":23,"key":"SMITH"},{"data":"Blood for Blood","floor":25,"key":"SMITH"},{"floor":32,"key":"REST"},{"floor":40,"key":"REST"},{"floor":47,"key":"REST"}],"circlet_count":0,"master_deck":["Strike_R","Strike_R","Strike_R","Strike_R","Strike_R","Bash","Clash","Clash+1","Cleave+1","Metallicize","Hemogenesis+1","Pommel Strike","Offering","Regret","Metallicize","Uppercut","Blood for Blood+1","Feed","CommonCold","Neutralize","Juggernaut","Flash of Steel","infinitespire:SevenWalls+1","Iron Wave","Strike_R","theJungle:Gourd","theJungle:Gourd","theJungle:Gourd","theJungle:Gourd","theJungle:Gourd","Twin Strike+1","Pommel Strike+1","Run Through","Headbutt","ReplayTheSpireMod:Muscle Training","Disarm","Bludgeon","CurseOfTheBell","Cleave+1","Rage","infinitespire:OneForAll+1","Life Link+1","Perfected Strike+1","infinitespire:FinalStrike","Pot Of Greed","Pot Of Greed","Pot Of Greed","Pot Of Greed","Parasite","Seeing Red","ReplayTheSpireMod:Muscle Training","True Grit+1","Pot Of Greed"],"relics":["Burning Blood","NeowsBlessing","Blue Doll","Self Forming Clay","Divine Protection","Regal Pillow","infinitespire:Lucky Rock","Replay:Bottled Eggs","ReplayTheSpireMod:SealedPack","infinitespire:Lychee Nut","Red Skull","Mummified Hand","Toy Ornithopter","infinitespire:Midas Blood","Bag of Preparation","Calling Bell","ReplayFunnel","Paper Frog","Bird Faced Urn","Ginger","Unceasing Top","Replay:Wax Seal","Question Card","Grinning Jar"],"acts_visited":["Exordium","theJungle:Jungle","TheBeyond"],"potions_floor_usage":[33,33,33],"damage_taken":[{"damage":0,"enemies":"Small Slimes","floor":1,"turns":1},{"damage":0,"enemies":"2 Louse","floor":3,"turns":1},{"damage":0,"enemies":"Cultist","floor":4,"turns":1},{"damage":7,"enemies":"3 Louse","floor":5,"turns":3},{"damage":21,"enemies":"Gremlin Nob","floor":6,"turns":4},{"damage":4,"enemies":"Blue Slaver","floor":7,"turns":3},{"damage":2,"enemies":"Replay:BlueRogue","floor":10,"turns":5},{"damage":8,"enemies":"Exordium Thugs","floor":12,"turns":4},{"damage":16,"enemies":"Lagavulin","floor":13,"turns":7},{"damage":5,"enemies":"Red Slaver","floor":14,"turns":3},{"damage":29,"enemies":"Fading Forest","floor":16,"turns":11},{"damage":14,"enemies":"theJungle:MUSHROOMGANG","floor":18,"turns":4},{"damage":24,"enemies":"theJungle:Cassacara","floor":24,"turns":7},{"damage":40,"enemies":"theJungle:MamaSnecko","floor":27,"turns":7},{"damage":15,"enemies":"theJungle:Flameango_and_Byrd","floor":29,"turns":6},{"damage":9,"enemies":"theJungle:2_Flameangoes","floor":30,"turns":6},{"damage":30,"enemies":"theJungle:Lyon","floor":31,"turns":4},{"damage":61,"enemies":"theJungle:TotemBoss","floor":33,"turns":9},{"damage":32,"enemies":"3 Shapes","floor":35,"turns":4},{"damage":56,"enemies":"3 Darklings","floor":37,"turns":6},{"damage":0,"enemies":"Mind Bloom Boss Battle","floor":38,"turns":7},{"damage":12,"enemies":"Sphere and 2 Shapes","floor":39,"turns":6},{"damage":26,"enemies":"R_Hoarder","floor":41,"turns":16},{"damage":16,"enemies":"Writhing Mass","floor":44,"turns":5},{"damage":44,"enemies":"Spire Growth","floor":46,"turns":4},{"damage":80,"enemies":"Transient","floor":48,"turns":5}],"seed_played":"-2123146288804117995","potions_obtained":[{"floor":5,"key":"Milkshake"},{"floor":7,"key":"Dexterity Potion"},{"floor":10,"key":"Elixir"},{"floor":12,"key":"EssenceOfSteel"},{"floor":38,"key":"Dexterity Potion"},{"floor":41,"key":"Weak Potion"},{"floor":45,"key":"Reflective Coating"}],"is_trial":false,"path_per_floor":["M","?","M","M","M","E","M","R","T","E","?","M","E","M","R","B",null,"M","AVR","?","?","$","R","E","R","T","E","$","M","M","M","R","B",null,"M","T","M","?","M","R","E","AVR","T","M","?","M","R","M"],"character_chosen":"IRONCLAD","items_purchased":["Red Skull","Twin Strike+1","Mummified Hand"],"campfire_rested":3,"item_purchase_floors":[22,22,22],"current_hp_per_floor":[80,80,80,80,79,64,66,66,66,78,78,76,74,75,75,60,80,72,60,60,60,60,60,51,51,51,26,26,31,42,32,60,31,60,41,41,7,25,30,63,43,43,43,55,55,23,56,0,0],"gold":572,"neow_bonus":"THREE_ENEMY_KILL","is_daily":false,"chose_seed":false,"campfire_upgraded":4,"win_rate":0.0,"timestamp":1607927544,"path_taken":["M","?","M","M","M","E","M","R","T","E","?","M","E","M","R","BOSS","M","AVR","?","?","?","R","E","R","T","E","$","M","?","M","R","BOSS","M","?","M","?","M","R","E","AVR","T","M","?","?","R","M"],"items_purchased_type":["Relic","Card","Relic"],"build_version":"2020-12-13","purchased_purges":0,"victory":false,"max_hp_per_floor":[80,80,80,80,80,80,80,80,80,80,80,80,80,80,80,80,80,80,60,60,60,60,60,60,60,60,60,60,60,60,60,60,60,60,60,60,60,60,63,63,63,63,63,63,63,63,63,63,63],"card_choices":[{"not_picked":["Pommel Strike","ReplayTheSpireMod:Strike From Hell"],"picked":"Clash","floor":1},{"not_picked":["Massacre","Seeing Red"],"picked":"Clash","floor":3},{"not_picked":["Warcry","Run Through"],"picked":"Cleave","floor":4},{"not_picked":["Iron Wave","Combust"],"picked":"Metallicize","floor":5},{"not_picked":["Headbutt","Massacre"],"picked":"Hemogenesis","floor":6},{"not_picked":["Armaments","Headbutt"],"picked":"Pommel Strike","floor":7},{"not_picked":["Thunderclap","Fire Breathing"],"picked":"Offering","floor":10},{"not_picked":["Body Slam","Replay:Undeath\u0027s Touch"],"picked":"Metallicize","floor":12},{"not_picked":["Feel No Pain","Pummel"],"picked":"Uppercut","floor":13},{"not_picked":["Dual Wield","Headbutt"],"picked":"Blood for Blood","floor":14},{"not_picked":["Bludgeon","Offering"],"picked":"Feed","floor":16},{"not_picked":["Survivor","Bash"],"picked":"Neutralize","floor":17},{"not_picked":["Barricade","Demonic Infusion"],"picked":"Juggernaut","floor":17},{"not_picked":["PanicButton","Trip"],"picked":"Flash of Steel","floor":17},{"not_picked":["infinitespire:Collect","Replay:Fractal Strike"],"picked":"infinitespire:SevenWalls","floor":17},{"not_picked":["Ghostly Armor","Anger"],"picked":"Iron Wave","floor":18},{"not_picked":["Shockwave","ReplayTheSpireMod:Muscle Training"],"picked":"Pommel Strike+1","floor":24},{"not_picked":["Double Tap","Body Slam"],"picked":"Run Through","floor":27},{"not_picked":["Infernal Blade","Pummel"],"picked":"Headbutt","floor":29},{"not_picked":["Warcry","Thunderclap"],"picked":"ReplayTheSpireMod:Muscle Training","floor":30},{"not_picked":["Sword Boomerang","Uppercut"],"picked":"Disarm","floor":31},{"not_picked":["Berserk","Eclipse"],"picked":"Bludgeon","floor":33},{"not_picked":["Shockwave","Clothesline"],"picked":"Cleave","floor":35},{"not_picked":["Reckless Charge","Clothesline"],"picked":"Rage","floor":37},{"not_picked":["Whirlwind+1","Seeing Red"],"picked":"infinitespire:OneForAll+1","floor":38},{"not_picked":["Run Through","Anger"],"picked":"Life Link+1","floor":39},{"not_picked":["Iron Wave+1","Hemogenesis"],"picked":"Perfected Strike+1","floor":41},{"not_picked":["Warcry+1","Iron Wave+1","ReplayTheSpireMod:Corrosion Curse"],"picked":"Seeing Red","floor":44},{"not_picked":["Replay:Undeath\u0027s Touch","Body Slam+1","Iron Wave"],"picked":"ReplayTheSpireMod:Muscle Training","floor":45},{"not_picked":["Rage","Body Slam","Disarm+1"],"picked":"True Grit+1","floor":46}],"player_experience":757,"relics_obtained":[{"floor":2,"key":"Blue Doll"},{"floor":6,"key":"Self Forming Clay"},{"floor":9,"key":"Divine Protection"},{"floor":10,"key":"Regal Pillow"},{"floor":13,"key":"Replay:Bottled Eggs"},{"floor":24,"key":"Toy Ornithopter"},{"floor":26,"key":"infinitespire:Midas Blood"},{"floor":27,"key":"Bag of Preparation"},{"floor":34,"key":"ReplayFunnel"},{"floor":34,"key":"Paper Frog"},{"floor":34,"key":"Bird Faced Urn"},{"floor":36,"key":"Ginger"},{"floor":38,"key":"Unceasing Top"},{"floor":41,"key":"Replay:Wax Seal"},{"floor":43,"key":"Grinning Jar"}],"event_choices":[{"damage_healed":0,"gold_gain":0,"player_choice":"Box","damage_taken":0,"relics_obtained":["infinitespire:Lucky Rock"],"max_hp_gain":0,"max_hp_loss":0,"event_name":"Big Fish","floor":11,"gold_loss":0,"cards_obtained":["Regret"]},{"cards_removed":["Regret"],"damage_healed":0,"gold_gain":0,"player_choice":"Take \u0026 Give","damage_taken":0,"max_hp_gain":0,"max_hp_loss":0,"event_name":"betterNote:BetterNote","floor":20,"gold_loss":0,"cards_obtained":["Strike_R"]},{"damage_healed":0,"gold_gain":0,"player_choice":"Fight","damage_taken":0,"max_hp_gain":0,"max_hp_loss":0,"event_name":"MindBloom","floor":38,"gold_loss":0}],"is_beta":false,"boss_relics":[{"not_picked":["Replay:Wanted Poster","Busted Crown"],"picked":"ReplayTheSpireMod:SealedPack"},{"not_picked":["Ring of Chaos","ReplayTheSpireMod:DimensionalGlitch"],"picked":"Calling Bell"}],"items_purged_floors":[],"is_endless":false,"potions_floor_spawned":[5,7,10,12,13,18,27,38,41],"killed_by":"Transient","ascension_level":0}}