{"host":"f1miojwxaupu79sp","time":1607912098,"event":{"mods":["BaseMod","Better Vampires","Minty Spire (QoL Compilation)","Shop Mod","StSLib"],"gold_per_floor":[116,116,41,61,61,61,81,81,81,81,101,134,134,209,209,304,304,316,88,3,3,23,49,61,155,167,179,226,238,280,306,318,432,444,467,479,491,78,93,128,147,147,228,242,242,242,267,345,345,345],"floor_reached":51,"playtime":5602,"items_purged":["Strike_G","Strike_G","Strike_G"],"score":790,"play_id":"7b2a0270-04cc-4319-a9c1-20f17586cea0","local_time":"20201213211458","is_ascension_mode":true,"campfire_choices":[{"data":"Venomology","floor":6,"key":"SMITH"},{"data":"Sucker Punch","floor":8,"key":"SMITH"},{"data":"Dash","floor":10,"key":"SMITH"},{"data":"Neutralize","floor":13,"key":"SMITH"},{"data":"Deadly Poison","floor":15,"key":"SMITH"},{"data":"Footwork","floor":24,"key":"SMITH"},{"data":"Deflect","floor":27,"key":"SMITH"},{"data":"Deflect","floor":29,"key":"SMITH"},{"data":"Leg Sweep","floor":32,"key":"SMITH"},{"data":"Accuracy","floor":42,"key":"SMITH"},{"data":"Doppelganger","floor":45,"key":"SMITH"},{"data":"Master of Strategy","floor":49,"key":"SMITH"}],"circlet_count":0,"master_deck":["Strike_G+1","Defend_G","Defend_G","Defend_G","Defend_G","Survivor","Neutralize+1","Dash+1","Sucker Punch+1","Venomology+1","Heel Hook","Deadly Poison+1","Envenom+1","Slice+1","Footwork+1","Deflect+1","Escape Plan+1","Blade Dance+1","Deflect+1","Deflect+1","Leg Sweep+1","Doppelganger+1","Accuracy+1","Prepared","Master of Strategy+1","Deflect","Deadly Poison+1","Escape Plan+1","PiercingWail"],"relics":["Ring of the Snake","Mummified Hand","Odd Mushroom","Tiny Chest","Philosopher\u0027s Stone","StoneCalendar","MawBank","Eternal Feather","Meat on the Bone","Potion Belt","Prayer Wheel","Busted Crown","Peace Pipe","Smiling Mask","Darkstone Periapt","White Beast Statue","The Courier"],"acts_visited":["Exordium","TheCity","TheBeyond"],"potions_floor_usage":[11,12,16,18,22,23,28,31,33,35,39,40,40,44,47,50,50,50,50,50,50,50,50,50],"damage_taken":[{"damage":1,"enemies":"Small Slimes","floor":1,"turns":3},{"damage":3,"enemies":"Jaw Worm","floor":4,"turns":3},{"damage":0,"enemies":"Cultist","floor":7,"turns":4},{"damage":0,"enemies":"The Mushroom Lair","floor":11,"turns":6},{"damage":11,"enemies":"3 Sentries","floor":12,"turns":10},{"damage":8,"enemies":"Hexaghost","floor":16,"turns":12},{"damage":5,"enemies":"Shell Parasite","floor":18,"turns":4},{"damage":15,"enemies":"3 Byrds","floor":22,"turns":5},{"damage":8,"enemies":"Book of Stabbing","floor":23,"turns":6},{"damage":23,"enemies":"Slavers","floor":28,"turns":7},{"damage":4,"enemies":"Book of Stabbing","floor":30,"turns":6},{"damage":0,"enemies":"Snake Plant","floor":31,"turns":5},{"damage":8,"enemies":"Champ","floor":33,"turns":12},{"damage":22,"enemies":"3 Darklings","floor":35,"turns":7},{"damage":0,"enemies":"Orb Walker","floor":39,"turns":2},{"damage":15,"enemies":"Reptomancer","floor":40,"turns":8},{"damage":13,"enemies":"Maw","floor":41,"turns":7},{"damage":3,"enemies":"3 Darklings","floor":44,"turns":7},{"damage":16,"enemies":"Nemesis","floor":47,"turns":7},{"damage":21,"enemies":"Donu and Deca","floor":50,"turns":7}],"seed_played":"-411796779003094600","potions_obtained":[{"floor":4,"key":"DistilledChaos"},{"floor":7,"key":"CultistPotion"},{"floor":16,"key":"EntropicBrew"},{"floor":28,"key":"SmokeBomb"},{"floor":30,"key":"FearPotion"},{"floor":31,"key":"CultistPotion"},{"floor":47,"key":"AttackPotion"}],"is_trial":false,"path_per_floor":["M","?","$","M","?","R","M","R","T","R","?","E","R","?","R","B",null,"M","$","?","?","M","E","R","T","T","R","E","R","E","M","R","B",null,"M","?","T","$","M","E","M","R","T","M","R","?","E","T","R","B",null],"character_chosen":"THE_SILENT","items_purchased":["Footwork","Deflect","Accuracy","Prepared","Master of Strategy"],"campfire_rested":0,"item_purchase_floors":[19,19,38,38,38],"current_hp_per_floor":[69,55,55,52,52,52,52,52,52,52,52,56,56,45,45,37,70,65,65,65,65,50,42,42,42,42,54,43,55,51,51,63,55,70,54,54,54,54,54,39,38,53,53,50,65,65,49,49,64,43],"gold":345,"neow_bonus":"TRANSFORM_CARD","is_daily":false,"chose_seed":false,"campfire_upgraded":12,"win_rate":0.0,"timestamp":1607912098,"path_taken":["M","?","$","M","?","R","?","R","T","R","?","E","R","?","R","BOSS","M","$","?","?","M","E","R","?","T","R","E","R","E","M","R","BOSS","M","?","?","$","M","E","M","R","T","M","R","?","E","?","R","BOSS"],"items_purchased_type":["Card","Card","Card","Card","Card"],"build_version":"2020-12-13","purchased_purges":3,"victory":true,"max_hp_per_floor":[70,70,70,70,70,70,70,70,70,70,70,70,70,70,70,70,70,70,70,70,70,70,70,70,70,70,70,70,70,70,70,70,70,70,70,70,70,70,70,70,70,70,70,70,70,70,70,70,70,70],"card_choices":[{"not_picked":["Deadly Poison","Heel Hook"],"picked":"Sucker Punch","floor":1},{"not_picked":["Quick Slash","Underhanded Strike"],"picked":"PiercingWail","floor":4},{"not_picked":["Acrobatics","Underhanded Strike","Quick Slash"],"picked":"SKIP","floor":7},{"not_picked":["Setup","Skewer"],"picked":"Heel Hook","floor":11},{"not_picked":["Acrobatics","Riddle With Holes","Deadly Poison"],"picked":"SKIP","floor":12},{"not_picked":["Acrobatics","Riddle With Holes"],"picked":"Deadly Poison","floor":12},{"not_picked":["Storm of Steel","Glass Knife"],"picked":"Envenom","floor":16},{"not_picked":["Outmaneuver","Dash"],"picked":"Slice+1","floor":18},{"not_picked":["Outmaneuver","Skewer"],"picked":"Escape Plan+1","floor":22},{"not_picked":["Footwork","Cloak And Dagger+1"],"picked":"Blade Dance+1","floor":23},{"not_picked":["Dagger Throw","Acrobatics+1"],"picked":"Deflect","floor":28},{"not_picked":["Predator","Backflip"],"picked":"Deflect+1","floor":30},{"not_picked":["Backflip","Deflect"],"picked":"Leg Sweep","floor":31},{"not_picked":["Well Laid Plans","Storm of Steel","Dagger Throw"],"picked":"SKIP","floor":31},{"not_picked":["Grand Finale","Night Terror"],"picked":"Doppelganger","floor":33},{"not_picked":["Underhanded Strike+1"],"picked":"SKIP","floor":35},{"not_picked":["Blade Dance+1"],"picked":"SKIP","floor":35},{"not_picked":["Eviscerate"],"picked":"SKIP","floor":39},{"not_picked":["Prepared"],"picked":"SKIP","floor":39},{"not_picked":[],"picked":"Deflect","floor":40},{"not_picked":[],"picked":"Deadly Poison+1","floor":41},{"not_picked":[],"picked":"Escape Plan+1","floor":41},{"not_picked":[],"picked":"PiercingWail","floor":44},{"not_picked":["Deadly Poison"],"picked":"SKIP","floor":44},{"not_picked":["Deflect"],"picked":"SKIP","floor":47}],"player_experience":464802,"relics_obtained":[{"floor":9,"key":"Mummified Hand"},{"floor":11,"key":"Odd Mushroom"},{"floor":12,"key":"Tiny Chest"},{"floor":23,"key":"MawBank"},{"floor":25,"key":"Eternal Feather"},{"floor":26,"key":"Meat on the Bone"},{"floor":28,"key":"Potion Belt"},{"floor":30,"key":"Prayer Wheel"},{"floor":37,"key":"Peace Pipe"},{"floor":40,"key":"Smiling Mask"},{"floor":43,"key":"Darkstone Periapt"},{"floor":47,"key":"White Beast Statue"},{"floor":48,"key":"The Courier"}],"event_choices":[{"damage_healed":0,"gold_gain":0,"player_choice":"Entered Light","damage_taken":14,"max_hp_gain":0,"max_hp_loss":0,"event_name":"Shining Light","floor":2,"gold_loss":0,"cards_upgraded":["Strike_G","Defend_G"]},{"cards_removed":["PiercingWail"],"damage_healed":0,"gold_gain":0,"player_choice":"Took Card","damage_taken":0,"max_hp_gain":0,"max_hp_loss":0,"event_name":"NoteForYourself","floor":5,"gold_loss":0,"cards_obtained":["Venomology"]},{"damage_healed":0,"gold_gain":0,"player_choice":"Fought Mushrooms","damage_taken":0,"max_hp_gain":0,"max_hp_loss":0,"event_name":"Mushrooms","floor":11,"gold_loss":0},{"damage_healed":0,"gold_gain":75,"player_choice":"Gather Gold","damage_taken":11,"max_hp_gain":0,"max_hp_loss":0,"event_name":"World of Goop","floor":14,"gold_loss":0},{"damage_healed":0,"gold_gain":0,"player_choice":"Obtained Relic","damage_taken":0,"relics_obtained":["StoneCalendar"],"max_hp_gain":0,"max_hp_loss":0,"event_name":"Addict","floor":20,"gold_loss":85},{"damage_healed":0,"gold_gain":0,"player_choice":"Forge","damage_taken":0,"max_hp_gain":0,"max_hp_loss":0,"event_name":"Accursed Blacksmith","floor":21,"gold_loss":0,"cards_upgraded":["Envenom"]},{"cards_removed":["Defend_G"],"damage_healed":0,"gold_gain":0,"player_choice":"Removed Skill","damage_taken":0,"max_hp_gain":0,"max_hp_loss":0,"event_name":"Falling","floor":36,"gold_loss":0},{"damage_healed":0,"gold_gain":0,"player_choice":"Memory 1","damage_taken":0,"max_hp_gain":0,"max_hp_loss":0,"event_name":"SensoryStone","floor":46,"gold_loss":0}],"is_beta":false,"boss_relics":[{"not_picked":["Sozu","WristBlade"],"picked":"Philosopher\u0027s Stone"},{"not_picked":["Calling Bell","Fusion Hammer"],"picked":"Busted Crown"}],"items_purged_floors":[3,19,38],"is_endless":false,"potions_floor_spawned":[4,7,16,28,30,31,44,47],"ascension_level":1}}