{"host":"kpyoctgc7jne3jiy","time":1607941486,"event":{"mods":["AchievementEnabler","BaseMod","Minty Spire (QoL Compilation)"],"gold_per_floor":[114,5,5,17,44,86,98,125,162,204,231,243,255,282,294,406,418,445,472,499,526,553,565,592,604,641,668,695,707,719,746,758,870,882,909,666,666,666,705,705,720,744,778,778,802,802,820,844,844,853],"floor_reached":51,"playtime":2562,"items_purged":[],"score":968,"play_id":"8d18ec69-7a64-472d-99cc-6ef510cad1d7","local_time":"20201214112446","daily_mods":["Cursed Run","Diverse","DeadlyEvents"],"is_ascension_mode":false,"campfire_choices":[{"data":"Doom and Gloom","floor":7,"key":"SMITH"},{"data":"ReachHeaven","floor":12,"key":"SMITH"},{"floor":15,"key":"REST"},{"data":"Zap","floor":23,"key":"SMITH"},{"data":"Armaments","floor":25,"key":"SMITH"},{"floor":29,"key":"REST"},{"data":"Footwork","floor":32,"key":"SMITH"},{"data":"Apotheosis","floor":40,"key":"SMITH"},{"floor":44,"key":"REST"},{"data":"Blind","floor":46,"key":"SMITH"},{"floor":49,"key":"REST"}],"circlet_count":0,"master_deck":["Strike_B","Strike_B","Strike_B","Strike_B","Defend_B","Defend_B","Defend_B","Defend_B","Zap+1","Dualcast+1","Thunderclap","Doom and Gloom+1","Footwork+1","Chaos+1","FollowUp","Cold Snap","ReachHeaven+1","JustLucky","Die Die Die","CurseOfTheBell","Coolheaded","Acrobatics","Hello World+1","Armaments+1","Undo+1","Clothesline+1","Echo Form","BootSequence","Apotheosis+1","Blind+1","Fasting2","Wallop+1","Writhe","White Noise+1","Darkness+1","Regret"],"relics":["Cursed Key","Darkstone Periapt","Du-Vu Doll","MawBank","Regal Pillow","Boot","Nunchaku","War Paint","Calling Bell","Vajra","InkBottle","Mango","Orichalcum","CeramicFish","Happy Flower","Thread and Needle"],"acts_visited":["Exordium","TheCity","TheBeyond"],"potions_floor_usage":[18,19,24,28,33,39,42,47,47],"damage_taken":[{"damage":1,"enemies":"Cultist","floor":1,"turns":4},{"damage":2,"enemies":"Small Slimes","floor":5,"turns":3},{"damage":28,"enemies":"Gremlin Nob","floor":6,"turns":4},{"damage":0,"enemies":"2 Louse","floor":8,"turns":1},{"damage":4,"enemies":"Lagavulin","floor":10,"turns":7},{"damage":8,"enemies":"Gremlin Gang","floor":11,"turns":4},{"damage":8,"enemies":"2 Fungi Beasts","floor":14,"turns":3},{"damage":4,"enemies":"Slime Boss","floor":16,"turns":6},{"damage":10,"enemies":"3 Byrds","floor":18,"turns":4},{"damage":10,"enemies":"Shell Parasite","floor":19,"turns":4},{"damage":8,"enemies":"Cultist and Chosen","floor":20,"turns":4},{"damage":22,"enemies":"Shelled Parasite and Fungi","floor":21,"turns":3},{"damage":7,"enemies":"Snecko","floor":22,"turns":5},{"damage":6,"enemies":"3 Cultists","floor":24,"turns":3},{"damage":5,"enemies":"Centurion and Healer","floor":27,"turns":3},{"damage":23,"enemies":"Snake Plant","floor":28,"turns":3},{"damage":4,"enemies":"Snecko","floor":31,"turns":5},{"damage":36,"enemies":"Collector","floor":33,"turns":8},{"damage":21,"enemies":"3 Darklings","floor":35,"turns":4},{"damage":28,"enemies":"Nemesis","floor":39,"turns":5},{"damage":3,"enemies":"Orb Walker","floor":41,"turns":4},{"damage":26,"enemies":"Jaw Worm Horde","floor":42,"turns":5},{"damage":12,"enemies":"3 Darklings","floor":45,"turns":5},{"damage":53,"enemies":"2 Orb Walkers","floor":47,"turns":5},{"damage":24,"enemies":"Transient","floor":48,"turns":5},{"damage":50,"enemies":"Time Eater","floor":50,"turns":13}],"seed_played":"1880613833527945180","potions_obtained":[{"floor":8,"key":"DistilledChaos"},{"floor":10,"key":"GamblersBrew"},{"floor":16,"key":"SkillPotion"},{"floor":19,"key":"PowerPotion"},{"floor":22,"key":"Explosive Potion"},{"floor":28,"key":"Dexterity Potion"},{"floor":33,"key":"SpeedPotion"},{"floor":35,"key":"Energy Potion"},{"floor":41,"key":"Explosive Potion"}],"is_trial":false,"path_per_floor":["M","$","?","$","M","E","R","M","T","E","M","R","T","M","R","B",null,"M","M","M","M","M","R","M","R","T","M","M","R","?","M","R","B",null,"M","$","?","?","E","R","M","M","T","R","M","R","?","M","R","B",null],"character_chosen":"DEFECT","items_purchased":["Doom and Gloom","Footwork","BootSequence","Apotheosis"],"campfire_rested":4,"item_purchase_floors":[2,2,36,36],"current_hp_per_floor":[74,74,62,62,60,32,32,32,38,34,26,26,32,24,65,67,113,103,93,85,63,56,56,50,50,56,51,28,78,78,74,74,44,125,104,104,104,104,76,76,73,47,53,107,95,95,42,18,72,28],"gold":853,"neow_bonus":"","is_daily":true,"chose_seed":false,"campfire_upgraded":7,"win_rate":0.0,"timestamp":1607941486,"path_taken":["M","?","?","$","M","E","R","?","T","E","M","R","?","M","R","BOSS","M","M","M","?","M","R","M","R","T","M","M","R","?","M","R","BOSS","M","$","?","?","?","R","M","M","T","R","M","R","?","?","R","BOSS"],"items_purchased_type":["Card","Card","Card","Card"],"build_version":"2020-12-13","purchased_purges":0,"victory":true,"max_hp_per_floor":[75,75,75,75,75,75,75,75,81,81,81,81,87,87,87,93,113,113,113,113,113,113,113,113,113,119,119,119,119,119,119,119,125,125,125,125,125,125,125,125,125,125,131,131,131,131,131,131,131,137],"card_choices":[{"not_picked":["Pommel Strike","Heavy Blade"],"picked":"Thunderclap","floor":1},{"not_picked":["Quick Slash","Reflex","Storm"],"picked":"SKIP","floor":5},{"not_picked":["Multi-Cast","Compile Driver"],"picked":"Chaos","floor":6},{"not_picked":["Deflect","Force Field"],"picked":"FollowUp","floor":8},{"not_picked":["Quick Slash","Chaos"],"picked":"Cold Snap","floor":10},{"not_picked":["Outmaneuver","Barrage"],"picked":"ReachHeaven","floor":11},{"not_picked":["Die Die Die","Pommel Strike"],"picked":"JustLucky","floor":14},{"not_picked":["A Thousand Cuts","Barricade"],"picked":"Die Die Die","floor":16},{"not_picked":["Perfected Strike+1","Redo+1","True Grit"],"picked":"SKIP","floor":18},{"not_picked":["Scrape","Poisoned Stab"],"picked":"Coolheaded","floor":19},{"not_picked":["Reckless Charge","Heavy Blade"],"picked":"Acrobatics","floor":20},{"not_picked":["Cloak And Dagger","Dual Wield"],"picked":"Hello World+1","floor":21},{"not_picked":["Terror","Doppelganger","Carnage"],"picked":"SKIP","floor":22},{"not_picked":["Prostrate","ClearTheMind"],"picked":"Armaments","floor":24},{"not_picked":["Cleave","Loop"],"picked":"Undo+1","floor":27},{"not_picked":["MentalFortress+1","FlyingSleeves+1","Sweeping Beam+1"],"picked":"SKIP","floor":28},{"not_picked":["Body Slam","Distraction"],"picked":"Clothesline+1","floor":31},{"not_picked":["Establishment","Doppelganger"],"picked":"Echo Form","floor":33},{"not_picked":["Dark Embrace+1","Force Field+1","Vengeance"],"picked":"SKIP","floor":35},{"not_picked":["Flash of Steel","Master of Strategy"],"picked":"Blind","floor":37},{"not_picked":["Conclude","Perfected Strike"],"picked":"Fasting2","floor":39},{"not_picked":["EmptyBody","Redo","ClearTheMind"],"picked":"SKIP","floor":41},{"not_picked":["Storm of Steel","Blade Dance"],"picked":"Wallop+1","floor":42},{"not_picked":["Reinforced Body+1","Ball Lightning+1"],"picked":"White Noise+1","floor":45},{"not_picked":["Beam Cell","Prepared"],"picked":"Darkness+1","floor":48}],"player_experience":198530,"relics_obtained":[{"floor":6,"key":"Regal Pillow"},{"floor":9,"key":"Boot"},{"floor":10,"key":"Nunchaku"},{"floor":13,"key":"War Paint"},{"floor":17,"key":"Vajra"},{"floor":17,"key":"InkBottle"},{"floor":17,"key":"Mango"},{"floor":26,"key":"Orichalcum"},{"floor":39,"key":"CeramicFish"},{"floor":43,"key":"Happy Flower"},{"floor":47,"key":"Thread and Needle"}],"event_choices":[{"damage_healed":0,"gold_gain":0,"player_choice":"Success","damage_taken":12,"relics_obtained":["MawBank"],"max_hp_gain":0,"max_hp_loss":0,"event_name":"Scrap Ooze","floor":3,"gold_loss":0},{"damage_healed":0,"gold_gain":0,"player_choice":"Ignored","damage_taken":0,"max_hp_gain":0,"max_hp_loss":0,"event_name":"Ghosts","floor":30,"gold_loss":0},{"damage_healed":0,"gold_gain":0,"player_choice":"Memory 1","damage_taken":0,"max_hp_gain":0,"max_hp_loss":0,"event_name":"SensoryStone","floor":37,"gold_loss":0},{"cards_removed":["Injury","Decay","Clumsy","Pain","Injury"],"damage_healed":0,"gold_gain":0,"player_choice":"Removed Curses","damage_taken":0,"max_hp_gain":0,"max_hp_loss":0,"event_name":"Fountain of Cleansing","floor":38,"gold_loss":0},{"damage_healed":0,"gold_gain":0,"player_choice":"Fight","damage_taken":0,"max_hp_gain":0,"max_hp_loss":0,"event_name":"Mysterious Sphere","floor":47,"gold_loss":0}],"is_beta":false,"boss_relics":[{"not_picked":["Fusion Hammer","Inserter"],"picked":"Calling Bell"},{"not_picked":["Runic Dome","Pandora\u0027s Box","Coffee Dripper"]}],"items_purged_floors":[],"is_endless":false,"potions_floor_spawned":[8,10,16,19,22,28,33,35,41],"ascension_level":0}}