{"host":"xkcp1i6l4yppoyj3","time":1607948352,"event":{"mods":["2.2 Compatiblity","AchievementEnabler","BaseMod","Colored Map","Colored Powertips","DeckTracker","Highlight Path","KOR Keyword Fix","Keyboard Shortcuts","Minty Spire (QoL Compilation)","Quick Restart","Relic Stats","StSLib","SuperFastMode","The Hierophant"],"gold_per_floor":[110,210,135,35,53,53,88,83,83,83,33,41,45,42,42,123,123,99,109,208,103,103,68,24,24,24,19,19,49,49,62,62,162,162,178,191,174,28,23,23,28,28,28,60,17,17,37,53,53,33,33,33,33,64,994],"floor_reached":56,"playtime":2092,"items_purged":["hierophant:Strike_Hierophant","hierophant:Defend_Hierophant"],"score":1181,"play_id":"7fa9598a-ea59-4a04-8404-ed319a16285c","local_time":"20201214211912","is_ascension_mode":true,"campfire_choices":[{"data":"hierophant:Punish","floor":6.0,"key":"SMITH"},{"data":"hierophant:Glossolalia","floor":15.0,"key":"SMITH"},{"data":"hierophant:Glossolalia","floor":25.0,"key":"SMITH"},{"floor":28,"key":"REST"},{"floor":32,"key":"REST"},{"floor":40,"key":"REST"},{"floor":42,"key":"RECALL"},{"data":"Injury","floor":49,"key":"PURGE"},{"data":"hierophant:ArchangelShield","floor":52,"key":"SMITH"}],"circlet_count":0,"master_deck":["hierophant:Strike_Hierophant","hierophant:Punish+1","hierophant:Defend_Hierophant","hierophant:ChurchCoffers","hierophant:Glossolalia+1","hierophant:Levitation+1","hierophant:Repentance+1","hierophant:Glossolalia+1","hierophant:Repentance+1","hierophant:Invocation+1","hierophant:Chorus+1","hierophant:ArchangelShield+1","hierophant:Alms+1"],"relics":["hierophant:PropheticMaskRelic","NeowsBlessing","Unceasing Top","Peace Pipe","Toxic Egg 2","Cursed Key","Mummified Hand","Red Mask","Empty Cage","Medical Kit","Ornamental Fan","Molten Egg 2","Vajra","Lizard Tail","White Beast Statue"],"acts_visited":["Exordium","TheCity","TheBeyond","TheEnding"],"potions_floor_usage":[31,31,33,44,44,55],"damage_taken":[{"damage":0.0,"enemies":"2 Louse","floor":1.0,"turns":1.0},{"damage":0.0,"enemies":"Cultist","floor":5.0,"turns":1.0},{"damage":0.0,"enemies":"Lagavulin","floor":7.0,"turns":1.0},{"damage":2.0,"enemies":"Small Slimes","floor":8.0,"turns":2.0},{"damage":11.0,"enemies":"Exordium Wildlife","floor":10.0,"turns":3.0},{"damage":14.0,"enemies":"Gremlin Nob","floor":12.0,"turns":3.0},{"damage":0.0,"enemies":"2 Fungi Beasts","floor":13.0,"turns":2.0},{"damage":12.0,"enemies":"Blue Slaver","floor":14.0,"turns":2.0},{"damage":35.0,"enemies":"Slime Boss","floor":16.0,"turns":6.0},{"damage":18.0,"enemies":"Shell Parasite","floor":18.0,"turns":6.0},{"damage":5.0,"enemies":"Spheric Guardian","floor":19.0,"turns":3.0},{"damage":4.0,"enemies":"Gremlin Leader","floor":23.0,"turns":3.0},{"damage":16.0,"enemies":"Cultist and Chosen","floor":24.0,"turns":5.0},{"damage":9,"enemies":"Snecko","floor":27,"turns":4},{"damage":6,"enemies":"Masked Bandits","floor":29,"turns":4},{"damage":8,"enemies":"Shelled Parasite and Fungi","floor":31,"turns":4},{"damage":8,"enemies":"Automaton","floor":33,"turns":6},{"damage":12,"enemies":"3 Darklings","floor":35,"turns":4},{"damage":6,"enemies":"Orb Walker","floor":36,"turns":4},{"damage":12,"enemies":"Spire Growth","floor":37,"turns":4},{"damage":10,"enemies":"4 Shapes","floor":39,"turns":5},{"damage":30,"enemies":"Giant Head","floor":41,"turns":6},{"damage":40,"enemies":"Nemesis","floor":44,"turns":5},{"damage":27,"enemies":"Giant Head","floor":47,"turns":8},{"damage":2,"enemies":"2 Orb Walkers","floor":48,"turns":4},{"damage":3,"enemies":"Awakened One","floor":50,"turns":5},{"damage":5,"enemies":"Shield and Spear","floor":54,"turns":5},{"damage":98,"enemies":"The Heart","floor":55,"turns":7}],"seed_played":"-1887586031071730459","potions_obtained":[{"floor":5.0,"key":"Energy Potion"},{"floor":12.0,"key":"Weak Potion"},{"floor":13.0,"key":"AttackPotion"},{"floor":14.0,"key":"SteroidPotion"},{"floor":16.0,"key":"SneckoOil"},{"floor":23.0,"key":"ColorlessPotion"},{"floor":24.0,"key":"PowerPotion"},{"floor":29,"key":"FairyPotion"},{"floor":31,"key":"PowerPotion"},{"floor":35,"key":"LiquidBronze"},{"floor":41,"key":"DistilledChaos"},{"floor":48,"key":"FearPotion"}],"is_trial":false,"path_per_floor":["M","?","$","$","M","R","E","M","T","M","?","E","M","M","R","B",null,"M","M","?","$","?","E","M","R","T","M","R","?","?","M","R","B",null,"M","M","M","$","M","R","E","R","T","E","$","?","E","?","R","B",null,"R","$","E","B",null],"character_chosen":"HIEROPHANT","items_purchased":["hierophant:Glossolalia","hierophant:Repentance+1","Medical Kit","hierophant:ArchangelShield"],"campfire_rested":3,"item_purchase_floors":[21,21,38,45],"current_hp_per_floor":[75,75,75,75,75,75,75,73,73,62,62,48,48,36,36,1,75,57,52,52,52,52,48,32,32,32,23,45,39,25,17,41,33,80,68,62,50,50,40,64,34,34,34,24,24,70,43,41,41,38,70,70,70,65,2],"gold":994,"neow_bonus":"THREE_ENEMY_KILL","is_daily":false,"chose_seed":false,"campfire_upgraded":4,"win_rate":0.0,"timestamp":1607948352,"path_taken":["M","?","?","$","M","R","E","?","T","M","?","E","M","M","R","BOSS","M","M","?","$","?","E","?","R","T","M","R","?","?","M","R","BOSS","M","M","M","$","M","R","E","R","T","E","$","?","E","?","R","BOSS","R","$","E","BOSS"],"items_purchased_type":["Card","Card","Relic","Card"],"build_version":"2020-12-13","purchased_purges":2,"victory":true,"max_hp_per_floor":[75,75,75,75,75,75,75,75,75,75,75,75,75,75,75,75,75,75,75,75,75,75,75,75,75,75,75,75,75,80,80,80,80,80,80,80,80,80,80,80,80,80,80,80,80,70,70,70,70,70,70,70,70,70,70],"relic_stats":{"Peace Pipe":1,"Lizard Tail":35,"counters":[28,113],"Mummified Hand":[65],"Ornamental Fan":[12],"Cursed Key":1,"Medical Kit":[12],"obtain_stats":[{"NeowsBlessing":0,"hierophant:PropheticMaskRelic":0,"Vajra":47,"Cursed Key":17,"Empty Cage":34,"Medical Kit":38,"White Beast Statue":54,"Peace Pipe":9,"Lizard Tail":48,"Mummified Hand":23,"Ornamental Fan":41,"Molten Egg 2":44,"Red Mask":29,"Toxic Egg 2":12,"Unceasing Top":7},{"NeowsBlessing":0,"hierophant:PropheticMaskRelic":0,"Vajra":24,"Cursed Key":9,"Empty Cage":17,"Medical Kit":20,"White Beast Statue":27,"Peace Pipe":4,"Lizard Tail":25,"Mummified Hand":12,"Ornamental Fan":22,"Molten Egg 2":23,"Red Mask":15,"Toxic Egg 2":6,"Unceasing Top":3},{"NeowsBlessing":0,"hierophant:PropheticMaskRelic":0,"Vajra":92,"Cursed Key":21,"Empty Cage":56,"Medical Kit":68,"White Beast Statue":106,"Peace Pipe":5,"Lizard Tail":96,"Mummified Hand":33,"Ornamental Fan":79,"Molten Egg 2":84,"Red Mask":46,"Toxic Egg 2":11,"Unceasing Top":3}],"Unceasing Top":[44]},"card_choices":[{"not_picked":["hierophant:RustyCrate","hierophant:CursedGold","hierophant:Encroach"],"picked":"SKIP","floor":1.0},{"not_picked":["hierophant:Smite","hierophant:Encroach","hierophant:SealAway"],"picked":"SKIP","floor":5.0},{"not_picked":["hierophant:Blessing","hierophant:PristineSoul"],"picked":"hierophant:Glossolalia","floor":7.0},{"not_picked":["hierophant:DivineIntervention","hierophant:TollTheBells","hierophant:OrnateBuckler"],"picked":"SKIP","floor":8.0},{"not_picked":["hierophant:Doubloon","hierophant:CoinFling","hierophant:Shelter"],"picked":"SKIP","floor":10.0},{"not_picked":["hierophant:Patience+1","hierophant:ThreeLashes","hierophant:RustyCrate+1"],"picked":"SKIP","floor":12.0},{"not_picked":["hierophant:MorningPrayer+1","hierophant:FlamingChariot","hierophant:Charity"],"picked":"SKIP","floor":13.0},{"not_picked":["hierophant:Encroach+1","hierophant:Purify","hierophant:OrnateBuckler+1"],"picked":"SKIP","floor":14.0},{"not_picked":["hierophant:Anathema","hierophant:Generosity"],"picked":"hierophant:Levitation+1","floor":16.0},{"not_picked":["hierophant:Doubloon+1","hierophant:RepressedViolence"],"picked":"hierophant:Repentance+1","floor":18.0},{"not_picked":["hierophant:Purify","hierophant:RepressedViolence","hierophant:MirrorShield+1"],"picked":"SKIP","floor":19.0},{"not_picked":["hierophant:BulkyChest+1","hierophant:TollTheBells+1","hierophant:Smite"],"picked":"SKIP","floor":23.0},{"not_picked":["hierophant:RustyCrate+1","hierophant:Sermon+1","hierophant:MorningPrayer+1"],"picked":"SKIP","floor":24.0},{"not_picked":["hierophant:HammerAndAnvil+1","hierophant:Zeal","hierophant:FieryStrike"],"picked":"SKIP","floor":27},{"not_picked":["hierophant:Batter","hierophant:HammerAndAnvil+1","hierophant:MorningPrayer+1"],"picked":"SKIP","floor":31},{"not_picked":["hierophant:Determination","hierophant:Cornucopia+1"],"picked":"hierophant:Invocation+1","floor":33},{"not_picked":["hierophant:Smite+1","hierophant:HolyVerse+1","hierophant:RecallFunds+1"],"picked":"SKIP","floor":35},{"not_picked":["hierophant:RustyCrate+1","hierophant:AuricBeam"],"picked":"hierophant:Chorus+1","floor":36},{"not_picked":["hierophant:AuricBeam","hierophant:HammerAndAnvil+1","hierophant:Upheaval+1"],"picked":"SKIP","floor":37},{"not_picked":["hierophant:Remorse","hierophant:Purify+1","hierophant:ThreeLashes+1"],"picked":"SKIP","floor":39},{"not_picked":["hierophant:RepressedViolence+1","hierophant:HammerAndAnvil+1","hierophant:Encroach+1"],"picked":"SKIP","floor":41},{"not_picked":["hierophant:ThreeLashes+1","hierophant:Generosity","hierophant:SealAway+1"],"picked":"SKIP","floor":44},{"not_picked":["hierophant:DisplayOfPower+1","hierophant:ThreeLashes+1","hierophant:Doomsaying+1"],"picked":"SKIP","floor":47},{"not_picked":["hierophant:Shelter+1","hierophant:Sermon+1"],"picked":"hierophant:Alms+1","floor":54}],"player_experience":482379,"relics_obtained":[{"floor":7.0,"key":"Unceasing Top"},{"floor":9.0,"key":"Peace Pipe"},{"floor":12.0,"key":"Toxic Egg 2"},{"floor":23.0,"key":"Mummified Hand"},{"floor":29,"key":"Red Mask"},{"floor":41,"key":"Ornamental Fan"},{"floor":44,"key":"Molten Egg 2"},{"floor":47,"key":"Vajra"},{"floor":48,"key":"Lizard Tail"},{"floor":54,"key":"White Beast Statue"}],"event_choices":[{"damage_healed":0.0,"max_hp_gain":0.0,"max_hp_loss":0.0,"gold_gain":100.0,"event_name":"Golden Shrine","player_choice":"Pray","floor":2.0,"gold_loss":0.0,"damage_taken":0.0},{"cards_removed":["hierophant:Defend_Hierophant"],"damage_healed":0.0,"max_hp_gain":0.0,"max_hp_loss":0.0,"gold_gain":0.0,"event_name":"The Cleric","player_choice":"Card Removal","floor":11.0,"gold_loss":50.0,"damage_taken":0.0},{"damage_healed":0.0,"max_hp_gain":0.0,"max_hp_loss":0.0,"gold_gain":99.0,"event_name":"Nest","player_choice":"Stole From Cult","floor":20.0,"gold_loss":0.0,"damage_taken":0.0},{"cards_removed":["hierophant:Strike_Hierophant"],"damage_healed":0.0,"max_hp_gain":0.0,"max_hp_loss":0.0,"gold_gain":0.0,"event_name":"Bonfire Elementals","player_choice":"Offered Basic","floor":22.0,"gold_loss":0.0,"damage_taken":0.0},{"damage_healed":0,"gold_gain":0,"player_choice":"Fought Bandits","damage_taken":0,"max_hp_gain":0,"max_hp_loss":0,"event_name":"Masked Bandits","floor":29,"gold_loss":0},{"damage_healed":0,"gold_gain":0,"player_choice":"Shed Blood","damage_taken":19,"max_hp_gain":5,"max_hp_loss":0,"event_name":"Forgotten Altar","floor":30,"gold_loss":0},{"damage_healed":70,"gold_gain":0,"player_choice":"Heal","damage_taken":0,"max_hp_gain":0,"max_hp_loss":10,"event_name":"The Moai Head","floor":46,"gold_loss":0},{"damage_healed":0,"gold_gain":0,"player_choice":"Fight","damage_taken":0,"max_hp_gain":0,"max_hp_loss":0,"event_name":"Mysterious Sphere","floor":48,"gold_loss":0}],"is_beta":false,"boss_relics":[{"not_picked":["Ectoplasm","Runic Pyramid"],"picked":"Cursed Key"},{"not_picked":["Fusion Hammer","Calling Bell"],"picked":"Empty Cage"}],"items_purged_floors":[3,4],"is_endless":false,"potions_floor_spawned":[5,12,13,14,16,23,24,29,31,35,41,48],"ascension_level":1}}