{"host":"dojadh45vvs5q3bn","time":1607955468,"event":{"mods":["Abigail Mod","Act Like it!","BaseMod","Colored Powertips","Friendly Minions","Gensokyo","GungeonMod","Minty Spire (QoL Compilation)","Prisma Mod","StSLib","The Alterego","The Animator","The Senshi"],"gold_per_floor":[120,120,133,146,146,174,186,211,282,282,282],"floor_reached":10,"playtime":523,"items_purged":[],"score":112,"play_id":"be8d848a-c58d-4fbc-b67d-fdb1f3613efe","local_time":"20201214151748","is_ascension_mode":true,"campfire_choices":[],"circlet_count":0,"master_deck":["alterego_mod:Strike","alterego_mod:Strike","alterego_mod:Strike","alterego_mod:Strike","alterego_mod:Defend","alterego_mod:Defend","alterego_mod:Defend","alterego_mod:Defend","alterego_mod:Impale","alterego_mod:BigMeatyClaws","alterego_mod:BrynhildrsRune","alterego_mod:ClassAdvantage","alterego_mod:IndependentAction","alterego_mod:Belts","alterego_mod:Undulate","alterego_mod:Collar","alterego_mod:DiscoLights","alterego_mod:AlterEgo"],"relics":["alterego_mod:MasochisticConstitution","DemoMod:Orange","Vajra","Ancient Tea Set","Meat on the Bone"],"acts_visited":["Gensokyo:Gensokyo"],"potions_floor_usage":[6,6,6,7,10],"damage_taken":[{"damage":7,"enemies":"Gensokyo:2_Kodama","floor":1,"turns":11},{"damage":6,"enemies":"Gensokyo:Gryphon","floor":3,"turns":6},{"damage":19,"enemies":"Gensokyo:3_Fairies","floor":4,"turns":6},{"damage":16,"enemies":"Gensokyo:Aya","floor":6,"turns":8},{"damage":0,"enemies":"Gensokyo:LivingMonolith","floor":7,"turns":3},{"damage":14,"enemies":"Gensokyo:Mamizou","floor":8,"turns":9},{"damage":24,"enemies":"Gensokyo:Aya","floor":10,"turns":3}],"seed_played":"8371212369953387857","potions_obtained":[{"floor":4,"key":"EntropicBrew"},{"floor":6,"key":"LiquidBronze"}],"is_trial":false,"path_per_floor":["M","?","M","M","?","E","M","E","T","E"],"character_chosen":"The_Alterego","items_purchased":[],"campfire_rested":0,"item_purchase_floors":[],"current_hp_per_floor":[71,69,64,46,46,31,31,18,18,0,0],"gold":282,"neow_bonus":"ONE_RANDOM_RARE_CARD","is_daily":false,"chose_seed":false,"campfire_upgraded":0,"win_rate":0.0,"timestamp":1607955468,"path_taken":["M","?","M","M","?","E","M","E","T","E"],"items_purchased_type":[],"build_version":"2020-12-13","purchased_purges":0,"victory":false,"max_hp_per_floor":[71,83,84,85,85,86,86,87,87,87,87],"card_choices":[{"not_picked":["alterego_mod:TrashNCrash","alterego_mod:PresenceConcealment"],"picked":"alterego_mod:IndependentAction","floor":1},{"not_picked":["alterego_mod:PerceptionDisorder","alterego_mod:Jiggle"],"picked":"alterego_mod:Belts","floor":3},{"not_picked":["alterego_mod:Rip","alterego_mod:GoddessCore"],"picked":"alterego_mod:Undulate","floor":4},{"not_picked":["alterego_mod:BrynhildrRomantia","alterego_mod:Swimsuit"],"picked":"alterego_mod:Collar","floor":6},{"not_picked":["alterego_mod:TrashNCrash","alterego_mod:Complex"],"picked":"alterego_mod:DiscoLights","floor":7},{"not_picked":["alterego_mod:Bunnysuit","alterego_mod:HighServant"],"picked":"alterego_mod:AlterEgo","floor":8}],"player_experience":443217,"relics_obtained":[{"floor":6,"key":"Vajra"},{"floor":8,"key":"Ancient Tea Set"},{"floor":9,"key":"Meat on the Bone"}],"event_choices":[],"is_beta":false,"boss_relics":[],"items_purged_floors":[],"is_endless":false,"potions_floor_spawned":[4,6],"killed_by":"Gensokyo:Aya","ascension_level":3}}