{"host":"7z9w9s73v2jobm2z","time":1607924575,"event":{"mods":["AchievementEnabler","BaseMod","Colored Map","Colored Powertips","Custom Start","Minty Spire (QoL Compilation)","Quick Restart","Rare Cards Sparkle","Relic Stats","StSLib"],"gold_per_floor":[118,118,134,209,95,130,130,130,178,178,214,233,264,280,280,409,409,433,433,227,246,284,327,352,352,352,386,400,424,424,449,449,577,577,591,18,18,18],"floor_reached":37,"playtime":1426,"items_purged":["Defend_G","Strike_G"],"score":502,"play_id":"6bdf8560-c7d6-411f-b3ac-6c3c6dc5f027","local_time":"20201214004255","is_ascension_mode":false,"campfire_choices":[{"data":"Neutralize","floor":7.0,"key":"SMITH"},{"data":"All Out Attack","floor":10.0,"key":"SMITH"},{"data":"Accuracy","floor":15.0,"key":"SMITH"},{"floor":30.0,"key":"REST"},{"data":"Terror","floor":32.0,"key":"SMITH"}],"circlet_count":0,"master_deck":["Strike_G","Strike_G","Strike_G","Strike_G","Defend_G","Defend_G","Defend_G","Defend_G","Survivor","Neutralize+1","Cloak And Dagger","All Out Attack+1","Accuracy+1","Flying Knee","Cloak And Dagger","Storm of Steel","CurseOfTheBell","Storm of Steel","Infinite Blades","Leg Sweep","Cloak And Dagger+1","Leg Sweep","A Thousand Cuts","Neutralize","Finisher","Terror+1","A Thousand Cuts","Cloak And Dagger"],"relics":["WristBlade","Pocketwatch","Golden Idol","Centennial Puzzle","Regal Pillow","Potion Belt","Calling Bell","Happy Flower","Question Card","Gambling Chip","Incense Burner","Red Mask","Darkstone Periapt","MealTicket","Juzu Bracelet","SacredBark","Sundial","StoneCalendar"],"acts_visited":["Exordium","TheCity","TheBeyond"],"potions_floor_usage":[35],"damage_taken":[{"damage":0.0,"enemies":"Small Slimes","floor":1.0,"turns":3.0},{"damage":0.0,"enemies":"Cultist","floor":3.0,"turns":3.0},{"damage":11.0,"enemies":"Lagavulin","floor":6.0,"turns":7.0},{"damage":0.0,"enemies":"Gremlin Nob","floor":11.0,"turns":2.0},{"damage":3.0,"enemies":"Jaw Worm","floor":12.0,"turns":3.0},{"damage":0.0,"enemies":"Lagavulin","floor":13.0,"turns":5.0},{"damage":5.0,"enemies":"Exordium Thugs","floor":14.0,"turns":2.0},{"damage":4.0,"enemies":"Slime Boss","floor":16.0,"turns":8.0},{"damage":5.0,"enemies":"Spheric Guardian","floor":18.0,"turns":3.0},{"damage":0.0,"enemies":"Shell Parasite","floor":21.0,"turns":2.0},{"damage":16.0,"enemies":"Masked Bandits","floor":22.0,"turns":3.0},{"damage":3.0,"enemies":"Slavers","floor":23.0,"turns":4.0},{"damage":6.0,"enemies":"Cultist and Chosen","floor":24.0,"turns":4.0},{"damage":9.0,"enemies":"Book of Stabbing","floor":27.0,"turns":4.0},{"damage":0.0,"enemies":"Chosen and Byrds","floor":28.0,"turns":4.0},{"damage":1.0,"enemies":"3 Cultists","floor":29.0,"turns":4.0},{"damage":10.0,"enemies":"Centurion and Healer","floor":31.0,"turns":5.0},{"damage":30,"enemies":"Automaton","floor":33,"turns":8},{"damage":3,"enemies":"3 Shapes","floor":35,"turns":1},{"damage":73,"enemies":"Orb Walker","floor":37,"turns":5}],"seed_played":"5191055380147125937","potions_obtained":[{"floor":1.0,"key":"LiquidBronze"},{"floor":2.0,"key":"GhostInAJar"},{"floor":2.0,"key":"Regen Potion"},{"floor":2.0,"key":"LiquidMemories"},{"floor":6.0,"key":"CunningPotion"},{"floor":12.0,"key":"Poison Potion"},{"floor":22.0,"key":"SmokeBomb"},{"floor":27.0,"key":"Energy Potion"},{"floor":28.0,"key":"Fire Potion"},{"floor":33,"key":"SneckoOil"}],"is_trial":false,"path_per_floor":["M","?","M","?","$","E","R","?","T","R","E","M","E","M","R","B",null,"M","T","$","M","?","E","M","?","T","E","M","M","R","M","R","B",null,"M","$","M"],"character_chosen":"THE_SILENT","items_purchased":["Accuracy","Infinite Blades","Leg Sweep","Sundial","StoneCalendar"],"campfire_rested":1,"item_purchase_floors":[5,20,20,36,36],"current_hp_per_floor":[70,70,70,59,59,48,48,48,48,48,48,45,45,40,40,51,65,60,60,60,60,44,41,35,35,35,26,26,25,59,49,49,19,65,62,65,0,0],"gold":18,"neow_bonus":"BOSS_RELIC","is_daily":false,"chose_seed":false,"campfire_upgraded":4,"win_rate":0.0,"timestamp":1607924575,"path_taken":["M","?","?","?","?","E","R","?","T","R","E","M","E","?","R","BOSS","M","?","$","M","?","E","M","?","T","E","M","M","R","M","R","BOSS","M","$","M"],"items_purchased_type":["Card","Card","Card","Relic","Relic"],"build_version":"2020-11-30","purchased_purges":2,"victory":false,"max_hp_per_floor":[70,70,70,70,70,70,70,65,65,65,65,65,65,65,65,65,65,65,65,65,65,65,65,65,65,65,65,65,65,65,65,65,65,65,65,65,65,65],"relic_stats":{"Darkstone Periapt":0,"Regal Pillow":15,"Happy Flower":[15],"counters":[20,80],"Golden Idol":126,"StoneCalendar":[0],"Juzu Bracelet":0,"Question Card":11,"Centennial Puzzle":[39],"Sundial":[0],"Gambling Chip":[26],"MealTicket":3,"obtain_stats":[{"Potion Belt":13,"Darkstone Periapt":23,"Regal Pillow":11,"Happy Flower":17,"Golden Idol":8,"SacredBark":34,"StoneCalendar":36,"Incense Burner":19,"Juzu Bracelet":27,"Question Card":17,"Calling Bell":17,"Centennial Puzzle":9,"WristBlade":0,"Sundial":36,"Gambling Chip":17,"MealTicket":26,"Red Mask":22,"Ring of the Snake":0,"Pocketwatch":6},{"Potion Belt":6,"Darkstone Periapt":12,"Regal Pillow":4,"Happy Flower":8,"Golden Idol":3,"SacredBark":18,"StoneCalendar":19,"Incense Burner":9,"Juzu Bracelet":14,"Question Card":8,"Calling Bell":8,"Centennial Puzzle":3,"WristBlade":0,"Sundial":19,"Gambling Chip":8,"MealTicket":13,"Red Mask":11,"Ring of the Snake":0,"Pocketwatch":3},{"Potion Belt":23,"Darkstone Periapt":45,"Regal Pillow":15,"Happy Flower":33,"Golden Idol":13,"SacredBark":74,"StoneCalendar":75,"Incense Burner":36,"Juzu Bracelet":53,"Question Card":33,"Calling Bell":33,"Centennial Puzzle":13,"WristBlade":0,"Sundial":75,"Gambling Chip":33,"MealTicket":49,"Red Mask":41,"Ring of the Snake":0,"Pocketwatch":13}],"Pocketwatch":[35]},"card_choices":[{"not_picked":["PiercingWail","Flechettes"],"picked":"Cloak And Dagger","floor":1.0},{"not_picked":["Reflex","Prepared"],"picked":"All Out Attack","floor":3.0},{"not_picked":["Outmaneuver","Dodge and Roll"],"picked":"Flying Knee","floor":6.0},{"not_picked":["Tactician","Prepared","Underhanded Strike"],"picked":"SKIP","floor":11.0},{"not_picked":["Poisoned Stab","Prepared","Quick Slash"],"picked":"SKIP","floor":12.0},{"not_picked":["Calculated Gamble","Expertise"],"picked":"Cloak And Dagger","floor":13.0},{"not_picked":["Concentrate","Catalyst","Skewer"],"picked":"SKIP","floor":14.0},{"not_picked":["Adrenaline","Tools of the Trade"],"picked":"Storm of Steel","floor":16.0},{"not_picked":["Backflip","Masterful Stab","Blur"],"picked":"Storm of Steel","floor":18.0},{"not_picked":["Slice","All Out Attack","Dagger Throw"],"picked":"Cloak And Dagger+1","floor":21.0},{"not_picked":["Quick Slash+1","Choke+1","Underhanded Strike+1"],"picked":"Leg Sweep","floor":22.0},{"not_picked":["Blade Dance","Quick Slash","Sucker Punch"],"picked":"A Thousand Cuts","floor":23.0},{"not_picked":["Bouncing Flask","Distraction+1","PiercingWail","Deflect"],"picked":"SKIP","floor":24.0},{"not_picked":["Deflect","Dagger Spray","Slice+1","Eviscerate"],"picked":"SKIP","floor":27.0},{"not_picked":["Quick Slash+1","Riddle With Holes","Slice","Poisoned Stab+1"],"picked":"SKIP","floor":28.0},{"not_picked":["Dagger Spray","Backflip+1","Reflex+1"],"picked":"Finisher","floor":29.0},{"not_picked":["Underhanded Strike","Bouncing Flask","Endless Agony"],"picked":"Terror","floor":31.0},{"not_picked":["Die Die Die","Malaise","Grand Finale"],"picked":"A Thousand Cuts","floor":33},{"not_picked":["Crippling Poison+1","Underhanded Strike+1","Blur"],"picked":"Cloak And Dagger","floor":35}],"player_experience":412979,"relics_obtained":[{"floor":6.0,"key":"Pocketwatch"},{"floor":9.0,"key":"Centennial Puzzle"},{"floor":11.0,"key":"Regal Pillow"},{"floor":13.0,"key":"Potion Belt"},{"floor":17.0,"key":"Happy Flower"},{"floor":17.0,"key":"Question Card"},{"floor":17.0,"key":"Gambling Chip"},{"floor":19.0,"key":"Incense Burner"},{"floor":22.0,"key":"Red Mask"},{"floor":23.0,"key":"Darkstone Periapt"},{"floor":26.0,"key":"MealTicket"},{"floor":27.0,"key":"Juzu Bracelet"}],"event_choices":[{"damage_healed":0.0,"max_hp_gain":0.0,"max_hp_loss":0.0,"gold_gain":0.0,"event_name":"Lab","player_choice":"Got Potions","floor":2.0,"gold_loss":0.0,"damage_taken":0.0},{"damage_healed":0.0,"max_hp_gain":0.0,"max_hp_loss":0.0,"gold_gain":75.0,"event_name":"World of Goop","player_choice":"Gather Gold","floor":4.0,"gold_loss":0.0,"damage_taken":11.0},{"damage_healed":0.0,"max_hp_gain":0.0,"max_hp_loss":5.0,"gold_gain":0.0,"event_name":"Golden Idol","player_choice":"Lose Max HP","floor":8.0,"gold_loss":0.0,"damage_taken":0.0,"relics_obtained":["Golden Idol"]},{"damage_healed":0.0,"max_hp_gain":0.0,"max_hp_loss":0.0,"gold_gain":0.0,"event_name":"Masked Bandits","player_choice":"Fought Bandits","floor":22.0,"gold_loss":0.0,"damage_taken":0.0},{"damage_healed":0.0,"max_hp_gain":0.0,"max_hp_loss":0.0,"gold_gain":0.0,"event_name":"Match and Keep!","player_choice":"1 cards matched","floor":25.0,"gold_loss":0.0,"damage_taken":0.0,"cards_obtained":["Neutralize"]}],"is_beta":false,"boss_relics":[{"not_picked":["Astrolabe","Cursed Key"],"picked":"Calling Bell"},{"not_picked":["Tiny House","Coffee Dripper"],"picked":"SacredBark"}],"items_purged_floors":[5,20],"is_endless":false,"potions_floor_spawned":[1,6,12,22,27,28,33],"killed_by":"Orb Walker","ascension_level":0}}