{"host":"whyfdmrq1ty0e9zp","time":1607933931,"event":{"mods":["Act Like it!","BaseMod","Colored Map","Colored Powertips","Conspire","Gensokyo","LagranYue(拉格朗・月)","Marisa（F雨　魔理沙）","Minty Spire (QoL Compilation)","MostiFishMod","Prisma Mod","Quick Restart","Relic Stats","Remilia（蕾米莉亚）","Replay The Spire","StSLib","TestMod","vexMod","【遗物卡牌】REMEMod"],"gold_per_floor":[109,109,109,32,42,68,68,102,102,102,58,158,175,186,186,262,262,278,289,289,303,323,323,352,352,352,380,46,65,65,92,92,166,166,180,180,199,210,15,49,49,78,78,97,132,182,182,8,8,8],"floor_reached":51,"playtime":2529,"items_purged":["Strike_R","Bash","Pot Of Greed"],"score":1896,"play_id":"87e3eff0-e78f-4a0b-81c6-b3ac7c48c203","local_time":"20201214161851","is_ascension_mode":true,"campfire_choices":[{"data":"Battle Trance","floor":7,"key":"SMITH"},{"data":"Wild Strike","floor":10,"key":"SMITH"},{"data":"Heavy Blade","floor":15,"key":"SMITH"},{"data":"Feel No Pain","floor":23,"key":"SMITH"},{"data":"Power Through","floor":25,"key":"SMITH"},{"data":"Dark Embrace","floor":30,"key":"SMITH"},{"data":"True Grit","floor":32,"key":"SMITH"},{"data":"Shrug It Off","floor":41,"key":"SMITH"},{"data":"Burning Pact","floor":49,"key":"SMITH"}],"circlet_count":0,"master_deck":["AscendersBane","Defend_R","Defend_R","Defend_R","Battle Trance+1","Wild Strike+1","MostiFishMod:HellRitual+1","Corruption+1","Pot Of Greed+1","Pot Of Greed+1","Dark Embrace+1","Dark Embrace+1","ReplayTheSpireMod:Limb From Limb","Heavy Blade+1","REME_ACTH+1","Shrug It Off+1","Power Through+1","Feel No Pain+1","Replay:Undeath\u0027s Touch","ReplayTheSpireMod:Strike From Hell+1","ReplayTheSpireMod:Brewmster+1","Offering+1","Sentinel+1","Whirlwind+1","True Grit+1","REME_TheLastStrike+1","conspire:Purge+1","REME_ACTH+1","conspire:Purge+1","Burning Pact+1","Evolve+1","MostiFishMod:ChineseTea+1"],"relics":["Burning Blood","testmod-TestBox","DaveBox","REME_ComplimentaryCards","BrkXgEgg","testmod-IncinerationGenerator","LagranYue:RandomDrawCardRelic","JellyFishMachine","Question Card","Divine Protection","conspire:GiftBox","Blue Doll","ImportantClient","Black Star","Nloth\u0027s Gift","testmod-ArcanaOfDestiny","Bottled Flame","Iron Hammer","Potion Belt","Happy Flower","BargainBundle","REME_HandOfSuture","Golden Egg","SynthV:C4","vexMod:ImprovementManual","vexMod:GhostlyGear","Eternal Feather","Meat on the Bone","Smiling Mask","Bag of Marbles","Frozen Egg 2","conspire:GlowingRock","Gremlin Food","CaptainsWheel","testmod-IndustrialRevolution"],"acts_visited":["Exordium","TheCity","TheBeyond"],"potions_floor_usage":[6,16,16,24,27,29,33,33,33,33,38,38,44,44,46,46,50,50,50,50],"damage_taken":[{"damage":12,"enemies":"Small Slimes","floor":1,"turns":3},{"damage":0,"enemies":"Jaw Worm","floor":5,"turns":2},{"damage":25,"enemies":"3 Sentries","floor":6,"turns":12},{"damage":32,"enemies":"Gremlin Nob","floor":8,"turns":4},{"damage":0,"enemies":"Cultist","floor":13,"turns":2},{"damage":0,"enemies":"Large Slime","floor":14,"turns":4},{"damage":11,"enemies":"The Guardian","floor":16,"turns":5},{"damage":11,"enemies":"Shell Parasite","floor":18,"turns":4},{"damage":11,"enemies":"3 Byrds","floor":19,"turns":5},{"damage":13,"enemies":"Cultist and Chosen","floor":21,"turns":4},{"damage":0,"enemies":"Centurion and Healer","floor":22,"turns":4},{"damage":24,"enemies":"Book of Stabbing","floor":24,"turns":5},{"damage":0,"enemies":"Slavers","floor":27,"turns":4},{"damage":26,"enemies":"Shelled Parasite and Fungi","floor":29,"turns":3},{"damage":0,"enemies":"Gremlin Leader","floor":31,"turns":4},{"damage":0,"enemies":"Automaton","floor":33,"turns":3},{"damage":0,"enemies":"3 Shapes","floor":35,"turns":2},{"damage":0,"enemies":"3 Darklings","floor":37,"turns":2},{"damage":10,"enemies":"Maw","floor":38,"turns":3},{"damage":3,"enemies":"Giant Head","floor":40,"turns":2},{"damage":8,"enemies":"R_Hoarder","floor":42,"turns":4},{"damage":5,"enemies":"Jaw Worm Horde","floor":44,"turns":1},{"damage":12,"enemies":"Nemesis","floor":45,"turns":3},{"damage":27,"enemies":"2 Orb Walkers","floor":46,"turns":3},{"damage":8,"enemies":"conspire:OrnateMirror","floor":50,"turns":4}],"seed_played":"-5063764734202556221","potions_obtained":[{"floor":5,"key":"LifebloodPotion"},{"floor":13,"key":"Fire Potion"},{"floor":14,"key":"Block Potion"},{"floor":16,"key":"testmod-TimePotion"},{"floor":18,"key":"PowerPotion"},{"floor":21,"key":"Strength Potion"},{"floor":37,"key":"SteroidPotion"},{"floor":46,"key":"GamblersBrew"}],"is_trial":false,"path_per_floor":["M","?","?","$","M","E","R","E","T","R","$","?","M","M","R","B",null,"M","M","?","M","M","R","E","R","T","E","$","M","R","E","R","B",null,"M","?","M","M","$","E","R","E","T","M","E","?","?","$","R","B",null],"character_chosen":"IRONCLAD","items_purchased":["Battle Trance","Dark Embrace","BargainBundle","REME_HandOfSuture","ReplayTheSpireMod:Brewmster+1","Offering+1","Sentinel+1","Whirlwind","ColorlessPotion","PowerPotion","Death Potion","vexMod:GhostlyGear","testmod-IndustrialRevolution"],"campfire_rested":0,"item_purchase_floors":[4,11,28,28,28,28,28,28,28,28,28,39,48],"current_hp_per_floor":[62,58,58,58,64,45,45,19,19,19,19,19,25,31,31,26,63,58,53,53,46,52,52,34,34,34,40,40,20,20,26,26,32,64,70,70,75,71,71,74,75,73,73,74,68,47,47,47,65,70],"gold":8,"neow_bonus":"CURSED_BOSS_RELIC","is_daily":false,"chose_seed":false,"campfire_upgraded":9,"win_rate":0.0,"timestamp":1607933931,"path_taken":["M","?","?","$","?","E","R","E","T","R","$","?","?","M","R","BOSS","M","M","?","M","?","R","E","R","T","E","$","M","R","E","R","BOSS","M","?","M","M","$","E","R","E","T","?","E","?","?","$","R","BOSS"],"items_purchased_type":["Card","Card","Relic","Relic","Card","Card","Card","Card","Potion","Potion","Potion","Relic","Relic"],"build_version":"2020-12-13","purchased_purges":3,"victory":true,"max_hp_per_floor":[75,75,75,75,75,75,75,75,75,75,75,75,75,75,75,75,75,75,75,75,75,75,75,75,75,75,75,75,75,75,75,75,75,75,75,75,75,75,75,75,75,75,75,75,75,75,75,75,75,75],"relic_stats":{"Happy Flower":[11],"counters":[25,91],"Eternal Feather":19,"Black Star":6,"Nloth\u0027s Gift":9,"Question Card":24,"Smiling Mask":75,"obtain_stats":[{"Divine Protection":3,"Golden Egg":31,"DaveBox":0,"LagranYue:RandomDrawCardRelic":0,"testmod-IncinerationGenerator":0,"Blue Doll":9,"Smiling Mask":42,"Burning Blood":0,"SynthV:C4":31,"conspire:GlowingRock":45,"Iron Hammer":26,"testmod-ArcanaOfDestiny":24,"ImportantClient":16,"Potion Belt":27,"Gremlin Food":45,"BargainBundle":28,"testmod-TestBox":0,"Happy Flower":27,"JellyFishMachine":0,"Eternal Feather":40,"BrkXgEgg":0,"Frozen Egg 2":43,"Question Card":1,"testmod-IndustrialRevolution":48,"vexMod:GhostlyGear":39,"conspire:GiftBox":6,"Bottled Flame":24,"CaptainsWheel":46,"REME_HandOfSuture":28,"Black Star":17,"Nloth\u0027s Gift":20,"Bag of Marbles":42,"Grinning Jar":8,"vexMod:ImprovementManual":34,"REME_ComplimentaryCards":0,"Meat on the Bone":40},{"Divine Protection":1,"Golden Egg":15,"DaveBox":0,"LagranYue:RandomDrawCardRelic":0,"testmod-IncinerationGenerator":0,"Blue Doll":4,"Smiling Mask":21,"Burning Blood":0,"SynthV:C4":15,"conspire:GlowingRock":23,"Iron Hammer":12,"testmod-ArcanaOfDestiny":12,"ImportantClient":7,"Potion Belt":13,"Gremlin Food":23,"BargainBundle":13,"testmod-TestBox":0,"Happy Flower":13,"JellyFishMachine":0,"Eternal Feather":20,"BrkXgEgg":0,"Frozen Egg 2":21,"Question Card":1,"testmod-IndustrialRevolution":24,"vexMod:GhostlyGear":19,"conspire:GiftBox":3,"Bottled Flame":12,"CaptainsWheel":24,"REME_HandOfSuture":13,"Black Star":7,"Nloth\u0027s Gift":9,"Bag of Marbles":21,"Grinning Jar":4,"vexMod:ImprovementManual":16,"REME_ComplimentaryCards":0,"Meat on the Bone":20},{"Divine Protection":3,"Golden Egg":65,"DaveBox":0,"LagranYue:RandomDrawCardRelic":0,"testmod-IncinerationGenerator":0,"Blue Doll":21,"Smiling Mask":80,"Burning Blood":0,"SynthV:C4":65,"conspire:GlowingRock":84,"Iron Hammer":54,"testmod-ArcanaOfDestiny":54,"ImportantClient":32,"Potion Belt":58,"Gremlin Food":84,"BargainBundle":58,"testmod-TestBox":0,"Happy Flower":58,"JellyFishMachine":0,"Eternal Feather":76,"BrkXgEgg":0,"Frozen Egg 2":80,"Question Card":3,"testmod-IndustrialRevolution":87,"vexMod:GhostlyGear":74,"conspire:GiftBox":17,"Bottled Flame":54,"CaptainsWheel":87,"REME_HandOfSuture":58,"Black Star":32,"Nloth\u0027s Gift":41,"Bag of Marbles":80,"Grinning Jar":21,"vexMod:ImprovementManual":68,"REME_ComplimentaryCards":0,"Meat on the Bone":76}],"Burning Blood":149,"Meat on the Bone":0},"card_choices":[{"not_picked":["REME_Scribble","Replay:Undeath\u0027s Touch","Warcry"],"picked":"SKIP","floor":1},{"not_picked":["Dual Wield","Cleave","Dropkick"],"picked":"Wild Strike","floor":5},{"not_picked":["MostiFishMod:404NotFound","Demonic Infusion","MostiFishMod:TemporaryOutbreak"],"picked":"MostiFishMod:HellRitual","floor":6},{"not_picked":["Disarm","Warcry","Shrug It Off"],"picked":"Corruption+1","floor":6},{"not_picked":["Seeing Red","REME_SingleHolding","Clothesline"],"picked":"Uppercut","floor":8},{"not_picked":["Body Slam","Headbutt","Blood for Blood"],"picked":"ReplayTheSpireMod:Limb From Limb","floor":13},{"not_picked":["Clash","Clothesline","Pommel Strike"],"picked":"Heavy Blade","floor":14},{"not_picked":["Exhume+1","Double Tap+1","MostiFishMod:#F4004+1"],"picked":"REME_ACTH+1","floor":16},{"not_picked":["Twin Strike","Havoc+1","Thunderclap"],"picked":"Shrug It Off","floor":18},{"not_picked":["Burning Pact+1","Thunderclap","Heavy Blade+1"],"picked":"Power Through","floor":19},{"not_picked":["Pommel Strike","Corruption+1","Body Slam"],"picked":"Warcry","floor":21},{"not_picked":["Clothesline","Run Through","Pommel Strike"],"picked":"Feel No Pain","floor":22},{"not_picked":["Reckless Charge","Wild Strike","Combust"],"picked":"Replay:Undeath\u0027s Touch","floor":24},{"not_picked":["Uppercut+1","REME_Cut","MostiFishMod:PerfectStrikeMKII+1"],"picked":"ReplayTheSpireMod:Strike From Hell","floor":27},{"not_picked":["Flex","Clash","Dark Embrace","Cleave"],"picked":"SKIP","floor":29},{"not_picked":["Clash","Immolate+1","Clothesline"],"picked":"True Grit","floor":31},{"not_picked":["MostiFishMod:PerfectStrikeMKII+1","MostiFishMod:NewArrival+1","MostiFishMod:#F4004+1"],"picked":"REME_TheLastStrike+1","floor":33},{"not_picked":["Massacre+1","ReplayTheSpireMod:Strike From Hell+1","Entrench"],"picked":"conspire:Purge+1","floor":35},{"not_picked":["Sword Boomerang","Twin Strike","Rupture+1"],"picked":"REME_ACTH+1","floor":37},{"not_picked":["Run Through","Replay:Undeath\u0027s Touch","Heavy Blade+1","Clash+1"],"picked":"SKIP","floor":38},{"not_picked":["True Grit","Feel No Pain","Berserk+1"],"picked":"conspire:Purge+1","floor":40},{"not_picked":["Brutality+1","Hemogenesis+1","Disarm"],"picked":"Burning Pact","floor":42},{"not_picked":["Clash","Clothesline+1","Body Slam","REME_Fury+1"],"picked":"SKIP","floor":44},{"not_picked":["Whirlwind","Thunderclap","Blood for Blood"],"picked":"Evolve+1","floor":45},{"not_picked":["Anger","Whirlwind+1","REME_SingleHolding"],"picked":"MostiFishMod:ChineseTea+1","floor":46}],"player_experience":412056,"relics_obtained":[{"floor":1,"key":"Question Card"},{"floor":6,"key":"conspire:GiftBox"},{"floor":8,"key":"Grinning Jar"},{"floor":9,"key":"Blue Doll"},{"floor":16,"key":"ImportantClient"},{"floor":24,"key":"testmod-ArcanaOfDestiny"},{"floor":24,"key":"Bottled Flame"},{"floor":26,"key":"Iron Hammer"},{"floor":27,"key":"Potion Belt"},{"floor":27,"key":"Happy Flower"},{"floor":31,"key":"Golden Egg"},{"floor":31,"key":"SynthV:C4"},{"floor":40,"key":"Eternal Feather"},{"floor":40,"key":"Meat on the Bone"},{"floor":42,"key":"Smiling Mask"},{"floor":42,"key":"Bag of Marbles"},{"floor":43,"key":"Frozen Egg 2"},{"floor":45,"key":"conspire:GlowingRock"},{"floor":45,"key":"Gremlin Food"},{"floor":46,"key":"CaptainsWheel"}],"event_choices":[{"damage_healed":0,"gold_gain":0,"player_choice":"Leave","damage_taken":0,"max_hp_gain":0,"max_hp_loss":0,"event_name":"conspire:Investor","floor":2,"gold_loss":0},{"cards_removed":["Die Die Die"],"damage_healed":0,"gold_gain":0,"player_choice":"Gave Card","damage_taken":0,"relics_obtained":["Divine Protection"],"max_hp_gain":0,"max_hp_loss":0,"event_name":"WeMeetAgain","floor":3,"gold_loss":0},{"damage_healed":0,"gold_gain":100,"player_choice":"Gold","damage_taken":0,"max_hp_gain":0,"max_hp_loss":0,"event_name":"Wheel of Change","floor":12,"gold_loss":0},{"damage_healed":0,"gold_gain":0,"player_choice":"Traded Relic","damage_taken":0,"relics_obtained":["Nloth\u0027s Gift"],"max_hp_gain":0,"max_hp_loss":0,"event_name":"N\u0027loth","floor":20,"relics_lost":["Grinning Jar"],"gold_loss":0},{"damage_healed":0,"gold_gain":0,"player_choice":"Ignored","damage_taken":0,"max_hp_gain":0,"max_hp_loss":0,"event_name":"SecretPortal","floor":36,"gold_loss":0},{"damage_healed":0,"gold_gain":0,"player_choice":"Fight","damage_taken":0,"max_hp_gain":0,"max_hp_loss":0,"event_name":"Mysterious Sphere","floor":46,"gold_loss":0},{"damage_healed":0,"gold_gain":0,"player_choice":"Memory 1","damage_taken":0,"max_hp_gain":0,"max_hp_loss":0,"event_name":"SensoryStone","floor":47,"gold_loss":0}],"is_beta":false,"boss_relics":[{"not_picked":["testmod-Temperance","GreenFoldingFan"],"picked":"Black Star"},{"not_picked":["MostiFishMod:Hod","testmod-TimeTraveler"],"picked":"vexMod:ImprovementManual"}],"items_purged_floors":[28,39,48],"is_endless":false,"potions_floor_spawned":[5,13,14,16,18,21,22,37,46],"ascension_level":15}}