{"host":"njb27ds59h4j3ikk","time":1607910923,"event":{"mods":["AchievementEnabler","BaseMod","Better Altar","Better Match","Better Note","Better Sensory Stone","Better Skull","Better Third Choice","BetterRewards","Downfall","Hermit","Hubris","Minty Spire (QoL Compilation)","Permanent Neow","Quarter Circle Forward PUNCH!","Quick Restart","Rare Cards Sparkle","Replay The Spire","Shop Mod","StSLib","Trackpad","Transform Curses"],"gold_per_floor":[115,75,187,213,243,255,295,307,394,406,449,352,352,431,431,583,583,643,346,346,401,424,496,565,565,565,7,7,80,151,186,186,295,295,364,416,450,148,202,246,269,329,329,384,384,474,518,564,564,564,564,564,58,104,104],"floor_reached":56,"playtime":4750,"items_purged":["Languid"],"score":3418,"play_id":"0d38ab53-96c8-4d7a-a737-d8f81766eac2","local_time":"20201213205522","is_ascension_mode":true,"campfire_choices":[{"data":"Dual Wield","floor":6.0,"key":"SMITH"},{"data":"Fire Breathing","floor":8.0,"key":"SMITH"},{"data":"Bash","floor":10.0,"key":"SMITH"},{"floor":15.0,"key":"REST"},{"floor":25.0,"key":"REST"},{"floor":28.0,"key":"RECALL"},{"data":"Rupture","floor":32.0,"key":"SMITH"},{"data":"Panache","floor":49.0,"key":"SMITH"},{"data":"Juggernaut","floor":52.0,"key":"SMITH"}],"circlet_count":0,"master_deck":["AscendersBane","Strike_R","Strike_R","Strike_R","Strike_R","Strike_R+1","Defend_R","Defend_R","Defend_R","Defend_R","Bash+1","Replay:Bootleg Shield Generator","Fire Breathing+1","Clash+1","Replay:Undeath\u0027s Touch","Wild Strike+1","Dual Wield+1","Flex","Cleave","Armaments","Carnage","hubris:Greed","Immolate","Combust","Rupture+1","Pummel+1","Sever Soul+1","Panache+1","Clothesline+1","Thunderclap+1","Bludgeon","Combust+1","Flex+1","Cleave+1","Seeing Red+1","Immolate","Juggernaut+1","Offering","hubris:Greed","Pommel Strike+1","Enlightenment","expansioncontent:StudyTheSpire","Metallicize"],"relics":["Burning Blood","ReplayTheSpireMod:Shallot","HandDrill","hubris:SlimyHat","Calipers","Durian","qcfpunch:Handcuffs","MerchantsRug","Anchor","Meat on the Bone","Blue Candle","ClockworkSouvenir","ReplayTheSpireMod:Ring of Challenge","Ring of Searing","trackpad:ByrdCharm","Replay:Mystery Machine","Toy Ornithopter","Electric Blood","Pondfish Scales","hubris:DeckOfHolding","CeramicFish","Garlic","hubris:MedicalManual","trackpad:SappingStone","Quantum Egg","Onion Ring","hubris:ChampionShield","MealTicket","Turnip","Replay:Bronze Core","qcfpunch:Wrestler\u0027s_Cloak","Dead Branch","ReplayTheSpireMod:Ninjato","Gremlin Horn","ReplayTheSpireMod:Spearhead","trackpad:BottledShadow","Replay:Kaleidoscope","Nunchaku","Another Sword","BargainBundle","Akabeko","Blue Doll","OrangePellets","Vajra","qcfpunch:Red_Beret","Replay:PocketPolymizer"],"acts_visited":["Exordium","TheCity","TheBeyond","TheEnding"],"potions_floor_usage":[55,55],"damage_taken":[{"damage":0.0,"enemies":"Cultist","floor":1.0,"turns":3.0},{"damage":0.0,"enemies":"Jaw Worm","floor":4.0,"turns":3.0},{"damage":0.0,"enemies":"2 Louse","floor":5.0,"turns":3.0},{"damage":14.0,"enemies":"3 Sentries","floor":7.0,"turns":4.0},{"damage":15.0,"enemies":"Gremlin Nob","floor":11.0,"turns":5.0},{"damage":25.0,"enemies":"3 Sentries","floor":14.0,"turns":5.0},{"damage":16.0,"enemies":"The Guardian","floor":16.0,"turns":8.0},{"damage":15.0,"enemies":"3 Byrds","floor":18.0,"turns":3.0},{"damage":13.0,"enemies":"2 Thieves","floor":21.0,"turns":5.0},{"damage":4.0,"enemies":"Snake Plant","floor":22.0,"turns":2.0},{"damage":36.0,"enemies":"Slavers","floor":23.0,"turns":6.0},{"damage":52.0,"enemies":"Book of Stabbing","floor":24.0,"turns":6.0},{"damage":3.0,"enemies":"Centurion and Healer","floor":29.0,"turns":3.0},{"damage":8.0,"enemies":"Cultist and Chosen","floor":30.0,"turns":5.0},{"damage":5.0,"enemies":"Replay:Snechameleon","floor":31.0,"turns":5.0},{"damage":10.0,"enemies":"Pondfish","floor":33.0,"turns":5.0},{"damage":21.0,"enemies":"3 Shapes","floor":35.0,"turns":2.0},{"damage":4.0,"enemies":"Orb Walker","floor":37.0,"turns":1.0},{"damage":28.0,"enemies":"Sphere and 2 Shapes","floor":39.0,"turns":3.0},{"damage":10.0,"enemies":"R_Hoarder","floor":40.0,"turns":3.0},{"damage":6.0,"enemies":"Jaw Worm Horde","floor":41.0,"turns":2.0},{"damage":11.0,"enemies":"Giant Head","floor":42.0,"turns":3.0},{"damage":14.0,"enemies":"Mind Bloom Boss Battle","floor":44.0,"turns":2.0},{"damage":8.0,"enemies":"R_Hoarder","floor":46.0,"turns":3.0},{"damage":18.0,"enemies":"Writhing Mass","floor":48.0,"turns":3.0},{"damage":21.0,"enemies":"Donu and Deca","floor":50.0,"turns":2.0},{"damage":11,"enemies":"Shield and Spear","floor":54,"turns":2},{"damage":55,"enemies":"The Heart","floor":55,"turns":4}],"seed_played":"-6554976426772953706","potions_obtained":[{"floor":1.0,"key":"AttackPotion"},{"floor":7.0,"key":"Slimebound:ThreeZeroPotion"},{"floor":14.0,"key":"Energy Potion"},{"floor":21.0,"key":"Energy Potion"},{"floor":22.0,"key":"Regen Potion"},{"floor":29.0,"key":"Explosive Potion"},{"floor":54,"key":"Toxic Potion"}],"is_trial":false,"path_per_floor":["M","$","?","M","M","R","E","R","T","R","E","$","?","E","R","B",null,"M","$","?","M","M","E","E","R","T","$","R","M","M","E","R","B",null,"M","?","M","$","M","E","M","E","T","?","?","E","$","M","R","B",null,"R","$","E","B",null],"character_chosen":"IRONCLAD","items_purchased":["ReplayTheSpireMod:Shallot","HandDrill","hubris:SlimyHat","Replay:Bootleg Shield Generator","Cursed Concoction","Pear","qcfpunch:Handcuffs","Fire Breathing","MerchantsRug","Matryoshka","Clash+1","Wild Strike+1","ClockworkSouvenir","Pondfish Scales","Panache","Onion Ring","hubris:ChampionShield","ReplayTheSpireMod:Ninjato","BargainBundle","Akabeko","Blue Doll","ElixirPotion","sneckomod:MuddlingPotion","Offering","OrangePellets","Vajra","Enlightenment","qcfpunch:Red_Beret","expansioncontent:StudyTheSpire"],"campfire_rested":2,"item_purchase_floors":[0,0,0,0,0,0,0,0,0,0,0,2,12,19,27,27,27,38,47,47,47,47,47,47,53,53,53,53,53],"current_hp_per_floor":[93,93,64,70,76,76,68,68,68,68,59,59,59,52,80,70,89,80,80,80,73,75,57,43,71,71,71,71,74,72,73,73,69,89,74,74,76,91,69,65,70,70,70,62,62,60,75,63,63,79,91,91,95,90,63],"gold":104,"neow_bonus":"","is_daily":false,"chose_seed":false,"campfire_upgraded":6,"win_rate":0.0,"timestamp":1607910922,"path_taken":["M","?","?","M","?","R","E","R","T","R","E","?","?","E","R","BOSS","M","$","?","M","M","E","E","R","T","$","R","M","M","E","R","BOSS","M","?","M","$","M","E","M","E","T","?","?","E","$","M","R","BOSS","R","$","E","BOSS"],"items_purchased_type":["Relic","Relic","Relic","Card","Potion","Relic","Relic","Card","Relic","Relic","Card","Card","Relic","Relic","Card","Relic","Relic","Relic","Relic","Relic","Relic","Potion","Potion","Card","Relic","Relic","Card","Relic","Card"],"build_version":"2020-12-13","purchased_purges":1,"victory":true,"max_hp_per_floor":[95,95,95,95,95,95,95,95,95,95,95,95,95,95,95,95,95,95,95,95,95,95,95,95,95,95,95,95,95,95,95,95,95,95,95,95,95,95,95,95,95,95,95,95,95,95,95,95,95,95,95,95,95,95,95],"card_choices":[{"not_picked":["Armaments","Dual Wield"],"picked":"Replay:Undeath\u0027s Touch","floor":1.0},{"not_picked":["ReplayReversal","hubris:ReadiedAction"],"picked":"Dual Wield","floor":4.0},{"not_picked":["Feel No Pain","Twin Strike"],"picked":"Flex","floor":5.0},{"not_picked":["Shrug It Off","Perfected Strike"],"picked":"Cleave","floor":7.0},{"not_picked":["Shrug It Off","Dual Wield"],"picked":"Armaments","floor":11.0},{"not_picked":["True Grit","Hemokinesis","Iron Wave"],"picked":"Carnage","floor":14.0},{"not_picked":["Hemogenesis","Reaper","Corruption"],"picked":"Immolate","floor":16.0},{"not_picked":["True Grit","Clothesline","Pommel Strike"],"picked":"Combust","floor":18.0},{"not_picked":["hubris:CleavingFinish","Clash","Shrug It Off"],"picked":"Rupture","floor":21.0},{"not_picked":["Headbutt","Spot Weakness","Clash"],"picked":"Hemokinesis","floor":22.0},{"not_picked":["ReplayTheSpireMod:LeadingStrike","Body Slam","ReplayTheSpireMod:Strike From Hell"],"picked":"Pummel","floor":23.0},{"not_picked":["Dual Wield","Impervious","ReplayTheSpireMod:Strike From Hell"],"picked":"Sever Soul+1","floor":24.0},{"not_picked":["Thunderclap","Sword Boomerang","Seeing Red"],"picked":"Clothesline+1","floor":29.0},{"not_picked":["Berserk","Iron Wave","Twin Strike"],"picked":"Thunderclap+1","floor":30.0},{"not_picked":["Heavy Blade","Iron Wave","Second Wind+1","hubris:ReadiedAction"],"picked":"SKIP","floor":31.0},{"not_picked":["Impervious","Reaper","Demon Form"],"picked":"Bludgeon","floor":33.0},{"not_picked":["Cleave","Anger","True Grit","Perfected Strike"],"picked":"SKIP","floor":35.0},{"not_picked":["Armaments","Pummel","Headbutt+1"],"picked":"Combust+1","floor":36.0},{"not_picked":["Infernal Blade","Entrench","Burning Pact+1"],"picked":"Flex+1","floor":37.0},{"not_picked":["Anger","Twin Strike","Sever Soul"],"picked":"Cleave+1","floor":39.0},{"not_picked":["Anger+1","Clothesline+1","Intimidate"],"picked":"Seeing Red+1","floor":40.0},{"not_picked":["Clash","Run Through","Burning Pact+1","Cleave"],"picked":"SKIP","floor":41.0},{"not_picked":["Infernal Blade","ReplayTheSpireMod:Strike From Hell","Power Through"],"picked":"Immolate","floor":42.0},{"not_picked":["Feel No Pain","Reckless Charge","Brutality"],"picked":"Juggernaut","floor":46.0},{"not_picked":["Sword Boomerang","Metallicize+1"],"picked":"Pommel Strike+1","floor":48.0},{"not_picked":["Run Through","Evolve"],"picked":"Metallicize","floor":54}],"player_experience":1185135,"relics_obtained":[{"floor":7.0,"key":"Anchor"},{"floor":9.0,"key":"Meat on the Bone"},{"floor":9.0,"key":"Blue Candle"},{"floor":11.0,"key":"Question Card"},{"floor":13.0,"key":"ReplayTheSpireMod:Ring of Challenge"},{"floor":13.0,"key":"Ring of Searing"},{"floor":14.0,"key":"trackpad:ByrdCharm"},{"floor":14.0,"key":"Replay:Mystery Machine"},{"floor":16.0,"key":"Toy Ornithopter"},{"floor":18.0,"key":"WingedGreaves"},{"floor":23.0,"key":"hubris:DeckOfHolding"},{"floor":23.0,"key":"CeramicFish"},{"floor":24.0,"key":"Garlic"},{"floor":24.0,"key":"hubris:MedicalManual"},{"floor":26.0,"key":"trackpad:SappingStone"},{"floor":26.0,"key":"Quantum Egg"},{"floor":29.0,"key":"MealTicket"},{"floor":30.0,"key":"Turnip"},{"floor":31.0,"key":"Whetstone"},{"floor":35.0,"key":"qcfpunch:Wrestler\u0027s_Cloak"},{"floor":36.0,"key":"Dead Branch"},{"floor":40.0,"key":"Gremlin Horn"},{"floor":42.0,"key":"ReplayTheSpireMod:Spearhead"},{"floor":42.0,"key":"trackpad:BottledShadow"},{"floor":44.0,"key":"Replay:Kaleidoscope"},{"floor":46.0,"key":"Nunchaku"},{"floor":46.0,"key":"Another Sword"},{"floor":54,"key":"Replay:PocketPolymizer"}],"event_choices":[{"damage_healed":0.0,"max_hp_gain":0.0,"max_hp_loss":0.0,"gold_gain":112.0,"event_name":"betterSkull:BetterSkull","player_choice":"RE GO ","floor":3.0,"gold_loss":0.0,"damage_taken":32.0,"cards_upgraded":[],"relics_obtained":["MawBank"]},{"damage_healed":0.0,"max_hp_gain":0.0,"max_hp_loss":0.0,"gold_gain":0.0,"event_name":"N\u0027loth","player_choice":"Ignored","floor":20.0,"gold_loss":0.0,"damage_taken":0.0},{"damage_healed":0.0,"max_hp_gain":0.0,"max_hp_loss":0.0,"gold_gain":0.0,"event_name":"MindBloom","player_choice":"Fight","floor":44.0,"gold_loss":0.0,"damage_taken":0.0},{"cards_removed":["Hemokinesis"],"damage_healed":0.0,"max_hp_gain":0.0,"max_hp_loss":0.0,"gold_gain":0.0,"event_name":"Falling","player_choice":"Removed Attack","floor":45.0,"gold_loss":0.0,"damage_taken":0.0}],"is_beta":false,"boss_relics":[{"not_picked":["ChewingGum","hubris:HollowSoul"],"picked":"Electric Blood"},{"not_picked":["Astrolabe","Tiny House"],"picked":"Replay:Bronze Core"}],"items_purged_floors":[47],"is_endless":false,"potions_floor_spawned":[1,7,14,21,22,29,30,31,33,35,37,48,54],"ascension_level":12}}