{"host":"sst22apzgpn07t8v","time":1607956828,"event":{"mods":["Act Like it!","BaseMod","Downfall","Hallownest","HololiveMod","Lobotomy","LobotomyExtend","Minty Spire (QoL Compilation)","Replay The Spire","Shop Mod","StSLib"],"gold_per_floor":[99,99,199,216,216,162,162,182,200,50,50,35,53,4,19,121,121,121,121,132,132,132,117,164,181,181,215,170,182,196,214,230,230,230],"floor_reached":33,"playtime":2342,"items_purged":[],"score":307,"play_id":"e68579a9-ecf5-4eb6-9696-3d29ec48cfeb","local_time":"20201214224028","is_ascension_mode":false,"campfire_choices":[{"floor":1.0,"key":"RECALL"},{"data":"sneckomod:DiceBoulder","floor":10.0,"key":"SMITH"},{"data":"sneckomod:DiceBoulder+1","floor":18.0,"key":"SMITH"},{"floor":26,"key":"REST"}],"circlet_count":0,"master_deck":["sneckomod:Strike","sneckomod:Strike","sneckomod:Strike","sneckomod:Defend","sneckomod:Defend","sneckomod:Defend+1","sneckomod:TailWhip+1","sneckomod:SnekBite","sneckomod:Unknown","sneckomod:Unknown","Amnesia","sneckomod:UnknownWeak","sneckomod:UnknownClassSLIMEBOUND+1","sneckomod:DiceCrush+1","sneckomod:DiceBoulder+2","sneckomod:UnknownCommonSkill+1","Regret","sneckomod:DiceCrush","sneckomod:SerpentMind","sneckomod:QuickMove","sneckomod:RainOfDice+1","sneckomod:Unknown0Cost","sneckomod:UnknownRareAttack","sneckomod:IronFang","sneckomod:ImprovisedAttack+1","sneckomod:ImprovisedAttack+1","sneckomod:MorePower","sneckomod:UnknownUncommonAttack+1","sneckomod:Unknown0Cost+1","sneckomod:UnknownClassHEXA_GHOST_PURPLE+1","sneckomod:UnknownClassLobotomy","sneckomod:UnknownUncommonPower","sneckomod:UnknownClassAngela","sneckomod:UnknownClassTHE_CHAMP_GRAY+1"],"relics":["sneckomod:SneckoSoul","ReplayTheSpireMod:Ring of Exchange","Ring of Misfortune","downfall:HeartBlessingRed","downfall:HeartBlessingBlue","Medical Kit","WarpedTongs","Hallownest:NailmastersGloryRelic","Nunchaku","Bottled Lightning"],"acts_visited":["Exordium","Hallownest:CityofTears"],"potions_floor_usage":[29,33],"damage_taken":[{"damage":0.0,"enemies":"Cultist","floor":4.0,"turns":3.0},{"damage":0.0,"enemies":"downfall:FleeingMerchant","floor":6.0,"turns":4.0},{"damage":6.0,"enemies":"Jaw Worm","floor":8.0,"turns":2.0},{"damage":2.0,"enemies":"Small Slimes","floor":9.0,"turns":3.0},{"damage":2.0,"enemies":"downfall:FleeingMerchant","floor":12.0,"turns":4.0},{"damage":0.0,"enemies":"3 Louse","floor":13.0,"turns":4.0},{"damage":24.0,"enemies":"downfall:FleeingMerchant","floor":14.0,"turns":4.0},{"damage":6.0,"enemies":"Exordium Wildlife","floor":15.0,"turns":2.0},{"damage":76.0,"enemies":"downfall:Defect","floor":16.0,"turns":5.0},{"damage":17.0,"enemies":"Hallownest:3_Youths","floor":20.0,"turns":7.0},{"damage":3.0,"enemies":"downfall:FleeingMerchant","floor":23.0,"turns":4.0},{"damage":17,"enemies":"Hallownest:Guard_and_Sentry","floor":25,"turns":4},{"damage":21,"enemies":"Hallownest:Nosk","floor":27,"turns":8},{"damage":4,"enemies":"Hallownest:monsterShrumalOgre","floor":29,"turns":3},{"damage":2,"enemies":"Hallownest:Warrior_and_Youth","floor":30,"turns":5},{"damage":47,"enemies":"Hallownest:Master_and_Novice","floor":31,"turns":4},{"damage":6,"enemies":"Hallownest:2_Husk_Sentries","floor":32,"turns":3},{"damage":46,"enemies":"downfall:Ironclad","floor":33,"turns":4}],"seed_played":"-5661669613824655162","potions_obtained":[{"floor":8.0,"key":"SkillPotion"},{"floor":9.0,"key":"Guardian:BlockOnCardUsePotion"},{"floor":13.0,"key":"DuplicationPotion"},{"floor":30,"key":"BlessingOfTheForge"},{"floor":32,"key":"hexamod:EctoCoolerPotion"}],"is_trial":false,"path_per_floor":["R","?","?","M","?","$","T","M","M","R","?","$","M","$","M","B",null,"R","?","M","?","?","$","T","M","R","E","?","M","M","M","M","B"],"character_chosen":"THE_SNECKO","items_purchased":["sneckomod:DiceCrush+1","sneckomod:RainOfDice+1"],"campfire_rested":1,"item_purchase_floors":[6,14],"current_hp_per_floor":[99,99,99,100,100,101,101,95,94,104,104,102,102,86,81,26,114,114,114,97,97,93,94,94,77,111,90,90,88,88,42,38,0,0],"gold":230,"neow_bonus":"TEN_PERCENT_HP_BONUS","is_daily":false,"chose_seed":false,"campfire_upgraded":2,"win_rate":0.0,"timestamp":1607956828,"path_taken":["R","?","?","M","?","$","T","?","M","R","?","$","M","?","M","BOSS","R","?","?","?","?","$","T","?","R","E","?","M","?","M","M","BOSS"],"items_purchased_type":["Card","Card"],"build_version":"2020-12-13","purchased_purges":0,"victory":false,"max_hp_per_floor":[99,99,99,100,100,101,101,101,102,112,112,112,112,112,113,114,114,114,114,114,114,114,114,114,114,114,114,114,116,118,119,121,121,121],"card_choices":[{"not_picked":["sneckomod:ImprovisedGuard","sneckomod:RainOfDice"],"picked":"sneckomod:UnknownWeak","floor":4.0},{"not_picked":["sneckomod:DiceBlock","sneckomod:IronFang"],"picked":"sneckomod:UnknownClassSLIMEBOUND","floor":6.0},{"not_picked":["sneckomod:UnknownStrike","sneckomod:Nope"],"picked":"sneckomod:DiceBoulder","floor":8.0},{"not_picked":["sneckomod:SoulRoll","sneckomod:UnknownStrike"],"picked":"sneckomod:UnknownCommonSkill","floor":9.0},{"not_picked":["sneckomod:SoulDraw","sneckomod:SoulRoll"],"picked":"sneckomod:DiceCrush","floor":12.0},{"not_picked":["sneckomod:SnakeSap","sneckomod:CheapStock"],"picked":"sneckomod:SerpentMind","floor":13.0},{"not_picked":["sneckomod:UnknownCommonSkill","sneckomod:MasterEye"],"picked":"sneckomod:QuickMove","floor":14.0},{"not_picked":["sneckomod:UnknownUncommonPower","sneckomod:UnknownCommonAttack"],"picked":"sneckomod:Unknown0Cost","floor":15.0},{"not_picked":["sneckomod:Unknown3Cost","sneckomod:SoulExchange"],"picked":"sneckomod:UnknownRareAttack","floor":16.0},{"not_picked":["sneckomod:UnknownCommonSkill","sneckomod:Unknown1Cost"],"picked":"sneckomod:IronFang","floor":20.0},{"not_picked":["sneckomod:QuickMove+1","sneckomod:WideSting"],"picked":"sneckomod:ImprovisedAttack+1","floor":23},{"not_picked":["sneckomod:UnknownVulnerable","sneckomod:RainOfDice"],"picked":"sneckomod:ImprovisedAttack+1","floor":25},{"not_picked":["sneckomod:UnknownCommonSkill","sneckomod:Nope"],"picked":"sneckomod:MorePower","floor":27},{"not_picked":["sneckomod:UnknownX+1","sneckomod:UnknownVulnerable+1"],"picked":"sneckomod:UnknownUncommonAttack+1","floor":29},{"not_picked":["sneckomod:DiceBlock","sneckomod:WideSting+1"],"picked":"sneckomod:Unknown0Cost+1","floor":29},{"not_picked":["sneckomod:Unknown2Cost+1","sneckomod:UnknownCommonAttack+1"],"picked":"sneckomod:UnknownClassHEXA_GHOST_PURPLE+1","floor":30},{"not_picked":["sneckomod:CheapStock","sneckomod:SnekBeam"],"picked":"sneckomod:UnknownClassLobotomy","floor":30},{"not_picked":["sneckomod:UnknownUncommonAttack","sneckomod:Unknown1Cost"],"picked":"sneckomod:UnknownUncommonPower","floor":31},{"not_picked":["sneckomod:UnknownVulnerable","sneckomod:UnknownCommonSkill+1"],"picked":"sneckomod:UnknownClassAngela","floor":32},{"not_picked":["sneckomod:UnknownClassGREEN+1","sneckomod:UnknownUncommonPower+1"],"picked":"sneckomod:UnknownClassTHE_CHAMP_GRAY+1","floor":32}],"player_experience":147015,"relics_obtained":[{"floor":2.0,"key":"ReplayTheSpireMod:Ring of Exchange"},{"floor":2.0,"key":"Ring of Misfortune"},{"floor":24,"key":"Nunchaku"},{"floor":27,"key":"Bottled Lightning"}],"event_choices":[{"damage_healed":0.0,"max_hp_gain":0.0,"max_hp_loss":0.0,"gold_gain":0.0,"event_name":"Upgrade Shrine","player_choice":"Upgraded","floor":5.0,"gold_loss":0.0,"damage_taken":0.0,"cards_upgraded":["sneckomod:TailWhip"]}],"is_beta":false,"boss_relics":[{"not_picked":["Strange Spoon","Runic Pyramid"],"picked":"Medical Kit"}],"items_purged_floors":[],"is_endless":false,"potions_floor_spawned":[8,9,13,25,30,31,32],"killed_by":"downfall:Ironclad","ascension_level":0}}