{"host":"m7puq4mk16tgc6yn","time":1607977526,"event":{"mods":["AchievementEnabler","BaseMod","Colored Map","Colored Powertips","Minty Spire (QoL Compilation)","Relic Stats"],"gold_per_floor":[218,20,20,43,43,43,78,92,172,203,203,223,236,7,7,128,128,147,183,199,199,213,246,261,297,321,321,335,348,386,411,411,411,411],"floor_reached":33,"playtime":1634,"items_purged":[],"score":367,"play_id":"00fca36c-43a7-4138-924c-762611ce0e44","local_time":"20201214122526","is_ascension_mode":true,"campfire_choices":[{"data":"Armaments","floor":6,"key":"SMITH"},{"data":"Inflame","floor":15,"key":"SMITH"},{"data":"Evolve","floor":27,"key":"SMITH"},{"data":"Reaper","floor":32,"key":"SMITH"}],"circlet_count":0,"master_deck":["Strike_R","Strike_R","Strike_R","Strike_R","Strike_R","Defend_R","Defend_R","Defend_R+1","Defend_R","Bash+1","Armaments+1","Twin Strike","Inflame+1","True Grit","Cleave","Iron Wave","Immolate","Reaper+1","Seeing Red+1","Evolve+1","Warcry+1","Twin Strike","Corruption","Pommel Strike+1","Wild Strike","Reckless Charge","Immolate","Wild Strike","Shrug It Off"],"relics":["Burning Blood","Lantern","Golden Idol","Boot","The Courier","Mummified Hand","StoneCalendar","TungstenRod","Coffee Dripper","Red Mask","PreservedInsect","Darkstone Periapt","Prayer Wheel","Oddly Smooth Stone","War Paint"],"acts_visited":["Exordium","TheCity"],"potions_floor_usage":[16,16,23,25,29,31,33,33,33],"damage_taken":[{"damage":9,"enemies":"Jaw Worm","floor":1,"turns":5},{"damage":1,"enemies":"Cultist","floor":4,"turns":5},{"damage":35,"enemies":"3 Sentries","floor":7,"turns":10},{"damage":0,"enemies":"Small Slimes","floor":8,"turns":2},{"damage":21,"enemies":"Lagavulin","floor":10,"turns":10},{"damage":0,"enemies":"3 Louse","floor":12,"turns":3},{"damage":4,"enemies":"2 Fungi Beasts","floor":13,"turns":3},{"damage":13,"enemies":"Slime Boss","floor":16,"turns":6},{"damage":23,"enemies":"Shell Parasite","floor":18,"turns":5},{"damage":0,"enemies":"Masked Bandits","floor":19,"turns":2},{"damage":9,"enemies":"2 Thieves","floor":20,"turns":3},{"damage":0,"enemies":"Centurion and Healer","floor":22,"turns":6},{"damage":25,"enemies":"Book of Stabbing","floor":23,"turns":4},{"damage":31,"enemies":"Snake Plant","floor":24,"turns":3},{"damage":18,"enemies":"Gremlin Leader","floor":25,"turns":5},{"damage":19,"enemies":"Sentry and Sphere","floor":28,"turns":6},{"damage":6,"enemies":"Shelled Parasite and Fungi","floor":29,"turns":3},{"damage":26,"enemies":"Book of Stabbing","floor":30,"turns":3},{"damage":17,"enemies":"Chosen and Byrds","floor":31,"turns":5},{"damage":47,"enemies":"Champ","floor":33,"turns":7}],"seed_played":"8032260985536636564","potions_obtained":[{"floor":8,"key":"Weak Potion"},{"floor":10,"key":"GamblersBrew"},{"floor":16,"key":"LiquidMemories"},{"floor":24,"key":"LiquidMemories"},{"floor":25,"key":"Explosive Potion"},{"floor":29,"key":"Fruit Juice"},{"floor":30,"key":"Fire Potion"},{"floor":31,"key":"Energy Potion"}],"is_trial":false,"path_per_floor":["M","$","?","M","?","R","E","M","T","E","T","M","M","$","R","B",null,"M","?","M","?","M","E","M","E","T","R","M","M","E","M","R","B"],"character_chosen":"IRONCLAD","items_purchased":["Lantern","PowerPotion","TungstenRod"],"campfire_rested":0,"item_purchase_floors":[2,2,14],"current_hp_per_floor":[77,77,57,62,62,62,33,39,39,24,24,30,32,32,32,25,80,71,77,77,77,80,61,41,50,50,50,37,37,23,27,27,0,0],"gold":411,"neow_bonus":"HUNDRED_GOLD","is_daily":false,"chose_seed":false,"campfire_upgraded":4,"win_rate":0.0,"timestamp":1607977526,"path_taken":["M","$","?","M","?","R","E","M","T","E","?","M","?","?","R","BOSS","M","?","M","?","M","E","M","E","T","R","M","M","E","M","R","BOSS"],"items_purchased_type":["Relic","Potion","Relic"],"build_version":"2020-12-13","purchased_purges":0,"victory":false,"max_hp_per_floor":[80,80,80,80,80,80,80,80,80,80,80,80,80,80,80,80,80,80,80,80,80,80,80,80,80,80,80,80,80,80,85,85,85,85],"relic_stats":{"Darkstone Periapt":0,"counters":[20,96],"Golden Idol":105,"Mummified Hand":[29],"StoneCalendar":[52],"Prayer Wheel":3,"PreservedInsect":128,"War Paint":["Defend_R","Seeing Red"],"Boot":[16],"obtain_stats":[{"Darkstone Periapt":23,"Lantern":2,"Golden Idol":3,"Oddly Smooth Stone":26,"StoneCalendar":11,"The Courier":9,"PreservedInsect":21,"War Paint":30,"Boot":7,"Burning Blood":0,"Mummified Hand":10,"Prayer Wheel":25,"Coffee Dripper":17,"Red Mask":19,"TungstenRod":14},{"Darkstone Periapt":13,"Lantern":1,"Golden Idol":1,"Oddly Smooth Stone":15,"StoneCalendar":5,"The Courier":4,"PreservedInsect":11,"War Paint":18,"Boot":3,"Burning Blood":0,"Mummified Hand":5,"Prayer Wheel":15,"Coffee Dripper":8,"Red Mask":10,"TungstenRod":7},{"Darkstone Periapt":64,"Lantern":5,"Golden Idol":5,"Oddly Smooth Stone":72,"StoneCalendar":32,"The Courier":22,"PreservedInsect":54,"War Paint":84,"Boot":20,"Burning Blood":0,"Mummified Hand":32,"Prayer Wheel":72,"Coffee Dripper":44,"Red Mask":51,"TungstenRod":38}],"Burning Blood":108,"TungstenRod":39},"card_choices":[{"not_picked":["Havoc","Body Slam"],"picked":"Armaments","floor":1},{"not_picked":["Headbutt","Flex"],"picked":"Twin Strike","floor":4},{"not_picked":["Heavy Blade","Berserk"],"picked":"Inflame","floor":7},{"not_picked":["Sword Boomerang","Body Slam"],"picked":"True Grit","floor":8},{"not_picked":["Pommel Strike","Heavy Blade"],"picked":"Cleave","floor":10},{"not_picked":["Dual Wield","Body Slam"],"picked":"Iron Wave","floor":12},{"not_picked":["Ghostly Armor","Sword Boomerang"],"picked":"Immolate","floor":13},{"not_picked":["Berserk","Immolate"],"picked":"Reaper","floor":16},{"not_picked":["Body Slam","Pommel Strike"],"picked":"Seeing Red","floor":18},{"not_picked":["Flex","Dropkick"],"picked":"Evolve","floor":19},{"not_picked":["Heavy Blade","Flex+1"],"picked":"Warcry+1","floor":20},{"not_picked":["Heavy Blade","Second Wind"],"picked":"Twin Strike","floor":22},{"not_picked":["Carnage","Rampage","Armaments+1"],"picked":"SKIP","floor":23},{"not_picked":["Anger","Rampage"],"picked":"Corruption","floor":24},{"not_picked":["Dropkick+1","Body Slam"],"picked":"Pommel Strike+1","floor":25},{"not_picked":["Body Slam","Perfected Strike"],"picked":"Wild Strike","floor":28},{"not_picked":["Anger+1","Warcry","Thunderclap"],"picked":"SKIP","floor":28},{"not_picked":["Carnage","Headbutt+1"],"picked":"Reckless Charge","floor":29},{"not_picked":["Twin Strike","Combust","Anger"],"picked":"SKIP","floor":29},{"not_picked":["Heavy Blade","Clash"],"picked":"Immolate","floor":30},{"not_picked":["Thunderclap","Dropkick"],"picked":"Wild Strike","floor":31},{"not_picked":["Hemokinesis","Body Slam+1"],"picked":"Shrug It Off","floor":31}],"player_experience":66729,"relics_obtained":[{"floor":7,"key":"Boot"},{"floor":9,"key":"The Courier"},{"floor":10,"key":"Mummified Hand"},{"floor":11,"key":"StoneCalendar"},{"floor":19,"key":"Red Mask"},{"floor":23,"key":"Darkstone Periapt"},{"floor":25,"key":"Prayer Wheel"},{"floor":26,"key":"Oddly Smooth Stone"},{"floor":30,"key":"War Paint"}],"event_choices":[{"damage_healed":0,"gold_gain":0,"player_choice":"Take Damage","damage_taken":20,"relics_obtained":["Golden Idol"],"max_hp_gain":0,"max_hp_loss":0,"event_name":"Golden Idol","floor":3,"gold_loss":0},{"damage_healed":0,"gold_gain":0,"player_choice":"Grow","damage_taken":0,"max_hp_gain":0,"max_hp_loss":0,"event_name":"Living Wall","floor":5,"gold_loss":0,"cards_upgraded":["Bash"]},{"damage_healed":0,"gold_gain":0,"player_choice":"Fought Bandits","damage_taken":0,"max_hp_gain":0,"max_hp_loss":0,"event_name":"Masked Bandits","floor":19,"gold_loss":0},{"damage_healed":0,"gold_gain":0,"player_choice":"Opened","damage_taken":0,"relics_obtained":["PreservedInsect"],"max_hp_gain":0,"max_hp_loss":0,"event_name":"The Mausoleum","floor":21,"gold_loss":0}],"is_beta":false,"boss_relics":[{"not_picked":["Fusion Hammer","Runic Dome"],"picked":"Coffee Dripper"}],"items_purged_floors":[],"is_endless":false,"potions_floor_spawned":[8,10,13,16,24,25,29,30,31],"killed_by":"Champ","ascension_level":3}}