{"host":"y56d1fjpgcjsodvy","time":1607930244,"event":{"mods":["BaseMod","Colored Powertips","GifTheSpireLib","Highlight Path","Minty Spire (QoL Compilation)","StSLib","SuperFastMode","everything is the same but u backflip on backflip"],"gold_per_floor":[113,133,133,147,160,160,85,85,110,172,202,215,215,234,234,330,330,340,45,45,45,64,64,82,82,109,109,209,235,235,254,254,331,331,349,29,29,29,29,64,79,111,160,195,207,236,261,307,319,331,343,355,367,0,32,32],"floor_reached":57,"playtime":2779,"items_purged":["Defend_P","Defend_P","Vigilance"],"score":3356,"play_id":"1fcdd820-45b2-4d37-9b0d-b05e8d2da6e6","local_time":"20201214161724","is_ascension_mode":true,"campfire_choices":[{"data":"Eruption","floor":6.0,"key":"SMITH"},{"data":"MentalFortress","floor":8.0,"key":"SMITH"},{"floor":13.0,"key":"REST"},{"floor":15.0,"key":"REST"},{"data":"Vault","floor":23.0,"key":"SMITH"},{"data":"Study","floor":25.0,"key":"SMITH"},{"data":"ClearTheMind","floor":32.0,"key":"SMITH"},{"data":"Apotheosis","floor":45,"key":"SMITH"},{"floor":49,"key":"RECALL"},{"data":"Scrawl","floor":53,"key":"SMITH"}],"circlet_count":0,"master_deck":["AscendersBane","Eruption+1","MentalFortress+1","EmptyMind","Worship","Vault+1","FollowUp+1","Pray+1","InnerPeace","Study+1","Crescendo+1","WheelKick","ClearTheMind+1","Scrawl+1","FlurryOfBlows","Deep Breath","Apotheosis+1","Madness","MentalFortress","TalkToTheHand"],"relics":["PureWater","Damaru","Odd Mushroom","Astrolabe","Nunchaku","Girya","Question Card","Omamori","Empty Cage","Calipers","Ancient Tea Set","Vajra","Blood Vial","MawBank","Ornamental Fan","Medical Kit","Ginger"],"acts_visited":["Exordium","TheCity","TheBeyond","TheEnding"],"potions_floor_usage":[42,44,51,56,56],"damage_taken":[{"damage":0.0,"enemies":"Cultist","floor":1.0,"turns":3.0},{"damage":0.0,"enemies":"Jaw Worm","floor":2.0,"turns":4.0},{"damage":2.0,"enemies":"Small Slimes","floor":4.0,"turns":4.0},{"damage":0.0,"enemies":"Exordium Wildlife","floor":5.0,"turns":2.0},{"damage":25.0,"enemies":"3 Sentries","floor":10.0,"turns":13.0},{"damage":31.0,"enemies":"The Mushroom Lair","floor":11.0,"turns":6.0},{"damage":9.0,"enemies":"Gremlin Gang","floor":12.0,"turns":6.0},{"damage":24.0,"enemies":"3 Louse","floor":14.0,"turns":5.0},{"damage":21.0,"enemies":"The Guardian","floor":16.0,"turns":10.0},{"damage":0.0,"enemies":"Spheric Guardian","floor":18.0,"turns":4.0},{"damage":2.0,"enemies":"3 Byrds","floor":22.0,"turns":7.0},{"damage":0.0,"enemies":"Centurion and Healer","floor":24.0,"turns":6.0},{"damage":14.0,"enemies":"Colosseum Slavers","floor":28.0,"turns":3.0},{"damage":4.0,"enemies":"Colosseum Nobs","floor":28.0,"turns":5.0},{"damage":10.0,"enemies":"Book of Stabbing","floor":29.0,"turns":4.0},{"damage":0.0,"enemies":"3 Cultists","floor":31.0,"turns":4.0},{"damage":0.0,"enemies":"Automaton","floor":33.0,"turns":6.0},{"damage":0,"enemies":"3 Darklings","floor":35,"turns":4},{"damage":0,"enemies":"Reptomancer","floor":40,"turns":3},{"damage":0,"enemies":"3 Shapes","floor":41,"turns":3},{"damage":1,"enemies":"Giant Head","floor":42,"turns":4},{"damage":15,"enemies":"Nemesis","floor":44,"turns":4},{"damage":0,"enemies":"Jaw Worm Horde","floor":46,"turns":2},{"damage":0,"enemies":"Sphere and 2 Shapes","floor":47,"turns":3},{"damage":0,"enemies":"Giant Head","floor":48,"turns":4},{"damage":0,"enemies":"Awakened One","floor":50,"turns":4},{"damage":0,"enemies":"Donu and Deca","floor":51,"turns":4},{"damage":0,"enemies":"Shield and Spear","floor":55,"turns":2},{"damage":16,"enemies":"The Heart","floor":56,"turns":6}],"seed_played":"2612687192461374432","potions_obtained":[{"floor":1.0,"key":"ColorlessPotion"},{"floor":4.0,"key":"Swift Potion"},{"floor":5.0,"key":"Regen Potion"},{"floor":10.0,"key":"Block Potion"},{"floor":14.0,"key":"ColorlessPotion"},{"floor":22.0,"key":"EssenceOfSteel"},{"floor":24.0,"key":"Fire Potion"},{"floor":31.0,"key":"PowerPotion"},{"floor":35,"key":"StancePotion"},{"floor":42,"key":"Weak Potion"},{"floor":44,"key":"Energy Potion"},{"floor":48,"key":"Fire Potion"},{"floor":55,"key":"LiquidMemories"}],"is_trial":false,"path_per_floor":["M","M","?","M","M","R","$","R","T","?","?","M","R","M","R","B",null,"M","$","?","?","M","R","M","R","T","?","?","E","?","M","R","B",null,"M","$","?","$","?","E","M","E","T","E","R","M","M","E","R","B","B",null,"R","$","E","B",null],"character_chosen":"WATCHER","items_purchased":["InnerPeace","Fruit Juice","Calipers","Medical Kit","TalkToTheHand"],"campfire_rested":2,"item_purchase_floors":[19,19,36,54,54],"current_hp_per_floor":[61,61,66,64,64,64,64,64,64,48,17,8,28,4,24,3,51,51,51,51,51,49,49,54,54,54,54,36,26,26,26,26,26,61,61,61,51,51,51,51,51,50,50,37,37,39,41,43,43,45,47,63,63,63,65,51],"gold":32,"neow_bonus":"REMOVE_TWO","is_daily":false,"chose_seed":false,"campfire_upgraded":7,"win_rate":0.0,"timestamp":1607930244,"path_taken":["M","M","?","M","M","R","$","R","T","?","?","?","R","?","R","BOSS","M","$","?","?","M","R","?","R","T","?","?","E","?","M","R","BOSS","M","$","?","$","?","E","M","E","T","E","R","M","M","E","R","BOSS","BOSS","R","$","E","BOSS"],"items_purchased_type":["Card","Potion","Relic","Relic","Card"],"build_version":"2020-12-13","purchased_purges":3,"victory":true,"max_hp_per_floor":[62,62,67,67,67,67,67,67,67,67,67,67,67,67,67,67,67,67,67,67,67,67,67,72,72,72,72,72,72,72,72,72,72,72,72,72,72,72,68,68,68,68,68,68,68,68,68,68,68,68,68,68,68,68,68,68],"card_choices":[{"not_picked":["CarveReality","Crescendo"],"picked":"MentalFortress","floor":1.0},{"not_picked":["DeceiveReality","FlurryOfBlows","JustLucky"],"picked":"SKIP","floor":2.0},{"not_picked":["CrushJoints","Weave"],"picked":"EmptyMind","floor":4.0},{"not_picked":["EmptyBody","Swivel","CarveReality"],"picked":"SKIP","floor":5.0},{"not_picked":["WreathOfFlame","FollowUp"],"picked":"Worship","floor":10.0},{"not_picked":["ClearTheMind","Conclude","FlyingSleeves"],"picked":"SKIP","floor":12.0},{"not_picked":["Protect","Perseverance"],"picked":"CrushJoints","floor":14.0},{"not_picked":["Omniscience","Blasphemy"],"picked":"Vault","floor":16.0},{"not_picked":["Halt","ThirdEye","Consecrate"],"picked":"SKIP","floor":18.0},{"not_picked":["FlurryOfBlows","BowlingBash","Weave"],"picked":"SKIP","floor":22.0},{"not_picked":["FlurryOfBlows","BowlingBash","Weave"],"picked":"SKIP","floor":22.0},{"not_picked":["WaveOfTheHand","CutThroughFate"],"picked":"WheelKick","floor":24.0},{"not_picked":["Blasphemy","SashWhip","Protect","Swivel"],"picked":"SKIP","floor":29.0},{"not_picked":["CrushJoints","DeceiveReality+1","Nirvana+1"],"picked":"ClearTheMind","floor":31.0},{"not_picked":["DeusExMachina","ConjureBlade","Blasphemy"],"picked":"Scrawl","floor":33.0},{"not_picked":["Prostrate","Halt","FollowUp+1"],"picked":"FlurryOfBlows","floor":35},{"not_picked":["Dramatic Entrance","Panache","Swift Strike"],"picked":"Deep Breath","floor":37},{"not_picked":["Mind Blast","Secret Technique","Enlightenment"],"picked":"Apotheosis","floor":37},{"not_picked":["Discovery","Thinking Ahead","Apotheosis"],"picked":"Madness","floor":37},{"not_picked":["BowlingBash","JustLucky","FlurryOfBlows","Tantrum"],"picked":"SKIP","floor":40},{"not_picked":["Nirvana","EmptyMind+1","CutThroughFate","Swivel"],"picked":"SKIP","floor":41},{"not_picked":["Swivel","Protect+1","JustLucky+1","SashWhip+1"],"picked":"SKIP","floor":42},{"not_picked":["Blasphemy","Swivel","MasterReality"],"picked":"MentalFortress","floor":44},{"not_picked":["FlurryOfBlows","Swivel","JustLucky","PathToVictory+1"],"picked":"SKIP","floor":46},{"not_picked":["EmptyFist+1","WreathOfFlame","CrushJoints+1","BowlingBash"],"picked":"SKIP","floor":47},{"not_picked":["Wireheading","Worship+1","Prostrate+1","Evaluate"],"picked":"SKIP","floor":48},{"not_picked":["CutThroughFate","JustLucky","Fasting2+1","BattleHymn"],"picked":"SKIP","floor":55}],"player_experience":1161208,"relics_obtained":[{"floor":10.0,"key":"Damaru"},{"floor":11.0,"key":"Odd Mushroom"},{"floor":26.0,"key":"Nunchaku"},{"floor":28.0,"key":"Girya"},{"floor":28.0,"key":"Question Card"},{"floor":29.0,"key":"Omamori"},{"floor":40,"key":"Ancient Tea Set"},{"floor":42,"key":"Vajra"},{"floor":43,"key":"Blood Vial"},{"floor":44,"key":"MawBank"},{"floor":48,"key":"Ornamental Fan"},{"floor":55,"key":"Ginger"}],"event_choices":[{"damage_healed":0.0,"max_hp_gain":5.0,"max_hp_loss":0.0,"gold_gain":0.0,"event_name":"Big Fish","player_choice":"Donut","floor":3.0,"gold_loss":0.0,"damage_taken":0.0},{"damage_healed":0.0,"max_hp_gain":0.0,"max_hp_loss":0.0,"gold_gain":0.0,"event_name":"Dead Adventurer","player_choice":"Searched \u00271\u0027 times","floor":10.0,"gold_loss":0.0,"damage_taken":0.0},{"damage_healed":0.0,"max_hp_gain":0.0,"max_hp_loss":0.0,"gold_gain":0.0,"event_name":"Mushrooms","player_choice":"Fought Mushrooms","floor":11.0,"gold_loss":0.0,"damage_taken":0.0},{"damage_healed":0.0,"max_hp_gain":0.0,"max_hp_loss":0.0,"gold_gain":0.0,"cards_transformed":["Strike_P","CrushJoints"],"event_name":"Drug Dealer","player_choice":"Became Test Subject","floor":20.0,"gold_loss":0.0,"damage_taken":0.0,"cards_obtained":["SandsOfTime","Study"]},{"damage_healed":0.0,"max_hp_gain":0.0,"max_hp_loss":0.0,"gold_gain":0.0,"event_name":"The Library","player_choice":"Read","floor":21.0,"gold_loss":0.0,"damage_taken":0.0,"cards_obtained":["Crescendo"]},{"damage_healed":0.0,"max_hp_gain":0.0,"max_hp_loss":0.0,"gold_gain":0.0,"event_name":"The Mausoleum","player_choice":"Ignored","floor":27.0,"gold_loss":0.0,"damage_taken":0.0},{"damage_healed":0.0,"max_hp_gain":0.0,"max_hp_loss":0.0,"gold_gain":0.0,"event_name":"Colosseum","player_choice":"Fight","floor":28.0,"gold_loss":0.0,"damage_taken":0.0},{"damage_healed":0.0,"max_hp_gain":0.0,"max_hp_loss":0.0,"gold_gain":0.0,"event_name":"Colosseum","player_choice":"Fought Nobs","floor":28.0,"gold_loss":0.0,"damage_taken":0.0},{"damage_healed":0.0,"max_hp_gain":0.0,"max_hp_loss":0.0,"gold_gain":0.0,"event_name":"Accursed Blacksmith","player_choice":"Forge","floor":30.0,"gold_loss":0.0,"damage_taken":0.0,"cards_upgraded":["Crescendo"]},{"damage_healed":0,"gold_gain":0,"player_choice":"Memory 3","damage_taken":10,"max_hp_gain":0,"max_hp_loss":0,"event_name":"SensoryStone","floor":37,"gold_loss":0},{"damage_healed":0,"gold_gain":0,"player_choice":"Max HP","damage_taken":0,"max_hp_gain":0,"max_hp_loss":4,"event_name":"Winding Halls","floor":39,"gold_loss":0}],"is_beta":false,"boss_relics":[{"not_picked":["Coffee Dripper","Philosopher\u0027s Stone"],"picked":"Astrolabe"},{"not_picked":["SlaversCollar","Black Star"],"picked":"Empty Cage"}],"items_purged_floors":[7,19,54],"is_endless":false,"potions_floor_spawned":[1,4,5,10,14,22,24,31,35,42,44,48,55],"ascension_level":20}}