{"host":"egyxg9lnjq7g2hmw","time":1607905855,"event":{"mods":["AchievementEnabler","BaseMod","Block Reminder","Colored Map","Colored Powertips","Highlight Path","Minty Spire (QoL Compilation)","Rare Cards Sparkle","StSLib"],"gold_per_floor":[113,113,125,140,140,172,172,189,189,65,65,65,65,98,98,195,195,211,244,244,324,324,324,334,362,362,397,37,137,147,147,147,249,249,268,279,239,252,99,99,124,124,124,124,135,10,22,22,22,22,22],"floor_reached":50,"playtime":2617,"items_purged":["Strike_P","Fasting2","Pain"],"score":640,"play_id":"76f5810d-db1f-4f21-984a-05bba59c3f31","local_time":"20201213163055","is_ascension_mode":true,"campfire_choices":[{"data":"ThirdEye","floor":11.0,"key":"SMITH"},{"floor":13.0,"key":"REST"},{"data":"CrushJoints","floor":15.0,"key":"SMITH"},{"data":"Eruption","floor":23.0,"key":"SMITH"},{"floor":32.0,"key":"REST"},{"data":"Protect","floor":40.0,"key":"SMITH"},{"floor":42.0,"key":"REST"},{"floor":44.0,"key":"RECALL"},{"floor":49.0,"key":"REST"}],"circlet_count":0,"master_deck":["Eruption+1","Vigilance+1","SashWhip","ThirdEye+1","DeusExMachina","CrushJoints+1","Adaptation","EmptyFist","Consecrate+1","DeusExMachina","SignatureMove+1","PathToVictory","Protect+1","Alpha","ClearTheMind","FollowUp+1","DevaForm","WindmillStrike+1","DeusExMachina","EmptyBody+1","Writhe","Magnetism"],"relics":["PureWater","Blue Candle","Gambling Chip","Turnip","Gremlin Horn","Molten Egg 2","Pandora\u0027s Box","Red Mask","Singing Bowl","WarpedTongs","Boot","Bottled Tornado","Bottled Flame","Bottled Lightning","Ice Cream","Mummified Hand","Cursed Key","Lantern","Girya"],"acts_visited":["Exordium","TheCity","TheBeyond"],"potions_floor_usage":[50],"damage_taken":[{"damage":2.0,"enemies":"Jaw Worm","floor":1.0,"turns":4.0},{"damage":0.0,"enemies":"2 Louse","floor":3.0,"turns":2.0},{"damage":2.0,"enemies":"Small Slimes","floor":4.0,"turns":5.0},{"damage":30.0,"enemies":"3 Sentries","floor":6.0,"turns":11.0},{"damage":1.0,"enemies":"Blue Slaver","floor":8.0,"turns":5.0},{"damage":21.0,"enemies":"Gremlin Nob","floor":14.0,"turns":4.0},{"damage":2.0,"enemies":"Hexaghost","floor":16.0,"turns":6.0},{"damage":13.0,"enemies":"2 Thieves","floor":18.0,"turns":3.0},{"damage":0.0,"enemies":"Masked Bandits","floor":19.0,"turns":3.0},{"damage":14.0,"enemies":"Shell Parasite","floor":24.0,"turns":3.0},{"damage":6.0,"enemies":"Book of Stabbing","floor":25.0,"turns":3.0},{"damage":22.0,"enemies":"Gremlin Leader","floor":27.0,"turns":4.0},{"damage":22.0,"enemies":"Colosseum Slavers","floor":29.0,"turns":3.0},{"damage":7.0,"enemies":"Colosseum Nobs","floor":29.0,"turns":4.0},{"damage":10.0,"enemies":"Cultist and Chosen","floor":30.0,"turns":4.0},{"damage":0.0,"enemies":"Book of Stabbing","floor":31.0,"turns":2.0},{"damage":23.0,"enemies":"Automaton","floor":33.0,"turns":5.0},{"damage":22.0,"enemies":"Orb Walker","floor":35.0,"turns":4.0},{"damage":1.0,"enemies":"3 Shapes","floor":36.0,"turns":2.0},{"damage":30.0,"enemies":"3 Darklings","floor":38.0,"turns":4.0},{"damage":32.0,"enemies":"Nemesis","floor":41.0,"turns":5.0},{"damage":4.0,"enemies":"Transient","floor":45.0,"turns":5.0},{"damage":4.0,"enemies":"4 Shapes","floor":47.0,"turns":5.0},{"damage":63,"enemies":"Donu and Deca","floor":50,"turns":5}],"seed_played":"-6382849153315180558","potions_obtained":[{"floor":3.0,"key":"Fire Potion"},{"floor":4.0,"key":"LiquidBronze"},{"floor":8.0,"key":"SmokeBomb"},{"floor":14.0,"key":"FearPotion"},{"floor":19.0,"key":"FearPotion"},{"floor":25.0,"key":"Regen Potion"},{"floor":27.0,"key":"Explosive Potion"},{"floor":35.0,"key":"Fire Potion"},{"floor":37.0,"key":"Ancient Potion"},{"floor":37.0,"key":"Energy Potion"},{"floor":41.0,"key":"LiquidMemories"},{"floor":47.0,"key":"PowerPotion"}],"is_trial":false,"path_per_floor":["M","?","M","M","?","E","?","M","T","$","R","T","R","E","R","B",null,"M","?","?","T","?","R","M","E","T","E","$","?","M","E","R","B",null,"M","M","?","M","$","R","E","R","T","R","M","$","M","?","R","B"],"character_chosen":"WATCHER","items_purchased":["EmptyFist","Bottled Lightning","Lantern"],"campfire_rested":4,"item_purchase_floors":[10,28,39],"current_hp_per_floor":[77,70,70,68,52,22,10,9,9,9,9,9,32,11,11,9,79,66,66,66,66,66,66,52,46,46,40,40,11,3,3,27,4,83,63,64,64,36,36,36,4,30,30,30,28,28,26,26,53,0,0],"gold":22,"neow_bonus":"TEN_PERCENT_HP_BONUS","is_daily":false,"chose_seed":false,"campfire_upgraded":4,"win_rate":0.0,"timestamp":1607905855,"path_taken":["M","?","M","M","?","E","?","M","T","$","R","?","R","E","R","BOSS","M","?","?","?","?","R","?","E","T","E","?","?","M","E","R","BOSS","M","M","?","M","$","R","E","R","T","R","M","$","?","?","R","BOSS"],"items_purchased_type":["Card","Relic","Relic"],"build_version":"2020-11-30","purchased_purges":3,"victory":false,"max_hp_per_floor":[79,79,79,79,79,79,79,79,79,79,79,79,79,79,79,79,79,79,79,79,79,79,79,79,79,79,81,81,81,83,83,83,83,83,85,87,87,89,89,89,89,89,89,89,91,91,93,93,93,93,93],"card_choices":[{"not_picked":["Evaluate","SignatureMove"],"picked":"SashWhip","floor":1.0},{"not_picked":["JustLucky","Study"],"picked":"ThirdEye","floor":3.0},{"not_picked":["Fasting2","Nirvana"],"picked":"DeusExMachina","floor":4.0},{"not_picked":["Protect","Evaluate"],"picked":"CrushJoints","floor":6.0},{"not_picked":["CrushJoints","Meditate"],"picked":"Adaptation","floor":8.0},{"not_picked":["CrushJoints+1","ThirdEye"],"picked":"Consecrate+1","floor":14.0},{"not_picked":["Brilliance+1","Blasphemy"],"picked":"DeusExMachina","floor":16.0},{"not_picked":["FlyingSleeves+1","MentalFortress","Meditate"],"picked":"SKIP","floor":18.0},{"not_picked":["CutThroughFate+1","EmptyFist+1"],"picked":"FollowUp+1","floor":24.0},{"not_picked":["CarveReality+1","Evaluate"],"picked":"DevaForm","floor":25.0},{"not_picked":["CarveReality+1","BowlingBash+1","ClearTheMind"],"picked":"Singing Bowl","floor":27.0},{"not_picked":["LikeWater","CrushJoints+1"],"picked":"WindmillStrike+1","floor":29.0},{"not_picked":["Halt+1","FlurryOfBlows+1","CutThroughFate+1"],"picked":"Singing Bowl","floor":30.0},{"not_picked":["Vault","Judgement"],"picked":"DeusExMachina","floor":33.0},{"not_picked":["TalkToTheHand+1","FlurryOfBlows+1","SandsOfTime+1"],"picked":"Singing Bowl","floor":35.0},{"not_picked":["CrushJoints+1","PathToVictory","SignatureMove+1"],"picked":"Singing Bowl","floor":36.0},{"not_picked":["ThirdEye+1","PathToVictory+1","JustLucky+1"],"picked":"Singing Bowl","floor":38.0},{"not_picked":["FearNoEvil+1","Wireheading"],"picked":"EmptyBody+1","floor":41.0},{"not_picked":["Adaptation","TalkToTheHand+1","JustLucky+1"],"picked":"Singing Bowl","floor":45.0},{"not_picked":["FlyingSleeves+1","BattleHymn","Halt+1"],"picked":"Singing Bowl","floor":47.0},{"not_picked":["Blind","Swift Strike+1"],"picked":"Magnetism","floor":48.0}],"player_experience":426532,"relics_obtained":[{"floor":6.0,"key":"Blue Candle"},{"floor":9.0,"key":"Turnip"},{"floor":12.0,"key":"Gremlin Horn"},{"floor":14.0,"key":"Molten Egg 2"},{"floor":19.0,"key":"Red Mask"},{"floor":21.0,"key":"Singing Bowl"},{"floor":25.0,"key":"Boot"},{"floor":26.0,"key":"Bottled Tornado"},{"floor":27.0,"key":"Bottled Flame"},{"floor":29.0,"key":"Ice Cream"},{"floor":29.0,"key":"Mummified Hand"},{"floor":41.0,"key":"Girya"}],"event_choices":[{"cards_removed":["Strike_P"],"damage_healed":0.0,"max_hp_gain":0.0,"max_hp_loss":0.0,"gold_gain":0.0,"event_name":"Golden Wing","player_choice":"Card Removal","floor":2.0,"gold_loss":0.0,"damage_taken":7.0},{"damage_healed":0.0,"max_hp_gain":0.0,"max_hp_loss":0.0,"gold_gain":0.0,"event_name":"Shining Light","player_choice":"Entered Light","floor":5.0,"gold_loss":0.0,"damage_taken":16.0,"cards_upgraded":["Vigilance","Strike_P"]},{"damage_healed":0.0,"max_hp_gain":0.0,"max_hp_loss":0.0,"gold_gain":0.0,"event_name":"Scrap Ooze","player_choice":"Success","floor":7.0,"gold_loss":0.0,"damage_taken":12.0,"relics_obtained":["Gambling Chip"]},{"damage_healed":0.0,"max_hp_gain":0.0,"max_hp_loss":0.0,"gold_gain":0.0,"event_name":"Masked Bandits","player_choice":"Fought Bandits","floor":19.0,"gold_loss":0.0,"damage_taken":0.0},{"damage_healed":0.0,"max_hp_gain":0.0,"max_hp_loss":0.0,"gold_gain":0.0,"cards_transformed":["MasterReality","Fasting2"],"event_name":"Drug Dealer","player_choice":"Became Test Subject","floor":20.0,"gold_loss":0.0,"damage_taken":0.0,"cards_obtained":["Fasting2","ClearTheMind"]},{"damage_healed":0.0,"max_hp_gain":0.0,"max_hp_loss":0.0,"gold_gain":0.0,"event_name":"Accursed Blacksmith","player_choice":"Rummage","floor":22.0,"gold_loss":0.0,"damage_taken":0.0,"relics_obtained":["WarpedTongs"],"cards_obtained":["Pain"]},{"damage_healed":0.0,"max_hp_gain":0.0,"max_hp_loss":0.0,"gold_gain":0.0,"event_name":"Colosseum","player_choice":"Fight","floor":29.0,"gold_loss":0.0,"damage_taken":0.0},{"damage_healed":0.0,"max_hp_gain":0.0,"max_hp_loss":0.0,"gold_gain":0.0,"event_name":"Colosseum","player_choice":"Fought Nobs","floor":29.0,"gold_loss":0.0,"damage_taken":0.0},{"damage_healed":0.0,"max_hp_gain":0.0,"max_hp_loss":0.0,"gold_gain":0.0,"event_name":"The Woman in Blue","player_choice":"Bought 3 Potions","floor":37.0,"gold_loss":0.0,"damage_taken":0.0},{"damage_healed":0.0,"max_hp_gain":0.0,"max_hp_loss":0.0,"gold_gain":0.0,"event_name":"SensoryStone","player_choice":"Memory 1","floor":48.0,"gold_loss":0.0,"damage_taken":0.0}],"is_beta":false,"boss_relics":[{"not_picked":["SacredBark","Runic Dome"],"picked":"Pandora\u0027s Box"},{"not_picked":["Astrolabe","HolyWater"],"picked":"Cursed Key"}],"items_purged_floors":[10,28,46],"is_endless":false,"potions_floor_spawned":[3,4,8,14,19,25,27,29,31,35,41,47],"killed_by":"Donu and Deca","ascension_level":2}}