{"host":"tdmjj75ukgl60cx4","time":1607976755,"event":{"mods":["BaseMod","Downfall","Minty Spire (QoL Compilation)","StSLib"],"gold_per_floor":[99,99,32631,32556,32556,32566,32616,32616,32649,32659,32673,31586,30382,30399,30410,30506,30506,30506,30506,29658,29658,29706,29717,29717,29735,29768,29780,28706,28720,28747,27919,27939,28043,28043,28043,28063,27615,27634,27634,27734,27814,27831,27831,27862,27166,27182,27196,27208,27222,27222],"floor_reached":51,"playtime":5126,"items_purged":["Guardian:Defend_Guardian","Guardian:Strike_Guardian","Guardian:Strike_Guardian","Guardian:Strike_Guardian","Guardian:Defend_Guardian","Guardian:Defend_Guardian","Guardian:Defend_Guardian","expansioncontent:DecasProtection"],"score":922,"play_id":"bbb362f8-67d0-4f92-a4c4-9935311dd6ef","local_time":"20201215041235","is_ascension_mode":false,"campfire_choices":[{"floor":1,"key":"RECALL"},{"data":"Guardian:ArmoredProtocol","floor":4,"key":"SMITH"},{"data":"Guardian:TemporalStrike","floor":8,"key":"SMITH"},{"data":"Guardian:BaubleBeam","floor":18,"key":"SMITH"},{"data":"Apotheosis","floor":21,"key":"SMITH"},{"data":"Guardian:Strike_Guardian","floor":27,"key":"SMITH"},{"data":"Guardian:Planning","floor":35,"key":"SMITH"},{"data":"Guardian:FastForward","floor":39,"key":"SMITH"},{"data":"Guardian:FloatingOrbs","floor":43,"key":"SMITH"}],"circlet_count":0,"master_deck":["Guardian:Strike_Guardian+1","Guardian:CurlUp","Guardian:TwinSlam+1","Guardian:TemporalStrike+1","Guardian:ArmoredProtocol+1","expansioncontent:Collect+1","expansioncontent:Corrupt","Guardian:Emergency","Guardian:SpikerProtocol","Guardian:ChargeUp","Guardian:FastForward+1","Guardian:ChargeCore","Apotheosis+1","Guardian:FloatingOrbs+1","Guardian:TimeCapacitor","Guardian:ShieldCharger","Guardian:BaubleBeam+1","Mayhem","Infinite Blades","Secret Technique","Guardian:StasisStrike+1","Guardian:Planning+1","sneckomod:UnknownUncommonAttack+1"],"relics":["Guardian:ModeShifterPlus","Guardian:SackOfGems","Ginger","Toolbox","downfall:HeartBlessingRed","PreservedInsect","Strange Spoon","Omamori","Du-Vu Doll","CaptainsWheel","Toy Ornithopter","PrismaticShard","InkBottle","StoneCalendar","Pantograph","Orrery","Potion Belt","Blue Candle","MawBank","Turnip","Nunchaku","Cauldron","Blood Vial","TheAbacus","Bag of Marbles","Shuriken","Philosopher\u0027s Stone","Whetstone","Strawberry","HandDrill","White Beast Statue","Eternal Feather","Pocketwatch","Lantern","MealTicket","Sling"],"acts_visited":["Exordium","TheCity","TheBeyond"],"potions_floor_usage":[16,16,16,33,37,37,50],"damage_taken":[{"damage":0,"enemies":"downfall:FleeingMerchant","floor":3,"turns":4},{"damage":11,"enemies":"Jaw Worm","floor":6,"turns":4},{"damage":38,"enemies":"3 Sentries","floor":9,"turns":6},{"damage":0,"enemies":"Cultist","floor":10,"turns":4},{"damage":0,"enemies":"2 Louse","floor":11,"turns":2},{"damage":1,"enemies":"downfall:FleeingMerchant","floor":12,"turns":4},{"damage":10,"enemies":"downfall:FleeingMerchant","floor":13,"turns":4},{"damage":6,"enemies":"Exordium Thugs","floor":14,"turns":5},{"damage":4,"enemies":"Blue Slaver","floor":15,"turns":6},{"damage":7,"enemies":"downfall:Silent","floor":16,"turns":6},{"damage":10,"enemies":"downfall:FleeingMerchant","floor":20,"turns":4},{"damage":0,"enemies":"Spheric Guardian","floor":23,"turns":5},{"damage":0,"enemies":"3 Byrds","floor":25,"turns":4},{"damage":16,"enemies":"Slavers","floor":26,"turns":6},{"damage":12,"enemies":"downfall:FleeingMerchant","floor":28,"turns":4},{"damage":0,"enemies":"Centurion and Healer","floor":29,"turns":7},{"damage":1,"enemies":"downfall:FleeingMerchant","floor":31,"turns":4},{"damage":0,"enemies":"Snecko","floor":32,"turns":6},{"damage":13,"enemies":"downfall:Watcher","floor":33,"turns":6},{"damage":0,"enemies":"Orb Walker","floor":36,"turns":3},{"damage":23,"enemies":"downfall:FleeingMerchant","floor":37,"turns":4},{"damage":3,"enemies":"3 Darklings","floor":38,"turns":6},{"damage":0,"enemies":"downfall:LadyInBlue","floor":40,"turns":5},{"damage":0,"enemies":"Jaw Worm Horde","floor":42,"turns":4},{"damage":4,"enemies":"Nemesis","floor":44,"turns":5},{"damage":19,"enemies":"Writhing Mass","floor":46,"turns":4},{"damage":0,"enemies":"Maw","floor":47,"turns":5},{"damage":0,"enemies":"Transient","floor":48,"turns":5},{"damage":3,"enemies":"3 Darklings","floor":49,"turns":4},{"damage":0,"enemies":"downfall:Ironclad","floor":50,"turns":4}],"seed_played":"7361481620939642011","potions_obtained":[{"floor":6,"key":"Fire Potion"},{"floor":14,"key":"LiquidMemories"},{"floor":16,"key":"Regen Potion"},{"floor":26,"key":"Dexterity Potion"},{"floor":28,"key":"Fire Potion"},{"floor":28,"key":"hexamod:EctoCoolerPotion"},{"floor":28,"key":"Fire Potion"},{"floor":40,"key":"Energy Potion"},{"floor":47,"key":"DistilledChaos"},{"floor":49,"key":"Slimebound:ThreeZeroPotion"}],"is_trial":false,"path_per_floor":["R","?","$","R","?","M","T","R","E","M","M","$","$","M","M","B",null,"R","?","$","R","T","M","T","M","E","R","$","M","T","$","M","B",null,"R","M","$","M","R","?","T","M","R","E","$","M","M","M","M","B",null],"character_chosen":"GUARDIAN","items_purchased":["SteroidPotion","Guardian:ArmoredProtocol","expansioncontent:Collect","expansioncontent:Corrupt","Guardian:Gem_Synthetic","Guardian:SackOfGems","Ginger","Toolbox","Guardian:Emergency","Strange Spoon","Omamori","Du-Vu Doll","Apotheosis","expansioncontent:DecasProtection","Guardian:Gem_Cyan","Guardian:FloatingOrbs","Guardian:TimeCapacitor","Guardian:ShieldCharger","Guardian:BaubleBeam","CaptainsWheel","Toy Ornithopter","PrismaticShard","Mayhem","StoneCalendar","Pantograph","Orrery","Turnip","Nunchaku","Cauldron","Secret Technique","Guardian:StasisStrike","TheAbacus","Bag of Marbles","Shuriken","Guardian:Planning","Strength Potion","hexamod:EctoCoolerPotion","Fire Potion","Whetstone","Strawberry","HandDrill","Lantern","MealTicket","Sling"],"campfire_rested":0,"item_purchase_floors":[3,3,3,3,3,3,3,3,3,12,12,12,12,12,12,12,13,13,13,13,13,13,13,20,20,20,28,28,28,28,28,31,31,31,31,37,37,37,37,37,37,45,45,45],"current_hp_per_floor":[88,88,88,88,88,77,77,77,39,39,39,38,28,22,18,26,88,88,88,78,78,78,78,78,78,62,62,50,50,50,51,53,72,88,88,88,72,71,71,73,73,75,87,85,85,68,70,78,77,95],"gold":27222,"neow_bonus":"TEN_PERCENT_HP_BONUS","is_daily":false,"chose_seed":false,"campfire_upgraded":8,"win_rate":0.0,"timestamp":1607976755,"path_taken":["R","?","$","R","?","?","T","R","E","M","M","$","$","M","M","BOSS","R","?","$","R","?","M","T","M","E","R","$","M","?","$","M","BOSS","R","M","$","M","R","?","T","M","R","E","?","M","?","M","M","BOSS"],"items_purchased_type":["Potion","Card","Card","Card","Card","Relic","Relic","Relic","Card","Relic","Relic","Relic","Card","Card","Card","Card","Card","Card","Card","Relic","Relic","Relic","Card","Relic","Relic","Relic","Relic","Relic","Relic","Card","Card","Relic","Relic","Relic","Card","Potion","Potion","Potion","Relic","Relic","Relic","Relic","Relic","Relic"],"build_version":"2020-12-13","purchased_purges":8,"victory":true,"max_hp_per_floor":[88,88,88,88,88,88,88,88,88,88,88,88,88,88,88,88,88,88,88,88,88,88,88,88,88,88,88,88,88,88,88,88,88,88,88,88,95,95,95,95,95,95,95,95,95,95,95,95,95,95],"card_choices":[{"not_picked":["Guardian:ChargeCore","Guardian:ShieldCharger"],"picked":"Guardian:TemporalStrike","floor":3},{"not_picked":["Guardian:FloatingOrbs","Guardian:TemporalStrike"],"picked":"Guardian:SpikerProtocol","floor":6},{"not_picked":["Guardian:Reroute","Guardian:FastForward"],"picked":"Guardian:ChargeUp","floor":9},{"not_picked":["Guardian:CrystalBeam","Guardian:TemporalStrike"],"picked":"Guardian:Gem_White","floor":10},{"not_picked":["Guardian:ShieldCharger","Guardian:MultiBeam"],"picked":"Guardian:FastForward","floor":11},{"not_picked":["Guardian:CrystalBeam","Guardian:Repulse"],"picked":"Guardian:ChargeCore","floor":12},{"not_picked":["Guardian:TemporalShield","Guardian:RefractedBeam","Guardian:Preprogram"],"picked":"SKIP","floor":13},{"not_picked":["Pommel Strike","Prepared","Barrage"],"picked":"SKIP","floor":14},{"not_picked":["champ:Encircle","sneckomod:Unknown1Cost","Bane"],"picked":"SKIP","floor":15},{"not_picked":["Redo","Heel Hook+1","Guardian:ShieldCharger+1"],"picked":"SKIP","floor":20},{"not_picked":["sneckomod:UnknownClassBLUE","Slimebound:SplitAcid","Halt+1"],"picked":"SKIP","floor":23},{"not_picked":["sneckomod:DiceBlock","Dagger Spray+1","hexamod:HauntingEcho"],"picked":"SKIP","floor":25},{"not_picked":["Battle Trance","Slimebound:ForwardTackle"],"picked":"Infinite Blades","floor":26},{"not_picked":["ThirdEye+1","Guardian:PolyBeam","Cleave"],"picked":"SKIP","floor":28},{"not_picked":["Deadly Poison+1","sneckomod:UnknownClassTHE_CHAMP_GRAY","Guardian:ShieldCharger"],"picked":"SKIP","floor":29},{"not_picked":["Sword Boomerang","Slimebound:GoopSpray","Guardian:MultiBeam"],"picked":"SKIP","floor":31},{"not_picked":["Combust","Double Energy","Weave"],"picked":"SKIP","floor":32},{"not_picked":["Leap+1","Go for the Eyes","Slimebound:RollThrough+1"],"picked":"SKIP","floor":36},{"not_picked":["Shrug It Off","Slimebound:Schlurp","champ:CheapShot"],"picked":"SKIP","floor":37},{"not_picked":["Slimebound:Prepare","Slice","Rage"],"picked":"SKIP","floor":38},{"not_picked":["hexamod:SoulSteal+1","FlurryOfBlows+1","Slimebound:DivideAndConquer"],"picked":"SKIP","floor":42},{"not_picked":["sneckomod:SnekBeam","Scrape","Thunderclap+1"],"picked":"SKIP","floor":44},{"not_picked":["Clothesline+1","Twin Strike"],"picked":"sneckomod:UnknownUncommonAttack+1","floor":46},{"not_picked":["JustLucky+1","expansioncontent:YouAreMine","Coolheaded"],"picked":"SKIP","floor":47},{"not_picked":["EmptyFist+1","Guardian:CrystalBeam+1","Rainbow"],"picked":"SKIP","floor":48},{"not_picked":["Slimebound:DisruptingSlam","Cold Snap+1","sneckomod:DiceCrush"],"picked":"SKIP","floor":49}],"player_experience":125358,"relics_obtained":[{"floor":9,"key":"PreservedInsect"},{"floor":22,"key":"Potion Belt"},{"floor":24,"key":"Blue Candle"},{"floor":26,"key":"MawBank"},{"floor":30,"key":"Blood Vial"},{"floor":40,"key":"White Beast Statue"},{"floor":41,"key":"Eternal Feather"},{"floor":44,"key":"Pocketwatch"}],"event_choices":[{"damage_healed":0,"gold_gain":0,"player_choice":"Upgraded","damage_taken":0,"max_hp_gain":0,"max_hp_loss":0,"event_name":"Upgrade Shrine","floor":5,"gold_loss":0,"cards_upgraded":["expansioncontent:Collect"]},{"damage_healed":0,"gold_gain":0,"player_choice":"Stole Relic","damage_taken":0,"relics_obtained":["InkBottle"],"max_hp_gain":0,"max_hp_loss":0,"event_name":"Addict","floor":19,"gold_loss":0,"cards_obtained":["Shame"]}],"is_beta":false,"boss_relics":[{"not_picked":["Pandora\u0027s Box","Snecko Eye"],"picked":"Guardian:ModeShifterPlus"},{"not_picked":["Cursed Key","Guardian:StasisSlotReductionRelic"],"picked":"Philosopher\u0027s Stone"}],"items_purged_floors":[3,12,13,20,28,31,37,45],"is_endless":false,"potions_floor_spawned":[6,14,16,26,32,33,42,44,46,47,48,49],"ascension_level":0}}