{"host":"15dd7v8o90xso62x","time":1607939855,"event":{"mods":["BaseMod","Minty Spire (QoL Compilation)","Quick Restart","StSLib"],"gold_per_floor":[115,127,144,155,155,155,194,215,241,253,265,277,309,340,352,364,364],"floor_reached":16,"playtime":553,"items_purged":[],"score":172,"play_id":"ead707af-99b4-4dcb-94cd-b6c2a3b30ada","local_time":"20201214185735","is_ascension_mode":true,"campfire_choices":[{"data":"Zap","floor":6.0,"key":"SMITH"},{"floor":10.0,"key":"REST"},{"data":"Dualcast","floor":12.0,"key":"SMITH"},{"data":"Tempest","floor":15,"key":"SMITH"}],"circlet_count":0,"master_deck":["AscendersBane","Strike_B","Strike_B","Strike_B","Defend_B","Defend_B","Defend_B","Defend_B","Zap+1","Dualcast+1","Tempest+1","BootSequence","Turbo","Stack","Conserve Battery","Multi-Cast","Rebound","Cold Snap"],"relics":["Cracked Core","Golden Idol","CaptainsWheel","MawBank"],"acts_visited":["Exordium"],"potions_floor_usage":[],"damage_taken":[{"damage":7.0,"enemies":"Small Slimes","floor":1.0,"turns":3.0},{"damage":0.0,"enemies":"2 Louse","floor":2.0,"turns":2.0},{"damage":0.0,"enemies":"Jaw Worm","floor":3.0,"turns":3.0},{"damage":7.0,"enemies":"Exordium Thugs","floor":4.0,"turns":4.0},{"damage":18.0,"enemies":"3 Sentries","floor":7.0,"turns":8.0},{"damage":5.0,"enemies":"Large Slime","floor":8.0,"turns":7.0},{"damage":0.0,"enemies":"3 Louse","floor":13.0,"turns":3.0},{"damage":18.0,"enemies":"Gremlin Gang","floor":14.0,"turns":4.0},{"damage":5,"enemies":"Hexaghost","floor":16,"turns":7}],"seed_played":"3792477101278187272","potions_obtained":[{"floor":1.0,"key":"SpeedPotion"},{"floor":13.0,"key":"SpeedPotion"},{"floor":14.0,"key":"Energy Potion"}],"is_trial":false,"path_per_floor":["M","M","M","M","?","R","E","M","T","R","?","R","M","M","R","B"],"character_chosen":"DEFECT","items_purchased":[],"campfire_rested":1,"item_purchase_floors":[],"current_hp_per_floor":[61,61,61,54,36,36,18,13,13,35,28,28,28,10,10,5,5],"gold":364,"neow_bonus":"THREE_CARDS","is_daily":false,"chose_seed":false,"campfire_upgraded":3,"win_rate":0.0,"timestamp":1607939855,"path_taken":["M","M","M","M","?","R","E","M","T","R","?","R","M","M","R","BOSS"],"items_purchased_type":[],"build_version":"2020-12-13","purchased_purges":0,"victory":false,"max_hp_per_floor":[75,75,75,75,75,75,75,75,75,75,75,75,75,75,75,75,75],"card_choices":[{"not_picked":["Loop","Redo"],"picked":"Tempest","floor":0.0},{"not_picked":["Steam","Streamline"],"picked":"BootSequence","floor":1.0},{"not_picked":["Go for the Eyes","Leap"],"picked":"Turbo","floor":2.0},{"not_picked":["Scrape","Rip and Tear"],"picked":"Stack","floor":3.0},{"not_picked":["Darkness","Aggregate"],"picked":"Conserve Battery","floor":4.0},{"not_picked":["Beam Cell","Stack"],"picked":"Multi-Cast","floor":7.0},{"not_picked":["Streamline","Sweeping Beam"],"picked":"Rebound","floor":8.0},{"not_picked":["Compile Driver","Sweeping Beam"],"picked":"Cold Snap","floor":13.0},{"not_picked":["Barrage","Conserve Battery","Redo"],"picked":"SKIP","floor":14.0}],"player_experience":900934,"relics_obtained":[{"floor":7.0,"key":"CaptainsWheel"},{"floor":9.0,"key":"MawBank"}],"event_choices":[{"damage_healed":0.0,"max_hp_gain":0.0,"max_hp_loss":0.0,"gold_gain":0.0,"event_name":"Golden Idol","player_choice":"Take Damage","floor":5.0,"gold_loss":0.0,"damage_taken":18.0,"relics_obtained":["Golden Idol"]},{"cards_removed":["Strike_B"],"damage_healed":0.0,"max_hp_gain":0.0,"max_hp_loss":0.0,"gold_gain":0.0,"event_name":"Golden Wing","player_choice":"Card Removal","floor":11.0,"gold_loss":0.0,"damage_taken":7.0}],"is_beta":false,"boss_relics":[],"items_purged_floors":[],"is_endless":false,"potions_floor_spawned":[1,13,14],"killed_by":"Hexaghost","ascension_level":13}}