{"host":"89frlrzg3lfsymiq","time":1607976525,"event":{"mods":["2.2 Compatiblity","AchievementEnabler","Aspiration","BaseMod","Better Altar","Better Match","Better Note","Better Sensory Stone","Better Skull","Better Third Choice","Conspire","Downfall","GifTheSpireLib","Halation","Highlight Path","Hubris","Minty Spire (QoL Compilation)","Permanent Neow","Quick Restart","StSLib","The Blue Laboratory","The Cursed","The Jungle","The Necromancer","The Runesmith"],"gold_per_floor":[117,129,304,322,322,322,356,376,376,402,402,402,402,419,419,524,524,536,178,193,468,487,514,514,529,553,571,481,496,496,242,242,341,341,361,361,282,294,4,37,37,47,70,101,112,137,153,153,153,153,153,153,11,11,11,11],"floor_reached":55,"playtime":3195,"items_purged":[],"score":862,"play_id":"850726ed-0de8-46f6-b881-9f8f53279e5a","local_time":"20201214150845","is_ascension_mode":false,"campfire_choices":[{"data":"Intimidate","floor":6.0,"key":"SMITH"},{"floor":11.0,"key":"REST"},{"data":"conspire:ExplosiveBarrier","floor":13.0,"key":"SMITH"},{"floor":15.0,"key":"REST"},{"floor":24.0,"key":"REST"},{"data":"Barricade","floor":32.0,"key":"SMITH"},{"floor":41.0,"key":"RECALL"},{"data":"Apotheosis","floor":49.0,"key":"SMITH"},{"data":"Searing Blow","floor":52.0,"key":"SMITH"},{"data":"Rupture","floor":54.0,"key":"SMITH"}],"circlet_count":0,"master_deck":["Strike_R+1","Strike_R","Strike_R+1","Strike_R","Defend_R","Defend_R","Defend_R","Defend_R","Bash+1","Anger","Cleave","Intimidate+1","Anger","conspire:ExplosiveBarrier+1","Barricade+1","Shrug It Off","Flame Barrier+1","Master of Strategy","conspire:ExplosiveBarrier+1","Shockwave+1","Warcry+1","Havoc+1","Power Through","expansioncontent:DashGenerateEvil+1","conspire:ExplosiveBarrier","Metallicize","Seeing Red+1","Searing Blow+1","Feed","Combust+1","Metallicize+1","Evolve+1","Armaments+1","Evolve+1","Apotheosis+1","Havoc+1","Barricade","Uppercut+1","Uppercut","Seeing Red","Spot Weakness+1","Rupture+1"],"relics":["Burning Blood","aspiration:Nostalgia","Ring of the Snake","halation:SelfBoilingWater","Letter Opener","Sundial","hubris:CrackedHourglass","Membership Card","Bag of Preparation","Orichalcum","Whetstone","halation:Diary","War Paint","Bird Faced Urn","Frozen Eye","halation:Thesaurus","hubris:HollowSoul","Pear","Nunchaku","MealTicket","Bottled Tornado","halation:Komachan"],"acts_visited":["Exordium","TheCity","TheBeyond","TheEnding"],"potions_floor_usage":[],"damage_taken":[{"damage":0.0,"enemies":"Small Slimes","floor":1.0,"turns":3.0},{"damage":0.0,"enemies":"2 Louse","floor":2.0,"turns":2.0},{"damage":0.0,"enemies":"Cultist","floor":4.0,"turns":2.0},{"damage":48.0,"enemies":"3 Sentries","floor":7.0,"turns":9.0},{"damage":11.0,"enemies":"3 Louse","floor":8.0,"turns":4.0},{"damage":14.0,"enemies":"Lagavulin","floor":10.0,"turns":4.0},{"damage":7.0,"enemies":"Looter","floor":14.0,"turns":3.0},{"damage":50.0,"enemies":"Hexaghost","floor":16.0,"turns":8.0},{"damage":0.0,"enemies":"Chosen","floor":18.0,"turns":5.0},{"damage":12.0,"enemies":"2 Thieves","floor":20.0,"turns":4.0},{"damage":20.0,"enemies":"Centurion and Healer","floor":22.0,"turns":6.0},{"damage":33.0,"enemies":"Book of Stabbing","floor":23.0,"turns":6.0},{"damage":3.0,"enemies":"Snecko","floor":25.0,"turns":4.0},{"damage":17.0,"enemies":"Snake Plant","floor":27.0,"turns":6.0},{"damage":3.0,"enemies":"conspire:HollyBat","floor":29.0,"turns":6.0},{"damage":0.0,"enemies":"conspire:MysteriousRune","floor":33.0,"turns":12.0},{"damage":1.0,"enemies":"Orb Walker","floor":35.0,"turns":2.0},{"damage":4.0,"enemies":"3 Darklings","floor":38.0,"turns":5.0},{"damage":16.0,"enemies":"Nemesis","floor":40.0,"turns":7.0},{"damage":16.0,"enemies":"Sphere and 2 Shapes","floor":42.0,"turns":5.0},{"damage":8.0,"enemies":"Reptomancer","floor":44.0,"turns":8.0},{"damage":2.0,"enemies":"Spire Growth","floor":45.0,"turns":7.0},{"damage":8.0,"enemies":"Giant Head","floor":46.0,"turns":10.0},{"damage":0.0,"enemies":"Transient","floor":47.0,"turns":5.0},{"damage":51.0,"enemies":"Donu and Deca","floor":50.0,"turns":8.0},{"damage":18,"enemies":"The Heart","floor":55,"turns":2}],"seed_played":"8186683633835596540","potions_obtained":[{"floor":2.0,"key":"blueLaboratory:BottleOfRum"},{"floor":7.0,"key":"Dexterity Potion"},{"floor":8.0,"key":"blueLaboratory:RememoryPotion"},{"floor":14.0,"key":"SmokeBomb"},{"floor":16.0,"key":"blueLaboratory:SavagePotion"},{"floor":18.0,"key":"AttackPotion"},{"floor":20.0,"key":"Guardian:BlockOnCardUsePotion"},{"floor":38.0,"key":"blueLaboratory:PhilterOfMotion"},{"floor":47.0,"key":"Explosive Potion"}],"is_trial":false,"path_per_floor":["M","M","?","M","?","R","E","M","T","E","R","?","R","M","R","B",null,"M","$","M","?","M","E","R","M","T","M","?","M","?","$","R","B",null,"M","?","$","M","$","E","R","M","T","E","M","E","M","?","R","B",null,"R","$","R","B"],"character_chosen":"IRONCLAD","items_purchased":["Membership Card","Bag of Preparation","Flame Barrier","Master of Strategy","halation:Diary","conspire:ExplosiveBarrier","Metallicize","Seeing Red","Searing Blow","War Paint","Frozen Eye","Apotheosis","halation:Thesaurus","Pear","halation:Komachan","blueLaboratory:IronCompound","Rupture"],"campfire_rested":3,"item_purchase_floors":[19,19,19,19,31,31,31,31,31,31,37,39,39,39,53,53,53],"current_hp_per_floor":[80,80,80,80,80,80,38,33,33,25,49,49,49,48,72,28,80,80,80,74,74,60,33,57,60,60,49,49,52,52,52,52,58,80,80,80,80,80,90,93,93,88,88,94,94,94,94,89,89,50,89,89,89,89,0,0],"gold":11,"neow_bonus":"NOSTALGIA","is_daily":false,"chose_seed":false,"campfire_upgraded":6,"win_rate":0.0,"timestamp":1607976525,"path_taken":["M","M","?","M","?","R","E","M","T","E","R","?","R","M","R","BOSS","M","$","M","?","M","E","R","M","T","M","?","M","?","$","R","BOSS","M","?","?","M","$","E","R","M","T","E","M","E","M","?","R","BOSS","R","$","R","BOSS"],"items_purchased_type":["Relic","Relic","Card","Card","Relic","Card","Card","Card","Card","Relic","Relic","Card","Relic","Relic","Relic","Potion","Card"],"build_version":"2020-12-13","purchased_purges":0,"victory":false,"max_hp_per_floor":[80,80,80,80,80,80,80,80,80,80,80,80,80,80,80,80,80,80,80,80,80,80,80,80,80,80,80,80,80,80,80,80,80,80,80,80,80,80,90,94,94,94,94,94,94,94,94,89,89,89,89,89,89,89,89,89],"card_choices":[{"not_picked":["Headbutt","Armaments"],"picked":"Anger","floor":1.0},{"not_picked":["Clothesline","Combust"],"picked":"Cleave","floor":2.0},{"not_picked":["Twin Strike","Hemokinesis"],"picked":"Intimidate","floor":4.0},{"not_picked":["Body Slam","Rage"],"picked":"Anger","floor":7.0},{"not_picked":["Body Slam","Dropkick","Immolate"],"picked":"SKIP","floor":8.0},{"not_picked":["Body Slam","Dropkick","Immolate"],"picked":"SKIP","floor":8.0},{"not_picked":["True Grit","Body Slam"],"picked":"conspire:ExplosiveBarrier","floor":10.0},{"not_picked":["Evolve","Sword Boomerang"],"picked":"Pommel Strike","floor":14.0},{"not_picked":["Double Tap","Corruption"],"picked":"Barricade","floor":16.0},{"not_picked":["Clothesline","Power Through"],"picked":"Shrug It Off","floor":18.0},{"not_picked":["Clothesline","Dual Wield"],"picked":"conspire:ExplosiveBarrier+1","floor":20.0},{"not_picked":["True Grit+1","Armaments"],"picked":"Shockwave","floor":22.0},{"not_picked":["Flex","Clash"],"picked":"Shockwave","floor":23.0},{"not_picked":["Havoc","True Grit+1"],"picked":"Warcry+1","floor":25.0},{"not_picked":["Anger+1","Pommel Strike"],"picked":"Havoc+1","floor":27.0},{"not_picked":["True Grit","Thunderclap"],"picked":"Power Through","floor":29.0},{"not_picked":["Berserk","Bludgeon"],"picked":"Feed","floor":33.0},{"not_picked":["Pummel","Flex+1"],"picked":"Armaments+1","floor":35.0},{"not_picked":["Clash+1","Twin Strike"],"picked":"Evolve+1","floor":38.0},{"not_picked":["Headbutt+1","Cleave+1"],"picked":"Havoc+1","floor":40.0},{"not_picked":["Perfected Strike","Flex"],"picked":"Barricade","floor":42.0},{"not_picked":["Perfected Strike","Clothesline+1"],"picked":"Uppercut+1","floor":44.0},{"not_picked":["Thunderclap","Twin Strike"],"picked":"Uppercut","floor":45.0},{"not_picked":["Clothesline+1","Shrug It Off+1"],"picked":"Seeing Red","floor":46.0},{"not_picked":["Burning Pact+1","Carnage"],"picked":"Spot Weakness+1","floor":47.0}],"player_experience":199388,"relics_obtained":[{"floor":7.0,"key":"halation:SelfBoilingWater"},{"floor":9.0,"key":"Letter Opener"},{"floor":10.0,"key":"Sundial"},{"floor":23.0,"key":"Orichalcum"},{"floor":26.0,"key":"Whetstone"},{"floor":40.0,"key":"Nunchaku"},{"floor":44.0,"key":"MealTicket"},{"floor":46.0,"key":"Bottled Tornado"}],"event_choices":[{"damage_healed":0.0,"max_hp_gain":0.0,"max_hp_loss":0.0,"gold_gain":175.0,"event_name":"betterThird:BetterSerpent","player_choice":"AGREE","floor":3.0,"gold_loss":0.0,"damage_taken":129.0},{"damage_healed":0.0,"max_hp_gain":0.0,"max_hp_loss":0.0,"gold_gain":0.0,"event_name":"Living Wall","player_choice":"Grow","floor":5.0,"gold_loss":0.0,"damage_taken":0.0,"cards_upgraded":["Bash"]},{"cards_removed":["Doubt"],"damage_healed":0.0,"max_hp_gain":0.0,"max_hp_loss":0.0,"gold_gain":0.0,"event_name":"Fountain of Cleansing","player_choice":"Removed Curses","floor":12.0,"gold_loss":0.0,"damage_taken":0.0},{"damage_healed":0.0,"max_hp_gain":0.0,"max_hp_loss":0.0,"gold_gain":275.0,"event_name":"Golden Shrine","player_choice":"Desecrate","floor":21.0,"gold_loss":0.0,"damage_taken":0.0,"cards_obtained":["Regret"]},{"cards_removed":["Regret"],"damage_healed":0.0,"max_hp_gain":0.0,"max_hp_loss":0.0,"gold_gain":0.0,"event_name":"Designer","player_choice":"Upgrade and Remove","floor":28.0,"gold_loss":90.0,"damage_taken":0.0,"cards_upgraded":["Shockwave"]},{"cards_removed":["Barricade"],"damage_healed":0.0,"max_hp_gain":0.0,"max_hp_loss":0.0,"gold_gain":0.0,"event_name":"betterNote:BetterNote","player_choice":"Take \u0026 Give","floor":30.0,"gold_loss":0.0,"damage_taken":0.0,"cards_obtained":["expansioncontent:DashGenerateEvil"]},{"damage_healed":0.0,"max_hp_gain":0.0,"max_hp_loss":0.0,"gold_gain":0.0,"event_name":"WeMeetAgain","player_choice":"Gave Potion","floor":36.0,"gold_loss":0.0,"damage_taken":0.0,"relics_obtained":["Bird Faced Urn"]},{"damage_healed":0.0,"max_hp_gain":0.0,"max_hp_loss":5.0,"gold_gain":0.0,"event_name":"Winding Halls","player_choice":"Max HP","floor":48.0,"gold_loss":0.0,"damage_taken":0.0}],"is_beta":false,"boss_relics":[{"not_picked":["SlaversCollar","Coffee Dripper"],"picked":"hubris:CrackedHourglass"},{"not_picked":["conspire:RunicOctahedron","SacredBark"],"picked":"Astrolabe"}],"items_purged_floors":[],"is_endless":false,"potions_floor_spawned":[2,7,8,14,16,18,20,25,35,38,47],"killed_by":"The Heart","ascension_level":0}}