{"host":"0rxdudjy6rylha1k","time":1607960768,"event":{"mods":["Aspiration","BaseMod","Colored Map","Colored Powertips","Downfall","Highlight Path","Hubris","Minty Spire (QoL Compilation)","StSLib"],"gold_per_floor":[99,99,99,24,24,24,69,69,87,121,141,154,170,184,194,294,294,294,294,319,319,319],"floor_reached":21,"playtime":1072,"items_purged":[],"score":246,"play_id":"9c412b60-7102-4375-8bf6-d956933bc214","local_time":"20201214084608","is_ascension_mode":true,"campfire_choices":[{"floor":1,"key":"RECALL"},{"data":"sneckomod:TailWhip","floor":4,"key":"SMITH"},{"data":"sneckomod:QuickMove","floor":6,"key":"SMITH"},{"data":"sneckomod:Unknown","floor":8,"key":"SMITH"},{"data":"sneckomod:Unknown3Cost","floor":18,"key":"SMITH"}],"circlet_count":0,"master_deck":["sneckomod:Strike","sneckomod:Strike","sneckomod:Strike","sneckomod:Defend","sneckomod:Defend","sneckomod:Defend","sneckomod:TailWhip+1","sneckomod:SnekBite","sneckomod:Unknown","sneckomod:Unknown+1","expansioncontent:Flail+1","sneckomod:QuickMove+1","sneckomod:Unknown0Cost","sneckomod:Unknown0Cost","sneckomod:DiceCrush","sneckomod:UnknownClassRED","sneckomod:ImprovisedAttack","sneckomod:Unknown3Cost+1","Reprogram","sneckomod:Restock"],"relics":["sneckomod:SneckoSoul","downfall:HeartBlessingRed","sneckomod:LoadedDie","Orichalcum","aspiration:SecretTechniqueScroll","Oddly Smooth Stone"],"acts_visited":["Exordium","TheCity"],"potions_floor_usage":[11,11,16,16,20],"damage_taken":[{"damage":0,"enemies":"Cultist","floor":5,"turns":1},{"damage":7,"enemies":"Jaw Worm","floor":9,"turns":3},{"damage":6,"enemies":"Gremlin Nob","floor":10,"turns":3},{"damage":0,"enemies":"2 Louse","floor":11,"turns":3},{"damage":1,"enemies":"2 Fungi Beasts","floor":12,"turns":3},{"damage":0,"enemies":"3 Louse","floor":13,"turns":1},{"damage":0,"enemies":"Blue Slaver","floor":14,"turns":2},{"damage":2,"enemies":"Exordium Thugs","floor":15,"turns":3},{"damage":27,"enemies":"downfall:Watcher","floor":16,"turns":6},{"damage":49,"enemies":"Book of Stabbing","floor":20,"turns":6},{"damage":39,"enemies":"3 Byrds","floor":21,"turns":3}],"seed_played":"-8798937032375056788","potions_obtained":[{"floor":9,"key":"Energy Potion"},{"floor":10,"key":"EssenceOfSteel"},{"floor":13,"key":"BlessingOfTheForge"},{"floor":15,"key":"sneckomod:MuddlingPotion"},{"floor":16,"key":"DuplicationPotion"}],"is_trial":false,"path_per_floor":["R","?","?","R","M","R","T","R","M","E","M","M","M","M","M","B",null,"R","?","E","M"],"character_chosen":"THE_SNECKO","items_purchased":[],"campfire_rested":0,"item_purchase_floors":[],"current_hp_per_floor":[90,90,90,90,90,90,90,90,84,79,79,78,78,79,77,51,83,83,83,38,0,0],"gold":319,"neow_bonus":"RANDOM_COLORLESS","is_daily":false,"chose_seed":false,"campfire_upgraded":4,"win_rate":0.0,"timestamp":1607960768,"path_taken":["R","?","?","R","?","R","T","R","M","E","M","M","M","M","M","BOSS","R","?","E","M"],"items_purchased_type":[],"build_version":"2020-12-13","purchased_purges":0,"victory":false,"max_hp_per_floor":[90,90,90,90,90,90,90,90,91,92,92,92,92,93,93,94,94,94,94,94,94,94],"card_choices":[{"not_picked":["expansioncontent:DarkVoid","Purity"],"picked":"expansioncontent:Flail","floor":0},{"not_picked":["sneckomod:UnknownBlock","sneckomod:DiceBlock"],"picked":"sneckomod:QuickMove","floor":5},{"not_picked":["sneckomod:RainOfDice","sneckomod:UnknownBlock"],"picked":"sneckomod:Unknown0Cost","floor":9},{"not_picked":["sneckomod:UnknownUncommonAttack","sneckomod:UnknownClassBLUE"],"picked":"sneckomod:Unknown0Cost","floor":10},{"not_picked":["sneckomod:UnknownStrike","sneckomod:UnknownCommonAttack","sneckomod:UnknownCommonSkill"],"picked":"SKIP","floor":11},{"not_picked":["sneckomod:UnknownBlock","sneckomod:UnknownCommonAttack","sneckomod:DiceBlock"],"picked":"SKIP","floor":12},{"not_picked":["sneckomod:UnknownBlock","sneckomod:Unknown1Cost"],"picked":"sneckomod:DiceCrush","floor":13},{"not_picked":["sneckomod:RainOfDice","sneckomod:UnknownClassBLUE"],"picked":"sneckomod:UnknownClassRED","floor":14},{"not_picked":["sneckomod:UnknownVulnerable","sneckomod:Unknown1Cost"],"picked":"sneckomod:ImprovisedAttack","floor":15},{"not_picked":["sneckomod:DangerNoodle","sneckomod:GlitteringGambit"],"picked":"sneckomod:Unknown3Cost","floor":16},{"not_picked":["sneckomod:UnknownClassHEXA_GHOST_PURPLE","sneckomod:Unknown1Cost"],"picked":"sneckomod:Restock","floor":20}],"player_experience":2224997,"relics_obtained":[{"floor":7,"key":"sneckomod:LoadedDie"},{"floor":10,"key":"Orichalcum"},{"floor":20,"key":"Oddly Smooth Stone"}],"event_choices":[{"damage_healed":0,"gold_gain":0,"player_choice":"Upgraded","damage_taken":0,"max_hp_gain":0,"max_hp_loss":0,"event_name":"Upgrade Shrine","floor":3,"gold_loss":0,"cards_upgraded":["expansioncontent:Flail"]},{"damage_healed":0,"gold_gain":0,"player_choice":"Read","damage_taken":0,"max_hp_gain":0,"max_hp_loss":0,"event_name":"The Library","floor":19,"gold_loss":0,"cards_obtained":["Reprogram"]}],"is_beta":false,"boss_relics":[{"not_picked":["Empty Cage","Snecko Eye"],"picked":"aspiration:SecretTechniqueScroll"}],"items_purged_floors":[],"is_endless":false,"potions_floor_spawned":[9,10,13,15,16],"killed_by":"3 Byrds","ascension_level":5}}