{"host":"omuz9yzrsj9oc9b2","time":1607954416,"event":{"mods":["2.2 Compatiblity","BaseMod","Downfall","Minty Spire (QoL Compilation)","Replay The Spire","StSLib","The Poker Player"],"gold_per_floor":[99,111,122,122,132,132,132,57,57,57,74,74,88,99,99,115,130,227,227,227,227,11,0,12,12,12,12,39,52,63,63,63,76,76,93,103,208,208,58,58,83,138,246,246,246],"floor_reached":44,"playtime":3260,"items_purged":[],"score":498,"play_id":"299167b5-fa00-4901-a33b-f1f0adebeb99","local_time":"20201214140016","is_ascension_mode":false,"campfire_choices":[{"floor":1.0,"key":"RECALL"},{"data":"champ:ArenaPreparation","floor":8.0,"key":"SMITH"},{"data":"champ:DeathBlow","floor":12.0,"key":"SMITH"},{"data":"champ:VampiricStrike","floor":20.0,"key":"SMITH"},{"data":"champ:EndlessRage","floor":27.0,"key":"SMITH"},{"data":"champ:FocusedBerserking","floor":39,"key":"SMITH"}],"circlet_count":0,"master_deck":["champ:Defend+1","champ:Defend","champ:Defend","champ:Defend","champ:Execute+1","champ:Taunt","Bandage Up","champ:FaceSlap","champ:ArenaPreparation+1","champ:DeathBlow+1","champ:Encircle","champ:Backstep","champ:FlashCut","Regret","champ:RecklessLeap","champ:IronFortress","champ:VampiricStrike+1","Slimebound:Tackle+1","Slimebound:Tackle+1","Slimebound:Tackle+1","champ:GutPunch+1","champ:EndlessRage+1","Dark Shackles","Swift Strike","champ:BerserkerStyle+1","champ:AdrenalArmor+1","champ:PerfectForm","champ:Duel+1","champ:ShieldWall+1","champ:RecklessLeap","champ:DeathBlow","champ:FocusedBerserking+1","champ:SwordThrow","CurseOfTheBell","Writhe","champ:BerserkersShout","champ:BerserkersShout+1","champ:RecklessLeap+1"],"relics":["champ:ChampionCrown","champ:GladiatorsBookOfMartialProwess","downfall:HeartBlessingRed","Honey Jar","ReplayTheSpireMod:ShopPack","Thread and Needle","Calling Bell","Bag of Marbles","Matryoshka","FossilizedHelix","downfall:HeartBlessingBlue","downfall:HeartBlessingGreen","ReplayTheSpireMod:Ring of Collecting","ReplayTheSpireMod:Ring of Addiction","SacredBark","Toy Ornithopter","MealTicket","Bird Faced Urn","Vajra","Bottled Lightning"],"acts_visited":["Exordium","TheCity","TheBeyond"],"potions_floor_usage":[42,44],"damage_taken":[{"damage":1.0,"enemies":"Cultist","floor":2.0,"turns":4.0},{"damage":0.0,"enemies":"2 Louse","floor":3.0,"turns":3.0},{"damage":5.0,"enemies":"Small Slimes","floor":5.0,"turns":2.0},{"damage":26.0,"enemies":"3 Louse","floor":11.0,"turns":2.0},{"damage":57.0,"enemies":"Exordium Thugs","floor":13.0,"turns":3.0},{"damage":43.0,"enemies":"Large Slime","floor":14.0,"turns":3.0},{"damage":30.0,"enemies":"2 Fungi Beasts","floor":16.0,"turns":3.0},{"damage":25.0,"enemies":"3 Louse","floor":17.0,"turns":1.0},{"damage":87.0,"enemies":"downfall:Silent","floor":18.0,"turns":6.0},{"damage":46.0,"enemies":"downfall:FleeingMerchant","floor":22.0,"turns":4.0},{"damage":84.0,"enemies":"downfall:FleeingMerchant","floor":23.0,"turns":4.0},{"damage":42.0,"enemies":"Chosen","floor":24.0,"turns":3.0},{"damage":117.0,"enemies":"Gremlin Leader","floor":28.0,"turns":4.0},{"damage":126.0,"enemies":"Shelled Parasite and Fungi","floor":29.0,"turns":4.0},{"damage":69.0,"enemies":"Snake Plant","floor":30.0,"turns":2.0},{"damage":61.0,"enemies":"Sentry and Sphere","floor":33.0,"turns":4.0},{"damage":48.0,"enemies":"3 Cultists","floor":35.0,"turns":3.0},{"damage":57.0,"enemies":"Snake Plant","floor":36.0,"turns":3.0},{"damage":127.0,"enemies":"downfall:Ironclad","floor":37.0,"turns":5.0},{"damage":91,"enemies":"Nemesis","floor":41,"turns":5},{"damage":97,"enemies":"2 Orb Walkers","floor":42,"turns":4},{"damage":60,"enemies":"3 Darklings","floor":44,"turns":2}],"seed_played":"-2757737113344339434","potions_obtained":[{"floor":5.0,"key":"Toxic Potion"},{"floor":13.0,"key":"Fire Potion"},{"floor":17.0,"key":"Languid Potion"},{"floor":18.0,"key":"EntropicBrew"},{"floor":24.0,"key":"champ:OpenerPotion"},{"floor":29.0,"key":"Dexterity Potion"},{"floor":35.0,"key":"SteroidPotion"},{"floor":36.0,"key":"champ:OpenerPotion"},{"floor":37.0,"key":"BlessingOfTheForge"},{"floor":40,"key":"Regen Potion"},{"floor":40,"key":"FearPotion"},{"floor":40,"key":"SkillPotion"},{"floor":43,"key":"Energy Potion"},{"floor":43,"key":"champ:UltimateStancePotion"}],"is_trial":false,"path_per_floor":["R","M","M","?","M","?","T","R","PTL","PTL","M","R","M","M","?","M","M","B",null,"R","?","$","$","M","?","T","R","E","M","M","PTL","PTL","M","?","M","M","B",null,"R","?","E","?","?","M"],"character_chosen":"THE_CHAMP","items_purchased":["champ:EndlessRage","ReplayTheSpireMod:ShopPack"],"campfire_rested":0,"item_purchase_floors":[22,22],"current_hp_per_floor":[90,89,90,90,90,90,90,90,90,90,89,89,83,81,81,80,84,54,90,90,90,90,90,90,100,100,100,100,66,98,98,98,100,100,100,100,100,100,110,110,110,95,51,0,0],"gold":246,"neow_bonus":"RANDOM_COLORLESS","is_daily":false,"chose_seed":false,"campfire_upgraded":5,"win_rate":0.0,"timestamp":1607954416,"path_taken":["R","M","M","?","M","?","T","R","PTL","PTL","M","R","M","?","?","M","M","BOSS","R","?","$","$","M","?","T","R","E","M","?","PTL","PTL","M","?","M","M","BOSS","R","?","E","?","?","M"],"items_purchased_type":["Card","Relic"],"build_version":"2020-12-13","purchased_purges":0,"victory":false,"max_hp_per_floor":[90,90,90,90,90,90,90,90,90,90,90,90,90,90,90,90,90,90,90,90,90,90,90,90,100,100,100,100,100,100,100,100,100,100,100,100,100,100,110,110,110,110,110,110,110],"card_choices":[{"not_picked":["Specialist","ReplayTheSpireMod:Uncanny Aura"],"picked":"Bandage Up","floor":0.0},{"not_picked":["champ:AdrenalArmor","champ:CrookedStrike"],"picked":"champ:FaceSlap","floor":2.0},{"not_picked":["champ:FanOfKnives","champ:AdrenalArmor"],"picked":"champ:ArenaPreparation","floor":3.0},{"not_picked":["champ:ShieldSlam","champ:BringItOn"],"picked":"champ:Riposte","floor":5.0},{"not_picked":["champ:Haymaker","champ:FalseCounter"],"picked":"champ:Encircle","floor":11.0},{"not_picked":["champ:BladeFlurry","champ:DefensiveShout"],"picked":"champ:Backstep","floor":13.0},{"not_picked":["champ:CrookedStrike","champ:Circumvent"],"picked":"champ:FlashCut","floor":14.0},{"not_picked":["champ:FightOn","champ:DefensiveStyle"],"picked":"champ:RecklessLeap","floor":16.0},{"not_picked":["champ:SkillfulDodge","champ:PerfectedStrike"],"picked":"champ:IronFortress","floor":17.0},{"not_picked":["champ:SwordThrow","champ:MurderStrike"],"picked":"champ:VampiricStrike","floor":18.0},{"not_picked":["champ:RisingSlash","champ:HeavySlash","champ:TornadoPunch"],"picked":"champ:GutPunch+1","floor":22.0},{"not_picked":["ReplayTheSpireMod:Brewmster","expansioncontent:Corrupt","Chrysalis"],"picked":"expansioncontent:QuickStudy","floor":22.0},{"not_picked":["Replay:SS_forest_2","expansioncontent:ChargeUp","expansioncontent:SlimeTackle"],"picked":"Dark Shackles","floor":22.0},{"not_picked":["Replay:SS_hec_4","expansioncontent:SlimeTackle","expansioncontent:Hexaburn"],"picked":"Swift Strike","floor":22.0},{"not_picked":["champ:BerserkersShout","champ:FightOn","champ:StanceDance"],"picked":"champ:BerserkerStyle+1","floor":23.0},{"not_picked":["champ:CheapShot","champ:BringItOn","champ:ViciousMockery"],"picked":"champ:AdrenalArmor+1","floor":24.0},{"not_picked":["champ:CalledShot","champ:GladiatorsShout","champ:BringItOn"],"picked":"champ:PerfectForm","floor":28.0},{"not_picked":["champ:StanceDance","champ:Riposte+1","champ:CrookedStrike+1"],"picked":"champ:Duel+1","floor":29.0},{"not_picked":["champ:EnGarde","champ:TornadoPunch","champ:BerserkersShout"],"picked":"champ:ShieldWall+1","floor":30.0},{"not_picked":["champ:Duel+1","champ:TornadoPunch+1","champ:FlashCut"],"picked":"champ:RecklessLeap","floor":33.0},{"not_picked":["champ:GladiatorStyle","champ:GladiatorsShout","champ:ViciousMockery"],"picked":"champ:DeathBlow","floor":35.0},{"not_picked":["champ:HeartStrike","champ:FocusedGladiator","champ:Backstep"],"picked":"champ:FocusedBerserking","floor":36.0},{"not_picked":["champ:ShieldSlam","champ:DancingMaster","champ:StrikeOfGenius"],"picked":"champ:SwordThrow","floor":37.0},{"not_picked":["champ:PerfectedStrike","champ:HeartStrike","champ:SkillfulDodge"],"picked":"champ:BerserkersShout","floor":41},{"not_picked":["champ:CrookedStrike","champ:DefensiveShout","champ:FlashCut+1"],"picked":"champ:BerserkersShout+1","floor":43},{"not_picked":["champ:FanOfKnives","champ:Riposte","champ:Encircle"],"picked":"champ:RecklessLeap+1","floor":43}],"player_experience":237901,"relics_obtained":[{"floor":7.0,"key":"champ:GladiatorsBookOfMartialProwess"},{"floor":28.0,"key":"Thread and Needle"},{"floor":38,"key":"Bag of Marbles"},{"floor":38,"key":"Matryoshka"},{"floor":38,"key":"FossilizedHelix"},{"floor":40,"key":"ReplayTheSpireMod:Ring of Collecting"},{"floor":40,"key":"ReplayTheSpireMod:Ring of Addiction"},{"floor":40,"key":"SacredBark"},{"floor":40,"key":"Toy Ornithopter"},{"floor":41,"key":"MealTicket"},{"floor":42,"key":"Bird Faced Urn"},{"floor":43,"key":"Vajra"},{"floor":43,"key":"Bottled Lightning"}],"event_choices":[{"damage_healed":0.0,"max_hp_gain":0.0,"max_hp_loss":0.0,"gold_gain":0.0,"cards_transformed":["champ:Strike"],"event_name":"Transmorgrifier","player_choice":"Transformed","floor":6.0,"gold_loss":0.0,"damage_taken":0.0,"cards_obtained":["champ:DeathBlow"]},{"cards_removed":["expansioncontent:QuickStudy"],"damage_healed":0.0,"max_hp_gain":10.0,"max_hp_loss":0.0,"gold_gain":0.0,"event_name":"Bonfire Elementals","player_choice":"Offered Rare","floor":25.0,"gold_loss":0.0,"damage_taken":0.0},{"damage_healed":0,"gold_gain":0,"player_choice":"Fight","damage_taken":0,"max_hp_gain":0,"max_hp_loss":0,"event_name":"Mysterious Sphere","floor":42,"gold_loss":0}],"is_beta":false,"boss_relics":[{"not_picked":["Painkiller Herb","Tiny House"],"picked":"Honey Jar"},{"not_picked":["Astrolabe","SacredBark"],"picked":"Calling Bell"}],"items_purged_floors":[],"is_endless":false,"potions_floor_spawned":[5,13,17,18,24,29,35,36,37],"killed_by":"3 Darklings","ascension_level":0}}