{"host":"p9t7qd83igtcp2bh","time":1607927297,"event":{"mods":["2.2 Compatiblity","AchievementEnabler","BaseMod","Colored Map","Colored Powertips","Custom Start","DeckTracker","Keyboard Shortcuts","Minty Spire (QoL Compilation)","Permanent Neow","Spicy Shops","StSLib","SuperFastMode","everything is the same but u backflip on backflip"],"gold_per_floor":[117,117,127,138,138,163,163,201,226,226,250,26,51,76,76,184,184,196,230,251,251,279,279,299,334,358,358,358,358],"floor_reached":28,"playtime":785,"items_purged":[],"score":263,"play_id":"318e7d9f-facb-4b6e-bd47-a5a02724c877","local_time":"20201214152817","is_ascension_mode":true,"campfire_choices":[{"data":"Magnetism","floor":10.0,"key":"SMITH"},{"floor":15.0,"key":"REST"},{"floor":23.0,"key":"REST"},{"floor":27.0,"key":"REST"}],"circlet_count":0,"master_deck":["Strike_R+1","Strike_R+1","Strike_R+1","Strike_R+1","Strike_R+1","Defend_R+1","Defend_R+1","Defend_R+1","Defend_R+1","Bash","Magnetism+1","Perfected Strike+1","Pummel","Pommel Strike","Second Wind","Pommel Strike","Evolve","Perfected Strike","Corruption","Shrug It Off","Inflame"],"relics":["Burning Blood","Potion Belt","Ancient Tea Set","CeramicFish","Smiling Mask","Membership Card","OrangePellets","SacredBark","Red Mask","Shuriken","Tiny Chest"],"acts_visited":["Exordium","TheCity"],"potions_floor_usage":[],"damage_taken":[{"damage":8.0,"enemies":"Small Slimes","floor":1.0,"turns":4.0},{"damage":0.0,"enemies":"2 Louse","floor":3.0,"turns":3.0},{"damage":8.0,"enemies":"Jaw Worm","floor":4.0,"turns":4.0},{"damage":44.0,"enemies":"Lagavulin","floor":6.0,"turns":6.0},{"damage":14.0,"enemies":"Gremlin Nob","floor":8.0,"turns":3.0},{"damage":0.0,"enemies":"Looter","floor":11.0,"turns":2.0},{"damage":0.0,"enemies":"3 Louse","floor":13.0,"turns":4.0},{"damage":11.0,"enemies":"Exordium Wildlife","floor":14.0,"turns":3.0},{"damage":36.0,"enemies":"Hexaghost","floor":16.0,"turns":11.0},{"damage":22.0,"enemies":"Spheric Guardian","floor":18.0,"turns":4.0},{"damage":25.0,"enemies":"Masked Bandits","floor":19.0,"turns":5.0},{"damage":28.0,"enemies":"3 Byrds","floor":20.0,"turns":7.0},{"damage":3.0,"enemies":"Cultist and Chosen","floor":22.0,"turns":7.0},{"damage":15.0,"enemies":"Snecko","floor":24.0,"turns":4.0},{"damage":24.0,"enemies":"Book of Stabbing","floor":25.0,"turns":5.0},{"damage":31,"enemies":"Gremlin Leader","floor":28,"turns":5}],"seed_played":"7832096555386282415","potions_obtained":[{"floor":1.0,"key":"AttackPotion"},{"floor":6.0,"key":"AttackPotion"},{"floor":8.0,"key":"GamblersBrew"},{"floor":20.0,"key":"Block Potion"},{"floor":24.0,"key":"LiquidBronze"}],"is_trial":false,"path_per_floor":["M","?","M","M","$","E","?","E","T","R","M","$","M","M","R","B",null,"M","?","M","?","M","R","M","E","T","R","E"],"character_chosen":"IRONCLAD","items_purchased":["Membership Card","OrangePellets"],"campfire_rested":3,"item_purchase_floors":[12,12],"current_hp_per_floor":[70,70,72,70,70,32,20,12,12,12,18,18,24,19,40,10,72,56,37,15,15,18,39,30,12,12,33,2,2],"gold":358,"neow_bonus":"RANDOM_COLORLESS_2","is_daily":false,"chose_seed":false,"campfire_upgraded":1,"win_rate":0.0,"timestamp":1607927297,"path_taken":["M","?","M","M","$","E","?","E","T","R","M","$","M","?","R","BOSS","M","?","M","?","M","R","M","E","T","R","E"],"items_purchased_type":["Relic","Relic"],"build_version":"2020-12-13","purchased_purges":0,"victory":false,"max_hp_per_floor":[72,72,72,72,72,72,72,72,72,72,72,72,72,72,72,72,72,72,72,72,72,72,72,72,72,72,72,72,72],"card_choices":[{"not_picked":["Metamorphosis","Panache"],"picked":"Magnetism","floor":0.0},{"not_picked":["Sword Boomerang","Second Wind"],"picked":"Perfected Strike","floor":1.0},{"not_picked":["Sword Boomerang","Power Through"],"picked":"Pummel","floor":3.0},{"not_picked":["Clash","Carnage","Body Slam"],"picked":"SKIP","floor":4.0},{"not_picked":["Anger","Wild Strike"],"picked":"Pommel Strike","floor":6.0},{"not_picked":["Ghostly Armor","Body Slam"],"picked":"Second Wind","floor":8.0},{"not_picked":["Wild Strike","Headbutt"],"picked":"Pommel Strike","floor":11.0},{"not_picked":["Flame Barrier","Flex"],"picked":"Evolve","floor":13.0},{"not_picked":["Sword Boomerang","Seeing Red"],"picked":"Perfected Strike","floor":14.0},{"not_picked":["Exhume","Barricade"],"picked":"Corruption","floor":16.0},{"not_picked":["Warcry+1","Sword Boomerang+1","Anger+1"],"picked":"SKIP","floor":18.0},{"not_picked":["Body Slam","Spot Weakness"],"picked":"Shrug It Off","floor":20.0},{"not_picked":["Burning Pact","Thunderclap+1"],"picked":"Inflame","floor":22.0},{"not_picked":["Clash","Clothesline+1","Sword Boomerang"],"picked":"SKIP","floor":24.0},{"not_picked":["Bludgeon","Flex+1","Thunderclap"],"picked":"SKIP","floor":25.0}],"player_experience":549407,"relics_obtained":[{"floor":6.0,"key":"Potion Belt"},{"floor":8.0,"key":"CeramicFish"},{"floor":9.0,"key":"Smiling Mask"},{"floor":19.0,"key":"Red Mask"},{"floor":25.0,"key":"Shuriken"},{"floor":26.0,"key":"Tiny Chest"}],"event_choices":[{"damage_healed":0.0,"max_hp_gain":0.0,"max_hp_loss":0.0,"gold_gain":0.0,"event_name":"Living Wall","player_choice":"Grow","floor":2.0,"gold_loss":0.0,"damage_taken":0.0,"cards_upgraded":["Perfected Strike"]},{"damage_healed":0.0,"max_hp_gain":0.0,"max_hp_loss":0.0,"gold_gain":0.0,"event_name":"Scrap Ooze","player_choice":"Success","floor":7.0,"gold_loss":0.0,"damage_taken":12.0,"relics_obtained":["Ancient Tea Set"]},{"damage_healed":0.0,"max_hp_gain":0.0,"max_hp_loss":0.0,"gold_gain":0.0,"event_name":"Masked Bandits","player_choice":"Fought Bandits","floor":19.0,"gold_loss":0.0,"damage_taken":0.0},{"damage_healed":0.0,"max_hp_gain":0.0,"max_hp_loss":0.0,"gold_gain":0.0,"event_name":"Back to Basics","player_choice":"Simplicity","floor":21.0,"gold_loss":0.0,"damage_taken":0.0,"cards_upgraded":["Strike_R","Strike_R","Strike_R","Strike_R","Strike_R","Defend_R","Defend_R","Defend_R","Defend_R"]}],"is_beta":false,"boss_relics":[{"not_picked":["Runic Dome","Astrolabe"],"picked":"SacredBark"}],"items_purged_floors":[],"is_endless":false,"potions_floor_spawned":[1,6,8,20,24],"killed_by":"Gremlin Leader","ascension_level":1}}