{"host":"dqb1u8il4zhvmj32","time":1607912226,"event":{"mods":["BaseMod","Googly Eyes","Minty Spire (QoL Compilation)"],"gold_per_floor":[119,119,119,136,136,165,182,182,182,182,195,225,245,257,257,331,331,347,347,347,181,181,208,208,235,235,248,248,248,283,283,283,357,357,369,48,98,0,0,26,26,56,83,103,128,128,128,142,142,142],"floor_reached":51,"playtime":1880,"items_purged":[],"score":1591,"play_id":"a1362e34-4526-4ad2-be80-9b08f3605b77","local_time":"20201213181706","is_ascension_mode":true,"campfire_choices":[{"data":"Eruption","floor":8.0,"key":"SMITH"},{"floor":10.0,"key":"REST"},{"data":"WheelKick","floor":15.0,"key":"SMITH"},{"data":"Establishment","floor":24.0,"key":"SMITH"},{"data":"WindmillStrike","floor":28.0,"key":"SMITH"},{"data":"WheelKick","floor":32.0,"key":"SMITH"},{"data":"Swivel","floor":41,"key":"SMITH"},{"data":"WheelKick","floor":47,"key":"SMITH"},{"data":"CutThroughFate","floor":49,"key":"SMITH"}],"circlet_count":0,"master_deck":["AscendersBane","Strike_P+1","Strike_P+1","Strike_P+1","Strike_P+1","Defend_P+1","Defend_P+1","Defend_P+1","Defend_P+1","Eruption+1","Vigilance+1","DeceiveReality","BowlingBash","Swivel+1","EmptyFist","WheelKick+1","FollowUp","Adaptation","CutThroughFate+1","Establishment+1","WindmillStrike+1","WheelKick+1","Adaptation+1","Protect","Writhe","Vault","Vault","Enlightenment","SandsOfTime+1","WheelKick+1"],"relics":["PureWater","NeowsBlessing","Letter Opener","Darkstone Periapt","Shuriken","Snecko Eye","Nilry\u0027s Codex","Lee\u0027s Waffle","Frozen Egg 2","WingedGreaves","Torii","Du-Vu Doll","Bag of Preparation","Strawberry","Busted Crown","PreservedInsect","DollysMirror","Prayer Wheel","Red Mask","Toxic Egg 2","Calipers","Blood Vial","Ginger"],"acts_visited":["TheBeyond"],"potions_floor_usage":[33,50,50],"damage_taken":[{"damage":0.0,"enemies":"2 Louse","floor":1.0,"turns":1.0},{"damage":0.0,"enemies":"Small Slimes","floor":4.0,"turns":1.0},{"damage":0.0,"enemies":"Gremlin Nob","floor":6.0,"turns":1.0},{"damage":0.0,"enemies":"Jaw Worm","floor":7.0,"turns":3.0},{"damage":3.0,"enemies":"Large Slime","floor":11.0,"turns":6.0},{"damage":8.0,"enemies":"3 Sentries","floor":12.0,"turns":10.0},{"damage":0.0,"enemies":"Looter","floor":13.0,"turns":3.0},{"damage":0.0,"enemies":"2 Fungi Beasts","floor":14.0,"turns":2.0},{"damage":0.0,"enemies":"Slime Boss","floor":16.0,"turns":7.0},{"damage":5.0,"enemies":"Shell Parasite","floor":18.0,"turns":5.0},{"damage":20.0,"enemies":"Gremlin Leader","floor":23.0,"turns":6.0},{"damage":0.0,"enemies":"Slavers","floor":25.0,"turns":4.0},{"damage":0.0,"enemies":"2 Thieves","floor":27.0,"turns":2.0},{"damage":24.0,"enemies":"Book of Stabbing","floor":30.0,"turns":3.0},{"damage":37,"enemies":"Collector","floor":33,"turns":7},{"damage":0,"enemies":"3 Shapes","floor":35,"turns":3},{"damage":0,"enemies":"2 Orb Walkers","floor":37,"turns":3},{"damage":12,"enemies":"Reptomancer","floor":40,"turns":5},{"damage":0,"enemies":"Nemesis","floor":42,"turns":3},{"damage":0,"enemies":"3 Darklings","floor":44,"turns":3},{"damage":0,"enemies":"Mind Bloom Boss Battle","floor":45,"turns":4},{"damage":0,"enemies":"Jaw Worm Horde","floor":48,"turns":3},{"damage":54,"enemies":"Time Eater","floor":50,"turns":6}],"seed_played":"-6311988621108324396","potions_obtained":[{"floor":1.0,"key":"Dexterity Potion"},{"floor":14.0,"key":"SkillPotion"},{"floor":16.0,"key":"EntropicBrew"},{"floor":23.0,"key":"AttackPotion"},{"floor":27.0,"key":"Ancient Potion"},{"floor":35,"key":"Regen Potion"},{"floor":37,"key":"Dexterity Potion"},{"floor":40,"key":"SkillPotion"}],"is_trial":false,"path_per_floor":["M","?","?","M","?","E","M","R","T","R","M","E","M","M","R","B",null,"M","?","?","$","?","E","R","E","T","M","R","T","E","?","R","B",null,"M","$","?","?","?","E","R","E","T","M","?","$","R","M","R","B",null],"character_chosen":"WATCHER","items_purchased":["Lee\u0027s Waffle","PreservedInsect","DollysMirror"],"campfire_rested":1,"item_purchase_floors":[21,36,36],"current_hp_per_floor":[61,61,61,61,41,41,41,41,41,61,58,50,50,50,50,50,64,59,59,38,75,75,55,55,55,55,55,55,55,31,44,44,7,68,68,68,68,68,68,56,56,56,56,58,60,60,60,62,62,22],"gold":142,"neow_bonus":"THREE_ENEMY_KILL","is_daily":false,"chose_seed":false,"campfire_upgraded":8,"win_rate":0.0,"timestamp":1607912226,"path_taken":["M","?","?","M","?","E","M","R","T","R","M","E","M","M","R","BOSS","M","?","?","$","?","E","R","E","T","M","R","?","E","?","R","BOSS","M","$","?","?","?","E","R","E","T","M","?","$","R","M","R","BOSS"],"items_purchased_type":["Relic","Relic","Relic"],"build_version":"2020-12-13","purchased_purges":0,"victory":true,"max_hp_per_floor":[68,68,68,68,68,68,68,68,68,68,68,68,68,68,68,68,68,68,68,68,75,75,75,75,75,75,75,75,75,75,88,88,88,88,88,88,88,88,88,88,88,88,88,88,88,88,88,88,88,88],"card_choices":[{"not_picked":["WreathOfFlame","EmptyFist"],"picked":"DeceiveReality","floor":1.0},{"not_picked":["FollowUp","Crescendo"],"picked":"BowlingBash","floor":4.0},{"not_picked":["FollowUp","CrushJoints"],"picked":"Swivel","floor":6.0},{"not_picked":["BowlingBash","WaveOfTheHand"],"picked":"EmptyFist","floor":7.0},{"not_picked":["SpiritShield","Crescendo"],"picked":"WheelKick","floor":11.0},{"not_picked":["FlurryOfBlows","Protect"],"picked":"FollowUp","floor":12.0},{"not_picked":["ForeignInfluence","FollowUp"],"picked":"Adaptation","floor":13.0},{"not_picked":["EmptyBody","EmptyFist"],"picked":"CutThroughFate","floor":14.0},{"not_picked":["Scrawl","Wish"],"picked":"Establishment","floor":16.0},{"not_picked":["FlyingSleeves","Study"],"picked":"WindmillStrike","floor":18.0},{"not_picked":["ThirdEye","Conclude"],"picked":"Adaptation+1","floor":23.0},{"not_picked":["PathToVictory+1","InnerPeace","CutThroughFate"],"picked":"SKIP","floor":25.0},{"not_picked":["CrushJoints","EmptyFist","FollowUp+1"],"picked":"SKIP","floor":27.0},{"not_picked":["FlurryOfBlows","CrushJoints"],"picked":"Protect","floor":30.0},{"not_picked":["Wish","LessonLearned"],"picked":"Vault","floor":33},{"not_picked":["FlurryOfBlows"],"picked":"SKIP","floor":35},{"not_picked":[],"picked":"Enlightenment","floor":39},{"not_picked":[],"picked":"SandsOfTime+1","floor":40},{"not_picked":["Evaluate+1"],"picked":"SKIP","floor":42},{"not_picked":[],"picked":"WheelKick","floor":44},{"not_picked":["Weave"],"picked":"SKIP","floor":44},{"not_picked":["EmptyFist"],"picked":"SKIP","floor":48},{"not_picked":["Protect+1"],"picked":"SKIP","floor":48}],"player_experience":700473,"relics_obtained":[{"floor":6.0,"key":"Letter Opener"},{"floor":9.0,"key":"Darkstone Periapt"},{"floor":12.0,"key":"Shuriken"},{"floor":20.0,"key":"Nilry\u0027s Codex"},{"floor":23.0,"key":"Frozen Egg 2"},{"floor":25.0,"key":"WingedGreaves"},{"floor":26.0,"key":"Torii"},{"floor":29.0,"key":"Du-Vu Doll"},{"floor":30.0,"key":"Bag of Preparation"},{"floor":37,"key":"Prayer Wheel"},{"floor":40,"key":"Toxic Egg 2"},{"floor":42,"key":"Calipers"},{"floor":43,"key":"Blood Vial"},{"floor":45,"key":"Ginger"}],"event_choices":[{"damage_healed":0.0,"max_hp_gain":0.0,"max_hp_loss":0.0,"gold_gain":0.0,"event_name":"The Cleric","player_choice":"Leave","floor":2.0,"gold_loss":0.0,"damage_taken":0.0},{"damage_healed":0.0,"max_hp_gain":0.0,"max_hp_loss":0.0,"gold_gain":0.0,"event_name":"Golden Wing","player_choice":"Ignored","floor":3.0,"gold_loss":0.0,"damage_taken":0.0},{"damage_healed":0.0,"max_hp_gain":0.0,"max_hp_loss":0.0,"gold_gain":0.0,"event_name":"Shining Light","player_choice":"Entered Light","floor":5.0,"gold_loss":0.0,"damage_taken":20.0,"cards_upgraded":["Defend_P","Vigilance"]},{"damage_healed":0.0,"max_hp_gain":0.0,"max_hp_loss":0.0,"gold_gain":0.0,"event_name":"The Library","player_choice":"Read","floor":19.0,"gold_loss":0.0,"damage_taken":0.0,"cards_obtained":["WheelKick"]},{"damage_healed":0.0,"max_hp_gain":0.0,"max_hp_loss":0.0,"gold_gain":0.0,"event_name":"Cursed Tome","player_choice":"Obtained Book","floor":20.0,"gold_loss":0.0,"damage_taken":21.0},{"damage_healed":0.0,"max_hp_gain":0.0,"max_hp_loss":0.0,"gold_gain":0.0,"event_name":"Back to Basics","player_choice":"Simplicity","floor":22.0,"gold_loss":0.0,"damage_taken":0.0,"cards_upgraded":["Strike_P","Strike_P","Strike_P","Strike_P","Defend_P","Defend_P","Defend_P"]},{"damage_healed":0.0,"max_hp_gain":0.0,"max_hp_loss":0.0,"gold_gain":0.0,"event_name":"The Mausoleum","player_choice":"Opened","floor":31.0,"gold_loss":0.0,"damage_taken":0.0,"relics_obtained":["Strawberry"],"cards_obtained":["Writhe"]},{"damage_healed":0,"gold_gain":0,"player_choice":"Fight","damage_taken":0,"max_hp_gain":0,"max_hp_loss":0,"event_name":"Mysterious Sphere","floor":37,"gold_loss":0},{"damage_healed":0,"gold_gain":0,"player_choice":"Paid","damage_taken":0,"relics_obtained":["Red Mask"],"max_hp_gain":0,"max_hp_loss":0,"event_name":"Tomb of Lord Red Mask","floor":38,"gold_loss":98},{"damage_healed":0,"gold_gain":0,"player_choice":"Memory 1","damage_taken":0,"max_hp_gain":0,"max_hp_loss":0,"event_name":"SensoryStone","floor":39,"gold_loss":0},{"damage_healed":0,"gold_gain":0,"player_choice":"Fight","damage_taken":0,"max_hp_gain":0,"max_hp_loss":0,"event_name":"MindBloom","floor":45,"gold_loss":0}],"is_beta":false,"boss_relics":[{"not_picked":["SacredBark","SlaversCollar"],"picked":"Snecko Eye"},{"not_picked":["Astrolabe","Fusion Hammer"],"picked":"Busted Crown"}],"items_purged_floors":[],"is_endless":false,"potions_floor_spawned":[1,14,16,18,23,27,35,37,40],"ascension_level":16}}