{"host":"a3oe3gstxz77c7qu","time":1607975041,"event":{"mods":["2.2 Compatiblity","Act Like it!","BaseMod","Bestiary","Better Altar","Better Match","Better Note","Better Sensory Stone","Better Skull","Better Third Choice","Block Reminder","Conspire","Curses Come First","Custom Start","Downfall","Friendly Minions","GifTheSpireLib","Humility","Infinite Spire","Lobotomy","LobotomyExtend","Marisa????????","Minty Spire (QoL Compilation)","Permanent Neow","Quick Restart","Relic Stats","Replay The Spire","Robot Space Explorer","StSLib","The Blue Laboratory","Uncapped","Wandering Minibosses"],"gold_per_floor":[99,118,150,170,204,223,223,223,148,323,343,30,30,15,25,25,25],"floor_reached":16,"playtime":891,"items_purged":["Doubt"],"score":202,"play_id":"154bd636-c7d6-4622-bd5b-5785d1842bc2","local_time":"20201214194401","is_ascension_mode":true,"campfire_choices":[{"floor":9,"key":"REST"}],"circlet_count":0,"master_deck":["conspire:GhostlyStrike","conspire:GhostlyStrike","conspire:GhostlyStrike","conspire:GhostlyStrike","conspire:GhostlyDefend","conspire:GhostlyDefend","conspire:GhostlyDefend","conspire:GhostlyDefend","hexamod:Sear","hexamod:Float","hexamod:RainOfEmbers","hexamod:HexaLevel","hexamod:GhostLash","hexamod:ApocalypticArmor","hexamod:ChargedBarrage"],"relics":["hexamod:SpiritBrand","LetterFromLob","Blood Vial","Replay:Kaleidoscope","downfall:HeartBlessingBlue","PreservedInsect","Kunai"],"acts_visited":["Exordium"],"potions_floor_usage":[3,4,5,16],"damage_taken":[{"damage":0.0,"enemies":"Cultist","floor":2.0,"turns":3.0},{"damage":23,"enemies":"Gremlin Nob","floor":3,"turns":4},{"damage":9,"enemies":"Jaw Worm","floor":4,"turns":3},{"damage":48,"enemies":"3 Sentries","floor":5,"turns":10},{"damage":4,"enemies":"2 Louse","floor":6,"turns":2},{"damage":0,"enemies":"Exordium Wildlife","floor":11,"turns":5},{"damage":0,"enemies":"downfall:FleeingMerchant","floor":12,"turns":4},{"damage":0,"enemies":"downfall:FleeingMerchant","floor":14,"turns":4},{"damage":3,"enemies":"Blue Slaver","floor":15,"turns":3},{"damage":46,"enemies":"downfall:Defect","floor":16,"turns":6}],"seed_played":"-7055188253723939640","potions_obtained":[{"floor":1.0,"key":"Explosive Potion"},{"floor":1.0,"key":"conspire:TimeTravelPotion"},{"floor":3,"key":"blueLaboratory:FruitPunch"},{"floor":4,"key":"Block Potion"},{"floor":6,"key":"blueLaboratory:BottleOfRum"},{"floor":15,"key":"Energy Potion"}],"is_trial":false,"path_per_floor":["R","M","E","M","E","M","T","?","R","?","M","$","T","$","M","B"],"character_chosen":"THE_SPIRIT","items_purchased":["hexamod:ChargedBarrage","PreservedInsect"],"campfire_rested":1,"item_purchase_floors":[12,12],"current_hp_per_floor":[77,77,54,49,3,1,1,1,37,37,39,41,41,43,42,0,0],"gold":25,"neow_bonus":"TEN_PERCENT_HP_BONUS","is_daily":false,"chose_seed":false,"campfire_upgraded":0,"win_rate":0.0,"timestamp":1607975041,"path_taken":["R","M","E","?","E","M","T","?","R","?","M","$","?","?","M","BOSS"],"items_purchased_type":["Card","Relic"],"build_version":"2020-12-13","purchased_purges":1,"victory":false,"max_hp_per_floor":[77,77,77,79,79,79,79,79,89,89,89,89,89,89,89,89,89],"relic_stats":{"Blood Vial":16,"counters":[10,44],"PreservedInsect":58,"Kunai":[3],"obtain_stats":[{"Blood Vial":3,"downfall:HeartBlessingBlue":9,"PreservedInsect":12,"LetterFromLob":2,"Replay:Kaleidoscope":5,"Kunai":13,"hexamod:SpiritBrand":0},{"Blood Vial":2,"downfall:HeartBlessingBlue":5,"PreservedInsect":7,"LetterFromLob":1,"Replay:Kaleidoscope":4,"Kunai":7,"hexamod:SpiritBrand":0},{"Blood Vial":7,"downfall:HeartBlessingBlue":22,"PreservedInsect":31,"LetterFromLob":3,"Replay:Kaleidoscope":20,"Kunai":31,"hexamod:SpiritBrand":0}]},"card_choices":[{"not_picked":["hexamod:NightmareGuise","hexamod:AdvancingGuard"],"picked":"hexamod:RainOfEmbers","floor":2.0},{"not_picked":["hexamod:RainOfEmbers","hexamod:Firestarter"],"picked":"hexamod:HexaLevel","floor":3},{"not_picked":["hexamod:Haunt","hexamod:DynamicBlow","hexamod:InspiringFlames"],"picked":"SKIP","floor":4},{"not_picked":["hexamod:BacktrackSmack","hexamod:EtherealExpedition","hexamod:GhostLash"],"picked":"SKIP","floor":5},{"not_picked":["hexamod:GhostLash","hexamod:GiftsFromTheDead","hexamod:RainOfEmbers"],"picked":"SKIP","floor":6},{"not_picked":["hexamod:SpectersWail","hexamod:Firestarter"],"picked":"hexamod:GhostLash","floor":11},{"not_picked":["hexamod:BacktrackSmack","hexamod:SpectralAdrenaline"],"picked":"hexamod:ApocalypticArmor","floor":12},{"not_picked":["hexamod:ExtraCrispy","hexamod:GhostflameBarrier","hexamod:RainOfEmbers"],"picked":"SKIP","floor":14},{"not_picked":["hexamod:EmpoweredFlame","hexamod:SuperheatedStrike","hexamod:BacktrackSmack"],"picked":"SKIP","floor":15}],"player_experience":809137,"relics_obtained":[{"floor":2.0,"key":"LetterFromLob"},{"floor":3,"key":"Blood Vial"},{"floor":5,"key":"Replay:Kaleidoscope"},{"floor":13,"key":"Kunai"}],"event_choices":[{"damage_healed":0,"gold_gain":0,"player_choice":"Agree","damage_taken":0,"max_hp_gain":0,"max_hp_loss":0,"event_name":"conspire:LoneGhost","floor":8,"gold_loss":0}],"is_beta":false,"boss_relics":[],"items_purged_floors":[12],"is_endless":false,"potions_floor_spawned":[3,4,6,15],"killed_by":"downfall:Defect","ascension_level":3}}