{"host":"78hrz0ylpj9lzvi8","time":1607962806,"event":{"mods":["BaseMod","Bestiary","Block Reminder","Curses Come First","Minty Spire (QoL Compilation)","Quick Restart","Random Character Button","Relic Stats","StSLib"],"gold_per_floor":[109,109,23,35,35,70,70,89,89,0,0,11,11,43,43,43,43],"floor_reached":16,"playtime":453,"items_purged":[],"score":266,"play_id":"b3a4704d-1e4d-48a7-8157-4481d1c36950","local_time":"20201214132006","is_ascension_mode":true,"campfire_choices":[{"data":"Eruption","floor":11,"key":"SMITH"},{"data":"Protect","floor":13,"key":"SMITH"},{"data":"Wallop","floor":15,"key":"SMITH"}],"circlet_count":0,"master_deck":["AscendersBane","Strike_P","Strike_P","Strike_P","Defend_P","Defend_P+1","Defend_P","Defend_P","Eruption+1","Vigilance","BowlingBash","Conclude","Protect+1","Wallop+1","EmptyBody","LessonLearned","MentalFortress","Wireheading"],"relics":["PureWater","NeowsBlessing","Mummified Hand","Happy Flower","HornCleat","GoldenEye"],"acts_visited":["Exordium"],"potions_floor_usage":[14,14,16],"damage_taken":[{"damage":0,"enemies":"Jaw Worm","floor":1,"turns":1},{"damage":0,"enemies":"2 Louse","floor":4,"turns":1},{"damage":0,"enemies":"Gremlin Nob","floor":6,"turns":1},{"damage":0,"enemies":"Cultist","floor":8,"turns":3},{"damage":0,"enemies":"Red Slaver","floor":12,"turns":3},{"damage":26,"enemies":"Lagavulin","floor":14,"turns":8},{"damage":27,"enemies":"Hexaghost","floor":16,"turns":11}],"seed_played":"-6845090240843392231","potions_obtained":[{"floor":4,"key":"BlessingOfTheForge"},{"floor":8,"key":"Energy Potion"},{"floor":14,"key":"BlessingOfTheForge"}],"is_trial":false,"path_per_floor":["M","?","$","M","?","E","$","M","T","$","R","M","R","E","R","B"],"character_chosen":"WATCHER","items_purchased":["Conclude","LessonLearned"],"campfire_rested":0,"item_purchase_floors":[3,10],"current_hp_per_floor":[61,50,50,50,50,50,50,50,50,50,50,50,50,24,24,0,0],"gold":43,"neow_bonus":"THREE_ENEMY_KILL","is_daily":false,"chose_seed":false,"campfire_upgraded":3,"win_rate":0.0,"timestamp":1607962806,"path_taken":["M","?","$","M","?","E","$","M","T","$","R","M","R","E","R","BOSS"],"items_purchased_type":["Card","Card"],"build_version":"2020-12-13","purchased_purges":0,"victory":false,"max_hp_per_floor":[68,68,68,68,68,68,68,68,68,68,68,68,68,68,68,68,68],"relic_stats":{"Happy Flower":[8],"counters":[7,28],"Mummified Hand":[4],"GoldenEye":[10],"obtain_stats":[{"HornCleat":9,"NeowsBlessing":0,"Happy Flower":6,"Mummified Hand":2,"PureWater":0,"GoldenEye":14},{"HornCleat":4,"NeowsBlessing":0,"Happy Flower":3,"Mummified Hand":1,"PureWater":0,"GoldenEye":6},{"HornCleat":6,"NeowsBlessing":0,"Happy Flower":3,"Mummified Hand":1,"PureWater":0,"GoldenEye":17}]},"card_choices":[{"not_picked":["EmptyFist","FlyingSleeves"],"picked":"BowlingBash","floor":1},{"not_picked":["JustLucky","Alpha"],"picked":"Protect","floor":4},{"not_picked":["FearNoEvil","CarveReality"],"picked":"Wallop","floor":6},{"not_picked":["Protect","ThirdEye"],"picked":"EmptyBody","floor":8},{"not_picked":["FlyingSleeves","JustLucky"],"picked":"MentalFortress","floor":12},{"not_picked":["FlyingSleeves","Consecrate"],"picked":"Wireheading","floor":14}],"player_experience":943271,"relics_obtained":[{"floor":6,"key":"Happy Flower"},{"floor":9,"key":"HornCleat"},{"floor":14,"key":"GoldenEye"}],"event_choices":[{"damage_healed":0,"gold_gain":0,"player_choice":"Success","damage_taken":11,"relics_obtained":["Mummified Hand"],"max_hp_gain":0,"max_hp_loss":0,"event_name":"Scrap Ooze","floor":2,"gold_loss":0},{"cards_removed":["Strike_P"],"damage_healed":0,"gold_gain":0,"player_choice":"Forget","damage_taken":0,"max_hp_gain":0,"max_hp_loss":0,"event_name":"Living Wall","floor":5,"gold_loss":0}],"is_beta":false,"boss_relics":[],"items_purged_floors":[],"is_endless":false,"potions_floor_spawned":[4,8,14],"killed_by":"Hexaghost","ascension_level":20}}