{"host":"svdrdpvpxtppvaze","time":1607945341,"event":{"mods":["AchievementEnabler","BaseMod","BetterRewards","Colored Powertips","Downfall","Googly Eyes","Hubris","Infinite Spire","Minty Spire (QoL Compilation)","Quick Restart","Rare Cards Sparkle","Replay The Spire","Shop Mod","StSLib","The Disciple"],"gold_per_floor":[117,59,59,77,3,3,3,14,40,70,87,87,98,118,118,118,118],"floor_reached":16,"playtime":479,"items_purged":[],"score":102,"play_id":"e1a29bd3-5620-4706-b3e3-64989d2f2883","local_time":"20201214172901","is_ascension_mode":false,"campfire_choices":[{"data":"Eruption","floor":7,"key":"SMITH"},{"data":"ClearTheMind","floor":15,"key":"SMITH"}],"circlet_count":0,"master_deck":["Strike_P","Strike_P","Strike_P","Defend_P","Defend_P","Defend_P","Defend_P","Eruption+1","Vigilance","Halt","Conclude","Conclude","Protect","Perseverance","Swivel","Prostrate","ClearTheMind+1","Parasite","Perseverance","Consecrate"],"relics":["PureWater","NeowsBlessing","hubris:Icosahedron","Tiny Chest","Replay:Rubber Ducky"],"acts_visited":["Exordium"],"potions_floor_usage":[14,16],"damage_taken":[{"damage":0,"enemies":"Cultist","floor":1,"turns":2},{"damage":0,"enemies":"Small Slimes","floor":4,"turns":1},{"damage":0,"enemies":"Jaw Worm","floor":8,"turns":1},{"damage":19,"enemies":"3 Sentries","floor":10,"turns":5},{"damage":0,"enemies":"Blue Slaver","floor":11,"turns":3},{"damage":0,"enemies":"Large Slime","floor":13,"turns":4},{"damage":1,"enemies":"3 Louse","floor":14,"turns":7},{"damage":78,"enemies":"The Guardian","floor":16,"turns":12}],"seed_played":"6347817183917928507","potions_obtained":[{"floor":10,"key":"Regen Potion"},{"floor":11,"key":"SpeedPotion"},{"floor":13,"key":"LifebloodPotion"},{"floor":14,"key":"Reflective Coating"}],"is_trial":false,"path_per_floor":["M","$","?","M","$","?","R","M","T","E","M","?","M","M","R","B"],"character_chosen":"WATCHER","items_purchased":["Conclude","Perseverance"],"campfire_rested":0,"item_purchase_floors":[2,5],"current_hp_per_floor":[72,72,72,72,72,65,65,65,65,46,46,64,64,63,63,0,0],"gold":118,"neow_bonus":"THREE_ENEMY_KILL","is_daily":false,"chose_seed":false,"campfire_upgraded":2,"win_rate":0.0,"timestamp":1607945341,"path_taken":["M","?","?","?","$","?","R","M","T","E","M","?","M","M","R","BOSS"],"items_purchased_type":["Card","Card"],"build_version":"2020-12-13","purchased_purges":0,"victory":false,"max_hp_per_floor":[72,72,72,72,72,72,72,72,72,72,72,72,72,72,72,72,72],"card_choices":[{"not_picked":["Meditate","ClearTheMind"],"picked":"Halt","floor":1},{"not_picked":["EmptyBody","FlurryOfBlows"],"picked":"Protect","floor":4},{"not_picked":["Worship","FlyingSleeves"],"picked":"Swivel","floor":8},{"not_picked":["Meditate","Replay:Hum"],"picked":"Prostrate","floor":10},{"not_picked":["Sanctity","FlyingSleeves"],"picked":"ClearTheMind","floor":11},{"not_picked":["JustLucky","Vengeance"],"picked":"Perseverance","floor":13},{"not_picked":["Evaluate","Replay:AtTheReady"],"picked":"Consecrate","floor":14}],"player_experience":13873,"relics_obtained":[{"floor":9,"key":"Tiny Chest"},{"floor":10,"key":"Replay:Rubber Ducky"}],"event_choices":[{"cards_removed":["Strike_P"],"damage_healed":0,"gold_gain":0,"player_choice":"Card Removal","damage_taken":7,"max_hp_gain":0,"max_hp_loss":0,"event_name":"Golden Wing","floor":6,"gold_loss":0},{"damage_healed":18,"gold_gain":0,"player_choice":"Healed and dodged fight","damage_taken":0,"max_hp_gain":0,"max_hp_loss":0,"event_name":"Mushrooms","floor":12,"gold_loss":0,"cards_obtained":["Parasite"]}],"is_beta":false,"boss_relics":[],"items_purged_floors":[],"is_endless":false,"potions_floor_spawned":[10,11,13,14],"killed_by":"The Guardian","ascension_level":0}}