{"host":"0ojbcjhl22e0lupc","time":1607908510,"event":{"mods":["AchievementEnabler","BaseMod","Better Altar","Better Note","Better Sensory Stone","Better Skull","Better Third Choice","BetterRewards","Colored Map","Colored Powertips","Custom Start","Hermit","Highlight Path","Marked Mod","Minty Spire (QoL Compilation)","Permanent Neow","QueenMod","Random Character Button","Random Character Mod","Replay The Spire","Spicy Shops","StSLib","The Cursed","The Forsaken","The Hierophant","The Jungle","Transform Curses"],"gold_per_floor":[113,129,129,129,129,164,196,238,250,297,309,340,314,326,338,447,459,487,517,529,49,69,69,79,105,105,105,105],"floor_reached":27,"playtime":1961,"items_purged":[],"score":345,"play_id":"39b00c55-5606-462f-951b-5216713370cb","local_time":"20201213201510","is_ascension_mode":true,"campfire_choices":[{"floor":11,"key":"REST"},{"floor":15,"key":"REST"},{"floor":23,"key":"REST"}],"circlet_count":0,"master_deck":["theForsaken:TheForsaken_Strike","theForsaken:TheForsaken_Strike","theForsaken:TheForsaken_Defend","theForsaken:TheForsaken_Defend","theForsaken:TheForsaken_Defend","theForsaken:TheForsaken_Defend","theForsaken:Smite","theForsaken:Penitence","theForsaken:QuickAttack","theForsaken:ShieldCharge","theForsaken:FatRoll","theForsaken:Thunderbolt","theForsaken:MagicWeapon","theForsaken:FuryStrikes","theForsaken:Bolster","theForsaken:StoreUp","theForsaken:CorruptedForm","theForsaken:SiphonStrike","theForsaken:DivineGuidance","theForsaken:Bolster","theForsaken:Backlash","theForsaken:HymnOfPatience","ReplayTheSpireMod:Brewmster","theForsaken:Thunderbolt","Trip","theForsaken:HymnOfRest+1","theForsaken:Riposte+1","theForsaken:DefensiveStance"],"relics":["theForsaken:JudgementScales","NeowsBlessing","MawBank","WingedGreaves","Eternal Feather","Replay:Kaleidoscope","betterThird:SlimedRelic","Runic Pyramid","BargainBundle","TheAbacus","Lantern","Akabeko","Bag of Marbles","theForsaken:Gavel","Anchor"],"acts_visited":["Exordium","TheCity"],"potions_floor_usage":[8,8,10,16,22,24,25,25],"damage_taken":[{"damage":0,"enemies":"2 Louse","floor":1,"turns":1},{"damage":0,"enemies":"Cultist","floor":2,"turns":1},{"damage":0,"enemies":"Replay:BlueRogue","floor":6,"turns":1},{"damage":5,"enemies":"Small Slimes","floor":7,"turns":3},{"damage":15,"enemies":"Lagavulin","floor":8,"turns":7},{"damage":26,"enemies":"Gremlin Nob","floor":10,"turns":4},{"damage":26,"enemies":"Exordium Thugs","floor":12,"turns":6},{"damage":36,"enemies":"The Guardian","floor":16,"turns":16},{"damage":3,"enemies":"Spheric Guardian","floor":18,"turns":4},{"damage":28,"enemies":"Shell Parasite","floor":19,"turns":8},{"damage":8,"enemies":"Snake Plant","floor":22,"turns":5},{"damage":28,"enemies":"Cultist and Chosen","floor":24,"turns":5},{"damage":26,"enemies":"Book of Stabbing","floor":25,"turns":4},{"damage":62,"enemies":"3 Cultists","floor":27,"turns":5}],"seed_played":"-4671036392908291013","potions_obtained":[{"floor":6,"key":"FearPotion"},{"floor":7,"key":"theForsaken:FearPotion"},{"floor":8,"key":"SkillPotion"},{"floor":16,"key":"Fruit Juice"},{"floor":22,"key":"Death Potion"},{"floor":24,"key":"DuplicationPotion"}],"is_trial":false,"path_per_floor":["M","M","?","$","?","E","M","E","T","E","R","M","?","?","R","B",null,"M","M","?","$","M","R","M","E","T","M"],"character_chosen":"THE_FORSAKEN","items_purchased":["BargainBundle","TheAbacus","Lantern","theForsaken:Bolster","theForsaken:Backlash","theForsaken:HymnOfPatience","Akabeko","Bag of Marbles","ReplayTheSpireMod:Brewmster","theForsaken:Thunderbolt","Trip","FairyPotion","SteroidPotion","Energy Potion"],"campfire_rested":3,"item_purchase_floors":[21,21,21,21,21,21,21,21,21,21,21,21,21,21],"current_hp_per_floor":[65,65,65,65,65,65,60,51,51,27,55,31,20,20,48,22,58,55,30,30,30,27,63,38,15,15,0,0],"gold":105,"neow_bonus":"THREE_ENEMY_KILL","is_daily":false,"chose_seed":false,"campfire_upgraded":0,"win_rate":0.0,"timestamp":1607908510,"path_taken":["M","M","?","?","?","E","?","E","T","E","R","M","?","?","R","BOSS","M","?","?","$","M","R","M","E","T","M"],"items_purchased_type":["Relic","Relic","Relic","Card","Card","Card","Relic","Relic","Card","Card","Card","Potion","Potion","Potion"],"build_version":"2020-12-13","purchased_purges":0,"victory":false,"max_hp_per_floor":[65,65,65,65,65,65,65,65,65,65,65,65,65,65,65,70,70,70,70,70,70,70,70,70,70,70,70,70],"card_choices":[{"not_picked":["theForsaken:HorrifyingStrike","theForsaken:FatRoll"],"picked":"theForsaken:QuickAttack","floor":1},{"not_picked":["theForsaken:BlightOfFamine","theForsaken:ShieldBash"],"picked":"theForsaken:ShieldCharge","floor":2},{"not_picked":["theForsaken:WordsOfPestilence","theForsaken:BindingThorns"],"picked":"theForsaken:Thunderbolt","floor":6},{"not_picked":["theForsaken:PreciseStrike","theForsaken:CorruptedWord"],"picked":"theForsaken:MagicWeapon","floor":7},{"not_picked":["theForsaken:HorrifyingStrike","theForsaken:BlessedWeapon"],"picked":"theForsaken:FuryStrikes","floor":8},{"not_picked":["theForsaken:CreepingInfection","theForsaken:FatRoll"],"picked":"theForsaken:Bolster","floor":10},{"not_picked":["theForsaken:ScorchingSunlight","theForsaken:PowerUp"],"picked":"theForsaken:StoreUp","floor":12},{"not_picked":["theForsaken:CorruptDeck","theForsaken:SpreadingPlague"],"picked":"theForsaken:CorruptedForm","floor":16},{"not_picked":["theForsaken:PanicDive+1","theForsaken:NobleSacrifice"],"picked":"theForsaken:SiphonStrike","floor":18},{"not_picked":["theForsaken:ScorchingSunlight","theForsaken:SpinAttack","theForsaken:BindingThorns"],"picked":"SKIP","floor":19},{"not_picked":["theForsaken:WordOfPower+1","theForsaken:BlightOfFamine+1"],"picked":"theForsaken:HymnOfRest+1","floor":22},{"not_picked":["theForsaken:ScorchingSunlight+1","theForsaken:PanicDive"],"picked":"theForsaken:Riposte+1","floor":24},{"not_picked":["theForsaken:SolarFlare","theForsaken:Devotion"],"picked":"theForsaken:DefensiveStance","floor":25}],"player_experience":296129,"relics_obtained":[{"floor":6,"key":"MawBank"},{"floor":8,"key":"WingedGreaves"},{"floor":9,"key":"Eternal Feather"},{"floor":10,"key":"Replay:Kaleidoscope"},{"floor":25,"key":"theForsaken:Gavel"},{"floor":26,"key":"Anchor"}],"event_choices":[{"cards_removed":["theForsaken:TheForsaken_Strike"],"damage_healed":0,"gold_gain":0,"player_choice":"Offered Basic","damage_taken":0,"max_hp_gain":0,"max_hp_loss":0,"event_name":"Bonfire Elementals","floor":3,"gold_loss":0},{"damage_healed":0,"gold_gain":0,"cards_transformed":["theForsaken:TheForsaken_Strike"],"player_choice":"Transformed","damage_taken":0,"max_hp_gain":0,"max_hp_loss":0,"event_name":"Transmorgrifier","floor":5,"gold_loss":0,"cards_obtained":["theForsaken:FatRoll"]},{"damage_healed":0,"gold_gain":0,"player_choice":"Slimed","damage_taken":11,"max_hp_gain":0,"max_hp_loss":0,"event_name":"betterThird:BetterGoop","floor":13,"gold_loss":38},{"damage_healed":0,"gold_gain":0,"player_choice":"Bought 0 Potions","damage_taken":0,"max_hp_gain":0,"max_hp_loss":0,"event_name":"The Woman in Blue","floor":14,"gold_loss":0},{"cards_removed":["theForsaken:StoreUp"],"damage_healed":0,"gold_gain":0,"player_choice":"Take \u0026 Give","damage_taken":0,"max_hp_gain":0,"max_hp_loss":0,"event_name":"betterNote:BetterNote","floor":20,"gold_loss":0,"cards_obtained":["theForsaken:DivineGuidance"]}],"is_beta":false,"boss_relics":[{"not_picked":["Pandora\u0027s Box","Fusion Hammer"],"picked":"Runic Pyramid"}],"items_purged_floors":[],"is_endless":false,"potions_floor_spawned":[6,7,8,16,22,24],"killed_by":"3 Cultists","ascension_level":5}}