{"host":"a3tkw4nmq0wjqe8p","time":1607932239,"event":{"mods":["2.2 Compatiblity","AchievementEnabler","Act Like it!","BaseMod","Better Note","Better Sensory Stone","Better Third Choice","ChefMod","Colored Map","Colored Powertips","Conspire","Downfall","Hermit","Jorbs\u0027s Wanderer Trilogy","Marked Mod","Minty Spire (QoL Compilation)","Potionbrewer","Quick Restart","Rare Cards Sparkle","Replay The Spire","Shade Mod","Shop Mod","StSLib","The Blackbeard","The Bug Knight","The Cursed","The Disciple","The Hierophant","The Judge","The Juggle","The Runesmith","The Servant 0.9.4","TheArtist","TheBandit","TheFirefly","everything is the same but u backflip on backflip"],"gold_per_floor":[118,154,154,154,171,171,190,190,190],"floor_reached":8,"playtime":322,"items_purged":[],"score":46,"play_id":"170987f2-aa37-46b5-b7ae-afae368aa836","local_time":"20201214005039","is_ascension_mode":false,"campfire_choices":[{"floor":6,"key":"REST"}],"circlet_count":0,"master_deck":["Strike_B","Strike_B","Strike_B","Defend_B","Defend_B","Defend_B","Defend_B","Zap","Dualcast","expansioncontent:QuickStudy","Static Discharge","Panic Button","Compile Driver","Time Bomb"],"relics":["Cracked Core","PreservedInsect"],"acts_visited":["Exordium"],"potions_floor_usage":[2,5],"damage_taken":[{"damage":0,"enemies":"Small Slimes","floor":1,"turns":2},{"damage":11,"enemies":"conspire:MimicChest","floor":2,"turns":4},{"damage":11,"enemies":"Jaw Worm","floor":5,"turns":3},{"damage":7,"enemies":"2 Louse","floor":7,"turns":3},{"damage":50,"enemies":"Gremlin Nob","floor":8,"turns":4}],"seed_played":"-7104635991700129286","potions_obtained":[{"floor":1,"key":"Weak Potion"},{"floor":4,"key":"potionbrewer:NoxiousPotion"},{"floor":4,"key":"potionbrewer:InfectionPotion"},{"floor":4,"key":"SmokeBomb"},{"floor":5,"key":"Swift Potion"}],"is_trial":false,"path_per_floor":["M","?","?","?","M","R","M","E"],"character_chosen":"DEFECT","items_purchased":[],"campfire_rested":1,"item_purchase_floors":[],"current_hp_per_floor":[54,43,43,43,32,54,47,0,0],"gold":190,"neow_bonus":"RANDOM_COLORLESS_2","is_daily":false,"chose_seed":false,"campfire_upgraded":0,"win_rate":0.0,"timestamp":1607932239,"path_taken":["M","?","?","?","M","R","?","E"],"items_purchased_type":[],"build_version":"2020-12-13","purchased_purges":0,"victory":false,"max_hp_per_floor":[75,75,75,75,75,75,75,75,75],"card_choices":[{"not_picked":["Master of Strategy","expansioncontent:DashGenerateEvil"],"picked":"expansioncontent:QuickStudy","floor":0},{"not_picked":["Chaos","Heatsinks"],"picked":"Static Discharge","floor":1},{"not_picked":["Tempest","Sweeping Beam"],"picked":"Panic Button","floor":2},{"not_picked":["Streamline","Redo"],"picked":"Compile Driver","floor":5},{"not_picked":["Rebound","Barrage"],"picked":"Time Bomb","floor":7}],"player_experience":632579,"relics_obtained":[{"floor":2,"key":"PreservedInsect"}],"event_choices":[{"damage_healed":0,"gold_gain":0,"player_choice":"Got Potions","damage_taken":0,"max_hp_gain":0,"max_hp_loss":0,"event_name":"Lab","floor":4,"gold_loss":0}],"is_beta":false,"boss_relics":[],"items_purged_floors":[],"is_endless":false,"potions_floor_spawned":[1,5],"killed_by":"Gremlin Nob","ascension_level":0}}