{"host":"qrlp59d4kykmw4mt","time":1607941972,"event":{"mods":["Act Like it!","BaseMod","Colored Map","Downfall","Friendly Minions","Highlight Path","Minty Spire (QoL Compilation)","Permanent Neow","Random Character Button","Rare Cards Sparkle","SacredBarkPlus","StSLib","SuperFastMode","everything is the same but u backflip on backflip"],"gold_per_floor":[199,224,224,257,257,182,182,14,14,26,45,61,61,79,89,89,89],"floor_reached":16,"playtime":774,"items_purged":["Regret"],"score":110,"play_id":"fa78b6c4-622a-4f86-a7ad-8db4fdf9a8c5","local_time":"20201214053252","is_ascension_mode":false,"campfire_choices":[{"floor":1,"key":"RECALL"},{"data":"Guardian:StasisField","floor":6,"key":"SMITH"},{"data":"Guardian:BaubleBeam","floor":9,"key":"SMITH"}],"circlet_count":0,"master_deck":["Guardian:Strike_Guardian","Guardian:Strike_Guardian+1","Guardian:Strike_Guardian","Guardian:Strike_Guardian+1","Guardian:Defend_Guardian+1","Guardian:Defend_Guardian","Guardian:Defend_Guardian","Guardian:Defend_Guardian","Guardian:CurlUp","Guardian:TwinSlam","Guardian:StasisField+1","Guardian:BaubleBeam+1","Guardian:MultiBeam","Guardian:DonusPower","Guardian:Recover"],"relics":["Guardian:ModeShifter","Letter Opener","Shuriken","downfall:HeartBlessingRed"],"acts_visited":["Exordium"],"potions_floor_usage":[8,16,16],"damage_taken":[{"damage":29,"enemies":"Gremlin Nob","floor":2,"turns":6},{"damage":25,"enemies":"Lagavulin","floor":4,"turns":8},{"damage":3,"enemies":"downfall:FleeingMerchant","floor":8,"turns":4},{"damage":0,"enemies":"2 Louse","floor":10,"turns":1},{"damage":10,"enemies":"Small Slimes","floor":11,"turns":3},{"damage":0,"enemies":"Cultist","floor":12,"turns":3},{"damage":0,"enemies":"Blue Slaver","floor":14,"turns":4},{"damage":0,"enemies":"Exordium Thugs","floor":15,"turns":4},{"damage":19,"enemies":"downfall:Defect","floor":16,"turns":6}],"seed_played":"-3253727749391880697","potions_obtained":[{"floor":2,"key":"Block Potion"},{"floor":5,"key":"Block Potion"},{"floor":5,"key":"Weak Potion"},{"floor":14,"key":"EssenceOfSteel"}],"is_trial":false,"path_per_floor":["R","E","?","E","?","R","T","$","R","M","M","M","?","M","M","B"],"character_chosen":"GUARDIAN","items_purchased":["Guardian:MultiBeam"],"campfire_rested":0,"item_purchase_floors":[8],"current_hp_per_floor":[80,51,51,26,26,26,26,23,23,23,13,13,18,18,18,0,0],"gold":89,"neow_bonus":"HUNDRED_GOLD","is_daily":false,"chose_seed":false,"campfire_upgraded":2,"win_rate":0.0,"timestamp":1607941972,"path_taken":["R","E","?","E","?","R","T","$","R","M","?","M","?","M","M","BOSS"],"items_purchased_type":["Card"],"build_version":"2020-12-13","purchased_purges":1,"victory":false,"max_hp_per_floor":[80,80,80,80,80,80,80,80,80,80,80,80,85,85,85,85,85],"card_choices":[{"not_picked":["Guardian:Orbwalk","Guardian:ChargeUp"],"picked":"Guardian:StasisField","floor":2},{"not_picked":["Guardian:TimeCapacitor","Guardian:TimeBomb"],"picked":"Guardian:BaubleBeam","floor":4},{"not_picked":["Guardian:Gem_Green","Guardian:FierceBash"],"picked":"Guardian:Gem_Cyan","floor":8},{"not_picked":["Guardian:EvasiveProtocol","Guardian:Suspension"],"picked":"Guardian:DonusPower","floor":10},{"not_picked":["Guardian:ChargeCore","Guardian:PrismaticBarrier","Guardian:VentSteam"],"picked":"SKIP","floor":11},{"not_picked":["Guardian:Incinerate","Guardian:Planning","Guardian:TemporalStrike"],"picked":"SKIP","floor":12},{"not_picked":["Guardian:Orbwalk","Guardian:WalkerClaw"],"picked":"Guardian:Recover","floor":14},{"not_picked":["Guardian:SpikerProtocol","Guardian:Suspension","Guardian:RollAttack"],"picked":"SKIP","floor":15}],"player_experience":276486,"relics_obtained":[{"floor":2,"key":"Letter Opener"},{"floor":4,"key":"Shuriken"}],"event_choices":[{"damage_healed":0,"gold_gain":0,"player_choice":"Got Potions","damage_taken":0,"max_hp_gain":0,"max_hp_loss":0,"event_name":"Lab","floor":5,"gold_loss":0},{"damage_healed":0,"gold_gain":0,"player_choice":"Donut","damage_taken":0,"max_hp_gain":5,"max_hp_loss":0,"event_name":"Big Fish","floor":13,"gold_loss":0}],"is_beta":false,"boss_relics":[],"items_purged_floors":[8],"is_endless":false,"potions_floor_spawned":[2,12,14,15],"killed_by":"downfall:Defect","ascension_level":0}}