{"host":"p7j7o00jacnw7qzt","time":1607905015,"event":{"mods":["BaseMod","Colored Map","Colored Powertips","DeckTracker","Highlight Path","Minty Spire (QoL Compilation)","Relic Stats"],"gold_per_floor":[118,118,118,143,143,143,179,198,198,43,43,58,76,96,96,189,189,204,44,44,63,84,84,128,128,153,168,209,209,109,127,127,225,225,246,260,279,339,339,378,378,409,409,453,453,466,487,362,362,362,362,362,362,83,126,126],"floor_reached":57,"playtime":3875,"items_purged":["Strike_R","Strike_R","Bash","Hemokinesis"],"score":2814,"play_id":"51664a1e-9b86-4e0b-8646-c1bb0b5bd818","local_time":"20201213191655","is_ascension_mode":true,"campfire_choices":[{"data":"Whirlwind","floor":6.0,"key":"SMITH"},{"data":"Feed","floor":11.0,"key":"SMITH"},{"data":"Demon Form","floor":15.0,"key":"SMITH"},{"data":"Pommel Strike","floor":23.0,"key":"SMITH"},{"data":"Rupture","floor":25.0,"key":"SMITH"},{"floor":29.0,"key":"REST"},{"data":"Berserk","floor":32.0,"key":"SMITH"},{"data":"Burning Pact","floor":41.0,"key":"SMITH"},{"data":"Shockwave","floor":45,"key":"SMITH"},{"floor":49,"key":"RECALL"},{"data":"Power Through","floor":53,"key":"SMITH"}],"circlet_count":0,"master_deck":["AscendersBane","Defend_R","Defend_R","Defend_R","Defend_R","Whirlwind+1","Rupture+1","Pommel Strike+1","Feed+1","Demon Form+1","Berserk+1","Shrug It Off+1","Exhume+1","Evolve+1","Ghostly","Ghostly","Ghostly","Warcry","Power Through+1","Shockwave+1","Reaper","Burning Pact+1","Battle Trance","Second Wind","Second Wind+1","Body Slam","Dark Embrace","Disarm+1"],"relics":["Burning Blood","NeowsBlessing","Golden Idol","Pear","Astrolabe","Happy Flower","Bag of Marbles","Strawberry","Art of War","Coffee Dripper","Pocketwatch","Red Skull","Bronze Scales","Toxic Egg 2","Blue Candle","Paper Frog"],"acts_visited":["Exordium","TheCity","TheBeyond","TheEnding"],"potions_floor_usage":[56,56,56,56],"damage_taken":[{"damage":0.0,"enemies":"2 Louse","floor":1.0,"turns":1.0},{"damage":0.0,"enemies":"Jaw Worm","floor":4.0,"turns":1.0},{"damage":0.0,"enemies":"Lagavulin","floor":7.0,"turns":1.0},{"damage":0.0,"enemies":"Small Slimes","floor":8.0,"turns":2.0},{"damage":7.0,"enemies":"Exordium Thugs","floor":12.0,"turns":4.0},{"damage":6.0,"enemies":"Blue Slaver","floor":13.0,"turns":7.0},{"damage":14.0,"enemies":"Large Slime","floor":14.0,"turns":6.0},{"damage":42.0,"enemies":"Slime Boss","floor":16.0,"turns":7.0},{"damage":28.0,"enemies":"3 Byrds","floor":18.0,"turns":3.0},{"damage":2.0,"enemies":"Chosen","floor":21.0,"turns":5.0},{"damage":2.0,"enemies":"Centurion and Healer","floor":22.0,"turns":5.0},{"damage":18.0,"enemies":"Book of Stabbing","floor":24.0,"turns":6.0},{"damage":20.0,"enemies":"Snake Plant","floor":27.0,"turns":6.0},{"damage":28.0,"enemies":"Slavers","floor":28.0,"turns":7.0},{"damage":5.0,"enemies":"3 Cultists","floor":31.0,"turns":7.0},{"damage":33.0,"enemies":"Champ","floor":33.0,"turns":10.0},{"damage":12.0,"enemies":"3 Shapes","floor":35.0,"turns":6.0},{"damage":4.0,"enemies":"Orb Walker","floor":36.0,"turns":5.0},{"damage":43.0,"enemies":"Maw","floor":37.0,"turns":7.0},{"damage":45.0,"enemies":"2 Orb Walkers","floor":38.0,"turns":5.0},{"damage":45.0,"enemies":"Nemesis","floor":40.0,"turns":7.0},{"damage":72,"enemies":"Giant Head","floor":42,"turns":7},{"damage":12,"enemies":"Nemesis","floor":44,"turns":7},{"damage":0,"enemies":"3 Darklings","floor":46,"turns":2},{"damage":17,"enemies":"Writhing Mass","floor":47,"turns":7},{"damage":56,"enemies":"Donu and Deca","floor":50,"turns":10},{"damage":74,"enemies":"Awakened One","floor":51,"turns":11},{"damage":24,"enemies":"Shield and Spear","floor":55,"turns":6},{"damage":65,"enemies":"The Heart","floor":56,"turns":9}],"seed_played":"-8152276971595768647","potions_obtained":[{"floor":7.0,"key":"ColorlessPotion"},{"floor":13.0,"key":"ColorlessPotion"},{"floor":22.0,"key":"DuplicationPotion"},{"floor":24.0,"key":"AttackPotion"},{"floor":27.0,"key":"PowerPotion"},{"floor":28.0,"key":"CultistPotion"},{"floor":33.0,"key":"Block Potion"},{"floor":38.0,"key":"AttackPotion"},{"floor":39.0,"key":"EntropicBrew"}],"is_trial":false,"path_per_floor":["M","?","?","M","?","R","E","M","T","$","R","M","M","M","R","B",null,"M","$","?","M","M","R","E","R","T","M","E","R","$","M","R","B",null,"M","M","M","?","?","E","R","E","T","E","R","M","M","$","R","B","B",null,"R","$","E","B",null],"character_chosen":"IRONCLAD","items_purchased":["Feed","Happy Flower","Body Slam","Dark Embrace"],"campfire_rested":1,"item_purchase_floors":[10,19,54,54],"current_hp_per_floor":[74,74,48,54,54,54,70,76,76,76,76,79,83,79,79,47,88,66,66,50,54,58,58,46,46,53,43,25,46,46,51,51,28,68,76,85,89,93,93,58,58,25,25,50,50,56,94,94,94,88,53,101,101,101,121,116],"gold":126,"neow_bonus":"THREE_ENEMY_KILL","is_daily":false,"chose_seed":false,"campfire_upgraded":9,"win_rate":0.0,"timestamp":1607905015,"path_taken":["M","?","?","M","?","R","E","M","T","$","R","M","M","M","R","BOSS","M","$","?","M","M","R","E","R","T","M","E","R","?","M","R","BOSS","M","M","M","?","?","E","R","E","T","E","R","?","M","$","R","BOSS","BOSS","R","$","E","BOSS"],"items_purchased_type":["Card","Relic","Card","Card"],"build_version":"2020-11-30","purchased_purges":4,"victory":true,"max_hp_per_floor":[75,75,75,75,75,75,85,85,85,85,85,89,93,97,97,101,101,101,101,50,54,58,58,58,58,65,69,73,73,73,77,77,81,81,85,85,89,93,93,97,97,97,97,101,101,101,105,105,105,109,117,117,117,117,121,121],"relic_stats":{"Happy Flower":[45],"counters":[29,167],"Golden Idol":219,"Astrolabe":["Shrug It Off","Exhume","Evolve"],"Bronze Scales":[332],"Blue Candle":[4],"Art of War":[30],"obtain_stats":[{"Pear":7,"NeowsBlessing":0,"Happy Flower":19,"Golden Idol":3,"Astrolabe":17,"Blue Candle":44,"Burning Blood":0,"Strawberry":26,"Bronze Scales":42,"Bag of Marbles":24,"Art of War":28,"Coffee Dripper":34,"Toxic Egg 2":43,"Red Skull":40,"Pocketwatch":38,"Paper Frog":55},{"Pear":3,"NeowsBlessing":0,"Happy Flower":9,"Golden Idol":1,"Astrolabe":8,"Blue Candle":23,"Burning Blood":0,"Strawberry":12,"Bronze Scales":22,"Bag of Marbles":12,"Art of War":14,"Coffee Dripper":16,"Toxic Egg 2":22,"Red Skull":21,"Pocketwatch":20,"Paper Frog":28},{"Pear":3,"NeowsBlessing":0,"Happy Flower":32,"Golden Idol":1,"Astrolabe":29,"Blue Candle":122,"Burning Blood":0,"Strawberry":48,"Bronze Scales":115,"Bag of Marbles":48,"Art of War":61,"Coffee Dripper":78,"Toxic Egg 2":115,"Red Skull":108,"Pocketwatch":101,"Paper Frog":158}],"Burning Blood":150,"Pocketwatch":[37]},"card_choices":[{"not_picked":["Perfected Strike","Rage","Dual Wield"],"picked":"SKIP","floor":1.0},{"not_picked":["Headbutt","Dual Wield"],"picked":"Whirlwind","floor":4.0},{"not_picked":["Flex","True Grit"],"picked":"Pommel Strike","floor":7.0},{"not_picked":["Headbutt","Reckless Charge","Clash"],"picked":"SKIP","floor":8.0},{"not_picked":["Body Slam","Heavy Blade"],"picked":"Shrug It Off","floor":12.0},{"not_picked":["Body Slam","Sentinel","Heavy Blade"],"picked":"SKIP","floor":13.0},{"not_picked":["Wild Strike","Headbutt"],"picked":"Demon Form","floor":14.0},{"not_picked":["Immolate","Demon Form"],"picked":"Berserk","floor":16.0},{"not_picked":["Clash","Carnage","Cleave"],"picked":"SKIP","floor":18.0},{"not_picked":["Metallicize+1","Armaments"],"picked":"Warcry","floor":21.0},{"not_picked":["Heavy Blade","Twin Strike","Intimidate"],"picked":"SKIP","floor":22.0},{"not_picked":["Dropkick+1","Carnage"],"picked":"Hemokinesis","floor":24.0},{"not_picked":["Havoc","Heavy Blade","Clothesline"],"picked":"SKIP","floor":27.0},{"not_picked":["Feel No Pain","Clash"],"picked":"Power Through","floor":28.0},{"not_picked":["Perfected Strike","Pommel Strike+1"],"picked":"Shockwave","floor":31.0},{"not_picked":["Impervious","Demon Form"],"picked":"Reaper","floor":33.0},{"not_picked":["Havoc+1","Intimidate+1","Wild Strike"],"picked":"SKIP","floor":35.0},{"not_picked":["Flex","Iron Wave","Rampage"],"picked":"SKIP","floor":36.0},{"not_picked":["Blood for Blood","Warcry"],"picked":"Burning Pact","floor":37.0},{"not_picked":["Warcry","Uppercut"],"picked":"Battle Trance","floor":38.0},{"not_picked":["Heavy Blade","Demon Form","Armaments+1"],"picked":"SKIP","floor":40.0},{"not_picked":["Thunderclap+1","Ghostly Armor"],"picked":"Second Wind","floor":42},{"not_picked":["Heavy Blade+1","Armaments+1"],"picked":"Second Wind+1","floor":44},{"not_picked":["Reckless Charge","Anger","Pommel Strike"],"picked":"SKIP","floor":46},{"not_picked":["Flame Barrier+1","Carnage","Cleave"],"picked":"SKIP","floor":47},{"not_picked":["Whirlwind","Clothesline"],"picked":"Disarm+1","floor":55}],"player_experience":841901,"relics_obtained":[{"floor":7.0,"key":"Pear"},{"floor":24.0,"key":"Bag of Marbles"},{"floor":26.0,"key":"Strawberry"},{"floor":28.0,"key":"Art of War"},{"floor":38.0,"key":"Pocketwatch"},{"floor":40.0,"key":"Red Skull"},{"floor":42,"key":"Bronze Scales"},{"floor":43,"key":"Toxic Egg 2"},{"floor":44,"key":"Blue Candle"},{"floor":55,"key":"Paper Frog"}],"event_choices":[{"damage_healed":0.0,"max_hp_gain":0.0,"max_hp_loss":0.0,"gold_gain":0.0,"event_name":"Liars Game","player_choice":"Ignored","floor":2.0,"gold_loss":0.0,"damage_taken":0.0},{"damage_healed":0.0,"max_hp_gain":0.0,"max_hp_loss":0.0,"gold_gain":0.0,"event_name":"Golden Idol","player_choice":"Take Damage","floor":3.0,"gold_loss":0.0,"damage_taken":26.0,"relics_obtained":["Golden Idol"]},{"damage_healed":0.0,"max_hp_gain":0.0,"max_hp_loss":0.0,"gold_gain":0.0,"cards_transformed":["Strike_R"],"event_name":"Living Wall","player_choice":"Change","floor":5.0,"gold_loss":0.0,"damage_taken":0.0,"cards_obtained":["Rupture"]},{"damage_healed":0.0,"max_hp_gain":0.0,"max_hp_loss":51.0,"gold_gain":0.0,"event_name":"Ghosts","player_choice":"Became a Ghost","floor":20.0,"gold_loss":0.0,"damage_taken":0.0,"cards_obtained":["Ghostly","Ghostly","Ghostly"]},{"damage_healed":0.0,"max_hp_gain":0.0,"max_hp_loss":0.0,"gold_gain":0.0,"event_name":"Mysterious Sphere","player_choice":"Fight","floor":38.0,"gold_loss":0.0,"damage_taken":0.0},{"damage_healed":0.0,"max_hp_gain":0.0,"max_hp_loss":0.0,"gold_gain":0.0,"event_name":"Lab","player_choice":"Got Potions","floor":39.0,"gold_loss":0.0,"damage_taken":0.0}],"is_beta":false,"boss_relics":[{"not_picked":["SlaversCollar","Empty Cage"],"picked":"Astrolabe"},{"not_picked":["Sozu","Black Blood"],"picked":"Coffee Dripper"}],"items_purged_floors":[10,30,48,54],"is_endless":false,"potions_floor_spawned":[7,13,22,24,27,28,33,37,38,40,44,47,55],"ascension_level":20}}