{"host":"e8rlfedn69rz2s07","time":1607964725,"event":{"mods":["BaseMod","Challenge The Spire","Hubris","Infinite Spire","Minty Spire (QoL Compilation)","Permanent Neow","Relic Stats","Replay The Spire","Shop Mod","StSLib"],"gold_per_floor":[239,239,270,298,325,325,325,0,29,73,116,128,140,152,174,174],"floor_reached":15,"playtime":462,"items_purged":["Strike_R","Strike_R"],"score":324,"play_id":"a5dc3643-e646-4727-92d7-36a7dd6b6a2b","local_time":"20201214185205","daily_mods":["challengethespire:Gold Difficulty","challengethespire:Elite Rush","Uncertain Future"],"is_ascension_mode":true,"campfire_choices":[{"data":"Shockwave","floor":2,"key":"SMITH"},{"data":"Armaments","floor":7,"key":"SMITH"},{"data":"Inflame","floor":13,"key":"SMITH"},{"data":"Disarm","floor":14,"key":"SMITH"}],"circlet_count":0,"master_deck":["AscendersBane","Strike_R","Strike_R","Strike_R","Defend_R","Defend_R","Defend_R","Defend_R","Bash+1","Shockwave+1","Carnage","Carnage+1","hubris:ReadiedAction","Disarm+1","Armaments+1","Whirlwind","Rage","Fiend Fire","Inflame+1","CurseOfTheBell"],"relics":["Burning Blood","Black Star","Sling","PreservedInsect","Eternal Feather","Potion Belt","Letter Opener","ReplayTheSpireMod:Spearhead","Nunchaku","White Beast Statue","Toy Ornithopter","hubris:ScarierMask","Brimstone","infinitespire:Midas Blood","MawBank","infinitespire:FocusingShard","Akabeko","HornCleat","Whetstone","Calling Bell","Pen Nib","Quantum Egg","Unceasing Top"],"acts_visited":["Exordium"],"potions_floor_usage":[3,10,15,15],"damage_taken":[{"damage":14,"enemies":"3 Sentries","floor":3,"turns":5},{"damage":0,"enemies":"Gremlin Nob","floor":4,"turns":2},{"damage":10,"enemies":"Lagavulin","floor":5,"turns":5},{"damage":43,"enemies":"Book of Stabbing","floor":9,"turns":4},{"damage":0,"enemies":"Gremlin Leader","floor":10,"turns":3},{"damage":12,"enemies":"Slavers","floor":11,"turns":2},{"damage":124,"enemies":"Giant Head","floor":15,"turns":7}],"seed_played":"5729620067881365299","potions_obtained":[{"floor":9,"key":"BlessingOfTheForge"},{"floor":10,"key":"Regen Potion"},{"floor":11,"key":"Fruit Juice"}],"is_trial":true,"path_per_floor":["$","R","E","E","E","T","R","$","E","E","E","T","R","R","E"],"character_chosen":"IRONCLAD","items_purchased":["Eternal Feather","Shockwave","Carnage","Fire Potion","Whirlwind","Brimstone"],"campfire_rested":0,"item_purchase_floors":[1,1,1,1,8,8],"current_hp_per_floor":[68,74,66,72,68,68,75,75,38,49,43,43,55,67,0,0],"gold":174,"neow_bonus":"","is_daily":false,"chose_seed":false,"campfire_upgraded":4,"win_rate":0.0,"timestamp":1607964725,"path_taken":["$","R","E","E","E","T","R","$","E","E","E","T","R","R","E"],"items_purchased_type":["Relic","Card","Card","Potion","Card","Relic"],"build_version":"2020-12-13","purchased_purges":2,"victory":false,"max_hp_per_floor":[75,75,75,75,75,75,75,75,75,75,75,75,75,75,80,80],"relic_stats":{"counters":[7,28],"Eternal Feather":37,"PreservedInsect":346,"Pen Nib":[0],"Letter Opener":[10],"Whetstone":["Carnage","Bash"],"MawBank":72,"Burning Blood":36,"Nunchaku":[2],"Black Star":6,"obtain_stats":[{"Potion Belt":3,"Quantum Egg":12,"Eternal Feather":1,"PreservedInsect":0,"infinitespire:FocusingShard":10,"Pen Nib":12,"Letter Opener":3,"Whetstone":11,"Sling":0,"MawBank":9,"Burning Blood":0,"White Beast Statue":5,"Akabeko":10,"Calling Bell":12,"ReplayTheSpireMod:Spearhead":4,"Nunchaku":4,"HornCleat":11,"Brimstone":8,"hubris:ScarierMask":6,"Black Star":0,"Toy Ornithopter":5,"Unceasing Top":12,"infinitespire:Midas Blood":9},{"Potion Belt":1,"Quantum Egg":6,"Eternal Feather":0,"PreservedInsect":0,"infinitespire:FocusingShard":5,"Pen Nib":6,"Letter Opener":1,"Whetstone":6,"Sling":0,"MawBank":4,"Burning Blood":0,"White Beast Statue":3,"Akabeko":5,"Calling Bell":6,"ReplayTheSpireMod:Spearhead":2,"Nunchaku":2,"HornCleat":6,"Brimstone":3,"hubris:ScarierMask":3,"Black Star":0,"Toy Ornithopter":3,"Unceasing Top":6,"infinitespire:Midas Blood":4},{"Potion Belt":5,"Quantum Egg":21,"Eternal Feather":0,"PreservedInsect":0,"infinitespire:FocusingShard":19,"Pen Nib":21,"Letter Opener":5,"Whetstone":21,"Sling":0,"MawBank":16,"Burning Blood":0,"White Beast Statue":12,"Akabeko":19,"Calling Bell":21,"ReplayTheSpireMod:Spearhead":7,"Nunchaku":7,"HornCleat":21,"Brimstone":12,"hubris:ScarierMask":12,"Black Star":0,"Toy Ornithopter":12,"Unceasing Top":21,"infinitespire:Midas Blood":16}],"Toy Ornithopter":15,"Unceasing Top":[0]},"card_choices":[],"player_experience":704574,"relics_obtained":[{"floor":3,"key":"Potion Belt"},{"floor":3,"key":"Letter Opener"},{"floor":4,"key":"ReplayTheSpireMod:Spearhead"},{"floor":4,"key":"Nunchaku"},{"floor":5,"key":"White Beast Statue"},{"floor":5,"key":"Toy Ornithopter"},{"floor":9,"key":"infinitespire:Midas Blood"},{"floor":9,"key":"MawBank"},{"floor":10,"key":"infinitespire:FocusingShard"},{"floor":10,"key":"Akabeko"},{"floor":11,"key":"HornCleat"},{"floor":11,"key":"Whetstone"},{"floor":12,"key":"Pen Nib"},{"floor":12,"key":"Quantum Egg"},{"floor":12,"key":"Unceasing Top"}],"event_choices":[],"is_beta":false,"boss_relics":[{"not_picked":["hubris:GrandSneckoEye","Sozu"],"picked":"hubris:ScarierMask"},{"not_picked":["Replay:Ancient Bell","Kintsugi"],"picked":"Calling Bell"}],"items_purged_floors":[1,8],"is_endless":false,"potions_floor_spawned":[9,10,11],"killed_by":"Giant Head","ascension_level":15}}