{"host":"jm9833yuloeli2yd","time":1607918114,"event":{"mods":["AchievementEnabler","BaseMod","Better Altar","Better Match","Better Note","Better Sensory Stone","Better Skull","Better Vampires","Colored Map","Colored Powertips","DeckTracker","Minty Spire (QoL Compilation)","Permanent Neow","Quick Restart","Replay The Spire","StSLib","SuperFastMode"],"gold_per_floor":[109,125,141,160,179,210,210,235,285,302,335,351,351,371,371,449,449,460,4,24,24,24],"floor_reached":21,"playtime":633,"items_purged":[],"score":460,"play_id":"1cf01bac-300a-40e0-a62d-e8f1668d66d7","local_time":"20201213225514","is_ascension_mode":true,"campfire_choices":[{"data":"Buffer","floor":7,"key":"SMITH"},{"data":"Barrage","floor":13,"key":"SMITH"},{"data":"Auto Shields","floor":15,"key":"SMITH"}],"circlet_count":0,"master_deck":["AscendersBane","Strike_B+1","Strike_B","Strike_B","Strike_B","Defend_B","Defend_B","Defend_B","Defend_B","Zap","Dualcast","Strike_P","Defend_R","Sunder","Buffer+1","Barrage+1","Ball Lightning","Cold Snap","Tempest","ReplayRNGCard","ReplayTheSpireMod:Calculation Training","Go for the Eyes+1","Auto Shields+1","Mirror Shield","Fusion","Capacitor","Hologram"],"relics":["Cracked Core","Mango","BranchBurnRelic","PreservedInsect","Dream Catcher","White Beast Statue","Snecko Eye","Membership Card","CaptainsWheel","Whetstone"],"acts_visited":["Exordium","TheCity"],"potions_floor_usage":[6,16],"damage_taken":[{"damage":2.0,"enemies":"Cultist","floor":1.0,"turns":4.0},{"damage":9.0,"enemies":"Jaw Worm","floor":2.0,"turns":5.0},{"damage":0.0,"enemies":"2 Louse","floor":3.0,"turns":1.0},{"damage":0.0,"enemies":"2 Fungi Beasts","floor":4.0,"turns":1.0},{"damage":9,"enemies":"Exordium Wildlife","floor":5,"turns":5},{"damage":15,"enemies":"Lagavulin","floor":6,"turns":7},{"damage":13,"enemies":"3 Sentries","floor":8,"turns":6},{"damage":7,"enemies":"Looter","floor":10,"turns":3},{"damage":0,"enemies":"Gremlin Nob","floor":11,"turns":3},{"damage":0,"enemies":"Large Slime","floor":12,"turns":4},{"damage":14,"enemies":"Exordium Wildlife","floor":14,"turns":4},{"damage":16,"enemies":"Slime Boss","floor":16,"turns":6},{"damage":47,"enemies":"2 Thieves","floor":18,"turns":5},{"damage":0,"enemies":"Shell Parasite","floor":20,"turns":3},{"damage":30,"enemies":"3 Cultists","floor":21,"turns":5}],"seed_played":"-1222615053259650284","potions_obtained":[{"floor":1.0,"key":"SpeedPotion"},{"floor":4.0,"key":"SteroidPotion"},{"floor":8,"key":"Explosive Potion"},{"floor":14,"key":"PowerPotion"},{"floor":16,"key":"Ancient Potion"},{"floor":20,"key":"Block Potion"}],"is_trial":false,"path_per_floor":["M","M","M","M","M","E","R","E","T","M","E","M","R","M","R","B",null,"M","$","M","M"],"character_chosen":"DEFECT","items_purchased":["Membership Card","Capacitor","CaptainsWheel","Whetstone"],"campfire_rested":0,"item_purchase_floors":[19,19,19,19],"current_hp_per_floor":[76,67,67,67,58,43,43,45,45,38,38,38,38,36,36,35,73,26,26,26,0,0],"gold":24,"neow_bonus":"ONE_RARE_RELIC","is_daily":false,"chose_seed":false,"campfire_upgraded":3,"win_rate":0.0,"timestamp":1607918114,"path_taken":["M","M","M","M","M","E","R","E","T","M","E","M","R","M","R","BOSS","M","$","M","M"],"items_purchased_type":["Relic","Card","Relic","Relic"],"build_version":"2020-12-13","purchased_purges":0,"victory":false,"max_hp_per_floor":[85,85,85,85,85,85,85,85,85,85,85,85,85,85,85,85,85,85,85,85,85,85],"card_choices":[{"not_picked":["BasicCrystalCard","Gash"],"picked":"Sunder","floor":1.0},{"not_picked":["Steam","ReplayTheSpireMod:GoodbyeWorld","Steam Power"],"picked":"SKIP","floor":2.0},{"not_picked":["BasicCrystalCard","Streamline"],"picked":"Buffer","floor":3.0},{"not_picked":["Streamline","Sweeping Beam"],"picked":"Barrage","floor":4.0},{"not_picked":["Conserve Battery","Compile Driver"],"picked":"Ball Lightning","floor":5},{"not_picked":["Rebound","Streamline"],"picked":"Cold Snap","floor":6},{"not_picked":["Redo","Cold Snap"],"picked":"Tempest","floor":8},{"not_picked":["Sunder","Static Discharge"],"picked":"ReplayRNGCard","floor":10},{"not_picked":["Force Field","Ball Lightning"],"picked":"ReplayTheSpireMod:Calculation Training","floor":11},{"not_picked":["Steam","Heatsinks"],"picked":"Go for the Eyes","floor":12},{"not_picked":["Loop","Coolheaded"],"picked":"Auto Shields","floor":14},{"not_picked":["Hyperbeam","Machine Learning"],"picked":"Mirror Shield","floor":16},{"not_picked":["Compile Driver","Rebound"],"picked":"Fusion","floor":18},{"not_picked":["Stack","Reprogram"],"picked":"Hologram","floor":20}],"player_experience":1056901,"relics_obtained":[{"floor":6,"key":"Dead Branch"},{"floor":8,"key":"PreservedInsect"},{"floor":9,"key":"Dream Catcher"},{"floor":11,"key":"White Beast Statue"}],"event_choices":[],"is_beta":false,"boss_relics":[{"not_picked":["Replay:Ancient Bell","Ring of Chaos"],"picked":"Snecko Eye"}],"items_purged_floors":[],"is_endless":false,"potions_floor_spawned":[1,4,8,12,14,16,18,20],"killed_by":"3 Cultists","ascension_level":20}}