{"host":"jgqxb38yl0c1w101","time":1607910569,"event":{"mods":["2.2 Compatiblity","AchievementEnabler","BaseMod","Beaked The Cultist","Colored Map","Downfall","Hermit","Hubris","Minty Spire (QoL Compilation)","Replay The Spire","StSLib"],"gold_per_floor":[349,361,55,71,71,96,96,21,32,59,59,44,61,61,75,75,75],"floor_reached":16,"playtime":1119,"items_purged":[],"score":110,"play_id":"7c5af687-1855-4993-8b39-b15bfac51bd9","local_time":"20201213204929","is_ascension_mode":false,"campfire_choices":[{"data":"Guardian:TwinSlam","floor":1,"key":"SMITH"},{"floor":8,"key":"RECALL"}],"circlet_count":0,"master_deck":["Guardian:Strike_Guardian","Guardian:Strike_Guardian","Guardian:Strike_Guardian","Guardian:Strike_Guardian","Guardian:Defend_Guardian","Guardian:Defend_Guardian","Guardian:Defend_Guardian","Guardian:Defend_Guardian","Guardian:CurlUp","Guardian:TwinSlam+1","Guardian:Incinerate","Guardian:BronzeOrb","Guardian:Reroute","Guardian:Planning","Guardian:ShieldCharger","Guardian:Gem_Red","Guardian:TemporalStrike","Guardian:Gem_Blue","Guardian:Gem_Lightblue"],"relics":["Guardian:ModeShifter","Membership Card","hubris:SlimyHat","Anchor","Replay:Wax Seal","downfall:HeartBlessingBlue","Bag of Marbles","hubris:DeckOfHolding"],"acts_visited":["Exordium"],"potions_floor_usage":[13,16],"damage_taken":[{"damage":1,"enemies":"2 Louse","floor":2,"turns":3},{"damage":0,"enemies":"downfall:FleeingMerchant","floor":3,"turns":4},{"damage":0,"enemies":"Jaw Worm","floor":4,"turns":2},{"damage":22,"enemies":"Lagavulin","floor":6,"turns":7},{"damage":0,"enemies":"Cultist","floor":9,"turns":3},{"damage":24,"enemies":"Replay:BlueRogue","floor":10,"turns":6},{"damage":0,"enemies":"downfall:FleeingMerchant","floor":12,"turns":4},{"damage":13,"enemies":"Gremlin Gang","floor":13,"turns":4},{"damage":0,"enemies":"Blue Slaver","floor":15,"turns":2},{"damage":44,"enemies":"downfall:Ironclad","floor":16,"turns":9}],"seed_played":"3147760727368152604","potions_obtained":[{"floor":4,"key":"DuplicationPotion"},{"floor":9,"key":"Guardian:DefensiveModePotion"},{"floor":10,"key":"PowerPotion"},{"floor":13,"key":"Energy Potion"},{"floor":15,"key":"Reflective Coating"}],"is_trial":false,"path_per_floor":["R","M","$","M","?","E","T","R","M","E","T","$","M","?","M","B"],"character_chosen":"GUARDIAN","items_purchased":["Membership Card","hubris:SlimyHat","Anchor"],"campfire_rested":0,"item_purchase_floors":[3,3,3],"current_hp_per_floor":[72,71,71,71,76,54,54,64,64,40,40,40,27,27,27,0,0],"gold":75,"neow_bonus":"TWO_FIFTY_GOLD","is_daily":false,"chose_seed":false,"campfire_upgraded":1,"win_rate":0.0,"timestamp":1607910569,"path_taken":["R","M","$","M","?","E","T","R","M","E","?","?","M","?","M","BOSS"],"items_purchased_type":["Relic","Relic","Relic"],"build_version":"2020-12-13","purchased_purges":0,"victory":false,"max_hp_per_floor":[72,72,72,72,77,77,77,87,87,87,87,87,87,87,87,87,87],"card_choices":[{"not_picked":["Guardian:Gem_Red","Guardian:Gem_Cyan"],"picked":"Guardian:Incinerate","floor":2},{"not_picked":["Guardian:TemporalStrike","Guardian:Gem_Synthetic"],"picked":"Guardian:BronzeOrb","floor":3},{"not_picked":["Guardian:RefractedBeam","Guardian:Incinerate"],"picked":"Guardian:Reroute","floor":4},{"not_picked":["Guardian:Gem_Lightblue","Guardian:Gem_Cyan"],"picked":"Guardian:Planning","floor":6},{"not_picked":["Guardian:CrystalBeam","Guardian:Suspension"],"picked":"Guardian:ShieldCharger","floor":9},{"not_picked":["Guardian:VentSteam","Guardian:Suspension"],"picked":"Guardian:Gem_Red","floor":10},{"not_picked":["Guardian:CrystalBeam","Guardian:RollAttack"],"picked":"Guardian:TemporalStrike","floor":12},{"not_picked":["Guardian:Planning","Guardian:Incinerate","Guardian:ShieldCharger"],"picked":"SKIP","floor":13},{"not_picked":["Guardian:PrimingBeam","Guardian:EvasiveProtocol","Guardian:Reroute"],"picked":"SKIP","floor":15}],"player_experience":70913,"relics_obtained":[{"floor":6,"key":"Replay:Wax Seal"},{"floor":10,"key":"Bag of Marbles"},{"floor":11,"key":"hubris:DeckOfHolding"}],"event_choices":[{"damage_healed":0,"gold_gain":0,"player_choice":"Donut","damage_taken":0,"max_hp_gain":5,"max_hp_loss":0,"event_name":"Big Fish","floor":5,"gold_loss":0}],"is_beta":false,"boss_relics":[],"items_purged_floors":[],"is_endless":false,"potions_floor_spawned":[4,9,10,13,15],"killed_by":"downfall:Ironclad","ascension_level":0}}