{"host":"soyfmymeou4emntr","time":1607987857,"event":{"mods":["BaseMod","Minty Spire (QoL Compilation)","Relic Sorter","Relic Stats","StSLib"],"gold_per_floor":[118,128,128,128,128,128,155,155,203,203,228,248,266,292,292,371,371,387,401,200,210,210,210],"floor_reached":22,"playtime":967,"items_purged":["Strike_B"],"score":508,"play_id":"90b0389e-143e-4ad6-af29-1b6a8f8e1a75","local_time":"20201214161737","is_ascension_mode":true,"campfire_choices":[{"floor":6.0,"key":"REST"},{"data":"Ball Lightning","floor":8.0,"key":"SMITH"},{"floor":10.0,"key":"REST"},{"data":"Defragment","floor":15.0,"key":"SMITH"}],"circlet_count":0,"master_deck":["AscendersBane","Strike_B","Strike_B","Strike_B","Defend_B+1","Defend_B","Defend_B","Defend_B","Zap","Dualcast","Ball Lightning+1","Barrage+1","Sweeping Beam+1","Beam Cell+1","Capacitor","Coolheaded","Defragment+1","Electrodynamics","Genetic Algorithm","Loop","Redo+1"],"relics":["Cracked Core","NeowsBlessing","Molten Egg 2","Vajra","Nunchaku","DataDisk","Omamori","Lantern","Black Star"],"acts_visited":["Exordium","TheCity"],"potions_floor_usage":[19],"damage_taken":[{"damage":0.0,"enemies":"Cultist","floor":1.0,"turns":1.0},{"damage":0.0,"enemies":"Jaw Worm","floor":2.0,"turns":1.0},{"damage":0.0,"enemies":"Gremlin Nob","floor":7.0,"turns":1.0},{"damage":15.0,"enemies":"3 Sentries","floor":11.0,"turns":4.0},{"damage":7.0,"enemies":"2 Louse","floor":12.0,"turns":2.0},{"damage":5.0,"enemies":"Exordium Wildlife","floor":13.0,"turns":3.0},{"damage":0.0,"enemies":"Gremlin Nob","floor":14.0,"turns":2.0},{"damage":2.0,"enemies":"Slime Boss","floor":16.0,"turns":5.0},{"damage":6,"enemies":"3 Byrds","floor":18,"turns":2},{"damage":20,"enemies":"2 Thieves","floor":19,"turns":4},{"damage":13,"enemies":"Snecko","floor":21,"turns":5},{"damage":22,"enemies":"Snake Plant","floor":22,"turns":3}],"seed_played":"1158994033772830614","potions_obtained":[{"floor":7.0,"key":"SkillPotion"},{"floor":12.0,"key":"Strength Potion"},{"floor":13.0,"key":"Dexterity Potion"},{"floor":18,"key":"PowerPotion"}],"is_trial":false,"path_per_floor":["M","M","?","T","?","R","E","R","T","R","E","M","M","E","R","B",null,"M","M","$","M","M"],"character_chosen":"DEFECT","items_purchased":["Loop","DuplicationPotion"],"campfire_rested":2,"item_purchase_floors":[20,20],"current_hp_per_floor":[64,64,38,38,17,38,38,38,38,59,44,37,32,32,32,30,61,55,35,35,22,0,0],"gold":210,"neow_bonus":"THREE_ENEMY_KILL","is_daily":false,"chose_seed":false,"campfire_upgraded":2,"win_rate":0.0,"timestamp":1607987857,"path_taken":["M","M","?","?","?","R","E","R","T","R","E","?","M","E","R","BOSS","M","M","$","M","M"],"items_purchased_type":["Card","Potion"],"build_version":"2020-12-13","purchased_purges":1,"victory":false,"max_hp_per_floor":[71,71,71,71,71,71,71,71,71,71,71,71,71,71,71,71,71,71,71,71,71,71,71],"relic_stats":{"Nunchaku":[5],"counters":[12,33],"Black Star":0,"obtain_stats":[{"Nunchaku":7,"DataDisk":9,"Lantern":14,"NeowsBlessing":0,"Vajra":4,"Molten Egg 2":3,"Omamori":11,"Black Star":17,"Cracked Core":0},{"Nunchaku":3,"DataDisk":3,"Lantern":7,"NeowsBlessing":0,"Vajra":2,"Molten Egg 2":2,"Omamori":4,"Black Star":8,"Cracked Core":0},{"Nunchaku":3,"DataDisk":3,"Lantern":14,"NeowsBlessing":0,"Vajra":2,"Molten Egg 2":2,"Omamori":7,"Black Star":19,"Cracked Core":0}]},"card_choices":[{"not_picked":["Turbo","Steam Power"],"picked":"Ball Lightning","floor":1.0},{"not_picked":["Beam Cell","Stack"],"picked":"Barrage","floor":2.0},{"not_picked":["Tempest","Reprogram"],"picked":"Sweeping Beam+1","floor":7.0},{"not_picked":["Steam","Static Discharge"],"picked":"Beam Cell+1","floor":11.0},{"not_picked":["Storm","Chill"],"picked":"Capacitor","floor":12.0},{"not_picked":["Chill","Barrage+1"],"picked":"Coolheaded","floor":13.0},{"not_picked":["All For One+1","Meteor Strike+1"],"picked":"Defragment","floor":14.0},{"not_picked":["All For One+1","Rainbow"],"picked":"Electrodynamics","floor":16.0},{"not_picked":["Streamline+1","Coolheaded"],"picked":"Genetic Algorithm","floor":18},{"not_picked":["Sweeping Beam+1","Turbo","Conserve Battery"],"picked":"SKIP","floor":19},{"not_picked":["BootSequence","Reboot"],"picked":"Redo+1","floor":21}],"player_experience":2530101,"relics_obtained":[{"floor":4.0,"key":"Vajra"},{"floor":7.0,"key":"Nunchaku"},{"floor":9.0,"key":"DataDisk"},{"floor":11.0,"key":"Omamori"},{"floor":14.0,"key":"Lantern"}],"event_choices":[{"damage_healed":0.0,"max_hp_gain":0.0,"max_hp_loss":0.0,"gold_gain":0.0,"event_name":"Scrap Ooze","player_choice":"Success","floor":3.0,"gold_loss":0.0,"damage_taken":26.0,"relics_obtained":["Molten Egg 2"]},{"damage_healed":0.0,"max_hp_gain":0.0,"max_hp_loss":0.0,"gold_gain":0.0,"event_name":"Shining Light","player_choice":"Entered Light","floor":5.0,"gold_loss":0.0,"damage_taken":21.0,"cards_upgraded":["Defend_B","Barrage"]}],"is_beta":false,"boss_relics":[{"not_picked":["Philosopher\u0027s Stone","Ectoplasm"],"picked":"Black Star"}],"items_purged_floors":[20],"is_endless":false,"potions_floor_spawned":[7,12,13,18,21],"killed_by":"Snake Plant","ascension_level":20}}