{"host":"y89x8uui45kcjy42","time":1607944378,"event":{"mods":["2.2 Compatiblity","BaseMod","Colored Map","Colored Powertips","Friendly Minions","Hermit","Highlight Path","Keyboard Shortcuts","Minty Spire (QoL Compilation)","StSLib","SuperFastMode","Waifu the Spire"],"gold_per_floor":[110,110,110,129,148,148,174,174,221,246,259,282,296,142,142,245,245,261,186,186,86,106,106,124,124,150,150,25,51,51,70,70,173,173,183,199,249,102,102,102,132,132,132,145,156,7,24,24,24],"floor_reached":48,"playtime":1928,"items_purged":["Regret","hermit:Strike_Hermit+1","Regret"],"score":512,"play_id":"2f4d905c-adb5-44cd-926e-238bb3f4364d","local_time":"20201214201258","is_ascension_mode":true,"campfire_choices":[{"data":"hermit:Dive","floor":6,"key":"SMITH"},{"floor":8,"key":"REST"},{"data":"hermit:FlashPowder","floor":15,"key":"SMITH"},{"data":"hermit:Magnum","floor":23,"key":"SMITH"},{"data":"hermit:TakeAim","floor":25,"key":"SMITH"},{"data":"hermit:Brawl","floor":27,"key":"SMITH"},{"data":"1","floor":32,"key":"LIFT"},{"data":"2","floor":40,"key":"LIFT"},{"data":"3","floor":42,"key":"LIFT"}],"circlet_count":0,"master_deck":["hermit:Strike_Hermit+1","hermit:Strike_Hermit+1","hermit:Defend_Hermit+1","hermit:Defend_Hermit+1","hermit:Defend_Hermit+1","hermit:Snapshot+1","hermit:Covet+1","hermit:Dive+1","hermit:Dive","hermit:Magnum+1","hermit:Brawl+1","hermit:FlashPowder+1","hermit:Gambit","hermit:TakeAim+1","hermit:ShadowCloak","Decay","hermit:Roughhouse","Injury"],"relics":["hermit:Momento","War Paint","Pen Nib","Oddly Smooth Stone","Pear","Odd Mushroom","Cursed Key","MealTicket","Girya","Sozu","FossilizedHelix","Sling","Eternal Feather","Bronze Scales","TheAbacus"],"acts_visited":["Exordium","TheCity","TheBeyond"],"potions_floor_usage":[7,12,16,29,29,29],"damage_taken":[{"damage":7,"enemies":"Small Slimes","floor":1,"turns":5},{"damage":1,"enemies":"Jaw Worm","floor":4,"turns":3},{"damage":0,"enemies":"Cultist","floor":5,"turns":3},{"damage":11,"enemies":"Lagavulin","floor":7,"turns":7},{"damage":20,"enemies":"3 Sentries","floor":10,"turns":11},{"damage":1,"enemies":"Looter","floor":11,"turns":3},{"damage":12,"enemies":"The Mushroom Lair","floor":12,"turns":6},{"damage":17,"enemies":"2 Fungi Beasts","floor":13,"turns":6},{"damage":13,"enemies":"The Guardian","floor":16,"turns":10},{"damage":8,"enemies":"Spheric Guardian","floor":18,"turns":5},{"damage":0,"enemies":"Chosen","floor":22,"turns":4},{"damage":3,"enemies":"Snecko","floor":24,"turns":5},{"damage":16,"enemies":"Slavers","floor":29,"turns":8},{"damage":42,"enemies":"3 Cultists","floor":31,"turns":8},{"damage":33,"enemies":"Automaton","floor":33,"turns":17},{"damage":3,"enemies":"Orb Walker","floor":35,"turns":4},{"damage":14,"enemies":"3 Darklings","floor":36,"turns":6},{"damage":27,"enemies":"Mind Bloom Boss Battle","floor":37,"turns":8},{"damage":40,"enemies":"Giant Head","floor":41,"turns":9},{"damage":15,"enemies":"4 Shapes","floor":44,"turns":9},{"damage":0,"enemies":"Maw","floor":45,"turns":7},{"damage":29,"enemies":"Spire Growth","floor":47,"turns":5},{"damage":14,"enemies":"Nemesis","floor":48,"turns":4}],"seed_played":"1783934670602855690","potions_obtained":[{"floor":5,"key":"LiquidMemories"},{"floor":11,"key":"SkillPotion"},{"floor":13,"key":"Dexterity Potion"},{"floor":16,"key":"Weak Potion"},{"floor":18,"key":"ColorlessPotion"},{"floor":24,"key":"Regen Potion"}],"is_trial":false,"path_per_floor":["M","?","?","M","M","R","E","R","T","E","M","?","M","$","R","B",null,"M","?","?","$","M","R","M","R","T","R","$","E","?","M","R","B",null,"M","M","?","$","$","R","E","R","T","M","M","$","M","E"],"character_chosen":"HERMIT","items_purchased":["hermit:FlashPowder","Sling","TheAbacus"],"campfire_rested":1,"item_purchase_floors":[14,38,46],"current_hp_per_floor":[68,68,61,60,60,60,49,71,71,61,60,48,31,31,31,18,85,77,77,77,77,77,77,74,74,74,74,85,84,84,42,42,9,85,82,68,41,56,71,71,31,40,40,25,25,40,11,0,0],"gold":24,"neow_bonus":"UPGRADE_CARD","is_daily":false,"chose_seed":false,"campfire_upgraded":5,"win_rate":0.0,"timestamp":1607944378,"path_taken":["M","?","?","M","M","R","E","R","T","E","M","?","M","$","R","BOSS","M","?","?","?","?","R","M","R","T","R","$","E","?","M","R","BOSS","M","M","?","?","$","R","E","R","T","M","M","$","?","E"],"items_purchased_type":["Card","Relic","Relic"],"build_version":"2020-12-13","purchased_purges":3,"victory":false,"max_hp_per_floor":[75,75,75,75,75,75,75,75,75,85,85,85,85,85,85,85,85,85,85,85,85,85,85,85,85,85,85,85,85,85,85,85,85,85,85,85,85,85,85,85,85,85,85,85,85,85,85,85,85],"card_choices":[{"not_picked":["hermit:ItchyTrigger","hermit:Combo","hermit:HighCaliber"],"picked":"SKIP","floor":1},{"not_picked":["hermit:Dive","hermit:Virtue","hermit:LuckOfTheDraw"],"picked":"SKIP","floor":4},{"not_picked":["hermit:Feint","hermit:Headshot"],"picked":"hermit:Dive","floor":5},{"not_picked":["hermit:Midnight","hermit:Purgatory","hermit:Scavenge"],"picked":"SKIP","floor":7},{"not_picked":["hermit:CalledShot","hermit:NoHoldsBarred","hermit:Roulette"],"picked":"SKIP","floor":10},{"not_picked":["hermit:ItchyTrigger","hermit:Ricochet"],"picked":"hermit:Dive","floor":11},{"not_picked":["hermit:CalledShot","hermit:EyeOfTheStorm"],"picked":"hermit:Magnum","floor":12},{"not_picked":["hermit:ItchyTrigger","hermit:Dive"],"picked":"hermit:Brawl","floor":13},{"not_picked":["hermit:Purgatory","hermit:DeadOrAlive"],"picked":"hermit:Gambit","floor":16},{"not_picked":["hermit:Showdown","hermit:SprayPray","hermit:Coalescence"],"picked":"SKIP","floor":18},{"not_picked":["hermit:Roulette","hermit:Deadeye","hermit:BodyArmor"],"picked":"SKIP","floor":22},{"not_picked":["hermit:Ricochet+1","hermit:TakeCover"],"picked":"hermit:TakeAim","floor":24},{"not_picked":["hermit:Misfire","hermit:Malice"],"picked":"hermit:ShadowCloak","floor":29},{"not_picked":["hermit:WideOpen","hermit:LowProfile"],"picked":"hermit:Roughhouse","floor":31},{"not_picked":["hermit:Showdown","hermit:HighCaliber+1","hermit:CalledShot+1"],"picked":"SKIP","floor":35},{"not_picked":["hermit:Vantage+1","hermit:Midnight+1","hermit:Roulette"],"picked":"SKIP","floor":36},{"not_picked":["hermit:TrackingShot+1","hermit:Purgatory","hermit:CursedWeapon"],"picked":"SKIP","floor":41},{"not_picked":["hermit:Misfire+1","hermit:Gestalt","hermit:WideOpen"],"picked":"SKIP","floor":44},{"not_picked":["hermit:BodyArmor","hermit:Desperado","hermit:ItchyTrigger+1"],"picked":"SKIP","floor":45},{"not_picked":["hermit:Feint+1","hermit:Ricochet","hermit:Grudge+1"],"picked":"SKIP","floor":47}],"player_experience":495597,"relics_obtained":[{"floor":7,"key":"Pen Nib"},{"floor":9,"key":"Oddly Smooth Stone"},{"floor":10,"key":"Pear"},{"floor":12,"key":"Odd Mushroom"},{"floor":26,"key":"MealTicket"},{"floor":29,"key":"Girya"},{"floor":37,"key":"FossilizedHelix"},{"floor":41,"key":"Eternal Feather"},{"floor":43,"key":"Bronze Scales"}],"event_choices":[{"damage_healed":0,"gold_gain":0,"player_choice":"Box","damage_taken":0,"relics_obtained":["War Paint"],"max_hp_gain":0,"max_hp_loss":0,"event_name":"Big Fish","floor":2,"gold_loss":0,"cards_obtained":["Regret"]},{"cards_removed":["hermit:Strike_Hermit"],"damage_healed":0,"gold_gain":0,"player_choice":"Card Removal","damage_taken":7,"max_hp_gain":0,"max_hp_loss":0,"event_name":"Golden Wing","floor":3,"gold_loss":0},{"damage_healed":0,"gold_gain":0,"player_choice":"Fought Mushrooms","damage_taken":0,"max_hp_gain":0,"max_hp_loss":0,"event_name":"Mushrooms","floor":12,"gold_loss":0},{"cards_removed":["hermit:Defend_Hermit"],"damage_healed":0,"gold_gain":0,"player_choice":"Gave Gold","damage_taken":0,"max_hp_gain":0,"max_hp_loss":0,"event_name":"Beggar","floor":19,"gold_loss":75},{"damage_healed":0,"gold_gain":0,"player_choice":"Simplicity","damage_taken":0,"max_hp_gain":0,"max_hp_loss":0,"event_name":"Back to Basics","floor":20,"gold_loss":0,"cards_upgraded":["hermit:Strike_Hermit","hermit:Strike_Hermit","hermit:Strike_Hermit","hermit:Defend_Hermit","hermit:Defend_Hermit"]},{"damage_healed":0,"gold_gain":0,"player_choice":"Smashed Altar","damage_taken":0,"max_hp_gain":0,"max_hp_loss":0,"event_name":"Forgotten Altar","floor":30,"gold_loss":0,"cards_obtained":["Decay"]},{"damage_healed":0,"gold_gain":0,"player_choice":"Fight","damage_taken":0,"max_hp_gain":0,"max_hp_loss":0,"event_name":"MindBloom","floor":37,"gold_loss":0}],"is_beta":false,"boss_relics":[{"not_picked":["SacredBark","hermit:BartenderGlass"],"picked":"Cursed Key"},{"not_picked":["Pandora\u0027s Box","Black Star"],"picked":"Sozu"}],"items_purged_floors":[14,21,28],"is_endless":false,"potions_floor_spawned":[5,11,13,16,18,24,41,44,45],"killed_by":"Nemesis","ascension_level":1}}