{"host":"qm4rv4rkpk76sbxu","time":1607940851,"event":{"mods":["BaseMod","Bestiary","Block Reminder","DeckTracker","Filter the Spire","Keyboard Shortcuts","Minty Spire (QoL Compilation)","MonsterHotkey","Potion Indicator Mod","Quick Restart","Random Character Button","Relic Stats","Slay-I","StSLib","ojb\u0027s Better Paths Mod"],"gold_per_floor":[118,118,135,135,24,52,52,72,122,122,122,122,122,148,148,226,226,243,261,261,261,278,313,313,342,342,492,518,568,568,618,618,691,691,706,724,1773,1789,1884,1884,1913,1924,1947,1967,1967,1992,2010,1095,1095,1095,1095,1095,1095,114,140,140],"floor_reached":57,"playtime":4901,"items_purged":["Regret","Normality","Normality"],"score":3023,"play_id":"ffd1641f-080e-4234-9020-ccf68031b8dc","local_time":"20201214111411","is_ascension_mode":true,"campfire_choices":[{"data":"Wraith Form v2","floor":11.0,"key":"SMITH"},{"data":"Noxious Fumes","floor":13.0,"key":"SMITH"},{"data":"Footwork","floor":15.0,"key":"SMITH"},{"floor":24.0,"key":"RECALL"},{"floor":30.0,"key":"REST"},{"floor":32.0,"key":"REST"},{"floor":40.0,"key":"REST"},{"floor":45.0,"key":"REST"},{"floor":49.0,"key":"REST"},{"floor":53.0,"key":"REST"}],"circlet_count":0,"master_deck":["AscendersBane","Strike_G","Strike_G","Strike_G","Strike_G","Defend_G","Defend_G","Defend_G","Defend_G","Defend_G","Survivor","Neutralize","Footwork+1","Dagger Spray","Noxious Fumes+1","Wraith Form v2+1","Pain","Leg Sweep","Adrenaline","PiercingWail+1","Ghostly","Ghostly","Ghostly","Dagger Throw+1","Doppelganger","Flechettes","Blade Dance","Tactician","After Image","Acrobatics","Envenom","Acrobatics+1","Calculated Gamble","Prepared+1","PiercingWail+1","Slice","Outmaneuver+1","Dodge and Roll+1","Backflip","Wraith Form v2+1","Adrenaline","Secret Technique","Reflex","Crippling Poison","Panache","PanicButton"],"relics":["Ring of the Snake","NeowsBlessing","Vajra","Blue Candle","Mercury Hourglass","Juzu Bracelet","WarpedTongs","Boot","Fusion Hammer","SsserpentHead","Gremlin Horn","Kunai","Toy Ornithopter","Tough Bandages","White Beast Statue","Dream Catcher","TungstenRod","HoveringKite","Ginger","Anchor","Pen Nib","DollysMirror","Centennial Puzzle","Happy Flower","Letter Opener","PrismaticShard","StrikeDummy"],"acts_visited":["Exordium","TheCity","TheBeyond","TheEnding"],"potions_floor_usage":[56,56],"damage_taken":[{"damage":0.0,"enemies":"Small Slimes","floor":1.0,"turns":1.0},{"damage":0.0,"enemies":"Jaw Worm","floor":3.0,"turns":1.0},{"damage":0.0,"enemies":"Lagavulin","floor":6.0,"turns":1.0},{"damage":8.0,"enemies":"Cultist","floor":8.0,"turns":4.0},{"damage":25.0,"enemies":"3 Sentries","floor":14.0,"turns":7.0},{"damage":18.0,"enemies":"Slime Boss","floor":16.0,"turns":7.0},{"damage":10.0,"enemies":"2 Thieves","floor":18.0,"turns":5.0},{"damage":9.0,"enemies":"Shell Parasite","floor":19.0,"turns":7.0},{"damage":3.0,"enemies":"Sentry and Sphere","floor":22.0,"turns":8.0},{"damage":9.0,"enemies":"Slavers","floor":23.0,"turns":6.0},{"damage":5.0,"enemies":"Book of Stabbing","floor":25.0,"turns":6.0},{"damage":1.0,"enemies":"Colosseum Slavers","floor":27.0,"turns":5.0},{"damage":5.0,"enemies":"Colosseum Nobs","floor":27.0,"turns":6.0},{"damage":5.0,"enemies":"Slavers","floor":28.0,"turns":6.0},{"damage":0.0,"enemies":"Automaton","floor":33.0,"turns":12.0},{"damage":0.0,"enemies":"3 Darklings","floor":35.0,"turns":5.0},{"damage":0.0,"enemies":"3 Shapes","floor":36.0,"turns":5.0},{"damage":12.0,"enemies":"Writhing Mass","floor":38.0,"turns":8.0},{"damage":28.0,"enemies":"2 Orb Walkers","floor":39.0,"turns":6.0},{"damage":0.0,"enemies":"Giant Head","floor":41.0,"turns":11.0},{"damage":0.0,"enemies":"Sphere and 2 Shapes","floor":42.0,"turns":6.0},{"damage":4.0,"enemies":"3 Darklings","floor":44.0,"turns":5.0},{"damage":0.0,"enemies":"Reptomancer","floor":46.0,"turns":7.0},{"damage":0.0,"enemies":"Writhing Mass","floor":47.0,"turns":8.0},{"damage":6.0,"enemies":"Donu and Deca","floor":50.0,"turns":12.0},{"damage":19.0,"enemies":"Time Eater","floor":51.0,"turns":23.0},{"damage":3.0,"enemies":"Shield and Spear","floor":55.0,"turns":9.0},{"damage":1,"enemies":"The Heart","floor":56,"turns":11}],"seed_played":"-5914293209465163587","potions_obtained":[{"floor":1.0,"key":"GamblersBrew"},{"floor":3.0,"key":"DuplicationPotion"},{"floor":8.0,"key":"ColorlessPotion"},{"floor":14.0,"key":"LiquidBronze"},{"floor":23.0,"key":"SneckoOil"},{"floor":25.0,"key":"Fire Potion"},{"floor":27.0,"key":"SteroidPotion"},{"floor":28.0,"key":"PowerPotion"},{"floor":33.0,"key":"BlessingOfTheForge"},{"floor":36.0,"key":"LiquidMemories"},{"floor":38.0,"key":"Weak Potion"},{"floor":39.0,"key":"BlessingOfTheForge"},{"floor":41.0,"key":"Fire Potion"},{"floor":42.0,"key":"EntropicBrew"},{"floor":44.0,"key":"AttackPotion"},{"floor":46.0,"key":"Energy Potion"},{"floor":47.0,"key":"DistilledChaos"},{"floor":55.0,"key":"ColorlessPotion"}],"is_trial":false,"path_per_floor":["M","?","M","?","$","E","T","M","T","?","R","?","R","E","R","B",null,"M","M","?","?","M","E","R","E","T","?","E","?","R","?","R","B",null,"M","M","?","M","?","R","E","M","T","M","R","E","M","$","R","B","B",null,"R","$","E","B",null],"character_chosen":"THE_SILENT","items_purchased":["Noxious Fumes","DollysMirror","Adrenaline","Centennial Puzzle","Happy Flower","Secret Technique","Fruit Juice","GhostInAJar","Panache","Letter Opener","PrismaticShard"],"campfire_rested":6,"item_purchase_floors":[5,48,48,48,48,48,54,54,54,54,54],"current_hp_per_floor":[59,59,59,59,59,59,59,51,51,51,51,51,51,26,26,8,52,42,33,33,33,30,21,21,16,16,20,15,15,24,24,33,33,33,33,33,33,26,3,12,17,17,17,18,27,32,32,32,33,32,23,31,33,38,35,38],"gold":140,"neow_bonus":"THREE_ENEMY_KILL","is_daily":false,"chose_seed":false,"campfire_upgraded":3,"win_rate":0.0,"timestamp":1607940851,"path_taken":["M","?","M","?","?","E","?","?","T","?","R","?","R","E","R","BOSS","M","M","?","?","M","E","R","E","T","?","E","?","R","?","R","BOSS","M","M","?","M","?","R","E","M","T","M","R","E","M","$","R","BOSS","BOSS","R","$","E","BOSS"],"items_purchased_type":["Card","Relic","Card","Relic","Relic","Card","Potion","Potion","Card","Relic","Relic"],"build_version":"2020-12-13","purchased_purges":3,"victory":true,"max_hp_per_floor":[66,66,66,66,66,66,66,66,66,66,66,66,66,66,66,66,66,66,66,33,33,33,33,33,33,33,33,33,33,33,33,33,33,33,33,33,33,33,33,33,33,33,33,33,33,33,33,33,33,33,33,33,33,38,38,38],"relic_stats":{"Gremlin Horn":[23,23],"Happy Flower":[18],"counters":[28,197],"Blue Candle":[45],"HoveringKite":[66],"Pen Nib":[14],"Juzu Bracelet":2,"Ginger":[16],"Letter Opener":[55],"Boot":[103],"Mercury Hourglass":[686],"WarpedTongs":[183],"SsserpentHead":250,"Tough Bandages":[495],"Dream Catcher":6,"Centennial Puzzle":[11],"Kunai":[75],"obtain_stats":[{"Gremlin Horn":23,"Vajra":2,"HoveringKite":34,"Juzu Bracelet":9,"Ginger":39,"Boot":14,"PrismaticShard":54,"SsserpentHead":21,"Tough Bandages":27,"Dream Catcher":28,"Centennial Puzzle":48,"DollysMirror":48,"Fusion Hammer":17,"Kunai":25,"Ring of the Snake":0,"NeowsBlessing":0,"Happy Flower":48,"Blue Candle":6,"Pen Nib":46,"Letter Opener":54,"White Beast Statue":27,"Mercury Hourglass":7,"WarpedTongs":12,"Anchor":41,"StrikeDummy":55,"Toy Ornithopter":26,"TungstenRod":29},{"Gremlin Horn":10,"Vajra":1,"HoveringKite":15,"Juzu Bracelet":4,"Ginger":19,"Boot":5,"PrismaticShard":26,"SsserpentHead":8,"Tough Bandages":13,"Dream Catcher":14,"Centennial Puzzle":24,"DollysMirror":24,"Fusion Hammer":6,"Kunai":11,"Ring of the Snake":0,"NeowsBlessing":0,"Happy Flower":24,"Blue Candle":3,"Pen Nib":23,"Letter Opener":26,"White Beast Statue":13,"Mercury Hourglass":3,"WarpedTongs":4,"Anchor":20,"StrikeDummy":27,"Toy Ornithopter":11,"TungstenRod":14},{"Gremlin Horn":46,"Vajra":1,"HoveringKite":81,"Juzu Bracelet":7,"Ginger":105,"Boot":13,"PrismaticShard":177,"SsserpentHead":32,"Tough Bandages":63,"Dream Catcher":69,"Centennial Puzzle":142,"DollysMirror":142,"Fusion Hammer":20,"Kunai":52,"Ring of the Snake":0,"NeowsBlessing":0,"Happy Flower":142,"Blue Candle":3,"Pen Nib":134,"Letter Opener":177,"White Beast Statue":63,"Mercury Hourglass":3,"WarpedTongs":7,"Anchor":116,"StrikeDummy":186,"Toy Ornithopter":52,"TungstenRod":69}],"Toy Ornithopter":54,"TungstenRod":79,"Ring of the Snake":[56]},"card_choices":[{"not_picked":["Setup","Dodge and Roll"],"picked":"Footwork","floor":1.0},{"not_picked":["Deadly Poison","Expertise"],"picked":"Dagger Spray","floor":3.0},{"not_picked":["Outmaneuver","Acrobatics","Accuracy"],"picked":"SKIP","floor":6.0},{"not_picked":["Acrobatics","Terror","Prepared"],"picked":"SKIP","floor":8.0},{"not_picked":["Flechettes","Deadly Poison"],"picked":"Leg Sweep","floor":14.0},{"not_picked":["A Thousand Cuts","Wraith Form v2"],"picked":"Adrenaline","floor":16.0},{"not_picked":["Dagger Throw","Bane"],"picked":"PiercingWail+1","floor":18.0},{"not_picked":["Outmaneuver","Acrobatics","Predator"],"picked":"SKIP","floor":19.0},{"not_picked":["Caltrops","Terror"],"picked":"Dagger Throw+1","floor":22.0},{"not_picked":["Tactician","Sucker Punch"],"picked":"Doppelganger","floor":23.0},{"not_picked":["Terror","Dagger Spray"],"picked":"Flechettes","floor":25.0},{"not_picked":["Noxious Fumes+1","Skewer"],"picked":"Blade Dance","floor":27.0},{"not_picked":["Deadly Poison","Outmaneuver"],"picked":"Tactician","floor":28.0},{"not_picked":["Leg Sweep","Deadly Poison"],"picked":"After Image","floor":30.0},{"not_picked":["Quick Slash","Cloak And Dagger"],"picked":"Acrobatics","floor":32.0},{"not_picked":["Storm of Steel","Unload"],"picked":"Envenom","floor":33.0},{"not_picked":["Endless Agony","Footwork","Flying Knee"],"picked":"SKIP","floor":35.0},{"not_picked":["Tactician","Dagger Throw"],"picked":"Acrobatics+1","floor":36.0},{"not_picked":["Underhanded Strike+1","Cloak And Dagger"],"picked":"Calculated Gamble","floor":38.0},{"not_picked":["Finisher","Skewer"],"picked":"Prepared+1","floor":39.0},{"not_picked":["Predator","Underhanded Strike+1"],"picked":"PiercingWail+1","floor":40.0},{"not_picked":["Noxious Fumes+1","Caltrops","Backstab"],"picked":"SKIP","floor":41.0},{"not_picked":["Deflect","Storm of Steel","Poisoned Stab"],"picked":"SKIP","floor":42.0},{"not_picked":["Dagger Spray+1","Bane"],"picked":"Slice","floor":44.0},{"not_picked":["Bullet Time","Blade Dance"],"picked":"Outmaneuver+1","floor":45.0},{"not_picked":["Riddle With Holes+1","Infinite Blades"],"picked":"Dodge and Roll+1","floor":46.0},{"not_picked":["Deadly Poison","Tactician"],"picked":"Backflip","floor":47.0},{"not_picked":["Deadly Poison+1","Deflect"],"picked":"Reflex","floor":49.0},{"not_picked":["PiercingWail","Underhanded Strike"],"picked":"Crippling Poison","floor":53.0},{"not_picked":["Ball Lightning","Enlightenment+1"],"picked":"PanicButton","floor":55.0}],"player_experience":1040326,"relics_obtained":[{"floor":6.0,"key":"Blue Candle"},{"floor":7.0,"key":"Mercury Hourglass"},{"floor":9.0,"key":"Juzu Bracelet"},{"floor":14.0,"key":"Boot"},{"floor":23.0,"key":"Gremlin Horn"},{"floor":25.0,"key":"Kunai"},{"floor":26.0,"key":"Toy Ornithopter"},{"floor":27.0,"key":"Tough Bandages"},{"floor":27.0,"key":"White Beast Statue"},{"floor":28.0,"key":"Dream Catcher"},{"floor":39.0,"key":"Ginger"},{"floor":41.0,"key":"Anchor"},{"floor":46.0,"key":"Pen Nib"},{"floor":55.0,"key":"StrikeDummy"}],"event_choices":[{"damage_healed":0.0,"max_hp_gain":0.0,"max_hp_loss":0.0,"gold_gain":0.0,"event_name":"Big Fish","player_choice":"Box","floor":2.0,"gold_loss":0.0,"damage_taken":0.0,"relics_obtained":["Vajra"],"cards_obtained":["Regret"]},{"damage_healed":0.0,"max_hp_gain":0.0,"max_hp_loss":0.0,"gold_gain":0.0,"event_name":"Liars Game","player_choice":"Ignored","floor":4.0,"gold_loss":0.0,"damage_taken":0.0},{"damage_healed":0.0,"max_hp_gain":0.0,"max_hp_loss":0.0,"gold_gain":0.0,"cards_transformed":["Strike_G"],"event_name":"Living Wall","player_choice":"Change","floor":10.0,"gold_loss":0.0,"damage_taken":0.0,"cards_obtained":["Wraith Form v2"]},{"damage_healed":0.0,"max_hp_gain":0.0,"max_hp_loss":0.0,"gold_gain":0.0,"event_name":"Accursed Blacksmith","player_choice":"Rummage","floor":12.0,"gold_loss":0.0,"damage_taken":0.0,"relics_obtained":["WarpedTongs"],"cards_obtained":["Pain"]},{"damage_healed":0.0,"max_hp_gain":0.0,"max_hp_loss":33.0,"gold_gain":0.0,"event_name":"Ghosts","player_choice":"Became a Ghost","floor":20.0,"gold_loss":0.0,"damage_taken":0.0,"cards_obtained":["Ghostly","Ghostly","Ghostly"]},{"damage_healed":0.0,"max_hp_gain":0.0,"max_hp_loss":0.0,"gold_gain":0.0,"event_name":"FaceTrader","player_choice":"Trade","floor":21.0,"gold_loss":0.0,"damage_taken":0.0,"relics_obtained":["SsserpentHead"]},{"damage_healed":0.0,"max_hp_gain":0.0,"max_hp_loss":0.0,"gold_gain":0.0,"event_name":"Colosseum","player_choice":"Fight","floor":27.0,"gold_loss":0.0,"damage_taken":0.0},{"damage_healed":0.0,"max_hp_gain":0.0,"max_hp_loss":0.0,"gold_gain":0.0,"event_name":"Colosseum","player_choice":"Fought Nobs","floor":27.0,"gold_loss":0.0,"damage_taken":0.0},{"damage_healed":0.0,"max_hp_gain":0.0,"max_hp_loss":0.0,"gold_gain":0.0,"event_name":"WeMeetAgain","player_choice":"Gave Potion","floor":29.0,"gold_loss":0.0,"damage_taken":0.0,"relics_obtained":["TungstenRod"]},{"damage_healed":0.0,"max_hp_gain":0.0,"max_hp_loss":0.0,"gold_gain":0.0,"event_name":"Vampires","player_choice":"Ignored","floor":31.0,"gold_loss":0.0,"damage_taken":0.0},{"damage_healed":0.0,"max_hp_gain":0.0,"max_hp_loss":0.0,"gold_gain":999.0,"event_name":"MindBloom","player_choice":"Gold","floor":37.0,"gold_loss":0.0,"damage_taken":0.0,"cards_obtained":["Normality","Normality"]},{"damage_healed":0.0,"max_hp_gain":0.0,"max_hp_loss":0.0,"gold_gain":0.0,"event_name":"Mysterious Sphere","player_choice":"Fight","floor":39.0,"gold_loss":0.0,"damage_taken":0.0}],"is_beta":false,"boss_relics":[{"not_picked":["Runic Pyramid","Busted Crown"],"picked":"Fusion Hammer"},{"not_picked":["WristBlade","Calling Bell"],"picked":"HoveringKite"}],"items_purged_floors":[5,48,54],"is_endless":false,"potions_floor_spawned":[1,3,8,14,23,25,27,28,33,35,36,38,39,41,42,44,46,47,55],"ascension_level":20}}