{"host":"fj97s2ebyjeio3oc","time":1607966840,"event":{"mods":["AchievementEnabler","BaseMod","Colored Map","Colored Powertips","Hermit","Hubris","Infinite Spire","Koishi","Minty Spire (QoL Compilation)","StSLib","The Animator","The Bug Knight","The Cursed","The Disciple","The Jungle","The Necromancer"],"gold_per_floor":[114,114,114,114,39,39,56,56,56,56,80,103,103,127,127,252,252,272,197,197,197,222,265,265,265],"floor_reached":24,"playtime":1684,"items_purged":["Defend_W"],"score":206,"play_id":"6b53df4e-abd1-49af-a33c-ef02c090340f","local_time":"20201214182720","is_ascension_mode":false,"campfire_choices":[{"data":"Bone_Wall","floor":6,"key":"SMITH"},{"data":"Defend_W","floor":8,"key":"SMITH"},{"data":"Bone_Shift","floor":13,"key":"SMITH"},{"data":"Bone_Armory","floor":15,"key":"SMITH"}],"circlet_count":0,"master_deck":["Strike_W","Strike_W","Defend_W","Defend_W+1","Negative_Energy_Arrows+1","Bone_Wall+1","Siphon_Strength+1","Bone_Shift+1","Bone_Spikes","Negative_Energy_Javelin","Bone_Armory+1","Skeleton_Dragon","Negative_Energy_Shield+1","Bone_Spikes","Spectral_Armor"],"relics":["Vampire_Amulet","Juzu Bracelet","Golden Idol","Empty Cage","StrikeDummy"],"acts_visited":["Exordium","TheCity"],"potions_floor_usage":[14,18,20],"damage_taken":[{"damage":0,"enemies":"Cultist","floor":1,"turns":4},{"damage":0,"enemies":"Small Slimes","floor":7,"turns":3},{"damage":0,"enemies":"2 Louse","floor":11,"turns":2},{"damage":0,"enemies":"2 Fungi Beasts","floor":12,"turns":3},{"damage":0,"enemies":"Looter","floor":14,"turns":3},{"damage":22,"enemies":"Hexaghost","floor":16,"turns":11},{"damage":8,"enemies":"3 Byrds","floor":18,"turns":5},{"damage":0,"enemies":"2 Thieves","floor":20,"turns":1},{"damage":7,"enemies":"Centurion and Healer","floor":22,"turns":7},{"damage":39,"enemies":"Nightmare","floor":23,"turns":15},{"damage":27,"enemies":"Sentry and Sphere","floor":24,"turns":4}],"seed_played":"8591887140590346573","potions_obtained":[{"floor":1,"key":"EssenceOfSteel"},{"floor":7,"key":"LiquidMemories"},{"floor":11,"key":"SmokeBomb"},{"floor":14,"key":"Explosive Potion"}],"is_trial":false,"path_per_floor":["M","?","?","?","$","R","M","R","T","?","M","M","R","M","R","B",null,"M","?","M","?","M","NM","M"],"character_chosen":"NECROMANCER","items_purchased":[],"campfire_rested":0,"item_purchase_floors":[],"current_hp_per_floor":[82,82,82,82,82,82,82,82,82,62,66,70,70,72,72,52,82,80,80,80,64,61,24,0,0],"gold":265,"neow_bonus":"TEN_PERCENT_HP_BONUS","is_daily":false,"chose_seed":false,"campfire_upgraded":4,"win_rate":0.0,"timestamp":1607966840,"path_taken":["M","?","?","?","$","R","M","R","T","?","M","M","R","M","R","BOSS","M","?","M","?","M","NM","M"],"items_purchased_type":[],"build_version":"2020-12-13","purchased_purges":1,"victory":false,"max_hp_per_floor":[82,82,82,82,82,82,82,82,82,82,82,82,82,82,82,82,82,82,82,82,87,87,87,87,87],"card_choices":[{"not_picked":["Chill_Blood","Blood_Curse"],"picked":"Siphon_Strength","floor":1},{"not_picked":["Blood_Whip","Death_Knell"],"picked":"Bone_Shift","floor":7},{"not_picked":["Whirlwind_of_Bones","Deaths_Shadow"],"picked":"Bone_Spikes","floor":11},{"not_picked":["Strike_from_Beyond","Spectral_Walk"],"picked":"Negative_Energy_Javelin","floor":12},{"not_picked":["Blood_for_Blood","Bone_Armor"],"picked":"Bone_Armory","floor":14},{"not_picked":["Blood_Wake","Blood_Magic"],"picked":"Skeleton_Dragon","floor":16},{"not_picked":["Toxic_Smoke_Screen+1","Bone_Armor"],"picked":"Negative_Energy_Shield+1","floor":18},{"not_picked":["Uncharnel","Blood_Wake"],"picked":"Bone_Spikes","floor":22},{"not_picked":["Blood_Is_Power+1","Shackles_Of_Pain"],"picked":"Spectral_Armor","floor":23}],"player_experience":410460,"relics_obtained":[{"floor":23,"key":"StrikeDummy"}],"event_choices":[{"damage_healed":0,"gold_gain":0,"player_choice":"Gave Potion","damage_taken":0,"relics_obtained":["Juzu Bracelet"],"max_hp_gain":0,"max_hp_loss":0,"event_name":"WeMeetAgain","floor":2,"gold_loss":0},{"damage_healed":0,"gold_gain":0,"player_choice":"Grow","damage_taken":0,"max_hp_gain":0,"max_hp_loss":0,"event_name":"Living Wall","floor":4,"gold_loss":0,"cards_upgraded":["Negative_Energy_Arrows"]},{"damage_healed":0,"gold_gain":0,"player_choice":"Take Damage","damage_taken":20,"relics_obtained":["Golden Idol"],"max_hp_gain":0,"max_hp_loss":0,"event_name":"Golden Idol","floor":10,"gold_loss":0},{"cards_removed":["Strike_W"],"damage_healed":0,"gold_gain":0,"player_choice":"Gave Gold","damage_taken":0,"max_hp_gain":0,"max_hp_loss":0,"event_name":"Beggar","floor":19,"gold_loss":75},{"damage_healed":0,"gold_gain":0,"player_choice":"Shed Blood","damage_taken":21,"max_hp_gain":5,"max_hp_loss":0,"event_name":"Forgotten Altar","floor":21,"gold_loss":0}],"is_beta":false,"boss_relics":[{"not_picked":["Calling Bell","SlaversCollar"],"picked":"Empty Cage"}],"items_purged_floors":[5],"is_endless":true,"potions_floor_spawned":[1,7,11,14,20],"killed_by":"Sentry and Sphere","ascension_level":0}}