{"host":"opr81hzsdc1gmhxe","time":1607906675,"event":{"mods":["BaseMod","BetterRewards","Colored Map","Colored Powertips","Downfall","Friendly Minions","Minty Spire (QoL Compilation)","Replay The Spire","StSLib"],"gold_per_floor":[99,99,125,125,140,156,156,156,156,184,194,210,6,6,20,115,115,115,115,150,150,135,135,135,120,120,132,82,98,117,117,133,230,230,230,254,254],"floor_reached":36,"playtime":2325,"items_purged":[],"score":413,"play_id":"99843fb0-81ba-4580-8026-af546599656d","local_time":"20201213194435","is_ascension_mode":false,"campfire_choices":[{"data":"Guardian:TwinSlam","floor":1,"key":"SMITH"},{"data":"Guardian:WalkerClaw","floor":9,"key":"SMITH"},{"floor":18,"key":"DIG"},{"data":"expansioncontent:StudyTheSpire","floor":21,"key":"SMITH"},{"data":"Guardian:PrismaticBeam","floor":26,"key":"SMITH"},{"data":"1","floor":35,"key":"LIFT"}],"circlet_count":0,"master_deck":["Guardian:Strike_Guardian","Guardian:Strike_Guardian","Guardian:Defend_Guardian","Guardian:Defend_Guardian","Guardian:Defend_Guardian","Guardian:Defend_Guardian","Guardian:CurlUp","Guardian:TwinSlam+1","Guardian:WalkerClaw+1","Guardian:ChargeUp","Guardian:BronzeOrb","Guardian:PolyBeam","Guardian:PrismaticBeam+1","expansioncontent:StudyTheSpire+1","Guardian:AncientConstruct","Guardian:Gem_Crimson","Guardian:Gem_Lightblue","Guardian:FastForward","Guardian:Incinerate+1","Guardian:HyperBeam_Guardian","Guardian:Emergency+1","Guardian:ConstructionForm","CurseOfTheBell"],"relics":["Guardian:ModeShifter","downfall:HeartsMalice","Pet Ghost","Kunai","Orichalcum","Philosopher\u0027s Stone","Eternal Feather","Ginger","Question Card","Matryoshka","Calling Bell","Replay:Bandana","Replay:Bottled Flurry","Girya"],"acts_visited":["Exordium","TheCity","TheBeyond"],"potions_floor_usage":[16,16,30,33,33,33],"damage_taken":[{"damage":0,"enemies":"Cultist","floor":2,"turns":1},{"damage":0,"enemies":"Gremlin Nob","floor":3,"turns":1},{"damage":0,"enemies":"Jaw Worm","floor":4,"turns":1},{"damage":6,"enemies":"2 Louse","floor":5,"turns":2},{"damage":1,"enemies":"Large Slime","floor":6,"turns":5},{"damage":11,"enemies":"3 Sentries","floor":10,"turns":8},{"damage":0,"enemies":"Blue Slaver","floor":11,"turns":3},{"damage":0,"enemies":"3 Louse","floor":12,"turns":4},{"damage":0,"enemies":"downfall:FleeingMerchant","floor":13,"turns":4},{"damage":1,"enemies":"2 Fungi Beasts","floor":15,"turns":3},{"damage":4,"enemies":"downfall:Defect","floor":16,"turns":7},{"damage":3,"enemies":"Gremlin Leader","floor":20,"turns":5},{"damage":7,"enemies":"downfall:FleeingMerchant","floor":22,"turns":4},{"damage":4,"enemies":"downfall:FleeingMerchant","floor":25,"turns":4},{"damage":5,"enemies":"Spheric Guardian","floor":27,"turns":4},{"damage":35,"enemies":"downfall:FleeingMerchant","floor":28,"turns":3},{"damage":7,"enemies":"Chosen","floor":29,"turns":4},{"damage":12,"enemies":"Snake Plant","floor":30,"turns":3},{"damage":2,"enemies":"Cultist and Chosen","floor":32,"turns":4},{"damage":21,"enemies":"downfall:Watcher","floor":33,"turns":6},{"damage":80,"enemies":"2 Orb Walkers","floor":36,"turns":6}],"seed_played":"2785411749160393655","potions_obtained":[{"floor":5,"key":"Flashbang"},{"floor":10,"key":"Slimebound:ThreeZeroPotion"},{"floor":11,"key":"Block Potion"},{"floor":15,"key":"BlessingOfTheForge"},{"floor":16,"key":"SkillPotion"},{"floor":27,"key":"SkillPotion"},{"floor":31,"key":"CultistPotion"},{"floor":33,"key":"Doom Potion"}],"is_trial":false,"path_per_floor":["R","M","E","M","M","M","T","?","R","E","M","M","$","?","M","B",null,"R_BF","?","E","R","$","?","T","$","R","M","$","M","M","?","M","B",null,"R","?"],"character_chosen":"GUARDIAN","items_purchased":["expansioncontent:StudyTheSpire","Matryoshka","Guardian:HyperBeam_Guardian"],"campfire_rested":0,"item_purchase_floors":[13,28,28],"current_hp_per_floor":[80,80,80,80,74,73,73,73,73,62,62,62,62,62,61,57,80,80,80,77,80,73,73,73,69,78,73,48,41,29,29,27,6,80,80,0,0],"gold":254,"neow_bonus":"THREE_ENEMY_KILL","is_daily":false,"chose_seed":false,"campfire_upgraded":4,"win_rate":0.0,"timestamp":1607906675,"path_taken":["R","M","E","M","M","?","T","?","R","E","M","M","$","?","M","BOSS","R_BF","?","E","R","$","?","T","$","R","M","$","M","M","?","M","BOSS","R","?"],"items_purchased_type":["Card","Relic","Card"],"build_version":"2020-12-13","purchased_purges":0,"victory":false,"max_hp_per_floor":[80,80,80,80,80,80,80,80,80,80,80,80,80,80,80,80,80,80,80,80,80,80,80,80,80,80,80,80,80,80,80,80,80,80,80,80,80],"card_choices":[{"not_picked":["Guardian:ShieldCharger","Guardian:CrystalBeam"],"picked":"Guardian:Gem_Red","floor":2},{"not_picked":["Guardian:ShieldCharger","Guardian:CrystalBeam"],"picked":"Guardian:WalkerClaw","floor":3},{"not_picked":["Guardian:DonusPower","Guardian:EvasiveProtocol"],"picked":"Guardian:ChargeUp","floor":4},{"not_picked":["Guardian:FloatingOrbs","Guardian:DecasProtection"],"picked":"Guardian:BronzeOrb","floor":5},{"not_picked":["Guardian:Harden","Guardian:Preprogram"],"picked":"Guardian:Gem_Lightblue","floor":6},{"not_picked":["Guardian:RefractedBeam","Guardian:CrystalBeam"],"picked":"Guardian:PolyBeam","floor":10},{"not_picked":["Guardian:TemporalStrike","Guardian:ChargeCore"],"picked":"Guardian:PrismaticBeam","floor":11},{"not_picked":["Guardian:Gem_Green","Guardian:Incinerate"],"picked":"Guardian:Gem_Red","floor":12},{"not_picked":["Guardian:StasisField","Guardian:BronzeOrb"],"picked":"Guardian:Gem_Orange","floor":13},{"not_picked":["Guardian:TemporalShield","Guardian:Suspension"],"picked":"Guardian:Gem_Blue","floor":15},{"not_picked":["Guardian:Gem_Orange","Guardian:TimeSifter"],"picked":"Guardian:AncientConstruct","floor":16},{"not_picked":["Guardian:PiercingHide+1","Guardian:Incinerate"],"picked":"Guardian:Gem_Crimson","floor":20},{"not_picked":["Guardian:PiercingHide","Guardian:Recover"],"picked":"Guardian:Gem_Lightblue","floor":22},{"not_picked":["Guardian:PrismaticBarrier","Guardian:WalkerClaw","Guardian:PrismaticBeam","Guardian:BronzeOrb"],"picked":"SKIP","floor":25},{"not_picked":["Guardian:PrismaticBeam","Guardian:Planning","Guardian:TemporalStrike"],"picked":"Guardian:FastForward","floor":27},{"not_picked":["Guardian:Emergency","Guardian:CrystalBeam","Guardian:ChargeUp"],"picked":"Guardian:Incinerate+1","floor":28},{"not_picked":["Guardian:PrimingBeam","Guardian:GuardianWhirl","Guardian:WalkerClaw","Guardian:TemporalShield+1"],"picked":"SKIP","floor":29},{"not_picked":["Guardian:Gem_Green","Guardian:RefractedBeam","Guardian:Gem_Purple"],"picked":"Guardian:Emergency+1","floor":30},{"not_picked":["Guardian:Gem_Green","Guardian:CrystalBeam+1","Guardian:MultiBeam","Guardian:TemporalShield"],"picked":"SKIP","floor":32},{"not_picked":["Guardian:SphericShield","Guardian:Gem_Orange","Guardian:HyperBeam_Guardian"],"picked":"Guardian:ConstructionForm","floor":33}],"player_experience":418678,"relics_obtained":[{"floor":3,"key":"Pet Ghost"},{"floor":7,"key":"Kunai"},{"floor":10,"key":"Orichalcum"},{"floor":18,"key":"Eternal Feather"},{"floor":20,"key":"Ginger"},{"floor":24,"key":"Question Card"},{"floor":34,"key":"Replay:Bandana"},{"floor":34,"key":"Replay:Bottled Flurry"},{"floor":34,"key":"Girya"}],"event_choices":[{"damage_healed":0,"gold_gain":0,"player_choice":"Read","damage_taken":0,"max_hp_gain":0,"max_hp_loss":0,"event_name":"The Library","floor":23,"gold_loss":0,"cards_obtained":["Guardian:Gem_Red"]},{"damage_healed":0,"gold_gain":0,"player_choice":"Fight","damage_taken":0,"max_hp_gain":0,"max_hp_loss":0,"event_name":"Mysterious Sphere","floor":36,"gold_loss":0}],"is_beta":false,"boss_relics":[{"not_picked":["Coffee Dripper","Snecko Eye"],"picked":"Philosopher\u0027s Stone"},{"not_picked":["Honey Jar","Busted Crown"],"picked":"Calling Bell"}],"items_purged_floors":[],"is_endless":false,"potions_floor_spawned":[5,10,11,15,16,27,29,32,33],"killed_by":"2 Orb Walkers","ascension_level":0}}