{"host":"o06nhtgrr7npvf7b","time":1607949868,"event":{"mods":["AchievementEnabler","BaseMod","Colored Map","Colored Powertips","Minty Spire (QoL Compilation)","StSLib","SuperFastMode"],"gold_per_floor":[112,112,34,34,110,110,110,185,185,185,138,138,138,153,153,153,153],"floor_reached":16,"playtime":389,"items_purged":[],"score":84,"play_id":"9e2b81ba-c77d-4b3b-8872-41c804391d85","local_time":"20201214074428","daily_mods":["Draft","Flight"],"is_ascension_mode":false,"campfire_choices":[{"data":"ForeignInfluence","floor":6,"key":"SMITH"},{"data":"BattleHymn","floor":7,"key":"SMITH"},{"data":"FlyingSleeves","floor":10,"key":"SMITH"},{"data":"SandsOfTime","floor":12,"key":"SMITH"},{"data":"FlurryOfBlows","floor":15,"key":"SMITH"}],"circlet_count":0,"master_deck":["SandsOfTime+1","EmptyFist","Adaptation","Crescendo","FlyingSleeves+1","EmptyFist","BattleHymn+1","EmptyBody","WreathOfFlame","Consecrate","Consecrate+1","Vengeance","EmptyMind","Consecrate","ForeignInfluence+1","WheelKick","SandsOfTime+1","FlurryOfBlows+1","Regret","LikeWater"],"relics":["PureWater","Pen Nib","Vajra"],"acts_visited":["Exordium"],"potions_floor_usage":[16,16],"damage_taken":[{"damage":0,"enemies":"2 Louse","floor":1,"turns":2},{"damage":8,"enemies":"Small Slimes","floor":14,"turns":2},{"damage":47,"enemies":"Hexaghost","floor":16,"turns":4}],"seed_played":"-5900157368735149334","potions_obtained":[{"floor":1,"key":"SkillPotion"},{"floor":14,"key":"SteroidPotion"}],"is_trial":true,"path_per_floor":["M","?","$","?","?","R","R","?","T","R","$","R","?","M","R","B"],"character_chosen":"WATCHER","items_purchased":["SandsOfTime","FlurryOfBlows"],"campfire_rested":0,"item_purchase_floors":[3,11],"current_hp_per_floor":[72,72,72,58,58,58,58,47,47,47,47,47,47,39,39,0,0],"gold":153,"neow_bonus":"","is_daily":false,"chose_seed":false,"campfire_upgraded":5,"win_rate":0.0,"timestamp":1607949868,"path_taken":["M","?","$","?","?","R","R","?","T","R","?","R","?","M","R","BOSS"],"items_purchased_type":["Card","Card"],"build_version":"2020-12-13","purchased_purges":0,"victory":false,"max_hp_per_floor":[72,72,72,72,72,72,72,72,72,72,72,72,72,72,72,72,72],"card_choices":[{"not_picked":["Conclude","EmptyBody"],"picked":"SandsOfTime","floor":0},{"not_picked":["ClearTheMind","FollowUp"],"picked":"EmptyFist","floor":0},{"not_picked":["Indignation","Pray"],"picked":"Adaptation","floor":0},{"not_picked":["JustLucky","Sanctity"],"picked":"Crescendo","floor":0},{"not_picked":["EmptyMind","LikeWater"],"picked":"FlyingSleeves","floor":0},{"not_picked":["SashWhip","FlyingSleeves"],"picked":"EmptyFist","floor":0},{"not_picked":["DeceiveReality","WreathOfFlame"],"picked":"BattleHymn","floor":0},{"not_picked":["CrushJoints","ClearTheMind"],"picked":"EmptyBody","floor":0},{"not_picked":["Protect","ClearTheMind"],"picked":"WreathOfFlame","floor":0},{"not_picked":["CrushJoints","WindmillStrike"],"picked":"Consecrate","floor":0},{"not_picked":["EmptyFist","PathToVictory"],"picked":"Consecrate","floor":0},{"not_picked":["PathToVictory","Pray"],"picked":"Vengeance","floor":0},{"not_picked":["Crescendo","EmptyBody"],"picked":"EmptyMind","floor":0},{"not_picked":["CrushJoints","Evaluate"],"picked":"Consecrate","floor":0},{"not_picked":["WheelKick","PathToVictory"],"picked":"ForeignInfluence","floor":0},{"not_picked":["FollowUp","EmptyFist"],"picked":"WheelKick","floor":1},{"not_picked":["ThirdEye","Evaluate"],"picked":"LikeWater","floor":14}],"player_experience":129303,"relics_obtained":[{"floor":9,"key":"Pen Nib"}],"event_choices":[{"damage_healed":0,"gold_gain":0,"player_choice":"Leave","damage_taken":0,"max_hp_gain":0,"max_hp_loss":0,"event_name":"The Cleric","floor":2,"gold_loss":0},{"damage_healed":0,"gold_gain":0,"player_choice":"Entered Light","damage_taken":14,"max_hp_gain":0,"max_hp_loss":0,"event_name":"Shining Light","floor":4,"gold_loss":0,"cards_upgraded":["Consecrate","SandsOfTime"]},{"damage_healed":0,"gold_gain":76,"player_choice":"Gained Gold","damage_taken":0,"max_hp_gain":0,"max_hp_loss":0,"event_name":"Golden Wing","floor":5,"gold_loss":0},{"damage_healed":0,"gold_gain":75,"player_choice":"Gather Gold","damage_taken":11,"max_hp_gain":0,"max_hp_loss":0,"event_name":"World of Goop","floor":8,"gold_loss":0},{"damage_healed":0,"gold_gain":0,"player_choice":"Box","damage_taken":0,"relics_obtained":["Vajra"],"max_hp_gain":0,"max_hp_loss":0,"event_name":"Big Fish","floor":13,"gold_loss":0,"cards_obtained":["Regret"]}],"is_beta":false,"boss_relics":[],"items_purged_floors":[],"is_endless":false,"potions_floor_spawned":[1,14],"killed_by":"Hexaghost","ascension_level":0}}