{"host":"exlsoi54q6pc3sri","time":1607984950,"event":{"mods":["2.2 Compatiblity","AchievementEnabler","Act Like it!","Aspiration","BaseMod","Beaked The Cultist","Better Altar","Better Match","Better Note","Better Sensory Stone","Better Skull","Better Third Choice","BetterRewards","CCEM","Colored Map","Colored Powertips","Conspire","Downfall","Friendly Minions","GifTheSpireLib","Halation","Highlight Path","Hubris","Infinite Spire","Jedi Mod","Jorbs\u0027s Wanderer Trilogy","Marisa????????","Mimic Mod","Minty Spire (QoL Compilation)","Permanent Neow","Rare Cards Sparkle","Replay The Spire","Shop Mod","Spicy Shops","StSLib","Stuff the Spire","Unceasing Turn Reminder"],"gold_per_floor":[114,127,127,142,156,156,244,244,244,244,244,244,288,311,311,311,311],"floor_reached":16,"playtime":2397,"items_purged":[],"score":110,"play_id":"53fbe5e1-13a4-4f01-9e4e-c3d95a43effb","local_time":"20201214222910","is_ascension_mode":false,"campfire_choices":[{"data":"FIFO Queue","floor":6,"key":"SMITH"},{"floor":8,"key":"REST"},{"data":"Zap","floor":11,"key":"SMITH"},{"floor":15,"key":"REST"}],"circlet_count":0,"master_deck":["Strike_B","Strike_B","Strike_B","Strike_B","Defend_B","Defend_B","Defend_B","Defend_B","Zap+1","Dualcast","BowlingBash","Gash","FIFO Queue+1","Melter","Rip and Tear","Ball Lightning"],"relics":["Cracked Core","aspiration:Nostalgia","Replay:M_SmolderingBlood","Golden Idol","hubris:MobiusCoin","ReplayTheSpireMod:TigerMarble","jedi:shrinkray"],"acts_visited":["Exordium"],"potions_floor_usage":[7,16,16],"damage_taken":[{"damage":0.0,"enemies":"Small Slimes","floor":1.0,"turns":3.0},{"damage":6.0,"enemies":"Jaw Worm","floor":2.0,"turns":3.0},{"damage":0.0,"enemies":"2 Louse","floor":4.0,"turns":2.0},{"damage":7,"enemies":"2 Fungi Beasts","floor":5,"turns":3},{"damage":35,"enemies":"Lagavulin","floor":7,"turns":7},{"damage":27,"enemies":"Gremlin Nob","floor":13,"turns":4},{"damage":2,"enemies":"Large Slime","floor":14,"turns":6},{"damage":28,"enemies":"The Guardian","floor":16,"turns":5}],"seed_played":"3438710372988948896","potions_obtained":[{"floor":2.0,"key":"Fire Potion"},{"floor":13,"key":"FearPotion"},{"floor":14,"key":"Swift Potion"}],"is_trial":false,"path_per_floor":["M","M","?","M","M","R","E","R","T","?","R","?","E","M","R","B"],"character_chosen":"DEFECT","items_purchased":[],"campfire_rested":2,"item_purchase_floors":[],"current_hp_per_floor":[75,69,51,51,44,44,9,31,31,31,31,31,4,2,24,0,0],"gold":311,"neow_bonus":"NOSTALGIA","is_daily":false,"chose_seed":false,"campfire_upgraded":2,"win_rate":0.0,"timestamp":1607984950,"path_taken":["M","M","?","M","M","R","E","R","T","?","R","?","E","M","R","BOSS"],"items_purchased_type":[],"build_version":"2020-12-13","purchased_purges":0,"victory":false,"max_hp_per_floor":[75,75,75,75,75,75,75,75,75,75,75,75,75,75,75,75,75],"card_choices":[{"not_picked":["StuffTheSpire:NuclearReactor","StuffTheSpire:LoadUp"],"picked":"BowlingBash","floor":1.0},{"not_picked":["Reprogram","jedi:BurstLightning"],"picked":"Gash","floor":2.0},{"not_picked":["jedi:BurstFrost","jedi:BurstLightning","Cold Snap"],"picked":"SKIP","floor":4},{"not_picked":["StuffTheSpire:Coldhearted","Panic Button"],"picked":"FIFO Queue","floor":5},{"not_picked":["ReplaySolidLightProjector","ReplayGash"],"picked":"Melter","floor":7},{"not_picked":["jedi:BurstFrost","Aggregate"],"picked":"Rip and Tear","floor":13},{"not_picked":["Whirlwind","jedi:BurstLightning"],"picked":"Ball Lightning","floor":14}],"player_experience":80677,"relics_obtained":[{"floor":7,"key":"hubris:MobiusCoin"},{"floor":9,"key":"ReplayTheSpireMod:TigerMarble"},{"floor":13,"key":"jedi:shrinkray"}],"event_choices":[{"damage_healed":0.0,"max_hp_gain":0.0,"max_hp_loss":0.0,"gold_gain":0.0,"event_name":"Golden Idol","player_choice":"Take Damage","floor":3.0,"gold_loss":0.0,"damage_taken":18.0,"relics_obtained":["Golden Idol"]},{"damage_healed":0,"gold_gain":0,"player_choice":"Leave","damage_taken":0,"max_hp_gain":0,"max_hp_loss":0,"event_name":"conspire:Investor","floor":10,"gold_loss":0},{"damage_healed":0,"gold_gain":1,"player_choice":"1","damage_taken":0,"max_hp_gain":0,"max_hp_loss":0,"event_name":"betterStone:BetterStone","floor":12,"gold_loss":0}],"is_beta":false,"boss_relics":[],"items_purged_floors":[],"is_endless":false,"potions_floor_spawned":[2,13,14],"killed_by":"The Guardian","ascension_level":0}}