{"host":"mvcnjx88tm0foan8","time":1607927822,"event":{"mods":["BaseMod","Colored Map","DeckTracker","Highlight Path","Keyboard Shortcuts","Minty Spire (QoL Compilation)","Permanent Neow","Quick Restart","Relic Stats","StSLib","SuperFastMode","everything is the same but u backflip on backflip"],"gold_per_floor":[110,110,110,110,121,136,156,176,176,194,524,524,524,540,540,540,540],"floor_reached":16,"playtime":596,"items_purged":[],"score":120,"play_id":"ee9cfe43-567b-4f4e-8127-8254c81c771d","local_time":"20201214153702","is_ascension_mode":true,"campfire_choices":[{"floor":15,"key":"REST"}],"circlet_count":0,"master_deck":["Strike_R","Strike_R","Strike_R","Strike_R","Defend_R","Defend_R","Defend_R","Defend_R","Bash","Searing Blow+2","Clash","Armaments","Battle Trance","Cleave","Perfected Strike"],"relics":["Burning Blood","Frozen Egg 2","FossilizedHelix","Old Coin","Omamori"],"acts_visited":["Exordium"],"potions_floor_usage":[11,11,16,16],"damage_taken":[{"damage":1.0,"enemies":"Cultist","floor":1.0,"turns":4.0},{"damage":0.0,"enemies":"2 Louse","floor":5.0,"turns":2.0},{"damage":7.0,"enemies":"Jaw Worm","floor":6.0,"turns":2.0},{"damage":26.0,"enemies":"Exordium Thugs","floor":7.0,"turns":5.0},{"damage":15.0,"enemies":"Large Slime","floor":8.0,"turns":5.0},{"damage":0.0,"enemies":"2 Fungi Beasts","floor":10.0,"turns":3.0},{"damage":15,"enemies":"3 Sentries","floor":11,"turns":6},{"damage":4,"enemies":"Red Slaver","floor":14,"turns":3},{"damage":44,"enemies":"Hexaghost","floor":16,"turns":10}],"seed_played":"-6924985703391388170","potions_obtained":[{"floor":6.0,"key":"GamblersBrew"},{"floor":7.0,"key":"Weak Potion"},{"floor":8.0,"key":"GamblersBrew"},{"floor":14,"key":"DuplicationPotion"}],"is_trial":false,"path_per_floor":["M","?","?","?","M","M","M","M","T","M","E","?","?","M","R","B"],"character_chosen":"IRONCLAD","items_purchased":[],"campfire_rested":1,"item_purchase_floors":[],"current_hp_per_floor":[88,46,46,46,52,51,31,22,22,28,19,12,12,14,40,0,0],"gold":540,"neow_bonus":"TEN_PERCENT_HP_BONUS","is_daily":false,"chose_seed":false,"campfire_upgraded":0,"win_rate":0.0,"timestamp":1607927822,"path_taken":["M","?","?","?","M","M","M","?","T","M","E","?","?","M","R","BOSS"],"items_purchased_type":[],"build_version":"2020-12-13","purchased_purges":0,"victory":false,"max_hp_per_floor":[88,88,88,88,88,88,88,88,88,88,88,88,88,88,88,88,88],"relic_stats":{"counters":[9,40],"obtain_stats":[{"Omamori":13,"Frozen Egg 2":2,"Burning Blood":0,"FossilizedHelix":9,"Old Coin":11},{"Omamori":7,"Frozen Egg 2":1,"Burning Blood":0,"FossilizedHelix":5,"Old Coin":7},{"Omamori":27,"Frozen Egg 2":4,"Burning Blood":0,"FossilizedHelix":18,"Old Coin":27}],"Burning Blood":43},"card_choices":[{"not_picked":["Clothesline","Iron Wave"],"picked":"Searing Blow","floor":1.0},{"not_picked":["Thunderclap","Feel No Pain+1"],"picked":"Clash","floor":5.0},{"not_picked":["Exhume","Wild Strike"],"picked":"Armaments","floor":6.0},{"not_picked":["Shockwave","Anger"],"picked":"Battle Trance","floor":7.0},{"not_picked":["Clothesline","Dual Wield"],"picked":"Cleave","floor":8.0},{"not_picked":["Rampage","Disarm"],"picked":"Bloodletting","floor":10.0},{"not_picked":["Cleave","Iron Wave","Warcry"],"picked":"SKIP","floor":11},{"not_picked":["Anger","Pommel Strike"],"picked":"Perfected Strike","floor":14}],"player_experience":259364,"relics_obtained":[{"floor":9.0,"key":"FossilizedHelix"},{"floor":11,"key":"Old Coin"}],"event_choices":[{"damage_healed":0.0,"max_hp_gain":0.0,"max_hp_loss":0.0,"gold_gain":0.0,"event_name":"Scrap Ooze","player_choice":"Success","floor":2.0,"gold_loss":0.0,"damage_taken":42.0,"relics_obtained":["Frozen Egg 2"]},{"damage_healed":0.0,"max_hp_gain":0.0,"max_hp_loss":0.0,"gold_gain":0.0,"event_name":"Living Wall","player_choice":"Grow","floor":3.0,"gold_loss":0.0,"damage_taken":0.0,"cards_upgraded":["Searing Blow"]},{"damage_healed":0.0,"max_hp_gain":0.0,"max_hp_loss":0.0,"gold_gain":0.0,"event_name":"Upgrade Shrine","player_choice":"Upgraded","floor":4.0,"gold_loss":0.0,"damage_taken":0.0,"cards_upgraded":["Searing Blow"]},{"cards_removed":["Strike_R"],"damage_healed":0,"gold_gain":0,"player_choice":"Card Removal","damage_taken":7,"max_hp_gain":0,"max_hp_loss":0,"event_name":"Golden Wing","floor":12,"gold_loss":0},{"cards_removed":["Bloodletting"],"damage_healed":0,"gold_gain":0,"player_choice":"Gave Card","damage_taken":0,"relics_obtained":["Omamori"],"max_hp_gain":0,"max_hp_loss":0,"event_name":"WeMeetAgain","floor":13,"gold_loss":0}],"is_beta":false,"boss_relics":[],"items_purged_floors":[],"is_endless":false,"potions_floor_spawned":[6,7,8,14],"killed_by":"Hexaghost","ascension_level":3}}