{"host":"f1miojwxaupu79sp","time":1607926210,"event":{"mods":["BaseMod","Better Vampires","Minty Spire (QoL Compilation)","Shop Mod","StSLib"],"gold_per_floor":[111,130,57,7,7,37,37,55,55,55,55],"floor_reached":10,"playtime":1645,"items_purged":[],"score":69,"play_id":"57ad2960-1ec2-4ae6-91dc-017cd39c51ce","local_time":"20201214011010","is_ascension_mode":true,"campfire_choices":[{"data":"Footwork","floor":7,"key":"SMITH"}],"circlet_count":0,"master_deck":["Strike_G","Strike_G","Strike_G","Strike_G","Defend_G","Defend_G","Defend_G","Defend_G+1","Defend_G+1","Survivor","Neutralize","Predator","Prepared","Footwork+1","Footwork","Distraction"],"relics":["Ring of the Snake","Incense Burner","Letter Opener"],"acts_visited":["Exordium"],"potions_floor_usage":[],"damage_taken":[{"damage":0,"enemies":"Cultist","floor":1,"turns":3},{"damage":0,"enemies":"Small Slimes","floor":2,"turns":3},{"damage":6,"enemies":"3 Sentries","floor":6,"turns":14},{"damage":1,"enemies":"Jaw Worm","floor":8,"turns":4},{"damage":35,"enemies":"Gremlin Nob","floor":10,"turns":7}],"seed_played":"5680926252044917886","potions_obtained":[{"floor":6,"key":"LiquidBronze"}],"is_trial":false,"path_per_floor":["M","M","$","?","?","E","R","M","T","E"],"character_chosen":"THE_SILENT","items_purchased":["Footwork"],"campfire_rested":0,"item_purchase_floors":[3],"current_hp_per_floor":[70,70,70,70,56,50,50,49,49,14,14],"gold":55,"neow_bonus":"THREE_CARDS","is_daily":false,"chose_seed":false,"campfire_upgraded":1,"win_rate":0.0,"timestamp":1607926210,"path_taken":["M","?","$","?","?","E","R","M","T","E"],"items_purchased_type":["Card"],"build_version":"2020-12-13","purchased_purges":0,"victory":false,"max_hp_per_floor":[70,70,70,70,70,70,70,70,70,70,70],"card_choices":[{"not_picked":["Outmaneuver","Backflip"],"picked":"Predator","floor":0},{"not_picked":["Dagger Spray","Dodge and Roll"],"picked":"Prepared","floor":1},{"not_picked":["Prepared","Tactician"],"picked":"Footwork","floor":2},{"not_picked":["PiercingWail","Poisoned Stab"],"picked":"Distraction","floor":6},{"not_picked":["Flying Knee","Dagger Throw","Endless Agony"],"picked":"SKIP","floor":8}],"player_experience":482739,"relics_obtained":[{"floor":6,"key":"Incense Burner"},{"floor":9,"key":"Letter Opener"}],"event_choices":[{"cards_removed":["Strike_G"],"damage_healed":0,"gold_gain":0,"player_choice":"Card Removal","damage_taken":0,"max_hp_gain":0,"max_hp_loss":0,"event_name":"The Cleric","floor":4,"gold_loss":50},{"damage_healed":0,"gold_gain":0,"player_choice":"Entered Light","damage_taken":14,"max_hp_gain":0,"max_hp_loss":0,"event_name":"Shining Light","floor":5,"gold_loss":0,"cards_upgraded":["Defend_G","Defend_G"]}],"is_beta":false,"boss_relics":[],"items_purged_floors":[],"is_endless":false,"potions_floor_spawned":[6],"killed_by":"Gremlin Nob","ascension_level":1}}