{"host":"hjw1ay65n7jm40lc","time":1607920106,"event":{"mods":["AchievementEnabler","BaseMod","Colored Map","Colored Powertips","Googly Eyes","Highlight Path","Minty Spire (QoL Compilation)","Quick Restart","Relic Stats"],"gold_per_floor":[118,118,118,131,20,46,46,106,106,106,133,133,59,69,69,145,145,163,163,178,192,210,244,147,147,192,218,218,248,273,293,293,367,367,385,385,385,436,291,326,326,352,352,362,374,374,374,384,384,384,384],"floor_reached":50,"playtime":3761,"items_purged":["Pain"],"score":1187,"play_id":"facffcd6-162f-4e79-a4e3-63f51bd1f1c3","local_time":"20201213232826","is_ascension_mode":true,"campfire_choices":[{"floor":12.0,"key":"REST"},{"data":"Disarm","floor":15.0,"key":"SMITH"},{"data":"Whirlwind","floor":25.0,"key":"SMITH"},{"data":"Offering","floor":28.0,"key":"SMITH"},{"floor":32.0,"key":"RECALL"},{"data":"Hemokinesis","floor":41,"key":"SMITH"},{"data":"Shrug It Off","floor":47,"key":"SMITH"},{"data":"Bash","floor":49,"key":"SMITH"}],"circlet_count":0,"master_deck":["AscendersBane","Strike_R","Strike_R+1","Strike_R","Strike_R","Defend_R","Defend_R+1","Defend_R","Defend_R","Bash+1","Shockwave+1","Hemokinesis+1","Whirlwind+1","Shrug It Off+1","Disarm+1","Offering+1","Entrench","Perfected Strike+1","Reaper","Reaper","Whirlwind+1"],"relics":["Burning Blood","WarpedTongs","Pen Nib","Bottled Lightning","StrikeDummy","Snecko Eye","Bottled Flame","Lantern","Vajra","Bag of Marbles","Red Mask","Sozu","Bird Faced Urn","DollysMirror","Charon\u0027s Ashes","Centennial Puzzle"],"acts_visited":["Exordium","TheCity","TheBeyond"],"potions_floor_usage":[],"damage_taken":[{"damage":10.0,"enemies":"2 Louse","floor":1.0,"turns":3.0},{"damage":6.0,"enemies":"Jaw Worm","floor":4.0,"turns":3.0},{"damage":33.0,"enemies":"Gremlin Nob","floor":6.0,"turns":4.0},{"damage":16.0,"enemies":"Lagavulin","floor":11.0,"turns":5.0},{"damage":2.0,"enemies":"Cultist","floor":14.0,"turns":2.0},{"damage":6.0,"enemies":"Hexaghost","floor":16.0,"turns":7.0},{"damage":12.0,"enemies":"Spheric Guardian","floor":18.0,"turns":4.0},{"damage":7.0,"enemies":"2 Thieves","floor":20.0,"turns":4.0},{"damage":3.0,"enemies":"Chosen and Byrds","floor":21.0,"turns":4.0},{"damage":4.0,"enemies":"Snake Plant","floor":22.0,"turns":3.0},{"damage":4.0,"enemies":"Gremlin Leader","floor":23.0,"turns":3.0},{"damage":6.0,"enemies":"Slavers","floor":27.0,"turns":1.0},{"damage":2.0,"enemies":"Gremlin Leader","floor":29.0,"turns":3.0},{"damage":0.0,"enemies":"Masked Bandits","floor":30.0,"turns":1.0},{"damage":0.0,"enemies":"Snecko","floor":31.0,"turns":2.0},{"damage":23.0,"enemies":"Champ","floor":33.0,"turns":5.0},{"damage":20,"enemies":"3 Darklings","floor":35,"turns":3},{"damage":20,"enemies":"2 Orb Walkers","floor":38,"turns":3},{"damage":28,"enemies":"Nemesis","floor":40,"turns":3},{"damage":21,"enemies":"Reptomancer","floor":42,"turns":4},{"damage":6,"enemies":"Orb Walker","floor":44,"turns":2},{"damage":21,"enemies":"Maw","floor":45,"turns":6},{"damage":11,"enemies":"Transient","floor":48,"turns":5},{"damage":113,"enemies":"Awakened One","floor":50,"turns":10}],"seed_played":"-1012915503025071140","potions_obtained":[{"floor":1.0,"key":"AttackPotion"},{"floor":11.0,"key":"Explosive Potion"},{"floor":14.0,"key":"DistilledChaos"},{"floor":18.0,"key":"ColorlessPotion"},{"floor":22.0,"key":"Strength Potion"},{"floor":27.0,"key":"Strength Potion"},{"floor":29.0,"key":"LiquidMemories"}],"is_trial":false,"path_per_floor":["M","?","?","M","$","E","$","?","T","?","E","R","$","M","R","B",null,"M","?","M","M","M","E","$","R","T","E","R","E","?","M","R","B",null,"M","?","$","?","$","E","R","E","T","M","M","?","R","M","R","B"],"character_chosen":"IRONCLAD","items_purchased":["Whirlwind","Shrug It Off","Strength Potion","BlessingOfTheForge","SkillPotion","DollysMirror"],"campfire_rested":1,"item_purchase_floors":[5,13,13,24,24,39],"current_hp_per_floor":[71,46,46,46,46,19,19,19,19,19,9,33,33,37,37,37,71,65,65,64,67,69,71,71,71,71,71,71,82,82,82,82,65,78,80,78,78,78,78,56,56,66,66,78,78,78,78,78,78,0,0],"gold":384,"neow_bonus":"TEN_PERCENT_HP_BONUS","is_daily":false,"chose_seed":false,"campfire_upgraded":6,"win_rate":0.0,"timestamp":1607920106,"path_taken":["M","?","?","?","$","E","$","?","T","?","E","R","?","M","R","BOSS","M","?","?","M","?","E","$","R","T","E","R","E","?","M","R","BOSS","M","?","$","?","?","E","R","E","T","?","?","?","R","?","R","BOSS"],"items_purchased_type":["Card","Card","Potion","Potion","Potion","Relic"],"build_version":"2020-11-30","purchased_purges":1,"victory":false,"max_hp_per_floor":[82,82,82,82,82,82,82,82,82,82,82,82,82,82,82,82,82,82,82,82,82,82,82,82,82,82,82,82,82,82,82,82,82,82,82,78,78,78,78,78,78,78,78,78,78,78,78,78,78,78,78],"relic_stats":{"Sozu":3,"Centennial Puzzle":[12],"counters":[24,90],"Bird Faced Urn":[0],"Snecko Eye":[123,101,117,108],"Pen Nib":[16],"Charon\u0027s Ashes":[105],"obtain_stats":[{"Lantern":26,"Vajra":27,"Pen Nib":6,"Charon\u0027s Ashes":40,"Burning Blood":0,"WarpedTongs":3,"Sozu":34,"Bottled Flame":23,"Centennial Puzzle":42,"DollysMirror":39,"Bird Faced Urn":38,"Snecko Eye":17,"Bag of Marbles":29,"Red Mask":30,"Bottled Lightning":9,"StrikeDummy":11},{"Lantern":11,"Vajra":12,"Pen Nib":3,"Charon\u0027s Ashes":19,"Burning Blood":0,"WarpedTongs":1,"Sozu":16,"Bottled Flame":11,"Centennial Puzzle":20,"DollysMirror":18,"Bird Faced Urn":18,"Snecko Eye":6,"Bag of Marbles":13,"Red Mask":14,"Bottled Lightning":3,"StrikeDummy":4},{"Lantern":42,"Vajra":43,"Pen Nib":10,"Charon\u0027s Ashes":63,"Burning Blood":0,"WarpedTongs":3,"Sozu":54,"Bottled Flame":42,"Centennial Puzzle":67,"DollysMirror":60,"Bird Faced Urn":60,"Snecko Eye":24,"Bag of Marbles":46,"Red Mask":47,"Bottled Lightning":10,"StrikeDummy":15}],"Burning Blood":120,"WarpedTongs":[85]},"card_choices":[{"not_picked":["Havoc","Iron Wave"],"picked":"Shockwave","floor":1.0},{"not_picked":["Clothesline","Reckless Charge"],"picked":"Hemokinesis","floor":4.0},{"not_picked":["Rampage","Heavy Blade","Wild Strike"],"picked":"SKIP","floor":6.0},{"not_picked":["Anger","Flex","Sentinel"],"picked":"SKIP","floor":11.0},{"not_picked":["Twin Strike","Body Slam"],"picked":"Disarm","floor":14.0},{"not_picked":["Berserk","Exhume"],"picked":"Offering","floor":16.0},{"not_picked":["Perfected Strike","Twin Strike","True Grit"],"picked":"SKIP","floor":18.0},{"not_picked":["Hemokinesis","Burning Pact"],"picked":"Entrench","floor":20.0},{"not_picked":["Spot Weakness","Headbutt+1"],"picked":"Perfected Strike+1","floor":21.0},{"not_picked":["Shrug It Off","Heavy Blade","Rage"],"picked":"SKIP","floor":22.0},{"not_picked":["Blood for Blood","True Grit+1","Ghostly Armor+1"],"picked":"SKIP","floor":23.0},{"not_picked":["Offering","Shrug It Off"],"picked":"Reaper","floor":27.0},{"not_picked":["Fire Breathing","Clothesline","Thunderclap"],"picked":"SKIP","floor":29.0},{"not_picked":["Combust","Pommel Strike","Burning Pact+1"],"picked":"SKIP","floor":31.0},{"not_picked":["Brutality","Juggernaut"],"picked":"Reaper","floor":33.0},{"not_picked":["Havoc+1","Flex","Body Slam"],"picked":"SKIP","floor":35},{"not_picked":["Flex","Cleave","Limit Break"],"picked":"SKIP","floor":40},{"not_picked":["Flex","Cleave","Limit Break"],"picked":"SKIP","floor":40},{"not_picked":["Anger+1","Pommel Strike","Havoc+1"],"picked":"SKIP","floor":42},{"not_picked":["Havoc","Thunderclap","Clothesline"],"picked":"SKIP","floor":44},{"not_picked":["Shrug It Off","Sword Boomerang+1","Clash"],"picked":"SKIP","floor":45},{"not_picked":["Shrug It Off","Clash","Sever Soul+1"],"picked":"SKIP","floor":48}],"player_experience":206876,"relics_obtained":[{"floor":6.0,"key":"Pen Nib"},{"floor":9.0,"key":"Bottled Lightning"},{"floor":11.0,"key":"StrikeDummy"},{"floor":23.0,"key":"Bottled Flame"},{"floor":26.0,"key":"Lantern"},{"floor":27.0,"key":"Vajra"},{"floor":29.0,"key":"Bag of Marbles"},{"floor":30.0,"key":"Red Mask"},{"floor":38,"key":"Bird Faced Urn"},{"floor":40,"key":"Charon\u0027s Ashes"},{"floor":42,"key":"Centennial Puzzle"}],"event_choices":[{"damage_healed":0.0,"max_hp_gain":0.0,"max_hp_loss":0.0,"gold_gain":0.0,"event_name":"Shining Light","player_choice":"Entered Light","floor":2.0,"gold_loss":0.0,"damage_taken":25.0,"cards_upgraded":["Strike_R","Defend_R"]},{"damage_healed":0.0,"max_hp_gain":0.0,"max_hp_loss":0.0,"gold_gain":0.0,"event_name":"Accursed Blacksmith","player_choice":"Rummage","floor":3.0,"gold_loss":0.0,"damage_taken":0.0,"relics_obtained":["WarpedTongs"],"cards_obtained":["Pain"]},{"damage_healed":0.0,"max_hp_gain":0.0,"max_hp_loss":0.0,"gold_gain":60.0,"event_name":"Golden Wing","player_choice":"Gained Gold","floor":8.0,"gold_loss":0.0,"damage_taken":0.0},{"damage_healed":0.0,"max_hp_gain":0.0,"max_hp_loss":0.0,"gold_gain":0.0,"event_name":"Scrap Ooze","player_choice":"Fled","floor":10.0,"gold_loss":0.0,"damage_taken":0.0},{"damage_healed":0.0,"max_hp_gain":0.0,"max_hp_loss":0.0,"gold_gain":0.0,"event_name":"Upgrade Shrine","player_choice":"Upgraded","floor":19.0,"gold_loss":0.0,"damage_taken":0.0,"cards_upgraded":["Shockwave"]},{"damage_healed":0.0,"max_hp_gain":0.0,"max_hp_loss":0.0,"gold_gain":0.0,"event_name":"Masked Bandits","player_choice":"Fought Bandits","floor":30.0,"gold_loss":0.0,"damage_taken":0.0},{"damage_healed":0,"gold_gain":0,"player_choice":"Max HP","damage_taken":0,"max_hp_gain":0,"max_hp_loss":4,"event_name":"Winding Halls","floor":36,"gold_loss":0},{"damage_healed":0,"gold_gain":0,"player_choice":"Fight","damage_taken":0,"max_hp_gain":0,"max_hp_loss":0,"event_name":"Mysterious Sphere","floor":38,"gold_loss":0},{"cards_removed":["Strike_R"],"damage_healed":0,"gold_gain":0,"player_choice":"Offered Basic","damage_taken":0,"max_hp_gain":0,"max_hp_loss":0,"event_name":"Bonfire Elementals","floor":46,"gold_loss":0}],"is_beta":false,"boss_relics":[{"not_picked":["Velvet Choker","Busted Crown"],"picked":"Snecko Eye"},{"not_picked":["Cursed Key","SacredBark"],"picked":"Sozu"}],"items_purged_floors":[5],"is_endless":false,"potions_floor_spawned":[1,11,14,18,22,27,29,30,35,38,42],"killed_by":"Awakened One","ascension_level":15}}