{"host":"2pgz2fctomabfk86","time":1607946548,"event":{"mods":["AchievementEnabler","BaseMod","Colored Map","DeckTracker","Minty Spire (QoL Compilation)","StSLib","SuperFastMode"],"gold_per_floor":[114,39,39,53,66,66,66,66,121,131,131,147,175,175,175,247,247,263,219,34,34,54,54,66,66,92,92,19,19,19],"floor_reached":29,"playtime":948,"items_purged":["Strike_R"],"score":446,"play_id":"d3173bf9-0c75-4aa6-9916-f86e2a013705","local_time":"20201214204908","is_ascension_mode":true,"campfire_choices":[{"data":"Blood for Blood","floor":6.0,"key":"SMITH"},{"data":"Evolve","floor":8.0,"key":"SMITH"},{"floor":15.0,"key":"REST"},{"floor":23.0,"key":"REST"},{"data":"Dark Embrace","floor":25.0,"key":"SMITH"},{"data":"Carnage","floor":27.0,"key":"SMITH"}],"circlet_count":0,"master_deck":["AscendersBane","Defend_R+1","Defend_R+1","Defend_R","Bash","Shrug It Off","Evolve+1","Blood for Blood+1","Second Wind","Disarm","Armaments","Impervious","Flex","Carnage+1","Headbutt","Wild Strike","Uppercut","Dark Embrace+1"],"relics":["Burning Blood","Bird Faced Urn","Smiling Mask","Blood Vial","Pear","Empty Cage","Membership Card","Akabeko","Happy Flower"],"acts_visited":["Exordium","TheCity"],"potions_floor_usage":[],"damage_taken":[{"damage":1.0,"enemies":"Cultist","floor":1.0,"turns":3.0},{"damage":4.0,"enemies":"Small Slimes","floor":4.0,"turns":4.0},{"damage":12.0,"enemies":"Jaw Worm","floor":5.0,"turns":7.0},{"damage":0.0,"enemies":"2 Fungi Beasts","floor":10.0,"turns":5.0},{"damage":8.0,"enemies":"Blue Slaver","floor":12.0,"turns":4.0},{"damage":63.0,"enemies":"Gremlin Nob","floor":13.0,"turns":5.0},{"damage":40.0,"enemies":"Slime Boss","floor":16.0,"turns":13.0},{"damage":36.0,"enemies":"Spheric Guardian","floor":18.0,"turns":8.0},{"damage":39.0,"enemies":"2 Thieves","floor":19.0,"turns":5.0},{"damage":21.0,"enemies":"Snecko","floor":22.0,"turns":7.0},{"damage":18.0,"enemies":"Centurion and Healer","floor":24.0,"turns":8.0},{"damage":12,"enemies":"Shelled Parasite and Fungi","floor":29,"turns":3}],"seed_played":"-7605502433032465984","potions_obtained":[{"floor":5.0,"key":"SpeedPotion"},{"floor":12.0,"key":"BloodPotion"},{"floor":13.0,"key":"Explosive Potion"},{"floor":16.0,"key":"BloodPotion"}],"is_trial":false,"path_per_floor":["M","$","?","M","M","R","T","R","T","M","?","M","E","?","R","B",null,"M","M","$","?","M","R","M","R","T","R","?","M"],"character_chosen":"IRONCLAD","items_purchased":["Membership Card","Headbutt"],"campfire_rested":2,"item_purchase_floors":[20,20],"current_hp_per_floor":[68,68,48,50,46,46,46,46,46,54,54,54,24,17,40,10,61,35,21,21,21,10,33,25,25,25,25,25,17,17],"gold":19,"neow_bonus":"ONE_RARE_RELIC","is_daily":false,"chose_seed":false,"campfire_upgraded":4,"win_rate":0.0,"timestamp":1607946548,"path_taken":["M","?","?","M","M","R","?","R","T","M","?","M","E","?","R","BOSS","M","M","$","?","?","R","M","R","T","R","?","?"],"items_purchased_type":["Relic","Card"],"build_version":"2020-12-13","purchased_purges":1,"victory":false,"max_hp_per_floor":[68,68,68,68,68,68,68,68,68,68,68,68,78,78,78,78,78,78,78,78,78,78,78,78,78,78,78,78,78,78],"card_choices":[{"not_picked":["Blood for Blood","Heavy Blade"],"picked":"Shrug It Off","floor":1.0},{"not_picked":["Second Wind","Iron Wave"],"picked":"Evolve","floor":4.0},{"not_picked":["Heavy Blade","Havoc"],"picked":"Blood for Blood","floor":5.0},{"not_picked":["Whirlwind","Iron Wave"],"picked":"Second Wind","floor":10.0},{"not_picked":["Iron Wave","Heavy Blade","Perfected Strike"],"picked":"SKIP","floor":12.0},{"not_picked":["True Grit","Havoc"],"picked":"Armaments","floor":13.0},{"not_picked":["Exhume","Fiend Fire"],"picked":"Impervious","floor":16.0},{"not_picked":["Sentinel","Shrug It Off+1"],"picked":"Flex","floor":18.0},{"not_picked":["Thunderclap","Shrug It Off"],"picked":"Carnage","floor":19.0},{"not_picked":["Intimidate","Flex"],"picked":"Uppercut","floor":22.0},{"not_picked":["Perfected Strike","Clothesline"],"picked":"Dark Embrace","floor":24.0}],"player_experience":957929,"relics_obtained":[{"floor":7.0,"key":"Smiling Mask"},{"floor":9.0,"key":"Blood Vial"},{"floor":13.0,"key":"Pear"},{"floor":26.0,"key":"Akabeko"}],"event_choices":[{"damage_healed":0.0,"max_hp_gain":0.0,"max_hp_loss":0.0,"gold_gain":0.0,"event_name":"Shining Light","player_choice":"Entered Light","floor":3.0,"gold_loss":0.0,"damage_taken":20.0,"cards_upgraded":["Defend_R","Defend_R"]},{"damage_healed":0.0,"max_hp_gain":0.0,"max_hp_loss":0.0,"gold_gain":0.0,"cards_transformed":["Strike_R"],"event_name":"Living Wall","player_choice":"Change","floor":11.0,"gold_loss":0.0,"damage_taken":0.0,"cards_obtained":["Disarm"]},{"cards_removed":["Strike_R"],"damage_healed":0.0,"max_hp_gain":0.0,"max_hp_loss":0.0,"gold_gain":0.0,"event_name":"Golden Wing","player_choice":"Card Removal","floor":14.0,"gold_loss":0.0,"damage_taken":7.0},{"damage_healed":0.0,"max_hp_gain":0.0,"max_hp_loss":0.0,"gold_gain":0.0,"cards_transformed":["Defend_R"],"event_name":"Transmorgrifier","player_choice":"Transformed","floor":21.0,"gold_loss":0.0,"damage_taken":0.0,"cards_obtained":["Wild Strike"]},{"damage_healed":0,"gold_gain":0,"player_choice":"Paid Gold","damage_taken":0,"relics_obtained":["Happy Flower"],"max_hp_gain":0,"max_hp_loss":0,"event_name":"WeMeetAgain","floor":28,"gold_loss":73}],"is_beta":false,"boss_relics":[{"not_picked":["Fusion Hammer","Coffee Dripper"],"picked":"Empty Cage"}],"items_purged_floors":[2],"is_endless":false,"potions_floor_spawned":[5,12,13,16],"killed_by":"Shelled Parasite and Fungi","ascension_level":20}}