{"host":"z2r87akzpwm9sj6o","time":1607906558,"event":{"mods":["A Magickal Journey","Act Like it!","BaseMod","Downfall","Duelist Mod","Gensokyo","Highlight Path","Infinite Spire","KinomotoSakuraMod(????)","Marisa????????","Minty Spire (QoL Compilation)","Quick Restart","READ ME - Guardian Mod","Reimu??????","StSLib","The Bug Knight","The Cursed","The Druid","The Forsaken","The Necromancer","The Servant 0.9.4","TheBandit"],"gold_per_floor":[110,130,145,145,69,69,84,104,104,104,104,118,152,168,168,264,264,283,283,295,307,307,307],"floor_reached":22,"playtime":793,"items_purged":[],"score":190,"play_id":"8cf04940-3195-45d0-b4cd-6a10161ebd11","local_time":"20201214004238","is_ascension_mode":false,"campfire_choices":[{"data":"Infinite Blades","floor":6.0,"key":"SMITH"},{"floor":11.0,"key":"REST"},{"floor":15.0,"key":"REST"}],"circlet_count":0,"master_deck":["Strike_G+1","Strike_G+1","Strike_G+1","Strike_G+1","Strike_G+1","Defend_G+1","Defend_G+1","Defend_G+1","Defend_G+1","Defend_G+1","Survivor","Neutralize","Underhanded Strike","Cloak And Dagger","Infinite Blades","Infinite Blades+1","Footwork","Dash","Caltrops","Prepared","Acrobatics","A Thousand Cuts","Leg Sweep","Concentrate+1","Noxious Fumes"],"relics":["Ring of the Snake","NeowsBlessing","Art of War","War Paint","WristBlade"],"acts_visited":[],"potions_floor_usage":[],"damage_taken":[{"damage":0.0,"enemies":"Jaw Worm","floor":1.0,"turns":1.0},{"damage":0.0,"enemies":"Small Slimes","floor":2.0,"turns":1.0},{"damage":0.0,"enemies":"2 Louse","floor":3.0,"turns":1.0},{"damage":0.0,"enemies":"Looter","floor":7.0,"turns":4.0},{"damage":17.0,"enemies":"3 Louse","floor":8.0,"turns":4.0},{"damage":9.0,"enemies":"Blue Slaver","floor":12.0,"turns":5.0},{"damage":13.0,"enemies":"Gremlin Nob","floor":13.0,"turns":5.0},{"damage":6.0,"enemies":"Large Slime","floor":14.0,"turns":8.0},{"damage":64.0,"enemies":"Slime Boss","floor":16.0,"turns":17.0},{"damage":30.0,"enemies":"3 Byrds","floor":18.0,"turns":4.0},{"damage":4.0,"enemies":"Chosen","floor":20.0,"turns":6.0},{"damage":29.0,"enemies":"Snake Plant","floor":21.0,"turns":5.0},{"damage":27,"enemies":"Cultist and Chosen","floor":22,"turns":5}],"seed_played":"44143089087","potions_obtained":[{"floor":2.0,"key":"Fruit Juice"},{"floor":14.0,"key":"Strength Potion"},{"floor":16.0,"key":"SteroidPotion"}],"is_trial":false,"path_per_floor":["M","M","M","?","$","R","M","M","T","?","R","M","E","M","R","B",null,"M","?","M","M","M"],"character_chosen":"THE_SILENT","items_purchased":["Infinite Blades"],"campfire_rested":2,"item_purchase_floors":[5],"current_hp_per_floor":[70,70,70,75,75,75,75,58,63,63,80,71,58,52,76,12,80,50,50,46,17,0,0],"gold":307,"neow_bonus":"THREE_ENEMY_KILL","is_daily":false,"chose_seed":true,"campfire_upgraded":1,"win_rate":0.0,"timestamp":1607906558,"path_taken":["M","M","M","?","$","R","M","M","T","?","R","M","E","M","R","BOSS","M","?","M","M","M"],"items_purchased_type":["Card"],"build_version":"2020-12-13","purchased_purges":0,"victory":false,"max_hp_per_floor":[70,70,70,75,75,75,75,75,80,80,80,80,80,80,80,80,80,80,80,80,80,80,80],"card_choices":[{"not_picked":["Sucker Punch","Dagger Throw"],"picked":"Underhanded Strike","floor":1.0},{"not_picked":["All Out Attack","Accuracy"],"picked":"Cloak And Dagger","floor":2.0},{"not_picked":["Acrobatics","Poisoned Stab"],"picked":"Infinite Blades","floor":3.0},{"not_picked":["Underhanded Strike","Acrobatics"],"picked":"Footwork","floor":7.0},{"not_picked":["Dodge and Roll","Calculated Gamble"],"picked":"Dash","floor":8.0},{"not_picked":["Slice","Sucker Punch"],"picked":"Caltrops","floor":12.0},{"not_picked":["Expertise","Calculated Gamble"],"picked":"Prepared","floor":13.0},{"not_picked":["Masterful Stab","Endless Agony"],"picked":"Acrobatics","floor":14.0},{"not_picked":["Night Terror","Grand Finale"],"picked":"A Thousand Cuts","floor":16.0},{"not_picked":["Acrobatics","Tactician"],"picked":"Leg Sweep","floor":18.0},{"not_picked":["Dagger Throw","Deadly Poison"],"picked":"Concentrate+1","floor":20.0},{"not_picked":["Blade Dance","Choke"],"picked":"Noxious Fumes","floor":21.0}],"player_experience":155519,"relics_obtained":[{"floor":9.0,"key":"Art of War"},{"floor":13.0,"key":"War Paint"}],"event_choices":[{"damage_healed":0.0,"max_hp_gain":5.0,"max_hp_loss":0.0,"gold_gain":0.0,"event_name":"Big Fish","player_choice":"Donut","floor":4.0,"gold_loss":0.0,"damage_taken":0.0},{"damage_healed":0.0,"max_hp_gain":0.0,"max_hp_loss":0.0,"gold_gain":0.0,"event_name":"Liars Game","player_choice":"Ignored","floor":10.0,"gold_loss":0.0,"damage_taken":0.0},{"damage_healed":0.0,"max_hp_gain":0.0,"max_hp_loss":0.0,"gold_gain":0.0,"event_name":"Back to Basics","player_choice":"Simplicity","floor":19.0,"gold_loss":0.0,"damage_taken":0.0,"cards_upgraded":["Strike_G","Strike_G","Strike_G","Strike_G","Strike_G","Defend_G","Defend_G","Defend_G"]}],"is_beta":false,"boss_relics":[{"not_picked":["Tiny House","Ring of the Serpent"],"picked":"WristBlade"}],"items_purged_floors":[],"is_endless":false,"potions_floor_spawned":[2,14,16],"killed_by":"Cultist and Chosen","ascension_level":0}}