{"host":"oihpulxxofncj7su","time":1607981345,"event":{"mods":["AchievementEnabler","BaseMod","Bestiary","BetterRewards","Colored Powertips","Highlight Path","Minty Spire (QoL Compilation)","Quick Restart","Spicy Shops","StSLib","The Cursed","The Servant 0.9.4"],"gold_per_floor":[109,119,43,43,58,91,110,110,110,121,141,156,231,261,261,261,261],"floor_reached":16,"playtime":2294,"items_purged":[],"score":114,"play_id":"f74e8bc3-9030-4c2b-a13b-df8c7531ccda","local_time":"20201214162905","is_ascension_mode":false,"campfire_choices":[{"data":"Exchange","floor":8,"key":"SMITH"},{"floor":15,"key":"REST"}],"circlet_count":0,"master_deck":["Strike_S","Strike_S","Strike_S","Strike_S","Defend_S","Defend_S","Defend_S","Defend_S","KidneyShot","Exchange+1","Luminosity","InstantArmor","Revamp","Defy","ShatteredReality","TheWorld","Ricochet"],"relics":["Uniform","NeowsBlessing","Frozen Eye","InkBottle","Matryoshka","Ancient Tea Set"],"acts_visited":["Exordium"],"potions_floor_usage":[12,12],"damage_taken":[{"damage":0.0,"enemies":"Small Slimes","floor":1.0,"turns":1.0},{"damage":0.0,"enemies":"Jaw Worm","floor":2.0,"turns":1.0},{"damage":0.0,"enemies":"2 Louse","floor":5.0,"turns":1.0},{"damage":7.0,"enemies":"Lagavulin","floor":6.0,"turns":7.0},{"damage":0.0,"enemies":"Large Slime","floor":7.0,"turns":7.0},{"damage":0,"enemies":"Blue Slaver","floor":10,"turns":5},{"damage":8,"enemies":"Exordium Wildlife","floor":11,"turns":4},{"damage":0,"enemies":"Gremlin Gang","floor":12,"turns":1},{"damage":5,"enemies":"3 Sentries","floor":14,"turns":8},{"damage":63,"enemies":"Hexaghost","floor":16,"turns":9}],"seed_played":"-4209357073055761081","potions_obtained":[{"floor":1.0,"key":"ColorlessPotion"},{"floor":2.0,"key":"Explosive Potion"},{"floor":7,"key":"Explosive Potion"},{"floor":11,"key":"Explosive Potion"},{"floor":12,"key":"SpeedPotion"}],"is_trial":false,"path_per_floor":["M","M","$","?","M","E","M","R","T","M","M","M","?","E","R","B"],"character_chosen":"THE_SERVANT","items_purchased":["Frozen Eye"],"campfire_rested":1,"item_purchase_floors":[3],"current_hp_per_floor":[65,65,65,70,70,63,63,63,63,63,55,55,44,39,60,0,0],"gold":261,"neow_bonus":"THREE_ENEMY_KILL","is_daily":false,"chose_seed":false,"campfire_upgraded":1,"win_rate":0.0,"timestamp":1607981345,"path_taken":["M","M","$","?","M","E","M","R","T","M","M","M","?","E","R","BOSS"],"items_purchased_type":["Relic"],"build_version":"2020-12-13","purchased_purges":0,"victory":false,"max_hp_per_floor":[65,65,65,70,70,70,70,70,70,70,70,70,70,70,70,70,70],"card_choices":[{"not_picked":["GearUp","Barrier"],"picked":"Luminosity","floor":1.0},{"not_picked":["SurpressingFire","Replace"],"picked":"InstantArmor","floor":2.0},{"not_picked":["Defy","SpecialFormula"],"picked":"Revamp","floor":5.0},{"not_picked":["Spin","Gouge","Advance"],"picked":"SKIP","floor":6.0},{"not_picked":["Moonlight","Potential"],"picked":"Defy","floor":7},{"not_picked":["Alleviate","Sabotage"],"picked":"ShatteredReality","floor":10},{"not_picked":["Unruled","Rearm"],"picked":"TheWorld","floor":11},{"not_picked":["Comet","DualDimension"],"picked":"Ricochet","floor":12},{"not_picked":["DoubleEdge","Duplication","Starlight"],"picked":"SKIP","floor":14}],"player_experience":392548,"relics_obtained":[{"floor":6.0,"key":"InkBottle"},{"floor":9,"key":"Matryoshka"},{"floor":14,"key":"Ancient Tea Set"}],"event_choices":[{"damage_healed":0.0,"max_hp_gain":5.0,"max_hp_loss":0.0,"gold_gain":0.0,"event_name":"Big Fish","player_choice":"Donut","floor":4.0,"gold_loss":0.0,"damage_taken":0.0},{"damage_healed":0,"gold_gain":75,"player_choice":"Gather Gold","damage_taken":11,"max_hp_gain":0,"max_hp_loss":0,"event_name":"World of Goop","floor":13,"gold_loss":0}],"is_beta":false,"boss_relics":[],"items_purged_floors":[],"is_endless":false,"potions_floor_spawned":[1,2,7,11,12],"killed_by":"Hexaghost","ascension_level":0}}