{"host":"0vd2boh2oi7jm085","time":1607946171,"event":{"mods":["BaseMod","Colored Map","Colored Powertips","Highlight Path","Minty Spire (QoL Compilation)","Quick Restart","StSLib","The IronCluck"],"gold_per_floor":[109,12,12,26,26,26,26,26,26,41,75,0,0,0,0,0,0],"floor_reached":16,"playtime":207,"items_purged":["Injury"],"score":178,"play_id":"abe79e05-b13a-4621-8c1f-29a7395f43c3","local_time":"20201214034251","is_ascension_mode":true,"campfire_choices":[{"data":"Discovery","floor":6.0,"key":"SMITH"},{"data":"Whirlwind","floor":8.0,"key":"SMITH"},{"data":"Flex","floor":13.0,"key":"SMITH"},{"data":"Wild Strike","floor":15.0,"key":"SMITH"}],"circlet_count":0,"master_deck":["AscendersBane","Strike_R","Strike_R","Strike_R","Strike_R","Strike_R","Defend_R","Defend_R","Defend_R","Defend_R","Bash","Wild Strike+1","Discovery+1","Whirlwind+1","Flex+1"],"relics":["Burning Blood","NeowsBlessing","Golden Idol","Bag of Marbles","Mercury Hourglass"],"acts_visited":["Exordium"],"potions_floor_usage":[],"damage_taken":[{"damage":0.0,"enemies":"Small Slimes","floor":1.0,"turns":1.0},{"damage":0.0,"enemies":"Cultist","floor":4.0,"turns":1.0},{"damage":0.0,"enemies":"Jaw Worm","floor":10.0,"turns":1.0},{"damage":10.0,"enemies":"Gremlin Nob","floor":11.0,"turns":3.0},{"damage":52,"enemies":"Hexaghost","floor":16,"turns":9}],"seed_played":"3248751800375208919","potions_obtained":[{"floor":10.0,"key":"BlessingOfTheForge"},{"floor":11.0,"key":"SmokeBomb"}],"is_trial":false,"path_per_floor":["M","$","?","M","?","R","?","R","T","M","E","$","R","$","R","B"],"character_chosen":"IRONCLAD","items_purchased":["Discovery"],"campfire_rested":0,"item_purchase_floors":[2],"current_hp_per_floor":[74,74,74,75,75,75,75,75,75,75,71,71,71,71,71,19,19],"gold":0,"neow_bonus":"THREE_ENEMY_KILL","is_daily":false,"chose_seed":false,"campfire_upgraded":4,"win_rate":0.0,"timestamp":1607946171,"path_taken":["M","$","?","?","?","R","?","R","T","M","E","?","R","$","R","BOSS"],"items_purchased_type":["Card"],"build_version":"2020-12-13","purchased_purges":1,"victory":false,"max_hp_per_floor":[75,75,75,75,75,75,75,75,75,75,75,75,75,75,75,75,75],"card_choices":[{"not_picked":["True Grit","Rage"],"picked":"Wild Strike","floor":1.0},{"not_picked":["Headbutt","Bloodletting"],"picked":"Whirlwind","floor":4.0},{"not_picked":["Clash","Pommel Strike"],"picked":"Flex","floor":10.0},{"not_picked":["Sentinel","Juggernaut","Brutality"],"picked":"SKIP","floor":11.0}],"player_experience":85460,"relics_obtained":[{"floor":9.0,"key":"Bag of Marbles"},{"floor":11.0,"key":"Mercury Hourglass"}],"event_choices":[{"damage_healed":0.0,"max_hp_gain":0.0,"max_hp_loss":0.0,"gold_gain":0.0,"event_name":"WeMeetAgain","player_choice":"Ignored","floor":3.0,"gold_loss":0.0,"damage_taken":0.0},{"damage_healed":0.0,"max_hp_gain":0.0,"max_hp_loss":0.0,"gold_gain":0.0,"event_name":"Shining Light","player_choice":"Ignored","floor":5.0,"gold_loss":0.0,"damage_taken":0.0},{"damage_healed":0.0,"max_hp_gain":0.0,"max_hp_loss":0.0,"gold_gain":0.0,"event_name":"Golden Idol","player_choice":"Take Wound","floor":7.0,"gold_loss":0.0,"damage_taken":0.0,"relics_obtained":["Golden Idol"],"cards_obtained":["Injury"]}],"is_beta":false,"boss_relics":[],"items_purged_floors":[12],"is_endless":false,"potions_floor_spawned":[10,11],"killed_by":"Hexaghost","ascension_level":17}}