{"host":"o5jvvi5yapo90aia","time":1607914776,"event":{"mods":["BaseMod","CapriCore","Minty Spire (QoL Compilation)","MostiFishMod","Prisma Mod","Spicy Shops","StSLib","TestMod","The Immortal","【东方二次创作】八云紫mod","【人物mod】游戏王New YuGiOh mod","【功能Mod】Neow奖励"],"gold_per_floor":[112,112,131,144,163,197,197,223,223,223,250,250,75,102,102,176,176,186,586,597,597,614,640,640,651,675,701,701,728,214,248,248,321,321,331,356,356,356,368,399,415,441,465,465,475,485,298,298,298,298,298,298,298,76,103,103,103],"floor_reached":56,"playtime":2078,"items_purged":["Strike_P","Defend_P","Writhe","Strike_P"],"score":2497,"play_id":"9b8616c4-8d1c-4b02-84a5-3b2fef88b8c4","local_time":"20201214105936","is_ascension_mode":true,"campfire_choices":[{"data":"Eruption","floor":7.0,"key":"SMITH"},{"data":"Defend_P","floor":10.0,"key":"PURGE"},{"floor":15.0,"key":"DIG"},{"floor":24.0,"key":"DIG"},{"data":"Apotheosis","floor":32.0,"key":"SMITH"},{"floor":44,"key":"RECALL"},{"floor":49,"key":"DIG"},{"floor":53,"key":"DIG"}],"circlet_count":0,"master_deck":["AscendersBane","Strike_P","Strike_P","Defend_P","Eruption+1","Vigilance","InnerPeace","MostiFishMod:Adaptation+1","FearNoEvil","Adaptation","Tantrum","ProofOfUnderstanding_purple","Apotheosis+1","MentalFortress","Grand Finale","MostiFishMod:UniBlue","Offering"],"relics":["testmod-TestBox","Runic Pyramid","ImprovedEquipment","testmod-ObsoleteBoomerang","Question Card","testmod-OneHitWonder","Shovel","Eternal Feather","testmod-Motorcycle","testmod-HeartOfDaVinci","testmod-Antiphasic","ImportantClient","testmod-SaigiyounoYou","Ornamental Fan","Mercury Hourglass","Juzu Bracelet","Pen Nib","Art of War","Kunai","TheAbacus","Antimatter_spacedebris","Regal Pillow","PatriotShield","testmod-Nyarlathotep","testmod-AssaultLearning","Boot","TwistedFunnel","testmod-Hope","Symbiotic Virus","Paper Frog","Mummified Hand"],"acts_visited":["Exordium","TheCity","TheBeyond","TheEnding"],"potions_floor_usage":[56],"damage_taken":[{"damage":0.0,"enemies":"Small Slimes","floor":1.0,"turns":2.0},{"damage":0.0,"enemies":"Jaw Worm","floor":3.0,"turns":3.0},{"damage":0.0,"enemies":"Cultist","floor":4.0,"turns":2.0},{"damage":32.0,"enemies":"Exordium Thugs","floor":5.0,"turns":4.0},{"damage":11.0,"enemies":"Gremlin Nob","floor":6.0,"turns":3.0},{"damage":0.0,"enemies":"Lagavulin","floor":8.0,"turns":4.0},{"damage":16.0,"enemies":"3 Sentries","floor":11.0,"turns":4.0},{"damage":9.0,"enemies":"Gremlin Nob","floor":14.0,"turns":3.0},{"damage":11.0,"enemies":"The Guardian","floor":16.0,"turns":5.0},{"damage":0.0,"enemies":"Chosen","floor":18.0,"turns":3.0},{"damage":6.0,"enemies":"Shell Parasite","floor":20.0,"turns":2.0},{"damage":57.0,"enemies":"Snecko","floor":22.0,"turns":7.0},{"damage":16.0,"enemies":"Slavers","floor":23.0,"turns":3.0},{"damage":12.0,"enemies":"Shelled Parasite and Fungi","floor":25.0,"turns":2.0},{"damage":18.0,"enemies":"Gremlin Leader","floor":27.0,"turns":3.0},{"damage":0.0,"enemies":"Book of Stabbing","floor":29.0,"turns":2.0},{"damage":22.0,"enemies":"Slavers","floor":31.0,"turns":2.0},{"damage":0.0,"enemies":"Automaton","floor":33.0,"turns":3.0},{"damage":0.0,"enemies":"Orb Walker","floor":35.0,"turns":2.0},{"damage":0.0,"enemies":"Mind Bloom Boss Battle","floor":36.0,"turns":3.0},{"damage":0,"enemies":"3 Shapes","floor":39,"turns":2},{"damage":23,"enemies":"Reptomancer","floor":40,"turns":3},{"damage":7,"enemies":"Jaw Worm Horde","floor":41,"turns":3},{"damage":0,"enemies":"Giant Head","floor":42,"turns":4},{"damage":0,"enemies":"3 Darklings","floor":45,"turns":3},{"damage":0,"enemies":"Sphere and 2 Shapes","floor":46,"turns":3},{"damage":0,"enemies":"Donu and Deca","floor":50,"turns":2},{"damage":7,"enemies":"Awakened One","floor":51,"turns":4},{"damage":6,"enemies":"Shield and Spear","floor":55,"turns":3},{"damage":92,"enemies":"The Heart","floor":56,"turns":2}],"seed_played":"-1989925500550121429","potions_obtained":[{"floor":3.0,"key":"Energy Potion"},{"floor":8.0,"key":"Regen Potion"},{"floor":11.0,"key":"SpeedPotion"},{"floor":20.0,"key":"BlessingOfTheForge"},{"floor":22.0,"key":"DuplicationPotion"},{"floor":23.0,"key":"testmod-EscapePotion"},{"floor":29.0,"key":"BlessingOfTheForge"},{"floor":36.0,"key":"Regen Potion"},{"floor":55,"key":"Energy Potion"}],"is_trial":false,"path_per_floor":["M","?","M","M","M","E","R","E","T","R","E","?","$","E","R","B",null,"M","?","M","?","M","E","R","M","T","E","?","E","$","E","R","B",null,"M","?","?","?","M","E","M","E","T","R","M","M","$","?","R","B","B",null,"R","$","E","B"],"character_chosen":"WATCHER","items_purchased":["TheAbacus","Antimatter_spacedebris","Apotheosis","TwistedFunnel","Paper Frog"],"campfire_rested":0,"item_purchase_floors":[30,30,30,47,54],"current_hp_per_floor":[62,55,56,57,26,16,16,17,17,23,17,17,17,9,15,5,52,68,68,68,68,35,56,62,68,68,68,68,68,68,60,68,68,68,68,68,68,68,68,63,73,73,73,73,73,73,73,73,73,73,73,73,73,73,73,0,0],"gold":103,"neow_bonus":"BOSS_RELIC","is_daily":false,"chose_seed":false,"campfire_upgraded":2,"win_rate":0.0,"timestamp":1607914776,"path_taken":["M","?","M","M","M","E","R","E","T","R","E","?","?","E","R","BOSS","M","?","M","?","M","E","R","M","T","E","?","E","?","E","R","BOSS","M","?","?","?","M","E","M","E","T","R","M","M","$","?","R","BOSS","BOSS","R","$","E","BOSS"],"items_purchased_type":["Relic","Relic","Card","Relic","Relic"],"build_version":"2020-12-13","purchased_purges":4,"victory":false,"max_hp_per_floor":[68,68,68,68,68,68,68,68,68,68,68,68,68,68,68,68,68,68,68,68,68,68,68,68,68,68,68,68,68,68,68,68,68,68,68,68,68,68,68,73,73,73,73,73,73,73,73,73,73,73,73,73,73,73,73,78,78],"card_choices":[{"not_picked":["CrushJoints","ThirdEye","JustLucky"],"picked":"SKIP","floor":1.0},{"not_picked":["Indignation","Protect","DeceiveReality"],"picked":"InnerPeace","floor":3.0},{"not_picked":["Crescendo","CrushJoints","CarveReality","Vengeance"],"picked":"SKIP","floor":4.0},{"not_picked":["WreathOfFlame","Study","JustLucky","FlyingSleeves"],"picked":"SKIP","floor":5.0},{"not_picked":["Indignation","EmptyBody","ClearTheMind"],"picked":"MostiFishMod:Adaptation","floor":6.0},{"not_picked":["InnerPeace","EmptyBody","Crescendo","EmptyFist"],"picked":"SKIP","floor":8.0},{"not_picked":["Evaluate","BowlingBash","Crescendo","Consecrate"],"picked":"SKIP","floor":11.0},{"not_picked":["SpiritShield","ForeignInfluence","FlyingSleeves"],"picked":"FearNoEvil","floor":14.0},{"not_picked":["CrushJoints","DeceiveReality","ReachHeaven+1","Wallop"],"picked":"SKIP","floor":18.0},{"not_picked":["CrushJoints","FlurryOfBlows","WindmillStrike"],"picked":"Adaptation","floor":20.0},{"not_picked":["ReachHeaven","LikeWater+1","Swivel"],"picked":"Tantrum","floor":22.0},{"not_picked":["Evaluate","FollowUp","Brilliance","SandsOfTime"],"picked":"SKIP","floor":23.0},{"not_picked":["FlurryOfBlows","Evaluate","ClearTheMind","Prostrate"],"picked":"SKIP","floor":25.0},{"not_picked":["Sanctity","Protect","BowlingBash+1","FollowUp"],"picked":"SKIP","floor":27.0},{"not_picked":["MostiFishMod:Disappear","FlyingSleeves","SandsOfTime","ThirdEye"],"picked":"SKIP","floor":29.0},{"not_picked":["FlyingSleeves","Crescendo","Consecrate"],"picked":"MostiFishMod:Speedup","floor":31.0},{"not_picked":["WheelKick","Prostrate","BattleHymn","CrushJoints"],"picked":"SKIP","floor":35.0},{"not_picked":["FlurryOfBlows","Crescendo","Perseverance","WheelKick"],"picked":"SKIP","floor":39},{"not_picked":["CrushJoints","WreathOfFlame","CarveReality"],"picked":"MentalFortress","floor":40},{"not_picked":["PathToVictory","Protect","WindmillStrike","Halt"],"picked":"SKIP","floor":41},{"not_picked":["Meditate","FlurryOfBlows+1","Ragnarok","Conclude"],"picked":"SKIP","floor":42},{"not_picked":["Halt","MostiFishMod:Clarity","CutThroughFate","Collect"],"picked":"SKIP","floor":45},{"not_picked":["Evaluate","EmptyFist","SashWhip","FlyingSleeves"],"picked":"SKIP","floor":46},{"not_picked":["Consecrate","WindmillStrike+1","FlurryOfBlows+1","Protect"],"picked":"SKIP","floor":55}],"player_experience":1268108,"relics_obtained":[{"floor":1.0,"key":"Question Card"},{"floor":6.0,"key":"testmod-OneHitWonder"},{"floor":8.0,"key":"Shovel"},{"floor":9.0,"key":"Eternal Feather"},{"floor":11.0,"key":"testmod-Motorcycle"},{"floor":14.0,"key":"testmod-HeartOfDaVinci"},{"floor":15.0,"key":"testmod-Antiphasic"},{"floor":16.0,"key":"ImportantClient"},{"floor":23.0,"key":"Mercury Hourglass"},{"floor":24.0,"key":"Juzu Bracelet"},{"floor":26.0,"key":"Pen Nib"},{"floor":27.0,"key":"Art of War"},{"floor":29.0,"key":"Kunai"},{"floor":31.0,"key":"Regal Pillow"},{"floor":36.0,"key":"testmod-Nyarlathotep"},{"floor":40,"key":"testmod-AssaultLearning"},{"floor":42,"key":"Boot"},{"floor":49,"key":"testmod-Hope"},{"floor":53,"key":"Symbiotic Virus"},{"floor":55,"key":"Mummified Hand"}],"event_choices":[{"cards_removed":["Defend_P"],"damage_healed":0.0,"max_hp_gain":0.0,"max_hp_loss":0.0,"gold_gain":0.0,"event_name":"Golden Wing","player_choice":"Card Removal","floor":2.0,"gold_loss":0.0,"damage_taken":7.0},{"damage_healed":0.0,"max_hp_gain":0.0,"max_hp_loss":0.0,"gold_gain":0.0,"event_name":"Shining Light","player_choice":"Ignored","floor":12.0,"gold_loss":0.0,"damage_taken":0.0},{"damage_healed":0.0,"max_hp_gain":0.0,"max_hp_loss":0.0,"gold_gain":400.0,"event_name":"恩洛斯的盘子","player_choice":"Sell","floor":19.0,"relics_lost":["DaveBox"],"gold_loss":0.0,"damage_taken":0.0},{"damage_healed":0.0,"max_hp_gain":0.0,"max_hp_loss":0.0,"gold_gain":0.0,"event_name":"The Mausoleum","player_choice":"Opened","floor":21.0,"gold_loss":0.0,"damage_taken":0.0,"relics_obtained":["Ornamental Fan"],"cards_obtained":["Writhe"]},{"damage_healed":0.0,"max_hp_gain":0.0,"max_hp_loss":0.0,"gold_gain":0.0,"event_name":"Cursed Tome","player_choice":"Ignored","floor":28.0,"gold_loss":0.0,"damage_taken":0.0},{"damage_healed":0.0,"max_hp_gain":0.0,"max_hp_loss":0.0,"gold_gain":0.0,"event_name":"MindBloom","player_choice":"Fight","floor":36.0,"gold_loss":0.0,"damage_taken":0.0},{"damage_healed":0.0,"max_hp_gain":0.0,"max_hp_loss":0.0,"gold_gain":0.0,"event_name":"Upgrade Shrine","player_choice":"Upgraded","floor":37.0,"gold_loss":0.0,"damage_taken":0.0,"cards_upgraded":["MostiFishMod:Adaptation"]},{"damage_healed":0,"gold_gain":0,"player_choice":"Ignored","damage_taken":0,"max_hp_gain":0,"max_hp_loss":0,"event_name":"SecretPortal","floor":38,"gold_loss":0},{"cards_removed":["MostiFishMod:Speedup"],"damage_healed":0,"gold_gain":0,"player_choice":"Removed Power","damage_taken":0,"max_hp_gain":0,"max_hp_loss":0,"event_name":"Falling","floor":48,"gold_loss":0}],"is_beta":false,"boss_relics":[{"not_picked":["HaiYi:Twilight","Tiny House"],"picked":"testmod-SaigiyounoYou"},{"not_picked":["RhineFirstAidKit","Snecko Eye"],"picked":"PatriotShield"}],"items_purged_floors":[13,13,30,47],"is_endless":false,"potions_floor_spawned":[3,8,11,14,20,22,23,29,36,40,41,42,45,55],"killed_by":"The Heart","ascension_level":20}}