{"host":"og6lam4kt3nibbw0","time":1607910007,"event":{"mods":["AchievementEnabler","BaseMod","Colored Map","DeckTracker","Highlight Path","Keyboard Shortcuts","Minty Spire (QoL Compilation)","Permanent Neow","Quick Restart","StSLib","SuperFastMode"],"gold_per_floor":[17,31,44,60,9,9,22,22,22,22,22,40,40,56,56,133,133,149,159,72,87,12,12,31,46,73,73,86,86,86,100,100,100,100],"floor_reached":33,"playtime":1298,"items_purged":["Defend_G"],"score":511,"play_id":"3667bec4-bd0a-400c-bf6e-a3f21ab2159c","local_time":"20201214104007","is_ascension_mode":true,"campfire_choices":[{"data":"Acrobatics","floor":6.0,"key":"SMITH"},{"data":"Reflex","floor":8.0,"key":"SMITH"},{"data":"Venomology","floor":10.0,"key":"SMITH"},{"floor":13.0,"key":"REST"},{"data":"Prepared","floor":15.0,"key":"SMITH"},{"data":"Adrenaline","floor":23.0,"key":"SMITH"},{"floor":29.0,"key":"REST"},{"floor":32.0,"key":"REST"}],"circlet_count":0,"master_deck":["AscendersBane","Strike_G","Strike_G","Strike_G","Strike_G","Defend_G","Defend_G","Defend_G","Defend_G","Survivor","Neutralize","Grand Finale","Reflex+1","Heel Hook","Acrobatics+1","Acrobatics","Venomology+1","Prepared+1","Adrenaline+1","CurseOfTheBell","Well Laid Plans","Outmaneuver"],"relics":["Ring of the Snake","Singing Bowl","Calling Bell","Vajra","Pantograph","Mango"],"acts_visited":["Exordium","TheCity"],"potions_floor_usage":[33],"damage_taken":[{"damage":1.0,"enemies":"2 Louse","floor":1.0,"turns":2.0},{"damage":9.0,"enemies":"Cultist","floor":2.0,"turns":5.0},{"damage":6.0,"enemies":"Jaw Worm","floor":3.0,"turns":8.0},{"damage":7.0,"enemies":"Gremlin Gang","floor":4.0,"turns":2.0},{"damage":8.0,"enemies":"Looter","floor":7.0,"turns":4.0},{"damage":14.0,"enemies":"2 Fungi Beasts","floor":12.0,"turns":8.0},{"damage":0.0,"enemies":"Exordium Thugs","floor":14.0,"turns":1.0},{"damage":18.0,"enemies":"The Guardian","floor":16.0,"turns":7.0},{"damage":0.0,"enemies":"2 Thieves","floor":18.0,"turns":1.0},{"damage":10.0,"enemies":"Shell Parasite","floor":19.0,"turns":3.0},{"damage":0.0,"enemies":"Cultist and Chosen","floor":21.0,"turns":2.0},{"damage":2.0,"enemies":"Snecko","floor":24.0,"turns":3.0},{"damage":11.0,"enemies":"Centurion and Healer","floor":25.0,"turns":2.0},{"damage":46.0,"enemies":"Snake Plant","floor":28.0,"turns":5.0},{"damage":25.0,"enemies":"Snecko","floor":31.0,"turns":5.0},{"damage":70,"enemies":"Collector","floor":33,"turns":8}],"seed_played":"-8072525759795653885","potions_obtained":[{"floor":1.0,"key":"PowerPotion"},{"floor":2.0,"key":"Strength Potion"},{"floor":21.0,"key":"LiquidBronze"},{"floor":25.0,"key":"Regen Potion"}],"is_trial":false,"path_per_floor":["M","M","M","M","$","R","M","R","T","R","?","M","R","M","R","B",null,"M","M","$","M","$","R","M","M","T","$","M","R","$","M","R","B"],"character_chosen":"THE_SILENT","items_purchased":["Acrobatics","Well Laid Plans"],"campfire_rested":3,"item_purchase_floors":[5,20],"current_hp_per_floor":[58,49,43,36,36,36,28,28,28,28,28,14,33,35,35,17,69,71,63,63,65,65,65,65,56,56,56,27,55,55,30,58,13,13],"gold":100,"neow_bonus":"THREE_RARE_CARDS","is_daily":false,"chose_seed":false,"campfire_upgraded":5,"win_rate":0.0,"timestamp":1607910007,"path_taken":["M","M","M","M","$","R","M","R","T","R","?","M","R","M","R","BOSS","M","?","$","M","$","R","M","M","T","?","M","R","$","M","R","BOSS"],"items_purchased_type":["Card","Card"],"build_version":"2020-12-13","purchased_purges":1,"victory":false,"max_hp_per_floor":[66,66,66,66,66,66,66,66,66,66,66,66,66,68,68,68,82,84,86,86,88,88,88,90,92,92,92,94,94,94,94,94,94,94],"card_choices":[{"not_picked":["Glass Knife","Die Die Die"],"picked":"Grand Finale","floor":0.0},{"not_picked":["Poisoned Stab","Dodge and Roll"],"picked":"Reflex","floor":1.0},{"not_picked":["Dash","Deflect"],"picked":"Heel Hook","floor":2.0},{"not_picked":["Dagger Spray","Blade Dance"],"picked":"Acrobatics","floor":3.0},{"not_picked":["Expertise","Deadly Poison","Eviscerate"],"picked":"SKIP","floor":4.0},{"not_picked":["Bane","Accuracy"],"picked":"Venomology","floor":7.0},{"not_picked":["Endless Agony","Deadly Poison"],"picked":"Prepared","floor":12.0},{"not_picked":["Footwork","Cloak And Dagger","Underhanded Strike"],"picked":"Singing Bowl","floor":14.0},{"not_picked":["Storm of Steel","Malaise"],"picked":"Adrenaline","floor":16.0},{"not_picked":["Deflect","All Out Attack","Acrobatics"],"picked":"Singing Bowl","floor":18.0},{"not_picked":["Cloak And Dagger+1","Crippling Poison","Dagger Throw"],"picked":"Singing Bowl","floor":19.0},{"not_picked":["Acrobatics","Storm of Steel","Infinite Blades"],"picked":"Singing Bowl","floor":21.0},{"not_picked":["Cloak And Dagger","Backflip","Deflect"],"picked":"Singing Bowl","floor":24.0},{"not_picked":["Deadly Poison","Underhanded Strike","Heel Hook"],"picked":"Singing Bowl","floor":25.0},{"not_picked":["Deadly Poison","Dagger Spray","Poisoned Stab"],"picked":"Singing Bowl","floor":28.0},{"not_picked":["Prepared","Backflip"],"picked":"Outmaneuver","floor":31.0}],"player_experience":740496,"relics_obtained":[{"floor":9.0,"key":"Singing Bowl"},{"floor":17.0,"key":"Vajra"},{"floor":17.0,"key":"Pantograph"},{"floor":17.0,"key":"Mango"}],"event_choices":[{"cards_removed":["Strike_G"],"damage_healed":0.0,"max_hp_gain":0.0,"max_hp_loss":0.0,"gold_gain":0.0,"event_name":"Purifier","player_choice":"Purged","floor":11.0,"gold_loss":0.0,"damage_taken":0.0}],"is_beta":false,"boss_relics":[{"not_picked":["Tiny House","Runic Dome"],"picked":"Calling Bell"}],"items_purged_floors":[22],"is_endless":false,"potions_floor_spawned":[1,2,14,21,25],"killed_by":"Collector","ascension_level":20}}