{"host":"0285y92tozoijo7k","time":1607960369,"event":{"mods":["AchievementEnabler","Act Like it!","BaseMod","Colored Map","DeckTracker","Keyboard Shortcuts","Minty Spire (QoL Compilation)","Permanent Neow","StSLib","SuperFastMode"],"gold_per_floor":[119,139,154,154,154,154,154,154,154,188,204,237,162,182,182,253,253,265,16,16,29,29,64,64,92,92,124,142,158,73,84,84,84,84],"floor_reached":33,"playtime":1099,"items_purged":["Strike_R","Strike_R"],"score":702,"play_id":"5a0ea1e8-31c1-4b4b-8add-f912121c1e98","local_time":"20201215003929","is_ascension_mode":true,"campfire_choices":[{"data":"Blood for Blood","floor":6,"key":"SMITH"},{"data":"Inflame","floor":8,"key":"SMITH"},{"data":"Disarm","floor":15,"key":"SMITH"},{"data":"Barricade","floor":24,"key":"SMITH"},{"data":"Offering","floor":32,"key":"SMITH"}],"circlet_count":0,"master_deck":["AscendersBane","Strike_R","Strike_R","Strike_R","Defend_R+1","Defend_R","Defend_R","Defend_R","Bash+1","Shrug It Off","Blood for Blood+1","Inflame+1","Disarm+1","Feed","Twin Strike","Barricade+1","Second Wind","Battle Trance","Offering+1"],"relics":["Black Blood","FossilizedHelix","Matryoshka","Darkstone Periapt","Kunai","InkBottle","Ornamental Fan","Art of War","Bottled Lightning","Anchor","Blood Vial","Potion Belt","Pen Nib"],"acts_visited":["Exordium","TheCity"],"potions_floor_usage":[16,16,23,23,33],"damage_taken":[{"damage":0,"enemies":"Cultist","floor":1,"turns":3},{"damage":0,"enemies":"Jaw Worm","floor":2,"turns":3},{"damage":0,"enemies":"Small Slimes","floor":3,"turns":4},{"damage":0,"enemies":"Lagavulin","floor":10,"turns":7},{"damage":6,"enemies":"2 Fungi Beasts","floor":11,"turns":3},{"damage":14,"enemies":"Gremlin Nob","floor":12,"turns":4},{"damage":15,"enemies":"Exordium Wildlife","floor":14,"turns":5},{"damage":0,"enemies":"The Guardian","floor":16,"turns":11},{"damage":10,"enemies":"Chosen","floor":18,"turns":6},{"damage":34,"enemies":"Spheric Guardian","floor":21,"turns":6},{"damage":66,"enemies":"Slavers","floor":23,"turns":10},{"damage":29,"enemies":"Book of Stabbing","floor":25,"turns":8},{"damage":9,"enemies":"Gremlin Leader","floor":27,"turns":14},{"damage":11,"enemies":"Snake Plant","floor":28,"turns":5},{"damage":27,"enemies":"Centurion and Healer","floor":29,"turns":7},{"damage":33,"enemies":"Snecko","floor":31,"turns":7},{"damage":20,"enemies":"Champ","floor":33,"turns":7}],"seed_played":"-9087877329648849183","potions_obtained":[{"floor":1,"key":"SteroidPotion"},{"floor":12,"key":"DuplicationPotion"},{"floor":18,"key":"BloodPotion"},{"floor":21,"key":"FearPotion"},{"floor":25,"key":"DuplicationPotion"},{"floor":28,"key":"ElixirPotion"}],"is_trial":false,"path_per_floor":["M","M","M","?","?","R","?","R","T","E","M","E","$","M","R","B",null,"M","$","?","M","?","E","R","E","T","E","M","M","?","M","R","B"],"character_chosen":"IRONCLAD","items_purchased":["Barricade"],"campfire_rested":0,"item_purchase_floors":[19],"current_hp_per_floor":[68,68,68,48,22,22,44,44,44,50,50,42,42,33,33,42,64,69,69,69,47,84,50,50,33,33,38,44,34,34,15,15,0,0],"gold":84,"neow_bonus":"ONE_RARE_RELIC","is_daily":false,"chose_seed":false,"campfire_upgraded":5,"win_rate":0.0,"timestamp":1607960369,"path_taken":["M","?","M","?","?","R","?","R","T","E","M","E","$","?","R","BOSS","M","$","?","M","?","E","R","E","T","E","?","M","?","M","R","BOSS"],"items_purchased_type":["Card"],"build_version":"2020-12-13","purchased_purges":2,"victory":false,"max_hp_per_floor":[68,68,68,68,68,68,68,68,68,68,68,68,68,68,68,71,71,74,74,74,74,84,87,87,87,87,87,90,93,93,93,93,93,93],"card_choices":[{"not_picked":["Anger","Clash"],"picked":"Shrug It Off","floor":1},{"not_picked":["Havoc","Clothesline"],"picked":"Blood for Blood","floor":2},{"not_picked":["Sword Boomerang","Sever Soul"],"picked":"Inflame","floor":3},{"not_picked":["Warcry","Iron Wave"],"picked":"Disarm","floor":10},{"not_picked":["Sword Boomerang","Uppercut"],"picked":"Feed","floor":11},{"not_picked":["Flex","Seeing Red"],"picked":"Twin Strike","floor":12},{"not_picked":["Clothesline","Combust","Carnage"],"picked":"SKIP","floor":14},{"not_picked":["Demon Form","Exhume"],"picked":"Limit Break","floor":16},{"not_picked":["Flex","Wild Strike","Clothesline"],"picked":"SKIP","floor":18},{"not_picked":["Iron Wave","Headbutt","Anger"],"picked":"SKIP","floor":21},{"not_picked":["Anger","Flex","Cleave"],"picked":"SKIP","floor":23},{"not_picked":["Rampage","Clash","Iron Wave"],"picked":"SKIP","floor":25},{"not_picked":["Flex+1","Hemokinesis","Spot Weakness"],"picked":"SKIP","floor":27},{"not_picked":["Warcry","Perfected Strike","Heavy Blade+1"],"picked":"SKIP","floor":28},{"not_picked":["Reckless Charge","Warcry"],"picked":"Battle Trance","floor":29},{"not_picked":["Searing Blow","Disarm"],"picked":"Offering","floor":31}],"player_experience":376254,"relics_obtained":[{"floor":9,"key":"Darkstone Periapt"},{"floor":9,"key":"Kunai"},{"floor":10,"key":"InkBottle"},{"floor":12,"key":"Ornamental Fan"},{"floor":23,"key":"Art of War"},{"floor":25,"key":"Bottled Lightning"},{"floor":26,"key":"Anchor"},{"floor":26,"key":"Blood Vial"},{"floor":27,"key":"Potion Belt"}],"event_choices":[{"damage_healed":0,"gold_gain":0,"player_choice":"Entered Light","damage_taken":20,"max_hp_gain":0,"max_hp_loss":0,"event_name":"Shining Light","floor":4,"gold_loss":0,"cards_upgraded":["Defend_R","Bash"]},{"damage_healed":0,"gold_gain":0,"player_choice":"Success","damage_taken":26,"relics_obtained":["Matryoshka"],"max_hp_gain":0,"max_hp_loss":0,"event_name":"Scrap Ooze","floor":5,"gold_loss":0},{"damage_healed":22,"gold_gain":0,"player_choice":"Banana","damage_taken":0,"max_hp_gain":0,"max_hp_loss":0,"event_name":"Big Fish","floor":7,"gold_loss":0},{"damage_healed":0,"gold_gain":0,"player_choice":"Read","damage_taken":0,"max_hp_gain":0,"max_hp_loss":0,"event_name":"The Library","floor":20,"gold_loss":0,"cards_obtained":["Second Wind"]},{"cards_removed":["Limit Break"],"damage_healed":27,"gold_gain":0,"player_choice":"Offered Rare","damage_taken":0,"max_hp_gain":10,"max_hp_loss":0,"event_name":"Bonfire Elementals","floor":22,"gold_loss":0},{"damage_healed":0,"gold_gain":0,"player_choice":"Obtained Relic","damage_taken":0,"relics_obtained":["Pen Nib"],"max_hp_gain":0,"max_hp_loss":0,"event_name":"Addict","floor":30,"gold_loss":85}],"is_beta":false,"boss_relics":[{"not_picked":["Calling Bell","Snecko Eye"],"picked":"Black Blood"}],"items_purged_floors":[13,19],"is_endless":false,"potions_floor_spawned":[1,12,14,18,21,25,28],"killed_by":"Champ","ascension_level":16}}