{"host":"jak4ncvfzor9mys0","time":1607970635,"event":{"mods":["2.2 Compatiblity","AchievementEnabler","BaseMod","Better Altar","Better Match","Better Note","Better Sensory Stone","Better Skull","Better Third Choice","BetterRewards","Block Reminder","Colored Map","Colored Powertips","Energized Spire","Gold Saver","Hubris","Infinite Spire","Key Reminder","Minty Spire (QoL Compilation)","Rare Cards Sparkle","Red Circlet Mod","Relic Sorter","Relic Stats","Replay The Spire","Retaliation","StSLib","SuperFastMode","The Blue Laboratory"],"gold_per_floor":[407,329,429,304,314,327,338,338,364,364,132,151,163,237,237,334,334,349,349,274,290,299,299,299],"floor_reached":23,"playtime":935,"items_purged":["Strike_R","Strike_R","Strike_R","Defend_R","Defend_R"],"score":281,"play_id":"2283ca78-3687-4684-bcff-27e8c570b968","local_time":"20201214103035","is_ascension_mode":false,"campfire_choices":[{"data":"ReplayTheSpireMod:LeadingStrike","floor":8,"key":"SMITH"},{"data":"Bash","floor":10,"key":"SMITH"},{"data":"Defend_R","floor":15,"key":"SMITH"}],"circlet_count":0,"master_deck":["Strike_R","Strike_R","Defend_R+1","Bash+1","ReplayTheSpireMod:LeadingStrike+1","DDmod:RapidStrikeAttack","DDmod:RapidStrikeAttack","ReplayTheSpireMod:Stacked","Shrug It Off","Twin Strike","Ghostly Armor","Pommel Strike","Demon Form"],"relics":["Burning Blood","Shuriken","Membership Card","Replay:Baseball","Ginger","Regal Pillow","HandDrill","hubris:TenFootPole","hubris:MedicalManual","Gremlin Food","infinitespire:PuzzleCube","Sling","CeramicFish","hubris:Spice","King of Hearts","Black Star"],"acts_visited":["Exordium","TheCity"],"potions_floor_usage":[23,23],"damage_taken":[{"damage":0,"enemies":"2 Louse","floor":1,"turns":3},{"damage":1,"enemies":"Cultist","floor":5,"turns":3},{"damage":1,"enemies":"Jaw Worm","floor":6,"turns":4},{"damage":7,"enemies":"Blue Slaver","floor":7,"turns":5},{"damage":0,"enemies":"Lots of Slimes","floor":12,"turns":3},{"damage":0,"enemies":"Large Slime","floor":13,"turns":5},{"damage":0,"enemies":"3 Sentries","floor":14,"turns":6},{"damage":20,"enemies":"The Guardian","floor":16,"turns":10},{"damage":10,"enemies":"Spheric Guardian","floor":18,"turns":6},{"damage":0,"enemies":"3 Byrds","floor":21,"turns":4},{"damage":86,"enemies":"Nightmare","floor":23,"turns":6}],"seed_played":"3409837812112704903","potions_obtained":[{"floor":5,"key":"DistilledChaos"},{"floor":12,"key":"Reflective Coating"},{"floor":13,"key":"blueLaboratory:BubblePotion"}],"is_trial":false,"path_per_floor":["M","$","?","$","M","M","M","R","T","R","$","M","M","?","R","B",null,"M","?","?","M","?","NM"],"character_chosen":"IRONCLAD","items_purchased":["Membership Card","Replay:Baseball","Ginger","ReplayTheSpireMod:LeadingStrike","DDmod:RapidStrikeAttack","Regal Pillow","DDmod:RapidStrikeAttack","HandDrill","hubris:TenFootPole","hubris:MedicalManual","Shuriken","Gremlin Food","infinitespire:PuzzleCube","Sling","Shrug It Off","Twin Strike","hubris:Spice"],"campfire_rested":0,"item_purchase_floors":[0,0,0,0,0,0,0,0,0,0,0,0,0,2,4,4,11],"current_hp_per_floor":[80,80,80,80,80,80,79,79,79,79,87,88,88,88,88,74,88,84,84,84,88,80,0,0],"gold":299,"neow_bonus":"","is_daily":false,"chose_seed":false,"campfire_upgraded":3,"win_rate":0.0,"timestamp":1607970635,"path_taken":["M","$","?","$","M","M","M","R","T","R","?","M","M","?","R","BOSS","M","?","?","M","?","NM"],"items_purchased_type":["Relic","Relic","Relic","Card","Card","Relic","Card","Relic","Relic","Relic","Relic","Relic","Relic","Relic","Card","Card","Relic"],"build_version":"2020-12-13","purchased_purges":5,"victory":false,"max_hp_per_floor":[80,80,80,80,80,80,80,80,80,80,88,88,88,88,88,88,88,88,88,88,88,88,88,88],"relic_stats":{"Regal Pillow":0,"counters":[98,373],"Shuriken":[171],"CeramicFish":279,"HandDrill":[64],"Black Star":0,"Ginger":[19],"obtain_stats":[{"hubris:CrystalStatue":81,"CeramicFish":20,"Vajra":20,"Ginger":25,"Boot":10,"Sling":2,"Blood Vial":9,"Centennial Puzzle":8,"infinitespire:ShieldingShard":8,"HornCleat":29,"Strawberry":30,"Prayer Wheel":76,"MealTicket":138,"HandDrill":29,"Toxic Egg 2":12,"hubris:TinFlute":132,"Runic Cube":68,"Happy Flower":29,"Oddly Smooth Stone":4,"infinitespire:Beetle Shell":104,"Pen Nib":129,"hubris:HollowSoul":136,"Akabeko":104,"OrangePellets":44,"SlaversCollar":116,"Replay:Baseball":0,"Shuriken":131,"Bronze Scales":74,"Simple Rune":23,"hubris:ToyBattleship":94,"hubris:TenFootPole":0,"Black Star":17,"ReplayTheSpireMod:DimensionalGlitch":17,"Unceasing Top":99,"infinitespire:PuzzleCube":0,"ReplayFunnel":23,"Regal Pillow":0,"Singing Bowl":64,"SacredBark":90,"Blue Doll":98,"King of Hearts":61,"Bag of Preparation":26,"hubris:SlimyHat":44,"Juzu Bracelet":44,"Ancient Tea Set":156,"Burning Blood":0,"Replay:Rubber Ducky":43,"ClockworkSouvenir":82,"Dream Catcher":6,"Nunchaku":26,"Replay:Bandana":92,"Matryoshka":9,"Chameleon Ring":37,"TheAbacus":56,"Mummified Hand":48,"hubris:ScarierMask":51,"Tiny Chest":3,"WingedGreaves":87,"hubris:FunFungus":109,"hubris:CuriousFeather":147,"Replay:Lucky Slots":147,"hubris:ChampionShield":105,"Paper Frog":128,"Potion Belt":47,"Gremlin Food":60,"hubris:DisguiseKit":12,"Lee\u0027s Waffle":12,"ReplayTheSpireMod:Ninjato":12,"NeowsBlessing":0,"hubris:64BitClover":57,"Quantum Egg":152,"PreservedInsect":26,"hubris:MedicalManual":0,"infinitespire:CheckeredPen":40,"infinitespire:Lucky Rock":144,"Frozen Egg 2":37,"Orichalcum":89,"energizedSpire:DeadBattery":17,"MawBank":110,"Mercury Hourglass":22,"Anchor":56,"infinitespire:WardingShard":64,"hubris:Spice":11,"Bag of Marbles":71,"Snack Pack":111,"Art of War":115,"Membership Card":21,"Bottled Lightning":82,"Champion Belt":138,"Toy Ornithopter":29,"FossilizedHelix":82,"infinitespire:Midas Blood":0,"hubris:BottledRain":14},{"hubris:CrystalStatue":55,"CeramicFish":26,"Vajra":26,"Ginger":29,"Boot":22,"Sling":88,"Blood Vial":5,"Centennial Puzzle":5,"infinitespire:ShieldingShard":21,"HornCleat":30,"Strawberry":31,"Prayer Wheel":53,"MealTicket":80,"HandDrill":30,"Toxic Egg 2":22,"hubris:TinFlute":77,"Runic Cube":49,"Happy Flower":14,"Oddly Smooth Stone":2,"infinitespire:Beetle Shell":65,"Pen Nib":75,"hubris:HollowSoul":79,"Akabeko":65,"OrangePellets":39,"SlaversCollar":69,"Replay:Baseball":87,"Shuriken":76,"Bronze Scales":52,"Simple Rune":11,"hubris:ToyBattleship":61,"hubris:TenFootPole":87,"Black Star":95,"ReplayTheSpireMod:DimensionalGlitch":7,"Unceasing Top":63,"infinitespire:PuzzleCube":87,"ReplayFunnel":28,"Regal Pillow":87,"Singing Bowl":48,"SacredBark":60,"Blue Doll":63,"King of Hearts":46,"Bag of Preparation":12,"hubris:SlimyHat":39,"Juzu Bracelet":39,"Ancient Tea Set":86,"Burning Blood":0,"Replay:Rubber Ducky":39,"ClockworkSouvenir":55,"Dream Catcher":4,"Nunchaku":29,"Replay:Bandana":61,"Matryoshka":21,"Chameleon Ring":34,"TheAbacus":44,"Mummified Hand":41,"hubris:ScarierMask":42,"Tiny Chest":18,"WingedGreaves":59,"hubris:FunFungus":66,"hubris:CuriousFeather":83,"Replay:Lucky Slots":83,"hubris:ChampionShield":66,"Paper Frog":74,"Potion Belt":41,"Gremlin Food":46,"hubris:DisguiseKit":22,"Lee\u0027s Waffle":22,"ReplayTheSpireMod:Ninjato":6,"NeowsBlessing":0,"hubris:64BitClover":45,"Quantum Egg":85,"PreservedInsect":29,"hubris:MedicalManual":87,"infinitespire:CheckeredPen":37,"infinitespire:Lucky Rock":83,"Frozen Egg 2":34,"Orichalcum":60,"energizedSpire:DeadBattery":24,"MawBank":67,"Mercury Hourglass":10,"Anchor":44,"infinitespire:WardingShard":48,"hubris:Spice":91,"Bag of Marbles":50,"Snack Pack":67,"Art of War":69,"Membership Card":26,"Bottled Lightning":55,"Champion Belt":80,"Toy Ornithopter":30,"FossilizedHelix":55,"infinitespire:Midas Blood":16,"hubris:BottledRain":23},{"hubris:CrystalStatue":256,"CeramicFish":129,"Vajra":129,"Ginger":149,"Boot":97,"Sling":321,"Blood Vial":15,"Centennial Puzzle":15,"infinitespire:ShieldingShard":87,"HornCleat":153,"Strawberry":161,"Prayer Wheel":252,"MealTicket":304,"HandDrill":153,"Toxic Egg 2":97,"hubris:TinFlute":300,"Runic Cube":243,"Happy Flower":57,"Oddly Smooth Stone":2,"infinitespire:Beetle Shell":280,"Pen Nib":296,"hubris:HollowSoul":302,"Akabeko":280,"OrangePellets":205,"SlaversCollar":287,"Replay:Baseball":318,"Shuriken":298,"Bronze Scales":249,"Simple Rune":43,"hubris:ToyBattleship":271,"hubris:TenFootPole":318,"Black Star":357,"ReplayTheSpireMod:DimensionalGlitch":25,"Unceasing Top":276,"infinitespire:PuzzleCube":318,"ReplayFunnel":142,"Regal Pillow":318,"Singing Bowl":236,"SacredBark":268,"Blue Doll":276,"King of Hearts":230,"Bag of Preparation":47,"hubris:SlimyHat":205,"Juzu Bracelet":205,"Ancient Tea Set":313,"Burning Blood":0,"Replay:Rubber Ducky":205,"ClockworkSouvenir":256,"Dream Catcher":7,"Nunchaku":149,"Replay:Bandana":271,"Matryoshka":87,"Chameleon Ring":177,"TheAbacus":224,"Mummified Hand":213,"hubris:ScarierMask":221,"Tiny Chest":77,"WingedGreaves":266,"hubris:FunFungus":281,"hubris:CuriousFeather":309,"Replay:Lucky Slots":309,"hubris:ChampionShield":281,"Paper Frog":295,"Potion Belt":213,"Gremlin Food":230,"hubris:DisguiseKit":97,"Lee\u0027s Waffle":97,"ReplayTheSpireMod:Ninjato":18,"NeowsBlessing":0,"hubris:64BitClover":228,"Quantum Egg":312,"PreservedInsect":149,"hubris:MedicalManual":318,"infinitespire:CheckeredPen":195,"infinitespire:Lucky Rock":309,"Frozen Egg 2":177,"Orichalcum":268,"energizedSpire:DeadBattery":118,"MawBank":284,"Mercury Hourglass":36,"Anchor":224,"infinitespire:WardingShard":236,"hubris:Spice":333,"Bag of Marbles":245,"Snack Pack":284,"Art of War":287,"Membership Card":129,"Bottled Lightning":256,"Champion Belt":304,"Toy Ornithopter":153,"FossilizedHelix":256,"infinitespire:Midas Blood":68,"hubris:BottledRain":104}],"Burning Blood":168},"card_choices":[{"not_picked":["Heavy Blade","Sever Soul"],"picked":"ReplayTheSpireMod:Stacked","floor":1},{"not_picked":["Run Through","Rupture"],"picked":"Ghostly Armor","floor":5},{"not_picked":["hubris:SharpeningStone","Thunderclap","hubris:CleavingFinish"],"picked":"SKIP","floor":6},{"not_picked":["Blood for Blood","hubris:SharpeningStone","Flame Barrier"],"picked":"SKIP","floor":7},{"not_picked":["Searing Blow","hubris:SharpeningStone","Power Through"],"picked":"SKIP","floor":12},{"not_picked":["Havoc","DDmod:SpikedSkill","Intimidate"],"picked":"SKIP","floor":13},{"not_picked":["Feel No Pain","DDmod:EasePowerCard"],"picked":"Pommel Strike","floor":14},{"not_picked":["Combust","Thunderclap","Wild Strike"],"picked":"SKIP","floor":18},{"not_picked":["Power Through","Reckless Charge","Clash"],"picked":"SKIP","floor":21}],"player_experience":2600484,"relics_obtained":[{"floor":9,"key":"CeramicFish"}],"event_choices":[{"damage_healed":0,"gold_gain":100,"player_choice":"Pray","damage_taken":0,"max_hp_gain":0,"max_hp_loss":0,"event_name":"Golden Shrine","floor":3,"gold_loss":0},{"damage_healed":0,"gold_gain":0,"player_choice":"Searched \u00272\u0027 times","damage_taken":0,"relics_obtained":["King of Hearts"],"max_hp_gain":0,"max_hp_loss":0,"event_name":"Dead Adventurer","floor":14,"gold_loss":0},{"cards_removed":["Strike_R"],"damage_healed":0,"gold_gain":0,"player_choice":"Give","damage_taken":0,"max_hp_gain":0,"max_hp_loss":0,"event_name":"betterNote:BetterNote","floor":19,"gold_loss":0,"cards_obtained":["Strike_P"]},{"cards_removed":["Defend_R"],"damage_healed":0,"gold_gain":0,"player_choice":"Gave Gold","damage_taken":0,"max_hp_gain":0,"max_hp_loss":0,"event_name":"Beggar","floor":20,"gold_loss":75},{"damage_healed":0,"gold_gain":2,"player_choice":"2","damage_taken":0,"max_hp_gain":0,"max_hp_loss":17,"event_name":"betterStone:BetterStone","floor":22,"gold_loss":0}],"is_beta":false,"boss_relics":[{"not_picked":["hubris:Spice","energizedSpire:EnergizedDie"],"picked":"Black Star"}],"items_purged_floors":[0,0,0,4,11],"is_endless":false,"potions_floor_spawned":[5,12,13,16],"killed_by":"Nightmare","ascension_level":0}}