{"host":"7pe9xwx78c6nlay8","time":1607942871,"event":{"mods":["BaseMod","Minty Spire (QoL Compilation)"],"gold_per_floor":[117,134,134,158,158,192,211,242,242,242,277,277,122,142,142,265,265,290,305,328,427,427,427],"floor_reached":22,"playtime":827,"items_purged":[],"score":422,"play_id":"027a5f1b-ab6b-429b-8e52-cb477cab3c82","local_time":"20201214184751","is_ascension_mode":true,"campfire_choices":[{"floor":10,"key":"REST"},{"floor":15,"key":"REST"}],"circlet_count":0,"master_deck":["AscendersBane","Strike_P","Strike_P","Strike_P","Defend_P","Defend_P","Defend_P","Defend_P","Eruption","Vigilance","ForeignInfluence","PathToVictory","ThirdEye","Evaluate","Regret","ThirdEye","ThirdEye","ReachHeaven","ReachHeaven","PathToVictory","DeusExMachina","CutThroughFate+1"],"relics":["PureWater","NeowsBlessing","Golden Idol","Matryoshka","Dream Catcher","Blue Candle","Singing Bowl","Akabeko","Art of War","Orrery","Cursed Key"],"acts_visited":["Exordium","TheCity"],"potions_floor_usage":[6,8,11,11,20],"damage_taken":[{"damage":0,"enemies":"Jaw Worm","floor":1,"turns":1},{"damage":0,"enemies":"Small Slimes","floor":2,"turns":1},{"damage":0,"enemies":"Cultist","floor":4,"turns":1},{"damage":0,"enemies":"Gremlin Nob","floor":6,"turns":2},{"damage":1,"enemies":"Looter","floor":7,"turns":3},{"damage":54,"enemies":"3 Sentries","floor":8,"turns":15},{"damage":10,"enemies":"Gremlin Nob","floor":11,"turns":3},{"damage":1,"enemies":"Large Slime","floor":14,"turns":6},{"damage":1,"enemies":"Slime Boss","floor":16,"turns":5},{"damage":12,"enemies":"Chosen","floor":18,"turns":6},{"damage":11,"enemies":"Spheric Guardian","floor":19,"turns":4},{"damage":14,"enemies":"Shelled Parasite and Fungi","floor":20,"turns":4},{"damage":41,"enemies":"Snecko","floor":22,"turns":3}],"seed_played":"-5097589605440719681","potions_obtained":[{"floor":1,"key":"SteroidPotion"},{"floor":4,"key":"DistilledChaos"},{"floor":6,"key":"Block Potion"},{"floor":8,"key":"DistilledChaos"},{"floor":18,"key":"LiquidMemories"}],"is_trial":false,"path_per_floor":["M","M","?","M","?","E","M","E","T","R","E","?","$","M","R","B",null,"M","M","M","?","M"],"character_chosen":"WATCHER","items_purchased":["Orrery"],"campfire_rested":2,"item_purchase_floors":[13],"current_hp_per_floor":[65,65,65,65,65,65,64,10,10,32,24,24,26,25,48,47,68,58,49,35,35,0,0],"gold":427,"neow_bonus":"THREE_ENEMY_KILL","is_daily":false,"chose_seed":false,"campfire_upgraded":0,"win_rate":0.0,"timestamp":1607942871,"path_taken":["M","M","?","M","?","E","?","E","T","R","E","?","$","M","R","BOSS","M","M","M","?","M"],"items_purchased_type":["Relic"],"build_version":"2020-12-13","purchased_purges":0,"victory":false,"max_hp_per_floor":[72,72,67,67,67,67,67,67,67,69,71,71,73,73,75,75,75,77,79,79,79,79,79],"card_choices":[{"not_picked":["InnerPeace","Protect"],"picked":"ForeignInfluence","floor":1},{"not_picked":["EmptyMind","CrushJoints"],"picked":"PathToVictory","floor":2},{"not_picked":["FollowUp","SashWhip","Fasting2"],"picked":"SKIP","floor":4},{"not_picked":["Protect","FlurryOfBlows","CrushJoints"],"picked":"SKIP","floor":6},{"not_picked":["Prostrate","FlyingSleeves"],"picked":"ThirdEye","floor":7},{"not_picked":["Perseverance","FlurryOfBlows"],"picked":"Evaluate","floor":8},{"not_picked":["BattleHymn","ConjureBlade","SashWhip"],"picked":"Singing Bowl","floor":10},{"not_picked":["Protect","Worship","Conclude"],"picked":"Singing Bowl","floor":11},{"not_picked":["Halt","Adaptation","SignatureMove"],"picked":"Singing Bowl","floor":13},{"not_picked":["Collect","Study"],"picked":"ThirdEye","floor":13},{"not_picked":["Evaluate","Swivel"],"picked":"ThirdEye","floor":13},{"not_picked":["Conclude","Consecrate"],"picked":"ReachHeaven","floor":13},{"not_picked":["WheelKick","FollowUp"],"picked":"ReachHeaven","floor":13},{"not_picked":["EmptyFist","Swivel"],"picked":"PathToVictory","floor":14},{"not_picked":["FollowUp","Meditate","Evaluate"],"picked":"Singing Bowl","floor":15},{"not_picked":["Establishment","LessonLearned"],"picked":"DeusExMachina","floor":16},{"not_picked":["Wallop","ClearTheMind","SashWhip+1"],"picked":"Singing Bowl","floor":18},{"not_picked":["Pray","Collect","Worship"],"picked":"Singing Bowl","floor":19},{"not_picked":["Sanctity","BowlingBash"],"picked":"CutThroughFate+1","floor":20}],"player_experience":1518962,"relics_obtained":[{"floor":6,"key":"Matryoshka"},{"floor":8,"key":"Dream Catcher"},{"floor":9,"key":"Blue Candle"},{"floor":9,"key":"Singing Bowl"},{"floor":11,"key":"Akabeko"}],"event_choices":[{"damage_healed":0,"gold_gain":0,"player_choice":"Lose Max HP","damage_taken":0,"relics_obtained":["Golden Idol"],"max_hp_gain":0,"max_hp_loss":5,"event_name":"Golden Idol","floor":3,"gold_loss":0},{"cards_removed":["Strike_P"],"damage_healed":0,"gold_gain":0,"player_choice":"Purged","damage_taken":0,"max_hp_gain":0,"max_hp_loss":0,"event_name":"Purifier","floor":5,"gold_loss":0},{"damage_healed":0,"gold_gain":0,"player_choice":"Box","damage_taken":0,"relics_obtained":["Art of War"],"max_hp_gain":0,"max_hp_loss":0,"event_name":"Big Fish","floor":12,"gold_loss":0,"cards_obtained":["Regret"]},{"damage_healed":0,"gold_gain":99,"player_choice":"Stole From Cult","damage_taken":0,"max_hp_gain":0,"max_hp_loss":0,"event_name":"Nest","floor":21,"gold_loss":0}],"is_beta":false,"boss_relics":[{"not_picked":["HolyWater","Coffee Dripper"],"picked":"Cursed Key"}],"items_purged_floors":[],"is_endless":false,"potions_floor_spawned":[1,4,6,8,18],"killed_by":"Snecko","ascension_level":10}}