{"host":"f0mljg7feog5bxid","time":1607979166,"event":{"mods":["BaseMod","Friendly Minions","Infinite Spire","Kiyohime????","Marisa????????","Minty Spire (QoL Compilation)","Remilia??????","Replay The Spire","StSLib","The Servant 0.9.4"],"gold_per_floor":[399,417,294,307,307,307,341,341,341,374,374,400,432,432],"floor_reached":13,"playtime":591,"items_purged":["Strike_S"],"score":184,"play_id":"1476f524-e273-4bed-b382-678809e5a80f","local_time":"20201214155246","daily_mods":["Heirloom","Time Dilation","Flight"],"is_ascension_mode":false,"campfire_choices":[{"data":"Ricochet","floor":6,"key":"SMITH"},{"data":"FloweringNight","floor":8,"key":"SMITH"}],"circlet_count":0,"master_deck":["Strike_S","Strike_S","Strike_S","Defend_S","Defend_S","Defend_S","Defend_S","KidneyShot","Exchange","Ricochet+1","Defy","FloweringNight+1","Defy","Rearm"],"relics":["Uniform","Replay:Kaleidoscope","Old Coin","NeowsBlessing","Anchor","Juzu Bracelet","ScarletDevilRocket","Regal Pillow","Replay:Baseball"],"acts_visited":["Exordium"],"potions_floor_usage":[],"damage_taken":[{"damage":7,"enemies":"infinitespire:Voidling","floor":2,"turns":4},{"damage":0,"enemies":"2 Louse","floor":4,"turns":1},{"damage":0,"enemies":"Lagavulin","floor":7,"turns":2},{"damage":0,"enemies":"Gremlin Nob","floor":10,"turns":1},{"damage":0,"enemies":"Lagavulin","floor":12,"turns":1},{"damage":15,"enemies":"3 Sentries","floor":13,"turns":7}],"seed_played":"-6072601209329646944","potions_obtained":[{"floor":4,"key":"SkillPotion"},{"floor":12,"key":"Doom Potion"}],"is_trial":true,"path_per_floor":["WH","M","$","M","WH","R","E","R","T","E","WH","E","E"],"character_chosen":"THE_SERVANT","items_purchased":["Ricochet"],"campfire_rested":0,"item_purchase_floors":[3],"current_hp_per_floor":[65,65,65,65,65,65,65,65,65,65,71,71,56,56],"gold":432,"neow_bonus":"TEN_PERCENT_HP_BONUS","is_daily":false,"chose_seed":false,"campfire_upgraded":2,"win_rate":0.0,"timestamp":1607979166,"path_taken":["WH","M","$","?","WH","R","E","R","T","E","WH","E","E"],"items_purchased_type":["Card"],"build_version":"2020-12-13","purchased_purges":1,"victory":false,"max_hp_per_floor":[65,65,65,65,65,65,65,65,65,65,71,71,71,71],"card_choices":[{"not_picked":["Moondial","Read","Alleviate"],"picked":"SKIP","floor":2},{"not_picked":["Revamp","Read"],"picked":"Defy","floor":4},{"not_picked":["Ricochet","Contraction"],"picked":"FloweringNight","floor":7},{"not_picked":["ReturningBlade","DualDimension"],"picked":"Defy","floor":10},{"not_picked":["MoonPhase","Sabotage"],"picked":"Rearm","floor":12}],"player_experience":200826,"relics_obtained":[{"floor":7,"key":"Anchor"},{"floor":9,"key":"Juzu Bracelet"},{"floor":10,"key":"ScarletDevilRocket"},{"floor":12,"key":"Regal Pillow"},{"floor":13,"key":"Replay:Baseball"}],"event_choices":[],"is_beta":false,"boss_relics":[],"items_purged_floors":[3],"is_endless":false,"potions_floor_spawned":[4,12],"killed_by":"3 Sentries","ascension_level":0}}