{"host":"egwexuw5uvnxf11j","time":1607909613,"event":{"mods":["2.2 Compatiblity","Aspiration","BaseMod","Better Altar","Better Note","Better Sensory Stone","Better Third Choice","Displayed Cursed Tome","Downfall","Hermit","Key Reminder","Koishi","Marisa????????","Minty Spire (QoL Compilation)","Quick Restart","Shade Mod","Spicy Shops","StSLib","The Construct","The Cursed","The Hierophant","The Runesmith","The Senshi","The Servant 0.9.4","Transform Curses"],"gold_per_floor":[110,130,147,161,175,175,201,201,201,220,237,252,100,110,110,211,261,279,294,294,294,344,344,383,383,431,449,449,449],"floor_reached":28,"playtime":1501,"items_purged":[],"score":226,"play_id":"275bee22-7866-424c-a6ea-aed7a94254b3","local_time":"20201213203333","is_ascension_mode":false,"campfire_choices":[{"floor":6.0,"key":"REST"},{"floor":15.0,"key":"REST"},{"floor":23.0,"key":"REST"}],"circlet_count":0,"master_deck":["Shade:Strike_Shade","Shade:Strike_Shade","Shade:Strike_Shade","Shade:Strike_Shade","Shade:Defend_Shade","Shade:Defend_Shade","Shade:Defend_Shade","Shade:Defend_Shade","Shade:AnimateDead+1","Shade:CarefulCut","Shade:PoundOfFlesh","Shade:FreshBones","Shade:PoundOfFlesh","Shade:ClawBack","Shade:LyeBath","Shade:GraveStillness","Shade:BoneShards","Shade:SkeletonArmy","Shade:FreshBones","Shade:OpenGraves","Shade:Putrefaction","Shade:LichForm","Shade:AuraOfUnlife","Shade:Frenzy","Shade:Premonition","hierophant:SecretStash","Shade:SkeletonHug","Shade:Bonestorm"],"relics":["Shade:YorickSkull","Omamori","keyreminder:keyreminder","theSenshi:SailorFukuRelic","aspiration:HummingbirdHeart","Tiny Chest","Tiny House","Bloody Idol","Happy Flower","Nunchaku"],"acts_visited":["Exordium","TheCity"],"potions_floor_usage":[],"damage_taken":[{"damage":0.0,"enemies":"Cultist","floor":1.0,"turns":4.0},{"damage":2.0,"enemies":"Jaw Worm","floor":2.0,"turns":3.0},{"damage":0.0,"enemies":"Small Slimes","floor":3.0,"turns":3.0},{"damage":3.0,"enemies":"Blue Slaver","floor":4.0,"turns":3.0},{"damage":25.0,"enemies":"Gremlin Gang","floor":5.0,"turns":5.0},{"damage":33.0,"enemies":"Gremlin Nob","floor":7.0,"turns":5.0},{"damage":1.0,"enemies":"Looter","floor":10.0,"turns":3.0},{"damage":0.0,"enemies":"2 Fungi Beasts","floor":11.0,"turns":4.0},{"damage":5.0,"enemies":"Gremlin Gang","floor":12.0,"turns":5.0},{"damage":5.0,"enemies":"Looter","floor":14.0,"turns":3.0},{"damage":22.0,"enemies":"Slime Boss","floor":16.0,"turns":10.0},{"damage":5.0,"enemies":"Spheric Guardian","floor":18.0,"turns":3.0},{"damage":30.0,"enemies":"Shell Parasite","floor":19.0,"turns":6.0},{"damage":8.0,"enemies":"Centurion and Healer","floor":24.0,"turns":6.0},{"damage":22.0,"enemies":"Sentry and Sphere","floor":27.0,"turns":6.0},{"damage":26,"enemies":"3 Cultists","floor":28,"turns":3}],"seed_played":"-2163330113468131363","potions_obtained":[{"floor":1.0,"key":"Swift Potion"},{"floor":4.0,"key":"Slimebound:ThreeZeroPotion"},{"floor":5.0,"key":"SkillPotion"},{"floor":12.0,"key":"Weak Potion"},{"floor":17.0,"key":"FearPotion"},{"floor":18.0,"key":"DistilledChaos"},{"floor":24.0,"key":"SkillPotion"}],"is_trial":false,"path_per_floor":["M","M","M","M","M","R","E","?","T","M","M","M","$","M","R","B",null,"M","M","?","?","?","R","M","T","T","M","M"],"character_chosen":"SHADE","items_purchased":["Tiny Chest","Shade:OpenGraves"],"campfire_rested":3,"item_purchase_floors":[13,13],"current_hp_per_floor":[71,69,69,66,41,62,29,29,29,28,28,23,23,18,39,17,76,71,41,41,3,8,30,32,32,37,20,0,0],"gold":449,"neow_bonus":"TEN_PERCENT_HP_BONUS","is_daily":false,"chose_seed":false,"campfire_upgraded":0,"win_rate":0.0,"timestamp":1607909613,"path_taken":["M","M","M","M","M","R","E","?","T","M","?","M","$","M","R","BOSS","M","M","?","?","?","R","M","?","T","M","M"],"items_purchased_type":["Relic","Card"],"build_version":"2020-12-13","purchased_purges":0,"victory":false,"max_hp_per_floor":[71,71,71,71,71,71,71,71,71,71,71,71,71,71,71,71,76,76,76,76,76,76,76,76,76,76,76,76,76],"card_choices":[{"not_picked":["Shade:FreshBones","Shade:Premonition"],"picked":"Shade:PoundOfFlesh","floor":1.0},{"not_picked":["Shade:CloudOfShrapnel","Shade:TouchOfTheGrave"],"picked":"Shade:FreshBones","floor":2.0},{"not_picked":["Shade:Frenzy","Shade:SanguineRitual"],"picked":"Shade:PoundOfFlesh","floor":3.0},{"not_picked":["Shade:SensePrey","Shade:Awaken"],"picked":"Shade:ClawBack","floor":4.0},{"not_picked":["Shade:TouchOfTheGrave","Shade:Frenzy"],"picked":"Shade:LyeBath","floor":5.0},{"not_picked":["Shade:Tombstone","Shade:FuneraryArmor"],"picked":"Shade:GraveStillness","floor":7.0},{"not_picked":["Shade:WallOfFlesh","Shade:GoDigging"],"picked":"Shade:BoneShards","floor":10.0},{"not_picked":["Shade:SoulToxin","Shade:SpectralStrikes"],"picked":"Shade:SkeletonArmy","floor":11.0},{"not_picked":["Shade:PoundOfFlesh","Shade:Bonestorm"],"picked":"Shade:FreshBones","floor":12.0},{"not_picked":["Shade:ExtraLimbs","Shade:FuneraryArmor"],"picked":"Shade:Putrefaction","floor":14.0},{"not_picked":["Shade:OminousRitual","Shade:LastGasp"],"picked":"Shade:LichForm","floor":16.0},{"not_picked":["Shade:FeralStrike","Shade:FingerOfDeath"],"picked":"Shade:AuraOfUnlife","floor":17.0},{"not_picked":["Shade:FuneraryJewels","Shade:Awaken"],"picked":"Shade:Frenzy","floor":18.0},{"not_picked":["Shade:PotionOfRestlessness","Shade:Doomsay"],"picked":"Shade:Premonition","floor":19.0},{"not_picked":["Shade:WallOfFlesh","Shade:GreyBargain"],"picked":"Shade:SkeletonHug","floor":24.0},{"not_picked":["Shade:Doomsay","Shade:Premonition"],"picked":"Shade:Bonestorm","floor":27}],"player_experience":2074609,"relics_obtained":[{"floor":7.0,"key":"Omamori"},{"floor":9.0,"key":"aspiration:HummingbirdHeart"},{"floor":25.0,"key":"Happy Flower"},{"floor":26.0,"key":"Nunchaku"}],"event_choices":[{"damage_healed":0.0,"max_hp_gain":0.0,"max_hp_loss":0.0,"gold_gain":0.0,"event_name":"WeMeetAgain","player_choice":"Gave Potion","floor":8.0,"gold_loss":0.0,"damage_taken":0.0,"relics_obtained":["theSenshi:SailorFukuRelic"]},{"damage_healed":0.0,"max_hp_gain":0.0,"max_hp_loss":0.0,"gold_gain":0.0,"event_name":"betterNote:BetterNote","player_choice":"Take","floor":20.0,"gold_loss":0.0,"damage_taken":0.0,"cards_obtained":["hierophant:SecretStash"]},{"damage_healed":0.0,"max_hp_gain":41.0,"max_hp_loss":3.0,"gold_gain":0.0,"event_name":"betterAltar:BetterAltar","player_choice":" Idol ","floor":21.0,"potions_obtained":[],"relics_lost":[],"gold_loss":0.0,"damage_taken":38.0,"relics_obtained":["Bloody Idol"]},{"damage_healed":0.0,"max_hp_gain":0.0,"max_hp_loss":0.0,"gold_gain":100.0,"event_name":"The Joust","player_choice":"Bet on Murderer","floor":22.0,"gold_loss":50.0,"damage_taken":0.0}],"is_beta":false,"boss_relics":[{"not_picked":["Runic Pyramid","Astrolabe"],"picked":"Tiny House"}],"items_purged_floors":[],"is_endless":false,"potions_floor_spawned":[1,4,5,12,18,24],"killed_by":"3 Cultists","ascension_level":0}}