{"host":"cz3p2o9n3b1gdmkz","time":1607967376,"event":{"mods":["AchievementEnabler","BaseMod","CapriCore","GungeonMod","Hermit","Lobotomy","Minty Spire (QoL Compilation)","Replay The Spire","Shop Mod","StSLib","SuperFastMode","The Cursed","The Dragon Tamer","The Gatherer","The Jungle","The Poker Player","The Runesmith"],"gold_per_floor":[110,121,121,132,132,165,165,177,177,177,206,62,62,78,78,177,177,197,197,197,197,197,197,209,227,227,227,227],"floor_reached":27,"playtime":853,"items_purged":[],"score":276,"play_id":"c62cb2df-5c94-4a3b-b063-445682f5905e","local_time":"20201215023616","is_ascension_mode":true,"campfire_choices":[{"data":"hermit:PistolWhip","floor":7.0,"key":"SMITH"},{"data":"hermit:Strike_Hermit","floor":15,"key":"SMITH"},{"data":"hermit:CursedWeapon","floor":23,"key":"SMITH"}],"circlet_count":0,"master_deck":["hermit:Strike_Hermit","hermit:Strike_Hermit","hermit:Strike_Hermit","hermit:Strike_Hermit+1","hermit:Defend_Hermit","hermit:Defend_Hermit","hermit:Defend_Hermit","hermit:Defend_Hermit","hermit:Snapshot","hermit:Covet","hermit:PistolWhip+1","hermit:CursedWeapon+1","hermit:GhostlyPresence","hermit:Snipe"],"relics":["Busted Crown","DemoMod:PoisonVial","Centennial Puzzle","Bronze Scales","PreservedInsect","ChewingGum","hermit:RyeStalk","Replay:Bottled Steam","Pen Nib"],"acts_visited":["Exordium","TheCity"],"potions_floor_usage":[16,25,27],"damage_taken":[{"damage":0.0,"enemies":"Cultist","floor":1.0,"turns":3.0},{"damage":2.0,"enemies":"Jaw Worm","floor":2.0,"turns":2.0},{"damage":0.0,"enemies":"2 Louse","floor":4.0,"turns":2.0},{"damage":16.0,"enemies":"3 Sentries","floor":6.0,"turns":10.0},{"damage":9.0,"enemies":"Lots of Slimes","floor":8.0,"turns":3.0},{"damage":9.0,"enemies":"Lagavulin","floor":11.0,"turns":4.0},{"damage":2,"enemies":"Exordium Wildlife","floor":14,"turns":3},{"damage":30,"enemies":"Fading Forest","floor":16,"turns":11},{"damage":13,"enemies":"2 Thieves","floor":18,"turns":4},{"damage":12,"enemies":"Spheric Guardian","floor":24,"turns":3},{"damage":10,"enemies":"Snake Plant","floor":25,"turns":3},{"damage":27,"enemies":"Cultist and Chosen","floor":27,"turns":5}],"seed_played":"8540453693601469787","potions_obtained":[{"floor":4.0,"key":"LifebloodPotion"},{"floor":6.0,"key":"AttackPotion"},{"floor":8.0,"key":"PowerPotion"},{"floor":11.0,"key":"Explosive Potion"},{"floor":24,"key":"Block Potion"}],"is_trial":false,"path_per_floor":["M","M","?","M","$","E","R","M","T","$","E","$","?","M","R","B",null,"M","$","?","?","T","R","M","M","T","M"],"character_chosen":"HERMIT","items_purchased":["PreservedInsect"],"campfire_rested":0,"item_purchase_floors":[12],"current_hp_per_floor":[75,73,73,73,73,57,57,48,48,48,39,39,39,37,37,7,58,45,45,45,45,45,45,33,23,23,0,0],"gold":227,"neow_bonus":"BOSS_RELIC","is_daily":false,"chose_seed":false,"campfire_upgraded":3,"win_rate":0.0,"timestamp":1607967376,"path_taken":["M","?","?","M","$","E","R","M","T","?","E","$","?","M","R","BOSS","M","?","?","?","?","R","M","M","T","M"],"items_purchased_type":["Relic"],"build_version":"2020-12-13","purchased_purges":0,"victory":false,"max_hp_per_floor":[75,75,75,75,75,75,75,75,75,75,75,75,75,75,75,75,75,75,75,75,75,75,75,75,75,75,75,75],"card_choices":[{"not_picked":["hermit:Misfire"],"picked":"SKIP","floor":1.0},{"not_picked":["hermit:Cheat"],"picked":"SKIP","floor":2.0},{"not_picked":["hermit:Roulette"],"picked":"SKIP","floor":4.0},{"not_picked":[],"picked":"hermit:PistolWhip","floor":6.0},{"not_picked":["hermit:LuckOfTheDraw"],"picked":"SKIP","floor":8.0},{"not_picked":["hermit:Dissolve"],"picked":"SKIP","floor":11.0},{"not_picked":["hermit:Snipe"],"picked":"SKIP","floor":14},{"not_picked":["hermit:HoleUp"],"picked":"SKIP","floor":18},{"not_picked":["hermit:GhostlyPresence"],"picked":"SKIP","floor":24},{"not_picked":[],"picked":"hermit:GhostlyPresence","floor":24},{"not_picked":["hermit:Snipe"],"picked":"SKIP","floor":25},{"not_picked":[],"picked":"hermit:Snipe","floor":25}],"player_experience":937528,"relics_obtained":[{"floor":6.0,"key":"DemoMod:PoisonVial"},{"floor":9.0,"key":"Centennial Puzzle"},{"floor":11.0,"key":"Bronze Scales"},{"floor":22,"key":"Replay:Bottled Steam"},{"floor":26,"key":"Pen Nib"}],"event_choices":[{"damage_healed":0.0,"max_hp_gain":0.0,"max_hp_loss":0.0,"gold_gain":0.0,"event_name":"Wheel of Change","player_choice":"Cursed","floor":3.0,"gold_loss":0.0,"damage_taken":0.0,"cards_obtained":["Decay"]},{"cards_removed":["Decay"],"damage_healed":0,"gold_gain":0,"player_choice":"Removed Curses","damage_taken":0,"max_hp_gain":0,"max_hp_loss":0,"event_name":"Fountain of Cleansing","floor":13,"gold_loss":0},{"damage_healed":0,"gold_gain":0,"player_choice":"Read","damage_taken":0,"max_hp_gain":0,"max_hp_loss":0,"event_name":"The Library","floor":20,"gold_loss":0,"cards_obtained":["hermit:CursedWeapon"]},{"damage_healed":0,"gold_gain":0,"player_choice":"Opened","damage_taken":0,"relics_obtained":["hermit:RyeStalk"],"max_hp_gain":0,"max_hp_loss":0,"event_name":"The Mausoleum","floor":21,"gold_loss":0}],"is_beta":false,"boss_relics":[{"not_picked":["Ectoplasm","Velvet Choker"],"picked":"ChewingGum"}],"items_purged_floors":[],"is_endless":false,"potions_floor_spawned":[4,6,8,11,24],"killed_by":"Cultist and Chosen","ascension_level":5}}