{"host":"0vd2boh2oi7jm085","time":1607947339,"event":{"mods":["BaseMod","Colored Map","Colored Powertips","Highlight Path","Minty Spire (QoL Compilation)","Quick Restart","StSLib","The IronCluck"],"gold_per_floor":[117,117,133,133,133,168,168,183,183,258,276,301,301,314,314,388,388,405,405,365,365],"floor_reached":20,"playtime":337,"items_purged":[],"score":383,"play_id":"1a397241-c7a6-43b5-b862-47d3bf6ebcf2","local_time":"20201214040219","is_ascension_mode":true,"campfire_choices":[{"data":"Whirlwind","floor":7.0,"key":"SMITH"},{"floor":13.0,"key":"REST"},{"data":"Flex","floor":15,"key":"SMITH"}],"circlet_count":0,"master_deck":["AscendersBane","Strike_R","Strike_R","Strike_R","Strike_R","Strike_R","Defend_R","Defend_R","Defend_R","Defend_R","Bash","Heavy Blade","Cleave","Whirlwind+1","Flex+1","Limit Break","Clothesline+1","Decay"],"relics":["Burning Blood","NeowsBlessing","White Beast Statue","Gremlin Horn","Eternal Feather","Regal Pillow","Snecko Eye"],"acts_visited":["Exordium","TheCity"],"potions_floor_usage":[16,16],"damage_taken":[{"damage":0.0,"enemies":"Cultist","floor":1.0,"turns":1.0},{"damage":0.0,"enemies":"2 Louse","floor":3.0,"turns":1.0},{"damage":0.0,"enemies":"Lagavulin","floor":6.0,"turns":1.0},{"damage":0.0,"enemies":"Small Slimes","floor":8.0,"turns":2.0},{"damage":6.0,"enemies":"2 Fungi Beasts","floor":11.0,"turns":2.0},{"damage":26.0,"enemies":"Gremlin Nob","floor":12.0,"turns":4.0},{"damage":17,"enemies":"Looter","floor":14,"turns":4},{"damage":65,"enemies":"Hexaghost","floor":16,"turns":8},{"damage":51,"enemies":"Shell Parasite","floor":18,"turns":5},{"damage":16,"enemies":"2 Thieves","floor":20,"turns":2}],"seed_played":"-2946525055660455512","potions_obtained":[{"floor":1.0,"key":"SpeedPotion"},{"floor":3.0,"key":"Fire Potion"},{"floor":6.0,"key":"PowerPotion"},{"floor":12.0,"key":"SkillPotion"},{"floor":16,"key":"Dexterity Potion"},{"floor":18,"key":"SpeedPotion"}],"is_trial":false,"path_per_floor":["M","T","M","?","?","E","R","M","T","?","M","E","R","M","R","B",null,"M","?","M"],"character_chosen":"IRONCLAD","items_purchased":[],"campfire_rested":1,"item_purchase_floors":[],"current_hp_per_floor":[74,74,75,75,80,80,80,80,80,69,69,49,80,69,78,19,65,20,20,4,4],"gold":365,"neow_bonus":"THREE_ENEMY_KILL","is_daily":false,"chose_seed":false,"campfire_upgraded":2,"win_rate":0.0,"timestamp":1607947339,"path_taken":["M","?","M","?","?","E","R","M","T","?","M","E","R","M","R","BOSS","M","?","M"],"items_purchased_type":[],"build_version":"2020-12-13","purchased_purges":0,"victory":false,"max_hp_per_floor":[75,75,75,75,80,80,80,80,80,80,80,80,80,80,80,80,80,80,80,80,80],"card_choices":[{"not_picked":["Anger","Blood for Blood"],"picked":"Heavy Blade","floor":1.0},{"not_picked":["Havoc","Pommel Strike"],"picked":"Cleave","floor":3.0},{"not_picked":["Bloodletting","Flex"],"picked":"Whirlwind","floor":6.0},{"not_picked":["Perfected Strike","Sentinel","Intimidate"],"picked":"SKIP","floor":8.0},{"not_picked":["Twin Strike","Havoc"],"picked":"Flex","floor":11.0},{"not_picked":["Shrug It Off","True Grit","Sword Boomerang"],"picked":"SKIP","floor":12.0},{"not_picked":["Metallicize","Impervious","Entrench"],"picked":"SKIP","floor":14},{"not_picked":["Exhume","Feed"],"picked":"Limit Break","floor":16},{"not_picked":["Thunderclap","Bloodletting"],"picked":"Clothesline+1","floor":18}],"player_experience":85460,"relics_obtained":[{"floor":2.0,"key":"White Beast Statue"},{"floor":6.0,"key":"Gremlin Horn"},{"floor":9.0,"key":"Eternal Feather"},{"floor":12.0,"key":"Regal Pillow"}],"event_choices":[{"damage_healed":0.0,"max_hp_gain":0.0,"max_hp_loss":0.0,"gold_gain":0.0,"event_name":"Shining Light","player_choice":"Ignored","floor":4.0,"gold_loss":0.0,"damage_taken":0.0},{"damage_healed":0.0,"max_hp_gain":5.0,"max_hp_loss":0.0,"gold_gain":0.0,"event_name":"Big Fish","player_choice":"Donut","floor":5.0,"gold_loss":0.0,"damage_taken":0.0},{"damage_healed":0.0,"max_hp_gain":0.0,"max_hp_loss":0.0,"gold_gain":75.0,"event_name":"World of Goop","player_choice":"Gather Gold","floor":10.0,"gold_loss":0.0,"damage_taken":11.0},{"damage_healed":0,"gold_gain":0,"player_choice":"Smashed Altar","damage_taken":0,"max_hp_gain":0,"max_hp_loss":0,"event_name":"Forgotten Altar","floor":19,"gold_loss":0,"cards_obtained":["Decay"]}],"is_beta":false,"boss_relics":[{"not_picked":["Calling Bell","Runic Dome"],"picked":"Snecko Eye"}],"items_purged_floors":[],"is_endless":false,"potions_floor_spawned":[1,3,6,8,11,12,14,16,18],"killed_by":"2 Thieves","ascension_level":17}}