{"host":"dh4nu8nelr2izibb","time":1607923715,"event":{"mods":["Act Like it!","BaseMod","Better Third Choice","Card Forge","Displayed Cursed Tome","HololiveMod","Marisa????????","Minty Spire (QoL Compilation)","Puzzle Mod","Quick Restart","Relic Filter","StSLib","The Poker Player","The Servant 0.9.4","WarShipGirlsR/????R mod","???????????mod"],"gold_per_floor":[117,137,137,152,170,170,198,70,70,70,70],"floor_reached":10,"playtime":382,"items_purged":["Strike_G"],"score":136,"play_id":"37efd58c-76f1-47ee-91bd-61b19029f5ce","local_time":"20201214002835","is_ascension_mode":true,"campfire_choices":[{"data":"Neutralize","floor":6,"key":"SMITH"}],"circlet_count":0,"master_deck":["AscendersBane","Strike_G","Strike_G","Strike_G","Defend_G","Defend_G","Defend_G","Defend_G","Survivor","Neutralize+1","Deadly Poison","Deflect","Poisoned Stab","Predator","Bouncing Flask+1","Calculated Gamble","Bane"],"relics":["Ring of the Snake","Hammer of Thor","Seething Fire","Anvil of the Gods","Centennial Puzzle","Sundial"],"acts_visited":[],"potions_floor_usage":[7,10],"damage_taken":[{"damage":7,"enemies":"Jaw Worm","floor":1,"turns":5},{"damage":0,"enemies":"Cultist","floor":2,"turns":4},{"damage":0,"enemies":"Small Slimes","floor":4,"turns":3},{"damage":6,"enemies":"Blue Slaver","floor":5,"turns":4},{"damage":30,"enemies":"Gremlin Nob","floor":7,"turns":4},{"damage":23,"enemies":"3 Sentries","floor":10,"turns":9}],"seed_played":"9018512646519082128","potions_obtained":[{"floor":4,"key":"GamblersBrew"},{"floor":7,"key":"SkillPotion"}],"is_trial":false,"path_per_floor":["M","M","?","M","M","R","E","$","T","E"],"character_chosen":"THE_SILENT","items_purchased":["Bane"],"campfire_rested":0,"item_purchase_floors":[8],"current_hp_per_floor":[52,52,52,52,46,46,16,16,16,0,0],"gold":70,"neow_bonus":"THREE_CARDS","is_daily":false,"chose_seed":false,"campfire_upgraded":1,"win_rate":0.0,"timestamp":1607923715,"path_taken":["M","M","?","M","?","R","E","?","T","E"],"items_purchased_type":["Card"],"build_version":"2020-12-13","purchased_purges":1,"victory":false,"max_hp_per_floor":[66,66,66,66,66,66,66,66,66,66,66],"card_choices":[{"not_picked":["Sucker Punch","Poisoned Stab"],"picked":"Deadly Poison","floor":0},{"not_picked":["Acrobatics","PiercingWail"],"picked":"Deflect","floor":1},{"not_picked":["PiercingWail","Blade Dance"],"picked":"Poisoned Stab","floor":2},{"not_picked":["Masterful Stab","Expertise"],"picked":"Predator","floor":4},{"not_picked":["Blade Dance","PiercingWail"],"picked":"Bouncing Flask","floor":5},{"not_picked":["Deadly Poison","Tactician"],"picked":"Calculated Gamble","floor":7}],"player_experience":1100968,"relics_obtained":[{"floor":7,"key":"Centennial Puzzle"},{"floor":9,"key":"Sundial"}],"event_choices":[{"damage_healed":0,"gold_gain":0,"player_choice":"Leave","damage_taken":0,"max_hp_gain":0,"max_hp_loss":0,"event_name":"FaceTrader","floor":3,"gold_loss":0}],"is_beta":false,"boss_relics":[],"items_purged_floors":[8],"is_endless":false,"potions_floor_spawned":[4,7],"killed_by":"3 Sentries","ascension_level":20}}