{"host":"Sumable","time":1607906379,"event":{"mods":["AchievementEnabler","BaseMod","Better Note","BetterRewards","Googly Eyes","Hermit","Minty Spire (QoL Compilation)","Quick Restart","Shop Mod","StSLib","The Cursed","everything is the same but u backflip on backflip","slay the spire mod where everything is the same but ironclad has a cowboy hat"],"gold_per_floor":[115,115,65,140,140,140,156,172,172,187,187,221,235,535,535,535,535],"floor_reached":16,"playtime":2603,"items_purged":[],"score":125,"play_id":"403e3bf2-fb7e-484b-8104-0fe65fef4789","local_time":"20201213173939","is_ascension_mode":true,"campfire_choices":[{"data":"Zap","floor":6,"key":"SMITH"},{"floor":15,"key":"REST"}],"circlet_count":0,"master_deck":["Strike_B","Strike_B","Strike_B","Defend_B","Defend_B","Defend_B","Defend_B","Zap+1","Dualcast","Leap","White Noise+1","Leap","Sweeping Beam"],"relics":["Cracked Core","NeowsBlessing","Toy Ornithopter","Darkstone Periapt","Bird Faced Urn","Old Coin"],"acts_visited":["Exordium"],"potions_floor_usage":[13],"damage_taken":[{"damage":0,"enemies":"2 Louse","floor":1,"turns":1},{"damage":0,"enemies":"Jaw Worm","floor":7,"turns":1},{"damage":0,"enemies":"Cultist","floor":8,"turns":1},{"damage":11,"enemies":"2 Fungi Beasts","floor":10,"turns":3},{"damage":40,"enemies":"3 Sentries","floor":12,"turns":13},{"damage":16,"enemies":"Exordium Thugs","floor":13,"turns":4},{"damage":38,"enemies":"Slime Boss","floor":16,"turns":8}],"seed_played":"-9098341537646240150","potions_obtained":[{"floor":1,"key":"Ancient Potion"},{"floor":13,"key":"GamblersBrew"}],"is_trial":false,"path_per_floor":["M","?","?","?","?","R","M","M","T","M","?","E","M","?","R","B"],"character_chosen":"DEFECT","items_purchased":[],"campfire_rested":1,"item_purchase_floors":[],"current_hp_per_floor":[75,75,75,64,64,64,64,64,64,53,53,13,12,12,34,0,0],"gold":535,"neow_bonus":"THREE_ENEMY_KILL","is_daily":false,"chose_seed":false,"campfire_upgraded":1,"win_rate":0.0,"timestamp":1607906379,"path_taken":["M","?","?","?","?","R","M","M","T","?","?","E","?","?","R","BOSS"],"items_purchased_type":[],"build_version":"2020-12-07","purchased_purges":0,"victory":false,"max_hp_per_floor":[75,75,75,75,75,75,75,75,75,75,75,75,75,75,75,75,75],"card_choices":[{"not_picked":["Steam Power","Storm","Steam"],"picked":"SKIP","floor":1},{"not_picked":["Turbo","Stack"],"picked":"Leap","floor":7},{"not_picked":["Beam Cell","Conserve Battery"],"picked":"White Noise","floor":8},{"not_picked":["Chill","Steam"],"picked":"Leap","floor":10},{"not_picked":["Barrage","Rip and Tear","Cold Snap"],"picked":"SKIP","floor":12},{"not_picked":["Rebound","Rainbow"],"picked":"Sweeping Beam","floor":13}],"player_experience":955574,"relics_obtained":[{"floor":9,"key":"Darkstone Periapt"},{"floor":12,"key":"Bird Faced Urn"}],"event_choices":[{"damage_healed":0,"gold_gain":0,"player_choice":"Box","damage_taken":0,"relics_obtained":["Toy Ornithopter"],"max_hp_gain":0,"max_hp_loss":0,"event_name":"Big Fish","floor":2,"gold_loss":0,"cards_obtained":["Regret"]},{"cards_removed":["Regret"],"damage_healed":0,"gold_gain":0,"player_choice":"Card Removal","damage_taken":0,"max_hp_gain":0,"max_hp_loss":0,"event_name":"The Cleric","floor":3,"gold_loss":50},{"damage_healed":0,"gold_gain":75,"player_choice":"Gather Gold","damage_taken":11,"max_hp_gain":0,"max_hp_loss":0,"event_name":"World of Goop","floor":4,"gold_loss":0},{"cards_removed":["Strike_B"],"damage_healed":0,"gold_gain":0,"player_choice":"Offered Basic","damage_taken":0,"max_hp_gain":0,"max_hp_loss":0,"event_name":"Bonfire Elementals","floor":5,"gold_loss":0},{"damage_healed":0,"gold_gain":0,"player_choice":"Upgraded","damage_taken":0,"max_hp_gain":0,"max_hp_loss":0,"event_name":"Upgrade Shrine","floor":11,"gold_loss":0,"cards_upgraded":["White Noise"]},{"damage_healed":0,"gold_gain":0,"player_choice":"Gave Potion","damage_taken":0,"relics_obtained":["Old Coin"],"max_hp_gain":0,"max_hp_loss":0,"event_name":"WeMeetAgain","floor":14,"gold_loss":0}],"is_beta":true,"boss_relics":[],"items_purged_floors":[],"is_endless":false,"potions_floor_spawned":[1,13],"killed_by":"Slime Boss","ascension_level":5}}