{"host":"dcj2yvrgcvh5dl2s","time":1607939118,"event":{"mods":["BaseMod","Better Note","Block Reminder","Colored Powertips","DeckTracker","Minty Spire (QoL Compilation)","Quick Restart","Rare Cards Sparkle","Relic Stats","StSLib"],"gold_per_floor":[14,14,27,46,66,93,93,43,43,69,101,113,159,191,203,317,329,355,384,50,65,65,65,65],"floor_reached":23,"playtime":1018,"items_purged":[],"score":312,"play_id":"5d70eb1b-8b89-4c11-9d42-685ad391435d","local_time":"20201214194518","is_ascension_mode":true,"campfire_choices":[{"floor":7.0,"key":"REST"},{"floor":15.0,"key":"REST"}],"circlet_count":0,"master_deck":["Bash","Inflame","Dropkick","Metallicize","Thunderclap","Flex","Infernal Blade","Heavy Blade","Uppercut","Flex","Juggernaut","Iron Wave","Corruption","Double Tap+1","Feel No Pain","Flex","Shrug It Off","Flex"],"relics":["Burning Blood","Akabeko","MawBank","Bottled Tornado","Pandora\u0027s Box","Lizard Tail"],"acts_visited":["Exordium","TheCity"],"potions_floor_usage":[],"damage_taken":[{"damage":17.0,"enemies":"Jaw Worm","floor":1.0,"turns":6.0},{"damage":11.0,"enemies":"2 Louse","floor":3.0,"turns":4.0},{"damage":0.0,"enemies":"Small Slimes","floor":4.0,"turns":3.0},{"damage":18.0,"enemies":"Exordium Thugs","floor":5.0,"turns":5.0},{"damage":31.0,"enemies":"Lagavulin","floor":6.0,"turns":8.0},{"damage":19.0,"enemies":"Gremlin Gang","floor":10.0,"turns":7.0},{"damage":23.0,"enemies":"Lots of Slimes","floor":11.0,"turns":5.0},{"damage":14.0,"enemies":"3 Sentries","floor":13.0,"turns":7.0},{"damage":1.0,"enemies":"Blue Slaver","floor":14.0,"turns":4.0},{"damage":24.0,"enemies":"The Guardian","floor":16.0,"turns":10.0},{"damage":22.0,"enemies":"Chosen","floor":18.0,"turns":5.0},{"damage":49.0,"enemies":"2 Thieves","floor":19.0,"turns":5.0},{"damage":45.0,"enemies":"Sentry and Sphere","floor":21.0,"turns":7.0},{"damage":8,"enemies":"Gremlin Leader","floor":23,"turns":2}],"seed_played":"1499958291318827106","potions_obtained":[{"floor":1.0,"key":"Swift Potion"},{"floor":4.0,"key":"ColorlessPotion"},{"floor":5.0,"key":"ColorlessPotion"},{"floor":14.0,"key":"BlessingOfTheForge"},{"floor":18.0,"key":"Dexterity Potion"}],"is_trial":false,"path_per_floor":["M","?","M","M","M","E","R","?","T","M","M","?","E","M","R","B",null,"M","M","$","M","?","E"],"character_chosen":"IRONCLAD","items_purchased":["Lizard Tail","Shrug It Off"],"campfire_rested":2,"item_purchase_floors":[20,20],"current_hp_per_floor":[61,61,56,62,50,25,49,49,49,36,19,19,11,16,40,22,66,50,7,7,8,8,0,0],"gold":65,"neow_bonus":"REMOVE_TWO","is_daily":false,"chose_seed":false,"campfire_upgraded":0,"win_rate":0.0,"timestamp":1607939118,"path_taken":["M","?","M","M","M","E","R","?","T","M","M","?","E","M","R","BOSS","M","M","$","M","?","E"],"items_purchased_type":["Relic","Card"],"build_version":"2020-12-13","purchased_purges":0,"victory":false,"max_hp_per_floor":[80,80,80,80,80,80,80,80,80,80,80,80,80,80,80,80,80,80,80,80,80,80,80,80],"relic_stats":{"Lizard Tail":0,"counters":[1,2],"Pandora\u0027s Box":[],"MawBank":0,"obtain_stats":[{"Lizard Tail":0,"Pandora\u0027s Box":0,"Bottled Tornado":0,"MawBank":0,"Burning Blood":0,"Akabeko":0},{"Lizard Tail":0,"Pandora\u0027s Box":0,"Bottled Tornado":0,"MawBank":0,"Burning Blood":0,"Akabeko":0},{"Lizard Tail":0,"Pandora\u0027s Box":0,"Bottled Tornado":0,"MawBank":0,"Burning Blood":0,"Akabeko":0}],"Burning Blood":0},"card_choices":[{"not_picked":["Twin Strike","Ghostly Armor"],"picked":"Inflame","floor":1.0},{"not_picked":["Twin Strike","Havoc"],"picked":"Dropkick","floor":3.0},{"not_picked":["Searing Blow","Dark Embrace"],"picked":"Metallicize","floor":4.0},{"not_picked":["Perfected Strike","Rampage"],"picked":"Thunderclap","floor":5.0},{"not_picked":["Armaments","Barricade"],"picked":"Flex","floor":6.0},{"not_picked":["Carnage","Headbutt"],"picked":"Infernal Blade","floor":10.0},{"not_picked":["True Grit","Clash"],"picked":"Heavy Blade","floor":11.0},{"not_picked":["Rupture","Sever Soul"],"picked":"Uppercut","floor":13.0},{"not_picked":["Feel No Pain","Shockwave"],"picked":"Flex","floor":14.0},{"not_picked":["Brutality","Fiend Fire"],"picked":"Juggernaut","floor":16.0},{"not_picked":["True Grit","Body Slam","Rampage+1"],"picked":"SKIP","floor":18.0},{"not_picked":["Warcry","Havoc"],"picked":"Flex","floor":19.0},{"not_picked":["Hemokinesis","Twin Strike"],"picked":"Flex","floor":21.0}],"player_experience":1956182,"relics_obtained":[{"floor":6.0,"key":"Akabeko"},{"floor":9.0,"key":"MawBank"},{"floor":13.0,"key":"Bottled Tornado"}],"event_choices":[{"cards_removed":["Strike_R"],"damage_healed":0.0,"max_hp_gain":0.0,"max_hp_loss":0.0,"gold_gain":0.0,"event_name":"Living Wall","player_choice":"Forget","floor":2.0,"gold_loss":0.0,"damage_taken":0.0},{"cards_removed":["Defend_R"],"damage_healed":0.0,"max_hp_gain":0.0,"max_hp_loss":0.0,"gold_gain":0.0,"event_name":"The Cleric","player_choice":"Card Removal","floor":8.0,"gold_loss":50.0,"damage_taken":0.0},{"cards_removed":["Strike_R"],"damage_healed":0.0,"max_hp_gain":0.0,"max_hp_loss":0.0,"gold_gain":0.0,"event_name":"Purifier","player_choice":"Purged","floor":12.0,"gold_loss":0.0,"damage_taken":0.0},{"damage_healed":0.0,"max_hp_gain":0.0,"max_hp_loss":0.0,"gold_gain":0.0,"event_name":"Accursed Blacksmith","player_choice":"Forge","floor":22.0,"gold_loss":0.0,"damage_taken":0.0,"cards_upgraded":["Double Tap"]}],"is_beta":false,"boss_relics":[{"not_picked":["Snecko Eye","Tiny House"],"picked":"Pandora\u0027s Box"}],"items_purged_floors":[],"is_endless":false,"potions_floor_spawned":[1,4,5,14,18],"killed_by":"Gremlin Leader","ascension_level":8}}