{"host":"4u2tcsoe5o5ny82a","time":1607972162,"event":{"mods":["Always Whale","BaseMod","Better Third Choice","BetterRewards","Downfall","Hubris","Infinite Spire","Minty Spire (QoL Compilation)","Quick Restart","Relic Sorter","Replay The Spire","Shop Mod","Spicy Shops","StSLib","SuperFastMode"],"gold_per_floor":[99,133,133,133,100,100,172,199,94,19,49,69,69,96,114,130,130],"floor_reached":16,"playtime":613,"items_purged":[],"score":129,"play_id":"adac7019-8e92-4185-aa57-b802729bf159","local_time":"20201214135602","is_ascension_mode":false,"campfire_choices":[{"floor":1,"key":"RECALL"},{"data":"champ:Execute","floor":10,"key":"SMITH"}],"circlet_count":0,"master_deck":["champ:Strike","champ:Strike","champ:Strike","champ:Defend","champ:Defend","champ:Defend","champ:Defend","champ:Execute+1","champ:Taunt","champ:TornadoPunch","Pot Of Greed","champ:StanceDance","Pot Of Greed","champ:TornadoPunch+1","champ:Circumvent","champ:FanOfKnives","champ:RecklessLeap","champ:BerserkerStyle+1","champ:StanceDance","champ:Encircle","champ:FocusedBerserking"],"relics":["champ:ChampionCrown","downfall:HeartsMalice","Ginger","Grinning Jar","downfall:BrokenWingStatue","Onion Ring","Replay:Bandana","downfall:HeartBlessingRed","hubris:OldNail","Replay:Rubber Ducky"],"acts_visited":["Exordium"],"potions_floor_usage":[],"damage_taken":[{"damage":0,"enemies":"Lagavulin","floor":2,"turns":1},{"damage":0,"enemies":"downfall:FleeingMerchant","floor":5,"turns":1},{"damage":0,"enemies":"Jaw Worm","floor":6,"turns":1},{"damage":33,"enemies":"Gremlin Nob","floor":8,"turns":4},{"damage":8,"enemies":"downfall:FleeingMerchant","floor":9,"turns":4},{"damage":2,"enemies":"2 Louse","floor":12,"turns":2},{"damage":10,"enemies":"Small Slimes","floor":15,"turns":2},{"damage":67,"enemies":"downfall:Watcher","floor":16,"turns":5}],"seed_played":"-5699189539964488066","potions_obtained":[{"floor":2,"key":"Ancient Potion"},{"floor":8,"key":"Swift Potion"},{"floor":15,"key":"SteroidPotion"}],"is_trial":false,"path_per_floor":["R","E","?","?","$","M","T","E","$","R","?","M","?","T","M","B"],"character_chosen":"THE_CHAMP","items_purchased":["champ:TornadoPunch+1","champ:BerserkerStyle+1","champ:StanceDance"],"campfire_rested":0,"item_purchase_floors":[5,9,9],"current_hp_per_floor":[90,90,72,72,72,72,72,44,44,44,44,44,44,44,37,0,0],"gold":130,"neow_bonus":"THREE_ENEMY_KILL","is_daily":false,"chose_seed":false,"campfire_upgraded":1,"win_rate":0.0,"timestamp":1607972162,"path_taken":["R","E","?","?","?","?","T","E","$","R","?","M","?","?","M","BOSS"],"items_purchased_type":["Card","Card","Card"],"build_version":"2020-12-13","purchased_purges":0,"victory":false,"max_hp_per_floor":[90,90,90,90,90,90,90,90,90,90,90,90,90,90,90,90,90],"card_choices":[{"not_picked":["champ:GladiatorsShout","champ:Backstep"],"picked":"champ:TornadoPunch","floor":2},{"not_picked":["champ:GladiatorStyle","champ:PreciseThrust"],"picked":"champ:StanceDance","floor":5},{"not_picked":["champ:IronFortress","champ:Shatter"],"picked":"champ:Circumvent","floor":6},{"not_picked":["champ:GladiatorsShout","champ:CrookedStrike"],"picked":"champ:FanOfKnives","floor":8},{"not_picked":["champ:Circumvent","champ:SkillfulDodge"],"picked":"champ:RecklessLeap","floor":9},{"not_picked":["champ:FalseCounter","champ:DefensiveShout"],"picked":"champ:Encircle","floor":12},{"not_picked":["champ:GladiatorsShout","champ:Backstep"],"picked":"champ:FocusedBerserking","floor":15}],"player_experience":460922,"relics_obtained":[{"floor":2,"key":"Ginger"},{"floor":7,"key":"Onion Ring"},{"floor":8,"key":"Replay:Bandana"},{"floor":14,"key":"Replay:Rubber Ducky"}],"event_choices":[{"damage_healed":0,"gold_gain":0,"player_choice":"Relic ","damage_taken":18,"max_hp_gain":0,"max_hp_loss":0,"event_name":"betterThird:BetterScrap","floor":3,"gold_loss":0,"cards_obtained":["Distraction"]}],"is_beta":false,"boss_relics":[],"items_purged_floors":[],"is_endless":false,"potions_floor_spawned":[2,8,15],"killed_by":"downfall:Watcher","ascension_level":0}}