{"host":"ow9msrs9p2ctkx99","time":1607957597,"event":{"mods":["AchievementEnabler","BaseMod","Colored Map","Colored Powertips","Minty Spire (QoL Compilation)","Permanent Neow","Quick Restart","SuperFastMode"],"gold_per_floor":[114,130,130,141,141,141,168,168,168,168,181,202,34,46,46,124,124,137,62,82,82,282,282,308,308,308,326,135,135,135],"floor_reached":29,"playtime":636,"items_purged":[],"score":434,"play_id":"a171b6af-3e41-42d0-abd9-9c925b93a0bd","local_time":"20201214155317","is_ascension_mode":true,"campfire_choices":[{"data":"Neutralize","floor":6.0,"key":"SMITH"},{"floor":10.0,"key":"REST"},{"floor":15.0,"key":"REST"},{"data":"Infinite Blades","floor":23,"key":"SMITH"},{"floor":25,"key":"REST"}],"circlet_count":0,"master_deck":["AscendersBane","Strike_G","Strike_G","Strike_G","Defend_G","Defend_G","Defend_G","Defend_G","Defend_G","Survivor","Neutralize+1","Dagger Throw","Backflip","Phantasmal Killer+1","PiercingWail+1","Blur+1","Well Laid Plans","Accuracy","Bullet Time+1","Terror+1","Infinite Blades+1","PiercingWail+1","Footwork","Tactician+1","Panacea+1"],"relics":["WristBlade","Ninja Scroll","Orichalcum","Question Card","Toxic Egg 2","Odd Mushroom","Sozu","MutagenicStrength","StrikeDummy","Happy Flower"],"acts_visited":["Exordium","TheCity"],"potions_floor_usage":[],"damage_taken":[{"damage":6.0,"enemies":"Cultist","floor":1.0,"turns":6.0},{"damage":6.0,"enemies":"Jaw Worm","floor":2.0,"turns":5.0},{"damage":0.0,"enemies":"Small Slimes","floor":4.0,"turns":2.0},{"damage":23.0,"enemies":"Lagavulin","floor":7.0,"turns":8.0},{"damage":0.0,"enemies":"2 Fungi Beasts","floor":11.0,"turns":2.0},{"damage":19.0,"enemies":"The Mushroom Lair","floor":12.0,"turns":6.0},{"damage":1.0,"enemies":"Large Slime","floor":14.0,"turns":6.0},{"damage":25.0,"enemies":"The Guardian","floor":16.0,"turns":13.0},{"damage":5.0,"enemies":"Spheric Guardian","floor":18.0,"turns":5.0},{"damage":4.0,"enemies":"Chosen","floor":20.0,"turns":6.0},{"damage":37,"enemies":"Slavers","floor":24,"turns":7},{"damage":8,"enemies":"Snecko","floor":27,"turns":4},{"damage":18,"enemies":"Sentry and Sphere","floor":29,"turns":3}],"seed_played":"-8290492574140695702","potions_obtained":[{"floor":2.0,"key":"Regen Potion"},{"floor":14.0,"key":"SpeedPotion"},{"floor":16.0,"key":"Explosive Potion"}],"is_trial":false,"path_per_floor":["M","M","?","M","T","R","E","?","T","R","M","?","$","M","R","B",null,"M","?","M","?","?","R","E","R","T","M","$","M"],"character_chosen":"THE_SILENT","items_purchased":["Blur+1","Well Laid Plans","Tactician+1","Panacea+1"],"campfire_rested":3,"item_purchase_floors":[13,13,28,28],"current_hp_per_floor":[53,47,36,36,36,36,28,21,21,40,40,21,21,20,39,14,53,48,48,44,44,44,44,7,26,26,18,18,0,0],"gold":135,"neow_bonus":"BOSS_RELIC","is_daily":false,"chose_seed":false,"campfire_upgraded":2,"win_rate":0.0,"timestamp":1607957597,"path_taken":["M","?","?","M","?","R","E","?","T","R","M","?","$","M","R","BOSS","M","?","M","?","?","R","E","R","T","M","$","?"],"items_purchased_type":["Card","Card","Card","Card"],"build_version":"2020-12-13","purchased_purges":0,"victory":false,"max_hp_per_floor":[66,66,66,66,66,66,66,66,66,66,66,66,66,66,66,66,66,66,66,66,66,66,66,66,66,66,66,66,66,66],"card_choices":[{"not_picked":["Backflip","Flying Knee"],"picked":"Dagger Throw","floor":1.0},{"not_picked":["Outmaneuver","Dodge and Roll","Endless Agony"],"picked":"SKIP","floor":2.0},{"not_picked":["Endless Agony","Setup","Flying Knee"],"picked":"SKIP","floor":4.0},{"not_picked":["Underhanded Strike","Distraction"],"picked":"Backflip","floor":7.0},{"not_picked":["Finisher","Predator","Prepared+1"],"picked":"Phantasmal Killer+1","floor":11.0},{"not_picked":["Bouncing Flask+1","Dagger Throw","Quick Slash"],"picked":"PiercingWail+1","floor":12.0},{"not_picked":["Masterful Stab","Flying Knee","Dagger Throw"],"picked":"Accuracy","floor":14.0},{"not_picked":["Grand Finale","Storm of Steel+1","Doppelganger+1"],"picked":"Bullet Time+1","floor":16.0},{"not_picked":["Bane","Outmaneuver+1","Expertise+1"],"picked":"Terror+1","floor":18.0},{"not_picked":["Leg Sweep+1","Quick Slash","Dodge and Roll+1"],"picked":"Infinite Blades","floor":20.0},{"not_picked":["Choke","Doppelganger+1","Deadly Poison+1"],"picked":"PiercingWail+1","floor":24},{"not_picked":["Escape Plan+1","Dodge and Roll+1","Poisoned Stab"],"picked":"Footwork","floor":27}],"player_experience":1062633,"relics_obtained":[{"floor":5.0,"key":"Orichalcum"},{"floor":7.0,"key":"Question Card"},{"floor":9.0,"key":"Toxic Egg 2"},{"floor":12.0,"key":"Odd Mushroom"},{"floor":24,"key":"StrikeDummy"},{"floor":26,"key":"Happy Flower"}],"event_choices":[{"damage_healed":0.0,"max_hp_gain":0.0,"max_hp_loss":0.0,"gold_gain":0.0,"event_name":"Scrap Ooze","player_choice":"Success","floor":3.0,"gold_loss":0.0,"damage_taken":11.0,"relics_obtained":["Ninja Scroll"]},{"cards_removed":["Strike_G"],"damage_healed":0.0,"max_hp_gain":0.0,"max_hp_loss":0.0,"gold_gain":0.0,"event_name":"Golden Wing","player_choice":"Card Removal","floor":8.0,"gold_loss":0.0,"damage_taken":7.0},{"damage_healed":0.0,"max_hp_gain":0.0,"max_hp_loss":0.0,"gold_gain":0.0,"event_name":"Mushrooms","player_choice":"Fought Mushrooms","floor":12.0,"gold_loss":0.0,"damage_taken":0.0},{"cards_removed":["Strike_G"],"damage_healed":0.0,"max_hp_gain":0.0,"max_hp_loss":0.0,"gold_gain":0.0,"event_name":"Beggar","player_choice":"Gave Gold","floor":19.0,"gold_loss":75.0,"damage_taken":0.0},{"damage_healed":0,"gold_gain":0,"player_choice":"Inject Mutagens","damage_taken":0,"relics_obtained":["MutagenicStrength"],"max_hp_gain":0,"max_hp_loss":0,"event_name":"Drug Dealer","floor":21,"gold_loss":0},{"damage_healed":0,"gold_gain":250,"player_choice":"Bet on Owner","damage_taken":0,"max_hp_gain":0,"max_hp_loss":0,"event_name":"The Joust","floor":22,"gold_loss":50}],"is_beta":false,"boss_relics":[{"not_picked":["SlaversCollar","Busted Crown"],"picked":"Sozu"}],"items_purged_floors":[],"is_endless":false,"potions_floor_spawned":[2,14,16,24],"killed_by":"Sentry and Sphere","ascension_level":16}}