{"host":"56qj8mvhgmcu65ix","time":1607933393,"event":{"mods":["AchievementEnabler","BaseMod","Better Vampires","Colored Map","Colored Powertips","DeckTracker","Highlight Path","Minty Spire (QoL Compilation)","Permanent Neow","Quick Restart","Rare Cards Sparkle","Relic Stats","StSLib","everything is the same but u backflip on backflip","slay the spire mod where everything is the same but ironclad has a cowboy hat"],"gold_per_floor":[11,29,29,104,104,104,130,130,156,156,175,125,125,155,155,253,253,267,267,267,287,287,287,321,341,341,341,47,61,71,82,82,186,186,205,218,238,238,288,288,288,1,1,1,0,33,33,43,43,43],"floor_reached":51,"playtime":2813,"items_purged":["Strike_G"],"score":809,"play_id":"0d49e6ec-6ea9-49da-b4ba-9aee81bd739d","local_time":"20201214020953","is_ascension_mode":true,"campfire_choices":[{"data":"Infinite Blades","floor":6.0,"key":"SMITH"},{"data":"Neutralize","floor":8.0,"key":"SMITH"},{"data":"Skewer","floor":10.0,"key":"SMITH"},{"data":"Survivor","floor":15.0,"key":"SMITH"},{"data":"Envenom","floor":23.0,"key":"SMITH"},{"floor":27.0,"key":"REST"},{"data":"Leg Sweep","floor":32.0,"key":"SMITH"},{"data":"Cloak And Dagger","floor":40,"key":"SMITH"},{"data":"Accuracy","floor":41,"key":"SMITH"},{"data":"Burst","floor":47,"key":"SMITH"},{"data":"Infinite Blades","floor":49,"key":"SMITH"}],"circlet_count":0,"master_deck":["Survivor+1","Neutralize+1","Infinite Blades+1","PiercingWail","Skewer+1","Burst+1","Accuracy+1","Envenom+1","Infinite Blades+1","Bullet Time","Leg Sweep+1","Tactician","Calculated Gamble","Cloak And Dagger+1","Deflect+1","PiercingWail","Noxious Fumes+1","Backstab","Deadly Poison+1","Blur","Cloak And Dagger+1","Venomology","Infinite Blades","Cloak And Dagger+1","Blade Dance+1","Expertise","Dodge and Roll+1","Finisher+1"],"relics":["Ring of the Snake","Bird Faced Urn","Smiling Mask","Girya","Pandora\u0027s Box","Pocketwatch","Bottled Flame","Meat on the Bone","WristBlade","WingedGreaves","Kunai","Blue Candle","Red Mask","Bag of Preparation"],"acts_visited":["Exordium","TheCity","TheBeyond"],"potions_floor_usage":[37,37,44,48,50,50,50,50],"damage_taken":[{"damage":1.0,"enemies":"Jaw Worm","floor":1.0,"turns":3.0},{"damage":0.0,"enemies":"Small Slimes","floor":2.0,"turns":3.0},{"damage":15.0,"enemies":"Lagavulin","floor":7.0,"turns":6.0},{"damage":0.0,"enemies":"Cultist","floor":11.0,"turns":3.0},{"damage":19.0,"enemies":"3 Sentries","floor":14.0,"turns":7.0},{"damage":11.0,"enemies":"The Guardian","floor":16.0,"turns":13.0},{"damage":22.0,"enemies":"Chosen","floor":18.0,"turns":6.0},{"damage":10.0,"enemies":"Shell Parasite","floor":21.0,"turns":5.0},{"damage":25.0,"enemies":"Slavers","floor":24.0,"turns":7.0},{"damage":20.0,"enemies":"3 Cultists","floor":25.0,"turns":6.0},{"damage":5.0,"enemies":"Snake Plant","floor":29.0,"turns":5.0},{"damage":3.0,"enemies":"Chosen and Byrds","floor":30.0,"turns":5.0},{"damage":10.0,"enemies":"Centurion and Healer","floor":31.0,"turns":6.0},{"damage":26.0,"enemies":"Collector","floor":33.0,"turns":8.0},{"damage":7.0,"enemies":"3 Shapes","floor":35.0,"turns":5.0},{"damage":2.0,"enemies":"Orb Walker","floor":36.0,"turns":3.0},{"damage":12,"enemies":"Transient","floor":37,"turns":5},{"damage":12,"enemies":"Mind Bloom Boss Battle","floor":39,"turns":6},{"damage":0,"enemies":"3 Darklings","floor":44,"turns":1},{"damage":3,"enemies":"Giant Head","floor":46,"turns":6},{"damage":0,"enemies":"Maw","floor":48,"turns":5},{"damage":56,"enemies":"Awakened One","floor":50,"turns":9}],"seed_played":"-7128721128997547276","potions_obtained":[{"floor":1.0,"key":"AttackPotion"},{"floor":2.0,"key":"ColorlessPotion"},{"floor":14.0,"key":"SteroidPotion"},{"floor":21.0,"key":"SpeedPotion"},{"floor":25.0,"key":"GamblersBrew"},{"floor":30.0,"key":"Energy Potion"},{"floor":33.0,"key":"Strength Potion"},{"floor":35.0,"key":"BlessingOfTheForge"}],"is_trial":false,"path_per_floor":["M","M","?","?","?","R","E","R","T","R","M","$","?","E","R","B",null,"M","?","?","M","?","R","E","M","T","R","$","M","M","M","R","B",null,"M","M","M","?","?","R","R","$","T","M","?","E","R","M","R","B",null],"character_chosen":"THE_SILENT","items_purchased":["Meat on the Bone","Backstab","Kunai","Expertise"],"campfire_rested":1,"item_purchase_floors":[28,28,42,42],"current_hp_per_floor":[69,69,69,58,51,51,36,36,36,36,36,36,59,42,42,35,70,52,52,39,35,35,35,18,6,6,28,28,45,52,52,52,48,75,70,73,67,67,67,67,67,67,67,67,67,72,72,75,75,39],"gold":43,"neow_bonus":"REMOVE_TWO","is_daily":false,"chose_seed":false,"campfire_upgraded":10,"win_rate":0.0,"timestamp":1607933393,"path_taken":["M","M","?","?","?","R","E","R","T","R","M","$","?","E","R","BOSS","M","?","?","M","?","R","E","M","T","R","$","M","?","M","R","BOSS","M","M","?","?","?","R","R","$","T","M","?","E","R","M","R","BOSS"],"items_purchased_type":["Relic","Card","Relic","Card"],"build_version":"2020-12-13","purchased_purges":1,"victory":true,"max_hp_per_floor":[70,70,70,70,70,70,70,70,70,70,70,70,70,70,70,70,70,70,70,75,75,75,75,75,75,75,75,75,75,75,75,75,75,75,75,75,75,75,75,75,75,75,75,75,75,75,75,75,75,75],"relic_stats":{"counters":[22,123],"Bird Faced Urn":[116],"Blue Candle":[0],"Pandora\u0027s Box":["Infinite Blades","Bullet Time","Leg Sweep","Tactician","Calculated Gamble"],"Bag of Preparation":[4],"Kunai":[23],"Smiling Mask":25,"obtain_stats":[{"Girya":14,"Blue Candle":43,"Bag of Preparation":46,"Smiling Mask":9,"Bottled Flame":26,"WristBlade":34,"Bird Faced Urn":7,"Pandora\u0027s Box":17,"WingedGreaves":39,"Red Mask":45,"Kunai":42,"Ring of the Snake":0,"Pocketwatch":24,"Meat on the Bone":28},{"Girya":5,"Blue Candle":18,"Bag of Preparation":20,"Smiling Mask":3,"Bottled Flame":10,"WristBlade":14,"Bird Faced Urn":3,"Pandora\u0027s Box":6,"WingedGreaves":18,"Red Mask":19,"Kunai":18,"Ring of the Snake":0,"Pocketwatch":9,"Meat on the Bone":10},{"Girya":22,"Blue Candle":102,"Bag of Preparation":109,"Smiling Mask":12,"Bottled Flame":59,"WristBlade":83,"Bird Faced Urn":12,"Pandora\u0027s Box":35,"WingedGreaves":102,"Red Mask":103,"Kunai":102,"Ring of the Snake":0,"Pocketwatch":53,"Meat on the Bone":59}],"Ring of the Snake":[44],"Pocketwatch":[11],"Meat on the Bone":36},"card_choices":[{"not_picked":["Dagger Throw","Blade Dance"],"picked":"Infinite Blades","floor":1.0},{"not_picked":["Slice","Blade Dance"],"picked":"PiercingWail","floor":2.0},{"not_picked":["Finisher","Outmaneuver"],"picked":"Burst","floor":7.0},{"not_picked":["Dodge and Roll","Underhanded Strike","Deflect"],"picked":"SKIP","floor":11.0},{"not_picked":["Dash","Tools of the Trade"],"picked":"Accuracy","floor":14.0},{"not_picked":["Night Terror","Die Die Die"],"picked":"Envenom","floor":16.0},{"not_picked":["Outmaneuver","PiercingWail"],"picked":"Cloak And Dagger+1","floor":18.0},{"not_picked":["Backflip","Bouncing Flask"],"picked":"Deflect+1","floor":21.0},{"not_picked":["Finisher","Quick Slash"],"picked":"PiercingWail","floor":24.0},{"not_picked":["Prepared","Slice"],"picked":"Noxious Fumes+1","floor":25.0},{"not_picked":["Underhanded Strike+1","PiercingWail"],"picked":"Deadly Poison+1","floor":29.0},{"not_picked":["Caltrops","Expertise"],"picked":"Blur","floor":30.0},{"not_picked":["Sucker Punch","Bullet Time"],"picked":"Cloak And Dagger","floor":31.0},{"not_picked":["Burst","Envenom"],"picked":"Venomology","floor":33.0},{"not_picked":["Bane+1","Dash+1"],"picked":"Infinite Blades","floor":35.0},{"not_picked":["Backflip","Eviscerate"],"picked":"Cloak And Dagger+1","floor":36.0},{"not_picked":["Deflect+1","Sucker Punch+1","Poisoned Stab"],"picked":"SKIP","floor":37},{"not_picked":["Finisher","Deadly Poison+1"],"picked":"Blade Dance+1","floor":39},{"not_picked":["Escape Plan+1","Outmaneuver"],"picked":"Dodge and Roll+1","floor":46},{"not_picked":["Endless Agony","Acrobatics"],"picked":"Finisher+1","floor":48}],"player_experience":301105,"relics_obtained":[{"floor":7.0,"key":"Bird Faced Urn"},{"floor":9.0,"key":"Smiling Mask"},{"floor":14.0,"key":"Girya"},{"floor":24.0,"key":"Pocketwatch"},{"floor":26.0,"key":"Bottled Flame"},{"floor":39,"key":"WingedGreaves"},{"floor":43,"key":"Blue Candle"},{"floor":46,"key":"Bag of Preparation"}],"event_choices":[{"damage_healed":0.0,"max_hp_gain":0.0,"max_hp_loss":0.0,"gold_gain":0.0,"cards_transformed":["Strike_G"],"event_name":"Living Wall","player_choice":"Change","floor":3.0,"gold_loss":0.0,"damage_taken":0.0,"cards_obtained":["Skewer"]},{"damage_healed":0.0,"max_hp_gain":0.0,"max_hp_loss":0.0,"gold_gain":75.0,"event_name":"World of Goop","player_choice":"Gather Gold","floor":4.0,"gold_loss":0.0,"damage_taken":11.0},{"cards_removed":["Defend_G"],"damage_healed":0.0,"max_hp_gain":0.0,"max_hp_loss":0.0,"gold_gain":0.0,"event_name":"Golden Wing","player_choice":"Card Removal","floor":5.0,"gold_loss":0.0,"damage_taken":7.0},{"damage_healed":23.0,"max_hp_gain":0.0,"max_hp_loss":0.0,"gold_gain":0.0,"event_name":"Big Fish","player_choice":"Banana","floor":13.0,"gold_loss":0.0,"damage_taken":0.0},{"damage_healed":0.0,"max_hp_gain":0.0,"max_hp_loss":0.0,"gold_gain":0.0,"event_name":"Vampires","player_choice":"Became a vampire","floor":19.0,"gold_loss":0.0,"damage_taken":0.0,"cards_obtained":[]},{"damage_healed":0.0,"max_hp_gain":5.0,"max_hp_loss":0.0,"gold_gain":0.0,"event_name":"Forgotten Altar","player_choice":"Shed Blood","floor":20.0,"gold_loss":0.0,"damage_taken":18.0},{"damage_healed":0.0,"max_hp_gain":0.0,"max_hp_loss":0.0,"gold_gain":0.0,"event_name":"Ghosts","player_choice":"Ignored","floor":22.0,"gold_loss":0.0,"damage_taken":0.0},{"damage_healed":0,"gold_gain":0,"player_choice":"Memory 1","damage_taken":0,"max_hp_gain":0,"max_hp_loss":0,"event_name":"SensoryStone","floor":38,"gold_loss":0},{"damage_healed":0,"gold_gain":0,"player_choice":"Fight","damage_taken":0,"max_hp_gain":0,"max_hp_loss":0,"event_name":"MindBloom","floor":39,"gold_loss":0},{"damage_healed":0,"gold_gain":0,"player_choice":"Paid","damage_taken":0,"relics_obtained":["Red Mask"],"max_hp_gain":0,"max_hp_loss":0,"event_name":"Tomb of Lord Red Mask","floor":45,"gold_loss":1}],"is_beta":false,"boss_relics":[{"not_picked":["Busted Crown","Snecko Eye"],"picked":"Pandora\u0027s Box"},{"not_picked":["Astrolabe","SlaversCollar"],"picked":"WristBlade"}],"items_purged_floors":[12],"is_endless":false,"potions_floor_spawned":[1,2,14,21,25,30,33,35,44],"ascension_level":4}}