{"host":"y76clbnovzmw9ubx","time":1607913494,"event":{"mods":["AchievementEnabler","BaseMod","Minty Spire (QoL Compilation)","Permanent Neow","Relic Stats"],"gold_per_floor":[112,62,81,91,106,106,136,136],"floor_reached":7,"playtime":359,"items_purged":[],"score":62,"play_id":"6d8d5620-a201-4957-a83b-168b15dd3464","local_time":"20201213213814","is_ascension_mode":true,"campfire_choices":[{"data":"Wish","floor":6.0,"key":"SMITH"}],"circlet_count":0,"master_deck":["Strike_P","Strike_P","Strike_P","Strike_P","Defend_P","Defend_P","Defend_P","Eruption","Vigilance","WaveOfTheHand","EmptyBody","CutThroughFate","Wish+1"],"relics":["SacredBark"],"acts_visited":["Exordium"],"potions_floor_usage":[7],"damage_taken":[{"damage":0.0,"enemies":"Small Slimes","floor":1.0,"turns":3.0},{"damage":0.0,"enemies":"2 Louse","floor":3.0,"turns":2.0},{"damage":2.0,"enemies":"Jaw Worm","floor":4.0,"turns":5.0},{"damage":0.0,"enemies":"Large Slime","floor":5.0,"turns":3.0},{"damage":63,"enemies":"3 Sentries","floor":7,"turns":8}],"seed_played":"4363690190016077037","potions_obtained":[{"floor":1.0,"key":"GamblersBrew"},{"floor":4.0,"key":"BlessingOfTheForge"}],"is_trial":false,"path_per_floor":["M","?","M","M","M","R","E"],"character_chosen":"WATCHER","items_purchased":[],"campfire_rested":0,"item_purchase_floors":[],"current_hp_per_floor":[65,65,65,63,63,63,0,0],"gold":136,"neow_bonus":"BOSS_RELIC","is_daily":false,"chose_seed":false,"campfire_upgraded":1,"win_rate":0.0,"timestamp":1607913494,"path_taken":["M","?","M","M","M","R","E"],"items_purchased_type":[],"build_version":"2020-12-13","purchased_purges":0,"victory":false,"max_hp_per_floor":[72,72,72,72,72,72,72,72],"relic_stats":{"counters":[5,21],"obtain_stats":[{"SacredBark":0,"PureWater":0},{"SacredBark":0,"PureWater":0},{"SacredBark":0,"PureWater":0}]},"card_choices":[{"not_picked":["WindmillStrike","ThirdEye"],"picked":"WaveOfTheHand","floor":1.0},{"not_picked":["Consecrate","Vengeance"],"picked":"EmptyBody","floor":3.0},{"not_picked":["FollowUp","JustLucky"],"picked":"CutThroughFate","floor":4.0},{"not_picked":["FlyingSleeves","EmptyMind"],"picked":"Wish","floor":5.0}],"player_experience":2859664,"relics_obtained":[],"event_choices":[{"cards_removed":["Defend_P"],"damage_healed":0.0,"max_hp_gain":0.0,"max_hp_loss":0.0,"gold_gain":0.0,"event_name":"The Cleric","player_choice":"Card Removal","floor":2.0,"gold_loss":50.0,"damage_taken":0.0}],"is_beta":false,"boss_relics":[],"items_purged_floors":[],"is_endless":false,"potions_floor_spawned":[1,4],"killed_by":"3 Sentries","ascension_level":9}}