{"host":"ueef25wtkg2eer3h","time":1607985456,"event":{"mods":["AchievementEnabler","BaseMod","Colored Map","Colored Powertips","DeckTracker","Displayed Cursed Tome","Googly Eyes","Highlight Path","Minty Spire (QoL Compilation)","Slay the Relics Exporter","StSLib"],"gold_per_floor":[117,133,145,163,178,178,278,278,331,331,349,368,4,36,36,131,131,145,145,145,145],"floor_reached":20,"playtime":1034,"items_purged":[],"score":273,"play_id":"b13e81c1-751e-42c2-a1ed-0adb6e6ec4a9","local_time":"20201214233736","is_ascension_mode":true,"campfire_choices":[{"data":"Buffer","floor":6,"key":"SMITH"},{"data":"Glacier","floor":8,"key":"SMITH"},{"floor":10,"key":"REST"},{"floor":15,"key":"REST"}],"circlet_count":0,"master_deck":["AscendersBane","Strike_B","Strike_B","Strike_B","Strike_B","Defend_B","Defend_B","Defend_B","Defend_B","Zap","Dualcast","Buffer+1","Glacier+1","Rebound","Sweeping Beam","Barrage","Self Repair","Streamline","Conserve Battery","Capacitor","Hologram","Biased Cognition+1","Creative AI+1","CurseOfTheBell","Cold Snap+1"],"relics":["Cracked Core","MealTicket","Symbiotic Virus","Frozen Egg 2","Calling Bell","Oddly Smooth Stone","Toxic Egg 2","WingedGreaves","Bird Faced Urn"],"acts_visited":["Exordium","TheCity"],"potions_floor_usage":[5,16],"damage_taken":[{"damage":1,"enemies":"Cultist","floor":1,"turns":4},{"damage":6,"enemies":"2 Louse","floor":2,"turns":3},{"damage":0,"enemies":"Small Slimes","floor":3,"turns":4},{"damage":1,"enemies":"Exordium Thugs","floor":4,"turns":5},{"damage":21,"enemies":"3 Louse","floor":5,"turns":2},{"damage":3,"enemies":"Large Slime","floor":11,"turns":6},{"damage":11,"enemies":"2 Fungi Beasts","floor":12,"turns":4},{"damage":45,"enemies":"3 Sentries","floor":14,"turns":9},{"damage":23,"enemies":"Hexaghost","floor":16,"turns":12},{"damage":29,"enemies":"Spheric Guardian","floor":18,"turns":5},{"damage":49,"enemies":"Chosen","floor":20,"turns":6}],"seed_played":"-1238107074531716758","potions_obtained":[{"floor":1,"key":"SkillPotion"},{"floor":3,"key":"Dexterity Potion"},{"floor":16,"key":"Fire Potion"}],"is_trial":false,"path_per_floor":["M","M","M","M","M","R","?","R","T","R","M","M","$","E","R","B",null,"M","T","M"],"character_chosen":"DEFECT","items_purchased":["Capacitor","Symbiotic Virus","Hologram"],"campfire_rested":2,"item_purchase_floors":[13,13,13],"current_hp_per_floor":[67,61,61,60,39,39,39,39,39,61,58,54,69,31,53,37,66,44,44,0,0],"gold":145,"neow_bonus":"ONE_RANDOM_RARE_CARD","is_daily":false,"chose_seed":false,"campfire_upgraded":2,"win_rate":0.0,"timestamp":1607985456,"path_taken":["M","M","M","?","M","R","?","R","T","R","M","M","$","E","R","BOSS","M","?","?"],"items_purchased_type":["Card","Relic","Card"],"build_version":"2020-12-13","purchased_purges":0,"victory":false,"max_hp_per_floor":[75,75,75,75,75,75,75,75,75,75,75,75,75,75,75,75,75,75,75,75,75],"card_choices":[{"not_picked":["Fusion","Stack"],"picked":"Glacier","floor":1},{"not_picked":["Turbo","Steam"],"picked":"Rebound","floor":2},{"not_picked":["Stack","Multi-Cast"],"picked":"Sweeping Beam","floor":3},{"not_picked":["Steam","Melter"],"picked":"Barrage","floor":4},{"not_picked":["Rebound","Beam Cell"],"picked":"Self Repair","floor":5},{"not_picked":["Gash","Skim"],"picked":"Streamline","floor":11},{"not_picked":["Storm","Turbo"],"picked":"Conserve Battery","floor":12},{"not_picked":["Darkness","Stack"],"picked":"Biased Cognition+1","floor":14},{"not_picked":["Fission","Hyperbeam"],"picked":"Creative AI+1","floor":16},{"not_picked":["Streamline","Hologram+1"],"picked":"Cold Snap+1","floor":18}],"player_experience":256065,"relics_obtained":[{"floor":9,"key":"MealTicket"},{"floor":14,"key":"Frozen Egg 2"},{"floor":17,"key":"Oddly Smooth Stone"},{"floor":17,"key":"Toxic Egg 2"},{"floor":17,"key":"WingedGreaves"},{"floor":19,"key":"Bird Faced Urn"}],"event_choices":[{"damage_healed":0,"gold_gain":100,"player_choice":"Gold","damage_taken":0,"max_hp_gain":0,"max_hp_loss":0,"event_name":"Wheel of Change","floor":7,"gold_loss":0}],"is_beta":false,"boss_relics":[{"not_picked":["Cursed Key","Velvet Choker"],"picked":"Calling Bell"}],"items_purged_floors":[],"is_endless":false,"potions_floor_spawned":[1,3,4,16],"killed_by":"Chosen","ascension_level":11}}