{"host":"f0gpob8hq9vgebej","time":1607931655,"event":{"mods":["AchievementEnabler","BaseMod","Googly Eyes","Minty Spire (QoL Compilation)","Quick Restart","SuperFastMode"],"gold_per_floor":[110,127,142,154,170,170,187,229,229,304,304,71,84,103,103,216,216,245,257,182,220,220,248,272,272,272,302,334,96,117,136,136,242,242,257,167,42,60,73,73,87,309,309,6,23,40,40,62,62,62,62],"floor_reached":50,"playtime":1241,"items_purged":["Strike_G","Defend_G","Defend_G","Strike_G"],"score":624,"play_id":"b652f68f-87c3-4467-87cc-1947f65ec84e","local_time":"20201214164055","is_ascension_mode":true,"campfire_choices":[{"data":"Footwork","floor":6.0,"key":"SMITH"},{"floor":11.0,"key":"REST"},{"data":"Sadistic Nature","floor":15.0,"key":"SMITH"},{"data":"Bouncing Flask","floor":25,"key":"SMITH"},{"floor":32,"key":"REST"},{"data":"Calculated Gamble","floor":40,"key":"SMITH"},{"data":"Prepared","floor":47,"key":"SMITH"},{"data":"Sadistic Nature","floor":49,"key":"SMITH"}],"circlet_count":0,"master_deck":["Strike_G","Strike_G+1","Defend_G","Defend_G","Survivor","Neutralize","Acrobatics","Bouncing Flask+1","Prepared+1","Footwork+1","Dagger Spray","PiercingWail","Backflip","Sadistic Nature+1","Deadly Poison","Venomology","Calculated Gamble+1","Crippling Poison","Catalyst+1","Master of Strategy","Corpse Explosion","Sadistic Nature+1"],"relics":["Ring of the Snake","Akabeko","CeramicFish","Bag of Preparation","Philosopher\u0027s Stone","Red Mask","InkBottle","MawBank","PrismaticShard","HoveringKite","Singing Bowl","OrangePellets"],"acts_visited":["Exordium","TheCity","TheBeyond"],"potions_floor_usage":[27,28,33,33,33,33,46,46,50,50],"damage_taken":[{"damage":0.0,"enemies":"Jaw Worm","floor":1.0,"turns":3.0},{"damage":0.0,"enemies":"2 Louse","floor":2.0,"turns":3.0},{"damage":1.0,"enemies":"Cultist","floor":3.0,"turns":3.0},{"damage":2.0,"enemies":"2 Fungi Beasts","floor":4.0,"turns":5.0},{"damage":0.0,"enemies":"3 Louse","floor":5.0,"turns":4.0},{"damage":5.0,"enemies":"Exordium Thugs","floor":7.0,"turns":5.0},{"damage":39.0,"enemies":"3 Sentries","floor":8.0,"turns":6.0},{"damage":3.0,"enemies":"Looter","floor":13.0,"turns":4.0},{"damage":0.0,"enemies":"Blue Slaver","floor":14.0,"turns":4.0},{"damage":27.0,"enemies":"Slime Boss","floor":16.0,"turns":11.0},{"damage":13.0,"enemies":"2 Thieves","floor":18.0,"turns":4.0},{"damage":0.0,"enemies":"3 Byrds","floor":19.0,"turns":3.0},{"damage":40.0,"enemies":"Masked Bandits","floor":21.0,"turns":4.0},{"damage":2,"enemies":"Gremlin Leader","floor":23,"turns":4},{"damage":8,"enemies":"Centurion and Healer","floor":24,"turns":7},{"damage":9,"enemies":"Sentry and Sphere","floor":27,"turns":3},{"damage":0,"enemies":"Snecko","floor":28,"turns":3},{"damage":4,"enemies":"Cultist and Chosen","floor":30,"turns":4},{"damage":0,"enemies":"Centurion and Healer","floor":31,"turns":5},{"damage":44,"enemies":"Automaton","floor":33,"turns":7},{"damage":0,"enemies":"3 Darklings","floor":35,"turns":1},{"damage":4,"enemies":"Orb Walker","floor":38,"turns":3},{"damage":20,"enemies":"Writhing Mass","floor":39,"turns":3},{"damage":0,"enemies":"3 Darklings","floor":41,"turns":3},{"damage":0,"enemies":"Transient","floor":45,"turns":5},{"damage":0,"enemies":"Jaw Worm Horde","floor":46,"turns":2},{"damage":0,"enemies":"3 Darklings","floor":48,"turns":2},{"damage":57,"enemies":"Time Eater","floor":50,"turns":5}],"seed_played":"-9213578253201343821","potions_obtained":[{"floor":3.0,"key":"SpeedPotion"},{"floor":4.0,"key":"PowerPotion"},{"floor":7.0,"key":"SkillPotion"},{"floor":13.0,"key":"Regen Potion"},{"floor":14.0,"key":"Weak Potion"},{"floor":21.0,"key":"FearPotion"},{"floor":24,"key":"EntropicBrew"},{"floor":28,"key":"FairyPotion"},{"floor":33,"key":"Strength Potion"},{"floor":35,"key":"Strength Potion"},{"floor":39,"key":"Energy Potion"},{"floor":48,"key":"FearPotion"}],"is_trial":false,"path_per_floor":["M","M","M","M","M","R","M","E","T","?","R","$","M","M","R","B",null,"M","M","?","?","?","E","M","R","T","M","M","$","M","M","R","B",null,"M","?","$","M","M","R","M","?","T","$","M","M","R","M","R","B"],"character_chosen":"THE_SILENT","items_purchased":["Sadistic Nature","PrismaticShard","OrangePellets"],"campfire_rested":2,"item_purchase_floors":[12,29,44],"current_hp_per_floor":[70,70,69,67,67,67,62,23,23,12,33,33,30,30,30,3,70,57,57,57,26,26,24,16,16,16,7,7,7,3,3,24,21,70,70,70,70,66,46,46,46,46,46,46,48,50,50,50,50,0,0],"gold":62,"neow_bonus":"RANDOM_COMMON_RELIC","is_daily":false,"chose_seed":false,"campfire_upgraded":6,"win_rate":0.0,"timestamp":1607931655,"path_taken":["M","M","M","M","M","R","M","E","T","?","R","$","M","M","R","BOSS","M","M","?","?","?","E","M","R","T","M","M","$","?","M","R","BOSS","M","?","$","?","M","R","M","?","T","$","M","M","R","M","R","BOSS"],"items_purchased_type":["Card","Relic","Relic"],"build_version":"2020-12-13","purchased_purges":4,"victory":false,"max_hp_per_floor":[70,70,70,70,70,70,70,70,70,70,70,70,70,70,70,70,70,70,70,70,70,70,70,70,70,70,70,70,70,70,70,70,70,70,70,70,70,70,70,70,70,70,70,70,72,74,74,74,74,74,74],"card_choices":[{"not_picked":["Catalyst","Outmaneuver"],"picked":"Acrobatics","floor":1.0},{"not_picked":["Outmaneuver","Terror"],"picked":"Bouncing Flask","floor":2.0},{"not_picked":["Blade Dance","Concentrate"],"picked":"Prepared","floor":3.0},{"not_picked":["Backflip","Slice"],"picked":"Footwork","floor":4.0},{"not_picked":["Riddle With Holes","Dagger Throw"],"picked":"Dagger Spray","floor":5.0},{"not_picked":["Poisoned Stab","Outmaneuver"],"picked":"PiercingWail","floor":7.0},{"not_picked":["Blur","Slice"],"picked":"Backflip","floor":8.0},{"not_picked":["Heel Hook","Dash","Slice"],"picked":"SKIP","floor":13.0},{"not_picked":["Quick Slash","Leg Sweep"],"picked":"Deadly Poison","floor":14.0},{"not_picked":["Die Die Die","Glass Knife"],"picked":"Venomology","floor":16.0},{"not_picked":["Deflect","Underhanded Strike+1"],"picked":"Calculated Gamble","floor":18.0},{"not_picked":["Predator","Poisoned Stab+1","Eviscerate"],"picked":"SKIP","floor":19.0},{"not_picked":["Poisoned Stab","Deflect"],"picked":"Crippling Poison","floor":21.0},{"not_picked":["Crippling Poison","Flying Knee","Bane"],"picked":"SKIP","floor":23},{"not_picked":["PiercingWail","Skewer"],"picked":"Catalyst+1","floor":24},{"not_picked":["Quick Slash","Cloak And Dagger","Calculated Gamble"],"picked":"SKIP","floor":27},{"not_picked":["Poisoned Stab","Bane","Caltrops"],"picked":"SKIP","floor":28},{"not_picked":["Dagger Spray","Entrench+1"],"picked":"Master of Strategy","floor":30},{"not_picked":["Headbutt+1","Coolheaded","Conserve Battery"],"picked":"SKIP","floor":31},{"not_picked":["Immolate","Glass Knife"],"picked":"Corpse Explosion","floor":33},{"not_picked":["Battle Trance","Slice+1","Dash"],"picked":"SKIP","floor":35},{"not_picked":["PiercingWail","Outmaneuver","Dagger Spray"],"picked":"SKIP","floor":38},{"not_picked":["Protect+1","Ball Lightning+1","Nirvana+1"],"picked":"SKIP","floor":39},{"not_picked":["Calculated Gamble+1","Blood for Blood+1","Dark Embrace"],"picked":"SKIP","floor":41},{"not_picked":["Twin Strike","Tantrum","Riddle With Holes+1"],"picked":"Singing Bowl","floor":45},{"not_picked":["Sucker Punch+1","Compile Driver","Backflip"],"picked":"Singing Bowl","floor":46},{"not_picked":["Slice","Blur"],"picked":"Sadistic Nature","floor":48}],"player_experience":130540,"relics_obtained":[{"floor":8.0,"key":"CeramicFish"},{"floor":9.0,"key":"Bag of Preparation"},{"floor":21.0,"key":"Red Mask"},{"floor":23,"key":"InkBottle"},{"floor":26,"key":"MawBank"},{"floor":43,"key":"Singing Bowl"}],"event_choices":[{"damage_healed":0.0,"max_hp_gain":0.0,"max_hp_loss":0.0,"gold_gain":75.0,"event_name":"World of Goop","player_choice":"Gather Gold","floor":10.0,"gold_loss":0.0,"damage_taken":11.0},{"cards_removed":["Strike_G"],"damage_healed":0.0,"max_hp_gain":0.0,"max_hp_loss":0.0,"gold_gain":0.0,"event_name":"Beggar","player_choice":"Gave Gold","floor":20.0,"gold_loss":75.0,"damage_taken":0.0},{"damage_healed":0.0,"max_hp_gain":0.0,"max_hp_loss":0.0,"gold_gain":0.0,"event_name":"Masked Bandits","player_choice":"Fought Bandits","floor":21.0,"gold_loss":0.0,"damage_taken":0.0},{"damage_healed":0.0,"max_hp_gain":0.0,"max_hp_loss":0.0,"gold_gain":0.0,"event_name":"Ghosts","player_choice":"Ignored","floor":22.0,"gold_loss":0.0,"damage_taken":0.0},{"cards_removed":["Defend_G"],"damage_healed":0,"gold_gain":0,"player_choice":"Upgrade and Remove","damage_taken":0,"max_hp_gain":0,"max_hp_loss":0,"event_name":"Designer","floor":36,"gold_loss":90,"cards_upgraded":["Strike_G"]},{"damage_healed":0,"gold_gain":222,"player_choice":"Wore Mask","damage_taken":0,"max_hp_gain":0,"max_hp_loss":0,"event_name":"Tomb of Lord Red Mask","floor":42,"gold_loss":0}],"is_beta":false,"boss_relics":[{"not_picked":["Ectoplasm","Runic Dome"],"picked":"Philosopher\u0027s Stone"},{"not_picked":["Fusion Hammer","Black Star"],"picked":"HoveringKite"}],"items_purged_floors":[12,29,37,44],"is_endless":false,"potions_floor_spawned":[3,4,7,13,14,21,24,28,30,31,33,35,39,41,48],"killed_by":"Time Eater","ascension_level":4}}