{"host":"d9m9v0h6vo0edadb","time":1607949849,"event":{"mods":["BaseMod","Hermit","Keyboard Shortcuts","Minty Spire (QoL Compilation)","StSLib","SuperFastMode","The Cursed"],"gold_per_floor":[110,129,129,143,143,177,177,192,240,256,256,274,274,292,292,292,292],"floor_reached":16,"playtime":199,"items_purged":[],"score":208,"play_id":"e1dadeb6-2a08-4bbb-9b07-477ba9aba3d0","local_time":"20201214214409","is_ascension_mode":true,"campfire_choices":[{"data":"Unload","floor":7,"key":"SMITH"},{"data":"Storm of Steel","floor":11,"key":"SMITH"},{"floor":15,"key":"REST"}],"circlet_count":0,"master_deck":["AscendersBane","Strike_G","Strike_G","Strike_G","Strike_G+1","Strike_G+1","Defend_G","Defend_G","Defend_G","Defend_G","Defend_G","Survivor","Neutralize","Unload+1","Backstab","Eviscerate","Masterful Stab","Poisoned Stab","Storm of Steel+1","Dagger Throw","Noxious Fumes+1"],"relics":["Ring of the Snake","Frozen Egg 2","Blood Vial","Golden Idol"],"acts_visited":["Exordium"],"potions_floor_usage":[6,16,16],"damage_taken":[{"damage":3.0,"enemies":"Small Slimes","floor":1.0,"turns":3.0},{"damage":0.0,"enemies":"2 Louse","floor":2.0,"turns":2.0},{"damage":0.0,"enemies":"Cultist","floor":4.0,"turns":2.0},{"damage":8,"enemies":"Gremlin Nob","floor":6,"turns":3},{"damage":9,"enemies":"Red Slaver","floor":8,"turns":2},{"damage":16,"enemies":"Large Slime","floor":10,"turns":5},{"damage":1,"enemies":"Exordium Wildlife","floor":12,"turns":2},{"damage":0,"enemies":"3 Louse","floor":14,"turns":2},{"damage":30,"enemies":"The Guardian","floor":16,"turns":9}],"seed_played":"9039996049245837838","potions_obtained":[{"floor":4.0,"key":"PowerPotion"},{"floor":6,"key":"EssenceOfSteel"},{"floor":12,"key":"Weak Potion"}],"is_trial":false,"path_per_floor":["M","M","?","M","?","E","R","M","T","M","R","M","?","M","R","B"],"character_chosen":"THE_SILENT","items_purchased":[],"campfire_rested":1,"item_purchase_floors":[],"current_hp_per_floor":[56,56,56,56,36,28,28,19,19,5,5,6,6,8,26,0,0],"gold":292,"neow_bonus":"ONE_RANDOM_RARE_CARD","is_daily":false,"chose_seed":false,"campfire_upgraded":2,"win_rate":0.0,"timestamp":1607949849,"path_taken":["M","M","?","M","?","E","R","M","T","M","R","M","?","M","R","BOSS"],"items_purchased_type":[],"build_version":"2020-12-13","purchased_purges":0,"victory":false,"max_hp_per_floor":[66,66,66,66,66,66,66,66,66,66,66,66,60,60,60,60,60],"card_choices":[{"not_picked":["Deflect","Quick Slash"],"picked":"Backstab","floor":1.0},{"not_picked":["Skewer","Prepared"],"picked":"Eviscerate","floor":2.0},{"not_picked":["Outmaneuver","Flying Knee"],"picked":"Masterful Stab","floor":4.0},{"not_picked":["Choke","Bane"],"picked":"Poisoned Stab","floor":6},{"not_picked":["Sucker Punch","Outmaneuver"],"picked":"Storm of Steel","floor":8},{"not_picked":["Flying Knee","Escape Plan"],"picked":"Dagger Throw","floor":10},{"not_picked":["Skewer","Underhanded Strike"],"picked":"Noxious Fumes+1","floor":12},{"not_picked":["Dagger Spray","Slice","Flying Knee"],"picked":"SKIP","floor":14}],"player_experience":933599,"relics_obtained":[{"floor":6,"key":"Frozen Egg 2"},{"floor":9,"key":"Blood Vial"}],"event_choices":[{"damage_healed":0.0,"max_hp_gain":0.0,"max_hp_loss":0.0,"gold_gain":0.0,"event_name":"Liars Game","player_choice":"Ignored","floor":3.0,"gold_loss":0.0,"damage_taken":0.0},{"damage_healed":0.0,"max_hp_gain":0.0,"max_hp_loss":0.0,"gold_gain":0.0,"event_name":"Shining Light","player_choice":"Entered Light","floor":5.0,"gold_loss":0.0,"damage_taken":20.0,"cards_upgraded":["Strike_G","Strike_G"]},{"damage_healed":0,"gold_gain":0,"player_choice":"Lose Max HP","damage_taken":0,"relics_obtained":["Golden Idol"],"max_hp_gain":0,"max_hp_loss":6,"event_name":"Golden Idol","floor":13,"gold_loss":0}],"is_beta":false,"boss_relics":[],"items_purged_floors":[],"is_endless":false,"potions_floor_spawned":[4,6,12],"killed_by":"The Guardian","ascension_level":20}}