{"host":"ds28d883r3sz42zs","time":1607990169,"event":{"mods":["2.2 Compatiblity","AchievementEnabler","Act Like it!","BaseMod","Bestiary","Better Match","Better Sensory Stone","Better Silent Start","Better Third Choice","Better-Laid Plans","BetterRewards","Block Reminder","Challenge The Spire","Colored Map","Colored Powertips","DeckTracker","Defuse TimeMaze Blight","Disable Question Mark Monsters","Displayed Cursed Tome","Emptier Cage","GifTheSpireLib","Gold Saver","Minty Spire (QoL Compilation)","Permanent Neow","Practice Mode","Quick Restart","Random Character Button","Rare Cards Sparkle","Relic Filter","Relic Stats","SacredBarkPlus","StSLib","SuperFastMode","Uncapped","Unknown Chances"],"gold_per_floor":[1362,466,479,499,499,531,531,556,556,556,576,576,616,388,388,509,509,509,509,108,108,108,108,108,108,108,108,108,108,108,108,108,108,108,108,10,10,10,10,10,10,10,10,10,10,10,10,10,10,10,10,10,10,10,10],"floor_reached":56,"playtime":2510,"items_purged":["Pain","Strike_G"],"score":1874,"play_id":"e8da8c91-14f7-4867-844b-aec852fbfec7","local_time":"20201214185609","is_ascension_mode":true,"campfire_choices":[{"data":"Deadly Poison","floor":10,"key":"SMITH"},{"data":"Malaise","floor":15,"key":"SMITH"},{"data":"Well Laid Plans","floor":25,"key":"SMITH"},{"data":"Strike_G","floor":29,"key":"PURGE"},{"data":"Choke","floor":32,"key":"PURGE"},{"floor":41,"key":"RECALL"},{"data":"Skewer","floor":45,"key":"PURGE"},{"floor":49,"key":"REST"},{"data":"Concentrate","floor":52,"key":"PURGE"}],"circlet_count":0,"master_deck":["Defend_G","Defend_G+1","Defend_G","Defend_G","Survivor","Neutralize","Bane","Well Laid Plans+1","Metamorphosis","Crippling Poison+1","Escape Plan","Deadly Poison+1","Calculated Gamble","Malaise+1","Die Die Die","Escape Plan+1","Footwork","Dodge and Roll+1","Night Terror+1","Blade Dance+1","Dash+1","Footwork","Burst+1","Acrobatics+1","Catalyst+1","Quick Slash+1","Blade Dance+1","Catalyst+1","Blur+1"],"relics":["Ring of the Snake","Strawberry","InkBottle","War Paint","WarpedTongs","Pear","Orichalcum","Golden Idol","Singing Bowl","Blood Vial","Ectoplasm","TwistedFunnel","Omamori","Paper Crane","Molten Egg 2","Peace Pipe","Toxic Egg 2","Boot","Fusion Hammer","Kunai","Dream Catcher","Happy Flower","Sundial"],"acts_visited":["Exordium","TheCity","TheBeyond","TheEnding"],"potions_floor_usage":[6,8,13,55],"damage_taken":[{"damage":0,"enemies":"Small Slimes","floor":1,"turns":6},{"damage":0,"enemies":"Cultist","floor":3,"turns":3},{"damage":0,"enemies":"2 Louse","floor":4,"turns":3},{"damage":15,"enemies":"Lagavulin","floor":6,"turns":5},{"damage":4,"enemies":"Gremlin Nob","floor":8,"turns":2},{"damage":8,"enemies":"Blue Slaver","floor":11,"turns":3},{"damage":17,"enemies":"Lagavulin","floor":13,"turns":5},{"damage":23,"enemies":"The Guardian","floor":16,"turns":9},{"damage":0,"enemies":"Chosen","floor":18,"turns":4},{"damage":0,"enemies":"Slavers","floor":23,"turns":4},{"damage":10,"enemies":"3 Byrds","floor":24,"turns":4},{"damage":6,"enemies":"Gremlin Leader","floor":27,"turns":4},{"damage":1,"enemies":"Snecko","floor":28,"turns":5},{"damage":0,"enemies":"Snake Plant","floor":30,"turns":3},{"damage":4,"enemies":"3 Cultists","floor":31,"turns":4},{"damage":23,"enemies":"Collector","floor":33,"turns":10},{"damage":0,"enemies":"3 Darklings","floor":35,"turns":4},{"damage":0,"enemies":"Orb Walker","floor":37,"turns":4},{"damage":16,"enemies":"Reptomancer","floor":40,"turns":7},{"damage":4,"enemies":"Giant Head","floor":42,"turns":9},{"damage":0,"enemies":"Writhing Mass","floor":44,"turns":6},{"damage":28,"enemies":"Reptomancer","floor":46,"turns":6},{"damage":0,"enemies":"4 Shapes","floor":47,"turns":5},{"damage":0,"enemies":"Transient","floor":48,"turns":5},{"damage":13,"enemies":"Time Eater","floor":50,"turns":4},{"damage":7,"enemies":"Shield and Spear","floor":54,"turns":7},{"damage":43,"enemies":"The Heart","floor":55,"turns":9}],"seed_played":"9149008557780465545","potions_obtained":[{"floor":1,"key":"Fire Potion"},{"floor":6,"key":"Regen Potion"},{"floor":11,"key":"FairyPotion"},{"floor":13,"key":"Ancient Potion"},{"floor":54,"key":"DistilledChaos"}],"is_trial":false,"path_per_floor":["M","$","M","M","?","E","?","E","T","R","M","?","E","$","R","B",null,"M","?","$","?","?","E","M","R","T","E","M","R","M","M","R","B",null,"M","$","M","?","?","E","R","E","T","M","R","E","M","M","R","B",null,"R","$","E","B",null],"character_chosen":"THE_SILENT","items_purchased":["Strawberry","InkBottle","Choke","Well Laid Plans","FairyPotion","Metamorphosis","GamblersBrew","Blood Vial","TwistedFunnel","Omamori","Blade Dance+1","Dash+1"],"campfire_rested":1,"item_purchase_floors":[2,2,2,2,2,2,2,14,20,20,36,36],"current_hp_per_floor":[63,70,70,70,63,48,48,54,54,54,46,46,44,44,44,23,67,71,71,71,71,71,75,69,69,69,67,68,68,70,68,68,47,79,83,83,87,87,87,73,73,71,71,73,73,47,49,51,80,69,89,89,89,84,43],"gold":10,"neow_bonus":"TRANSFORM_CARD","is_daily":false,"chose_seed":false,"campfire_upgraded":3,"win_rate":0.0,"timestamp":1607990169,"path_taken":["M","$","M","M","?","E","?","E","T","R","?","?","E","$","R","BOSS","M","?","$","?","?","E","M","R","T","E","M","R","M","M","R","BOSS","M","$","M","?","?","E","R","E","T","M","R","E","?","M","R","BOSS","R","$","E","BOSS"],"items_purchased_type":["Relic","Relic","Card","Card","Potion","Card","Potion","Relic","Relic","Relic","Card","Card"],"build_version":"2020-12-13","purchased_purges":2,"victory":true,"max_hp_per_floor":[70,77,77,77,77,77,77,87,87,87,87,81,81,81,81,81,81,83,83,83,83,83,85,87,87,87,89,89,89,89,89,89,89,89,91,91,93,93,93,93,93,93,93,93,93,93,93,93,95,95,95,95,95,95,95],"relic_stats":{"Singing Bowl":14,"Happy Flower":[10],"counters":[27,140],"Golden Idol":195,"War Paint":["Defend_G","Crippling Poison"],"Orichalcum":[210],"Boot":[192],"WarpedTongs":[120],"Blood Vial":40,"Peace Pipe":4,"Dream Catcher":1,"Sundial":[2],"Ectoplasm":634,"Kunai":[55],"obtain_stats":[{"TwistedFunnel":20,"Pear":8,"Singing Bowl":13,"Happy Flower":46,"Golden Idol":12,"Omamori":20,"War Paint":6,"Orichalcum":9,"Paper Crane":21,"Boot":27,"WarpedTongs":7,"Blood Vial":14,"Peace Pipe":23,"Dream Catcher":42,"Sundial":54,"Strawberry":2,"Molten Egg 2":22,"Ectoplasm":17,"Fusion Hammer":34,"Kunai":40,"Toxic Egg 2":26,"InkBottle":2,"Ring of the Snake":0},{"TwistedFunnel":9,"Pear":5,"Singing Bowl":7,"Happy Flower":22,"Golden Idol":6,"Omamori":9,"War Paint":4,"Orichalcum":5,"Paper Crane":9,"Boot":12,"WarpedTongs":4,"Blood Vial":7,"Peace Pipe":10,"Dream Catcher":20,"Sundial":26,"Strawberry":1,"Molten Egg 2":9,"Ectoplasm":8,"Fusion Hammer":16,"Kunai":19,"Toxic Egg 2":11,"InkBottle":1,"Ring of the Snake":0},{"TwistedFunnel":40,"Pear":19,"Singing Bowl":27,"Happy Flower":110,"Golden Idol":22,"Omamori":40,"War Paint":17,"Orichalcum":19,"Paper Crane":40,"Boot":52,"WarpedTongs":17,"Blood Vial":27,"Peace Pipe":44,"Dream Catcher":98,"Sundial":131,"Strawberry":6,"Molten Egg 2":40,"Ectoplasm":36,"Fusion Hammer":74,"Kunai":89,"Toxic Egg 2":48,"InkBottle":6,"Ring of the Snake":0}],"InkBottle":[76],"Ring of the Snake":[135]},"card_choices":[{"not_picked":["Concentrate","Blur"],"picked":"Bane","floor":1},{"not_picked":["Endless Agony","Expertise"],"picked":"Crippling Poison","floor":3},{"not_picked":["Riddle With Holes","Tactician"],"picked":"Skewer","floor":4},{"not_picked":["Sucker Punch","Calculated Gamble"],"picked":"Escape Plan","floor":6},{"not_picked":["PiercingWail","Backflip"],"picked":"Deadly Poison","floor":8},{"not_picked":["Prepared","Cloak And Dagger"],"picked":"Calculated Gamble","floor":11},{"not_picked":["Bane","A Thousand Cuts"],"picked":"Malaise","floor":13},{"not_picked":["Glass Knife","Wraith Form v2"],"picked":"Die Die Die","floor":16},{"not_picked":["Prepared","Bane","Expertise"],"picked":"Singing Bowl","floor":18},{"not_picked":["Grand Finale+1","Bane+1","Skewer+1"],"picked":"Singing Bowl","floor":23},{"not_picked":["Dodge and Roll","Reflex","Accuracy"],"picked":"Singing Bowl","floor":24},{"not_picked":["Poisoned Stab+1","Dagger Spray+1","Underhanded Strike+1"],"picked":"Singing Bowl","floor":27},{"not_picked":["Slice+1","Sucker Punch+1"],"picked":"Escape Plan+1","floor":28},{"not_picked":["Backflip+1","PiercingWail+1"],"picked":"Footwork","floor":30},{"not_picked":["Well Laid Plans","PiercingWail+1"],"picked":"Dodge and Roll+1","floor":31},{"not_picked":["Bullet Time+1","Envenom"],"picked":"Night Terror+1","floor":33},{"not_picked":["Dagger Spray+1","Slice+1","All Out Attack+1"],"picked":"Singing Bowl","floor":35},{"not_picked":["Finisher+1","Heel Hook+1","Slice+1"],"picked":"Singing Bowl","floor":37},{"not_picked":["Deflect+1","Dash+1"],"picked":"Burst+1","floor":40},{"not_picked":["All Out Attack+1","Catalyst+1"],"picked":"Acrobatics+1","floor":42},{"not_picked":["Prepared+1","Dagger Spray+1"],"picked":"Catalyst+1","floor":44},{"not_picked":["Expertise+1","Outmaneuver+1"],"picked":"Quick Slash+1","floor":46},{"not_picked":["Distraction+1","PiercingWail+1"],"picked":"Blade Dance+1","floor":47},{"not_picked":["Concentrate+1","Choke+1"],"picked":"Catalyst+1","floor":48},{"not_picked":["Tactician+1","Masterful Stab+1","Dagger Spray+1"],"picked":"Singing Bowl","floor":49},{"not_picked":["Night Terror+1","Flying Knee+1"],"picked":"Blur+1","floor":54}],"player_experience":654589,"relics_obtained":[{"floor":6,"key":"War Paint"},{"floor":8,"key":"Pear"},{"floor":9,"key":"Orichalcum"},{"floor":13,"key":"Singing Bowl"},{"floor":23,"key":"Peace Pipe"},{"floor":26,"key":"Toxic Egg 2"},{"floor":27,"key":"Boot"},{"floor":40,"key":"Kunai"},{"floor":42,"key":"Dream Catcher"},{"floor":46,"key":"Happy Flower"},{"floor":54,"key":"Sundial"}],"event_choices":[{"cards_removed":["Strike_G"],"damage_healed":0,"gold_gain":0,"player_choice":"Card Removal","damage_taken":7,"max_hp_gain":0,"max_hp_loss":0,"event_name":"Golden Wing","floor":5,"gold_loss":0},{"damage_healed":0,"gold_gain":0,"player_choice":"Rummage","damage_taken":0,"relics_obtained":["WarpedTongs"],"max_hp_gain":0,"max_hp_loss":0,"event_name":"Accursed Blacksmith","floor":7,"gold_loss":0,"cards_obtained":["Pain"]},{"damage_healed":0,"gold_gain":0,"player_choice":"Lose Max HP","damage_taken":0,"relics_obtained":["Golden Idol"],"max_hp_gain":0,"max_hp_loss":6,"event_name":"Golden Idol","floor":12,"gold_loss":0},{"damage_healed":0,"gold_gain":0,"player_choice":"Ignored","damage_taken":0,"max_hp_gain":0,"max_hp_loss":0,"event_name":"Vampires","floor":19,"gold_loss":0},{"damage_healed":0,"gold_gain":0,"player_choice":"Opened","damage_taken":0,"relics_obtained":["Paper Crane"],"max_hp_gain":0,"max_hp_loss":0,"event_name":"The Mausoleum","floor":21,"gold_loss":0},{"damage_healed":0,"gold_gain":0,"player_choice":"Stole Relic","damage_taken":0,"relics_obtained":["Molten Egg 2"],"max_hp_gain":0,"max_hp_loss":0,"event_name":"Addict","floor":22,"gold_loss":0,"cards_obtained":["Shame"]},{"damage_healed":0,"gold_gain":0,"player_choice":"Ignored","damage_taken":0,"max_hp_gain":0,"max_hp_loss":0,"event_name":"The Moai Head","floor":38,"gold_loss":0},{"damage_healed":0,"gold_gain":0,"player_choice":"Copied","damage_taken":0,"max_hp_gain":0,"max_hp_loss":0,"event_name":"Duplicator","floor":39,"gold_loss":0,"cards_obtained":["Footwork"]}],"is_beta":false,"boss_relics":[{"not_picked":["Empty Cage","Tiny House"],"picked":"Ectoplasm"},{"not_picked":["Busted Crown","WristBlade"],"picked":"Fusion Hammer"}],"items_purged_floors":[14,20],"is_endless":false,"potions_floor_spawned":[1,6,11,13,28,30,31,35,44,48,54],"ascension_level":9}}