{"host":"jn2qdns2nxijvlnt","time":1607923972,"event":{"mods":["BaseMod","Minty Spire (QoL Compilation)","Quick Restart"],"gold_per_floor":[116,133,20,20,30,30,61,72,124,124,124,124,155,18,18,96,146,161,161,122,122,172,205,205,176,176,91,107,107,107],"floor_reached":29,"playtime":1074,"items_purged":[],"score":498,"play_id":"7bb808f8-0c8b-423e-98c2-c8f965b83199","local_time":"20201214003252","is_ascension_mode":true,"campfire_choices":[{"data":"Bash","floor":6.0,"key":"SMITH"},{"data":"Rampage","floor":10.0,"key":"SMITH"},{"data":"Twin Strike","floor":12.0,"key":"SMITH"},{"floor":15.0,"key":"REST"},{"floor":24.0,"key":"REST"}],"circlet_count":0,"master_deck":["AscendersBane","Strike_R+1","Strike_R+1","Strike_R+1","Strike_R+1","Strike_R+1","Defend_R+1","Defend_R+1","Defend_R+1","Defend_R+1","Bash+1","Armaments+1","Headbutt","Twin Strike+1","Inflame","Rampage+1","Rage","Offering","Cleave","Intimidate","Shockwave","Blood for Blood"],"relics":["Burning Blood","NeowsBlessing","InkBottle","Nunchaku","Smiling Mask","Tiny House","Paper Frog","Pantograph","Turnip"],"acts_visited":[],"potions_floor_usage":[],"damage_taken":[{"damage":0.0,"enemies":"Cultist","floor":1.0,"turns":1.0},{"damage":0.0,"enemies":"Small Slimes","floor":2.0,"turns":1.0},{"damage":0.0,"enemies":"Jaw Worm","floor":5.0,"turns":1.0},{"damage":10.0,"enemies":"Lagavulin","floor":7.0,"turns":4.0},{"damage":14.0,"enemies":"Red Slaver","floor":8.0,"turns":2.0},{"damage":34.0,"enemies":"Gremlin Nob","floor":13.0,"turns":4.0},{"damage":29.0,"enemies":"Hexaghost","floor":16.0,"turns":9.0},{"damage":6.0,"enemies":"Chosen","floor":18.0,"turns":2.0},{"damage":34.0,"enemies":"Gremlin Leader","floor":23.0,"turns":5.0},{"damage":28.0,"enemies":"2 Thieves","floor":25.0,"turns":4.0},{"damage":34.0,"enemies":"Chosen and Byrds","floor":28.0,"turns":5.0},{"damage":15,"enemies":"Centurion and Healer","floor":29,"turns":2}],"seed_played":"1119921540843591041","potions_obtained":[{"floor":1.0,"key":"GamblersBrew"},{"floor":5.0,"key":"BlessingOfTheForge"},{"floor":16.0,"key":"Fire Potion"},{"floor":17.0,"key":"DistilledChaos"},{"floor":25.0,"key":"Dexterity Potion"}],"is_trial":false,"path_per_floor":["M","M","$","?","M","R","E","M","T","R","?","R","E","$","R","B",null,"M","?","$","?","?","E","R","M","T","?","M","M"],"character_chosen":"IRONCLAD","items_purchased":["Twin Strike","DistilledChaos","EssenceOfSteel","SteroidPotion","Intimidate"],"campfire_rested":2,"item_purchase_floors":[3,3,14,14,20],"current_hp_per_floor":[74,75,75,75,75,75,71,63,63,63,63,63,35,35,57,34,70,70,70,70,70,70,42,66,44,44,44,16,1,1],"gold":107,"neow_bonus":"THREE_ENEMY_KILL","is_daily":false,"chose_seed":false,"campfire_upgraded":3,"win_rate":0.0,"timestamp":1607923972,"path_taken":["M","?","$","?","?","R","E","M","T","R","?","R","E","$","R","BOSS","M","?","$","?","?","E","R","M","T","?","?","M"],"items_purchased_type":["Card","Potion","Potion","Potion","Card"],"build_version":"2020-12-13","purchased_purges":0,"victory":false,"max_hp_per_floor":[75,75,75,75,75,75,75,75,75,75,75,75,75,75,75,75,80,80,80,80,80,80,80,80,80,80,80,80,80,80],"card_choices":[{"not_picked":["Clash","Cleave"],"picked":"Armaments","floor":1.0},{"not_picked":["Cleave","Shrug It Off"],"picked":"Headbutt","floor":2.0},{"not_picked":["Power Through","Anger"],"picked":"Inflame","floor":5.0},{"not_picked":["Wild Strike","Reckless Charge","Headbutt"],"picked":"SKIP","floor":7.0},{"not_picked":["Thunderclap","Rupture"],"picked":"Rampage","floor":8.0},{"not_picked":["Armaments","Evolve"],"picked":"Rage","floor":13.0},{"not_picked":["Immolate","Feed"],"picked":"Offering","floor":16.0},{"not_picked":["Havoc","Searing Blow"],"picked":"Cleave","floor":17.0},{"not_picked":["Second Wind","Body Slam+1","Warcry"],"picked":"SKIP","floor":18.0},{"not_picked":["Iron Wave","Clothesline"],"picked":"Shockwave","floor":23.0},{"not_picked":["Havoc","Clothesline"],"picked":"Blood for Blood","floor":25.0},{"not_picked":["Rupture","Thunderclap","Ghostly Armor"],"picked":"SKIP","floor":28.0}],"player_experience":420872,"relics_obtained":[{"floor":7.0,"key":"InkBottle"},{"floor":9.0,"key":"Nunchaku"},{"floor":13.0,"key":"Smiling Mask"},{"floor":23.0,"key":"Paper Frog"},{"floor":26.0,"key":"Pantograph"}],"event_choices":[{"damage_healed":0.0,"max_hp_gain":0.0,"max_hp_loss":0.0,"gold_gain":0.0,"event_name":"Accursed Blacksmith","player_choice":"Forge","floor":4.0,"gold_loss":0.0,"damage_taken":0.0,"cards_upgraded":["Armaments"]},{"damage_healed":0.0,"max_hp_gain":0.0,"max_hp_loss":0.0,"gold_gain":0.0,"event_name":"Purifier","player_choice":"Ignored","floor":11.0,"gold_loss":0.0,"damage_taken":0.0},{"damage_healed":0.0,"max_hp_gain":0.0,"max_hp_loss":0.0,"gold_gain":0.0,"event_name":"Vampires","player_choice":"Ignored","floor":19.0,"gold_loss":0.0,"damage_taken":0.0},{"damage_healed":0.0,"max_hp_gain":0.0,"max_hp_loss":0.0,"gold_gain":0.0,"event_name":"Back to Basics","player_choice":"Simplicity","floor":21.0,"gold_loss":0.0,"damage_taken":0.0,"cards_upgraded":["Strike_R","Strike_R","Strike_R","Strike_R","Defend_R","Defend_R","Defend_R","Defend_R"]},{"damage_healed":0.0,"max_hp_gain":0.0,"max_hp_loss":0.0,"gold_gain":50.0,"event_name":"Nest","player_choice":"Stole From Cult","floor":22.0,"gold_loss":0.0,"damage_taken":0.0},{"damage_healed":0.0,"max_hp_gain":0.0,"max_hp_loss":0.0,"gold_gain":0.0,"event_name":"Addict","player_choice":"Obtained Relic","floor":27.0,"gold_loss":85.0,"damage_taken":0.0,"relics_obtained":["Turnip"]}],"is_beta":false,"boss_relics":[{"not_picked":["Black Blood","Astrolabe"],"picked":"Tiny House"}],"items_purged_floors":[],"is_endless":false,"potions_floor_spawned":[1,5,16,25],"killed_by":"Centurion and Healer","ascension_level":20}}