{"host":"6p0attdrtjqaih7v","time":1607945353,"event":{"mods":["2.2 Compatiblity","AchievementEnabler","Bard","BaseMod","Better Skull","Better Third Choice","Colored Powertips","Hermit","Highlight Path","Jorbs\u0027s Wanderer Trilogy","Key Reminder","Minty Spire (QoL Compilation)","Permanent Neow","Quick Restart","Random Character Button","Relic Stats","Replay The Spire","StSLib","The Construct"],"gold_per_floor":[117,129,129,140,160,187,152,164,191,217,234,234,234,261,261,358,358,372,372,372,297,307,334,334,361,388,388,52,52,101,124,124,241,241,268,268,268,40,75,75,104,170,242,297,334,334,352,352,352,379],"floor_reached":51,"playtime":3575,"items_purged":["ReplayTheSpireMod:Splinters","bard:Defend","Decay"],"score":1295,"play_id":"b9c35871-2912-4e01-b3e9-0afa10438c41","local_time":"20201214062913","is_ascension_mode":true,"campfire_choices":[{"data":"bard:SongBolt","floor":12,"key":"SMITH"},{"data":"bard:SixFourTime","floor":15,"key":"SMITH"},{"data":"bard:Aphasia","floor":24,"key":"SMITH"},{"floor":27,"key":"REST"},{"data":"bard:Blink","floor":29,"key":"SMITH"},{"data":"bard:ReverseGravity","floor":32,"key":"SMITH"},{"data":"Good Instincts","floor":40,"key":"SMITH"},{"data":"bard:Doot","floor":46,"key":"SMITH"},{"data":"bard:Riposte","floor":49,"key":"SMITH"}],"circlet_count":0,"master_deck":["AscendersBane","bard:Strike","bard:Strike","bard:Strike","bard:Defend","bard:Defend","bard:Defend","bard:Riposte+1","bard:Inspire+1","bard:OffKey+1","bard:Parry","bard:OffKey+1","bard:SixFourTime+1","bard:SongBolt+1","bard:TinyHut","bard:ViciousMockery","bard:GuardPoint","bard:LingeringEcho","bard:ReverseGravity+1","bard:GuardPoint","bard:HideousLaughter+1","bard:Aphasia+1","bard:Blink+1","bard:Thunderwave","bard:Heroism","bard:Sift+1","Good Instincts+1","bard:Heroism","bard:TinyHut+1","bard:Doot+1"],"relics":["bard:PitchPipe","bard:BagPipes","Replay:Bottled Eggs","Bag of Preparation","Toy Ornithopter","Ancient Tea Set","ChewingGum","Simple Rune","Akabeko","Lantern","Gremlin Food","Membership Card","Replay:Bandana","Mirror","Philosopher\u0027s Stone","ReplayTheSpireMod:CursedCoin","Iron Hammer","Pondfish Scales","Replay:PocketPolymizer","Sundial","Letter Opener"],"acts_visited":["Exordium","TheCity","TheBeyond"],"potions_floor_usage":[10,42,50],"damage_taken":[{"damage":0,"enemies":"Cultist","floor":1,"turns":5},{"damage":0,"enemies":"Small Slimes","floor":2,"turns":6},{"damage":0,"enemies":"2 Louse","floor":4,"turns":3},{"damage":6,"enemies":"Looter","floor":5,"turns":3},{"damage":11,"enemies":"3 Sentries","floor":6,"turns":13},{"damage":0,"enemies":"Exordium Wildlife","floor":8,"turns":6},{"damage":1,"enemies":"Gremlin Nob","floor":10,"turns":4},{"damage":1,"enemies":"2 Fungi Beasts","floor":11,"turns":4},{"damage":2,"enemies":"Replay:BlueRogue","floor":14,"turns":8},{"damage":0,"enemies":"The Guardian","floor":16,"turns":12},{"damage":3,"enemies":"Shell Parasite","floor":18,"turns":6},{"damage":4,"enemies":"Spheric Guardian","floor":22,"turns":3},{"damage":17,"enemies":"Slavers","floor":23,"turns":5},{"damage":12,"enemies":"Book of Stabbing","floor":25,"turns":5},{"damage":0,"enemies":"Gremlin Leader","floor":30,"turns":9},{"damage":0,"enemies":"Shelled Parasite and Fungi","floor":31,"turns":6},{"damage":24,"enemies":"Champ","floor":33,"turns":10},{"damage":0,"enemies":"Orb Walker","floor":35,"turns":3},{"damage":0,"enemies":"3 Shapes","floor":39,"turns":5},{"damage":3,"enemies":"Spire Growth","floor":41,"turns":5},{"damage":0,"enemies":"2 Orb Walkers","floor":42,"turns":2},{"damage":0,"enemies":"R_Hoarder","floor":44,"turns":11},{"damage":0,"enemies":"Jaw Worm Horde","floor":45,"turns":2},{"damage":0,"enemies":"Maw","floor":47,"turns":8},{"damage":8,"enemies":"Donu and Deca","floor":50,"turns":10}],"seed_played":"893023402430725815","potions_obtained":[{"floor":3,"key":"Death Potion"},{"floor":3,"key":"Cursed Concoction"},{"floor":10,"key":"Weak Potion"},{"floor":22,"key":"Ancient Potion"},{"floor":33,"key":"DuplicationPotion"},{"floor":44,"key":"Flashbang"}],"is_trial":false,"path_per_floor":["M","M","?","M","M","E","?","M","T","E","M","R","?","E","R","B",null,"M","?","?","$","M","E","R","E","T","R","$","R","E","M","R","B",null,"M","?","?","$","M","R","M","?","T","E","M","R","M","?","R","B",null],"character_chosen":"BARD","items_purchased":["Membership Card","bard:Blink","bard:Thunderwave","Replay:Bandana","ReplayTheSpireMod:CursedCoin","Iron Hammer","bard:Heroism","Pondfish Scales"],"campfire_rested":1,"item_purchase_floors":[28,28,28,28,38,38,38,38],"current_hp_per_floor":[63,63,63,63,57,46,63,63,63,62,61,61,61,59,59,59,67,64,64,64,64,60,43,43,31,31,52,52,52,52,52,52,28,60,60,60,60,60,60,60,57,62,62,62,62,62,62,62,62,58],"gold":379,"neow_bonus":"TRANSFORM_CARD","is_daily":false,"chose_seed":false,"campfire_upgraded":8,"win_rate":0.0,"timestamp":1607945353,"path_taken":["M","?","?","?","M","E","?","M","T","E","M","R","?","E","R","BOSS","M","?","?","?","?","E","R","E","T","R","$","R","E","M","R","BOSS","M","?","?","$","?","R","M","?","T","E","M","R","M","?","R","BOSS"],"items_purchased_type":["Relic","Card","Card","Relic","Relic","Relic","Card","Relic"],"build_version":"2020-12-13","purchased_purges":3,"victory":true,"max_hp_per_floor":[70,70,70,70,70,70,70,70,70,70,70,70,70,70,70,70,70,70,70,70,70,70,70,70,70,70,70,70,70,70,70,70,70,70,70,70,70,70,70,70,70,70,70,70,70,70,70,66,66,66],"relic_stats":{"counters":[25,152],"Sundial":[4],"Bag of Preparation":[38],"Letter Opener":[65],"obtain_stats":[{"Gremlin Food":26,"bard:BagPipes":0,"Lantern":25,"Replay:PocketPolymizer":42,"bard:PitchPipe":0,"ReplayTheSpireMod:CursedCoin":38,"Bag of Preparation":9,"Letter Opener":44,"Ancient Tea Set":14,"Akabeko":23,"Replay:Bandana":28,"Pondfish Scales":38,"Sundial":43,"ChewingGum":17,"Simple Rune":19,"Philosopher\u0027s Stone":34,"Iron Hammer":38,"Membership Card":28,"Replay:Bottled Eggs":6,"Mirror":30,"Toy Ornithopter":10},{"Gremlin Food":14,"bard:BagPipes":0,"Lantern":14,"Replay:PocketPolymizer":21,"bard:PitchPipe":0,"ReplayTheSpireMod:CursedCoin":18,"Bag of Preparation":6,"Letter Opener":22,"Ancient Tea Set":9,"Akabeko":13,"Replay:Bandana":14,"Pondfish Scales":18,"Sundial":21,"ChewingGum":10,"Simple Rune":11,"Philosopher\u0027s Stone":17,"Iron Hammer":18,"Membership Card":14,"Replay:Bottled Eggs":5,"Mirror":15,"Toy Ornithopter":7},{"Gremlin Food":83,"bard:BagPipes":0,"Lantern":83,"Replay:PocketPolymizer":122,"bard:PitchPipe":0,"ReplayTheSpireMod:CursedCoin":111,"Bag of Preparation":36,"Letter Opener":133,"Ancient Tea Set":52,"Akabeko":78,"Replay:Bandana":83,"Pondfish Scales":111,"Sundial":122,"ChewingGum":64,"Simple Rune":70,"Philosopher\u0027s Stone":108,"Iron Hammer":111,"Membership Card":83,"Replay:Bottled Eggs":30,"Mirror":92,"Toy Ornithopter":40}],"Toy Ornithopter":9},"card_choices":[{"not_picked":["bard:InspiringSong","bard:MantleOfInspiration"],"picked":"bard:Parry","floor":1},{"not_picked":["bard:Fermata","bard:GuardPoint"],"picked":"bard:OffKey","floor":2},{"not_picked":["bard:GuardPoint","bard:PhantasmalForce"],"picked":"bard:SixFourTime","floor":4},{"not_picked":["bard:MantleOfInspiration","bard:HideousLaughter"],"picked":"bard:SongBolt","floor":5},{"not_picked":["bard:BucklerBash","bard:CuttingWords"],"picked":"bard:TinyHut","floor":6},{"not_picked":["bard:LocateObject","bard:PowerWordStun"],"picked":"bard:ViciousMockery","floor":8},{"not_picked":["bard:DiscordantVoice","bard:DeathMetal"],"picked":"bard:GuardPoint","floor":10},{"not_picked":["bard:Sift","bard:DervishDance"],"picked":"bard:LingeringEcho","floor":11},{"not_picked":["bard:SixFourTime","bard:LingeringEcho","bard:Gamble"],"picked":"SKIP","floor":14},{"not_picked":["bard:Encore","bard:CovetousAura"],"picked":"bard:ReverseGravity","floor":16},{"not_picked":["bard:Silence","bard:PhantasmalForce+1"],"picked":"bard:GuardPoint","floor":18},{"not_picked":["bard:BucklerBash","bard:EchoEcho+1"],"picked":"bard:HideousLaughter+1","floor":22},{"not_picked":["bard:EnGarde","bard:StudiedStrike+1"],"picked":"bard:Aphasia","floor":23},{"not_picked":["bard:DervishDance","bard:CuttingWords+1","bard:Rhapsody"],"picked":"SKIP","floor":25},{"not_picked":["bard:EnGarde","bard:ViciousMockery+1"],"picked":"bard:Heroism","floor":30},{"not_picked":["bard:BucklerBash","bard:CuttingWords+1"],"picked":"bard:Sift+1","floor":31},{"not_picked":["bard:CovetousAura","bard:MnemonicVestments"],"picked":"bard:Invisibility","floor":33},{"not_picked":["bard:FalseLife+1","bard:PhantasmalForce","bard:Solo"],"picked":"SKIP","floor":35},{"not_picked":["bard:FalseLife+1","bard:LingeringEcho+1","bard:LingeringPerformance+1"],"picked":"SKIP","floor":39},{"not_picked":["bard:Sift","bard:EchoEcho+1"],"picked":"bard:TinyHut+1","floor":41},{"not_picked":["bard:HideousLaughter","bard:FirstStrike"],"picked":"bard:Doot","floor":44},{"not_picked":["bard:Thunderwave","bard:FeastOnFear","bard:LingeringEcho"],"picked":"SKIP","floor":45},{"not_picked":["bard:Fermata+1","bard:HideousLaughter+1","bard:Sift"],"picked":"SKIP","floor":47}],"player_experience":833848,"relics_obtained":[{"floor":6,"key":"Replay:Bottled Eggs"},{"floor":9,"key":"Bag of Preparation"},{"floor":10,"key":"Toy Ornithopter"},{"floor":14,"key":"Ancient Tea Set"},{"floor":23,"key":"Akabeko"},{"floor":25,"key":"Lantern"},{"floor":26,"key":"Gremlin Food"},{"floor":30,"key":"Mirror"},{"floor":42,"key":"Replay:PocketPolymizer"},{"floor":43,"key":"Sundial"},{"floor":44,"key":"Letter Opener"}],"event_choices":[{"damage_healed":0,"gold_gain":0,"player_choice":"Got Potions","damage_taken":0,"max_hp_gain":0,"max_hp_loss":0,"event_name":"Lab","floor":3,"gold_loss":0},{"damage_healed":17,"gold_gain":0,"player_choice":"Healed","damage_taken":0,"max_hp_gain":0,"max_hp_loss":0,"event_name":"The Cleric","floor":7,"gold_loss":35},{"damage_healed":0,"gold_gain":0,"player_choice":"Grow","damage_taken":0,"max_hp_gain":0,"max_hp_loss":0,"event_name":"Living Wall","floor":13,"gold_loss":0,"cards_upgraded":["bard:Inspire"]},{"cards_removed":["bard:Invisibility"],"damage_healed":0,"gold_gain":0,"player_choice":"Removed Skill","damage_taken":0,"max_hp_gain":0,"max_hp_loss":0,"event_name":"Falling","floor":36,"gold_loss":0},{"damage_healed":0,"gold_gain":0,"player_choice":"1 cards matched","damage_taken":0,"max_hp_gain":0,"max_hp_loss":0,"event_name":"Match and Keep!","floor":37,"gold_loss":0,"cards_obtained":["Good Instincts"]},{"damage_healed":0,"gold_gain":0,"player_choice":"Fight","damage_taken":0,"max_hp_gain":0,"max_hp_loss":0,"event_name":"Mysterious Sphere","floor":42,"gold_loss":0},{"damage_healed":0,"gold_gain":0,"player_choice":"Max HP","damage_taken":0,"max_hp_gain":0,"max_hp_loss":4,"event_name":"Winding Halls","floor":48,"gold_loss":0}],"is_beta":false,"boss_relics":[{"not_picked":["Honey Jar","SlaversCollar"],"picked":"ChewingGum"},{"not_picked":["SacredBark","Empty Cage"],"picked":"Philosopher\u0027s Stone"}],"items_purged_floors":[21,28,38],"is_endless":false,"potions_floor_spawned":[5,6,8,10,11,22,30,31,33,35,44,45,47],"ascension_level":11}}