{"host":"63rwe7p34ct1i0qu","time":1607950139,"event":{"mods":["BaseMod","DeckTracker","Minty Spire (QoL Compilation)","Permanent Neow","Quick Restart","StSLib"],"gold_per_floor":[18,18,18,18,32,50,69,69,96,96,111,111,155,175,175,296,296,317,317,330,348,348,348,373,373,373,389,413,449,449,468,468,593,593,613,634,634,71,92,92,130,153,153,169,169,16,16,39,39,39],"floor_reached":51,"playtime":1528,"items_purged":["Entrench","Strike_R+1"],"score":764,"play_id":"eb3f6156-be3e-4aac-89ff-376fb7e4cd63","local_time":"20201214214859","is_ascension_mode":true,"campfire_choices":[{"data":"Demon Form","floor":12,"key":"SMITH"},{"floor":15,"key":"REST"},{"floor":23,"key":"REST"},{"floor":25,"key":"REST"},{"floor":30,"key":"REST"},{"data":"Limit Break","floor":32,"key":"SMITH"},{"floor":40,"key":"REST"},{"floor":49,"key":"REST"}],"circlet_count":0,"master_deck":["Defend_R","Defend_R+1","Defend_R","Defend_R","Bash+1","Battle Trance","Demon Form+1","Ghostly Armor","Limit Break+1","Seeing Red","Whirlwind+1","Ghostly Armor+1","Double Tap","Headbutt","Power Through"],"relics":["Burning Blood","Golden Idol","Potion Belt","Ancient Tea Set","Philosopher\u0027s Stone","Boot","Orichalcum","Whetstone","Blood Vial","Red Mask","Busted Crown","Bottled Tornado","PreservedInsect","Smiling Mask","Ginger"],"acts_visited":["Exordium","TheCity","TheBeyond"],"potions_floor_usage":[11,13,18,29,33,33,36,41,41,41,50,50,50],"damage_taken":[{"damage":10,"enemies":"Cultist","floor":1,"turns":4},{"damage":1,"enemies":"Jaw Worm","floor":5,"turns":3},{"damage":0,"enemies":"2 Louse","floor":6,"turns":3},{"damage":9,"enemies":"Blue Slaver","floor":7,"turns":5},{"damage":32,"enemies":"Exordium Thugs","floor":11,"turns":5},{"damage":22,"enemies":"3 Sentries","floor":13,"turns":9},{"damage":5,"enemies":"2 Fungi Beasts","floor":14,"turns":4},{"damage":10,"enemies":"The Guardian","floor":16,"turns":10},{"damage":2,"enemies":"Spheric Guardian","floor":18,"turns":4},{"damage":62,"enemies":"3 Byrds","floor":20,"turns":7},{"damage":19,"enemies":"Snecko","floor":21,"turns":5},{"damage":23,"enemies":"Shelled Parasite and Fungi","floor":27,"turns":5},{"damage":14,"enemies":"Cultist and Chosen","floor":28,"turns":5},{"damage":2,"enemies":"Masked Bandits","floor":29,"turns":2},{"damage":12,"enemies":"Centurion and Healer","floor":31,"turns":4},{"damage":24,"enemies":"Collector","floor":33,"turns":6},{"damage":11,"enemies":"Orb Walker","floor":35,"turns":4},{"damage":35,"enemies":"3 Darklings","floor":36,"turns":6},{"damage":0,"enemies":"Jaw Worm Horde","floor":39,"turns":2},{"damage":6,"enemies":"Nemesis","floor":41,"turns":3},{"damage":6,"enemies":"Transient","floor":42,"turns":5},{"damage":31,"enemies":"Spire Growth","floor":44,"turns":4},{"damage":6,"enemies":"Jaw Worm Horde","floor":48,"turns":3},{"damage":41,"enemies":"Awakened One","floor":50,"turns":8}],"seed_played":"1347407508602453099","potions_obtained":[{"floor":6,"key":"Dexterity Potion"},{"floor":7,"key":"SkillPotion"},{"floor":13,"key":"Fire Potion"},{"floor":16,"key":"PowerPotion"},{"floor":20,"key":"FairyPotion"},{"floor":28,"key":"CultistPotion"},{"floor":29,"key":"BlessingOfTheForge"},{"floor":31,"key":"ColorlessPotion"},{"floor":33,"key":"SkillPotion"},{"floor":36,"key":"Fruit Juice"},{"floor":39,"key":"AttackPotion"},{"floor":48,"key":"EssenceOfSteel"}],"is_trial":false,"path_per_floor":["M","?","?","?","M","M","M","$","T","?","M","R","E","M","R","B",null,"M","?","M","M","?","R","T","R","T","M","M","?","R","M","R","B",null,"M","M","?","$","M","R","E","M","T","M","?","$","?","M","R","B",null],"character_chosen":"IRONCLAD","items_purchased":["Bottled Tornado","PreservedInsect","Strength Potion","SkillPotion","SteroidPotion","SpeedPotion"],"campfire_rested":6,"item_purchase_floors":[38,38,38,38,46,46],"current_hp_per_floor":[76,76,60,60,65,71,68,68,68,68,42,42,26,27,49,45,74,74,74,18,28,28,50,50,72,72,57,51,57,74,68,68,52,74,69,47,47,47,55,75,75,75,75,50,50,50,50,52,74,40],"gold":39,"neow_bonus":"REMOVE_TWO","is_daily":false,"chose_seed":false,"campfire_upgraded":2,"win_rate":0.0,"timestamp":1607950139,"path_taken":["M","?","?","?","?","M","M","?","T","?","M","R","E","M","R","BOSS","M","?","M","?","?","R","?","R","T","M","?","?","R","M","R","BOSS","M","M","?","$","M","R","E","M","T","M","?","?","?","M","R","BOSS"],"items_purchased_type":["Relic","Relic","Potion","Potion","Potion","Potion"],"build_version":"2020-12-13","purchased_purges":2,"victory":true,"max_hp_per_floor":[80,80,80,74,74,74,74,74,74,74,74,74,74,74,74,74,74,74,74,74,74,74,74,74,74,74,74,74,74,74,74,74,74,74,74,79,75,75,75,75,75,75,75,75,75,75,75,75,75,75],"card_choices":[{"not_picked":["Twin Strike","Shockwave","Clash"],"picked":"SKIP","floor":1},{"not_picked":["Warcry","Combust","Pummel"],"picked":"SKIP","floor":5},{"not_picked":["Warcry","Perfected Strike"],"picked":"Battle Trance","floor":6},{"not_picked":["Clothesline","Armaments","Warcry"],"picked":"SKIP","floor":7},{"not_picked":["Clothesline","Bloodletting"],"picked":"Demon Form","floor":11},{"not_picked":["Twin Strike","Clash"],"picked":"Ghostly Armor","floor":14},{"not_picked":["Berserk","Double Tap"],"picked":"Limit Break","floor":16},{"not_picked":["Infernal Blade","Sever Soul","Perfected Strike+1"],"picked":"SKIP","floor":18},{"not_picked":["Burning Pact","Dark Embrace"],"picked":"Seeing Red","floor":20},{"not_picked":["Anger","Flex","Headbutt"],"picked":"SKIP","floor":21},{"not_picked":["Thunderclap","Metallicize+1"],"picked":"Whirlwind+1","floor":27},{"not_picked":["Fire Breathing","Warcry+1","Inflame"],"picked":"SKIP","floor":28},{"not_picked":["Flex","Bludgeon"],"picked":"Ghostly Armor+1","floor":31},{"not_picked":["Bludgeon","Limit Break"],"picked":"Double Tap","floor":33},{"not_picked":[],"picked":"Headbutt","floor":35},{"not_picked":["Ghostly Armor"],"picked":"SKIP","floor":36},{"not_picked":["Havoc+1"],"picked":"SKIP","floor":39},{"not_picked":["Headbutt+1"],"picked":"SKIP","floor":41},{"not_picked":["Rage"],"picked":"SKIP","floor":42},{"not_picked":["Perfected Strike+1"],"picked":"SKIP","floor":44},{"not_picked":["Spot Weakness"],"picked":"SKIP","floor":48}],"player_experience":761947,"relics_obtained":[{"floor":9,"key":"Potion Belt"},{"floor":13,"key":"Ancient Tea Set"},{"floor":24,"key":"Whetstone"},{"floor":26,"key":"Blood Vial"},{"floor":29,"key":"Red Mask"},{"floor":41,"key":"Smiling Mask"},{"floor":43,"key":"Ginger"}],"event_choices":[{"damage_healed":0,"gold_gain":0,"cards_transformed":["Strike_R"],"player_choice":"Change","damage_taken":0,"max_hp_gain":0,"max_hp_loss":0,"event_name":"Living Wall","floor":2,"gold_loss":0,"cards_obtained":["Entrench"]},{"damage_healed":0,"gold_gain":0,"player_choice":"Entered Light","damage_taken":16,"max_hp_gain":0,"max_hp_loss":0,"event_name":"Shining Light","floor":3,"gold_loss":0,"cards_upgraded":["Defend_R","Strike_R"]},{"damage_healed":0,"gold_gain":0,"player_choice":"Lose Max HP","damage_taken":0,"relics_obtained":["Golden Idol"],"max_hp_gain":0,"max_hp_loss":6,"event_name":"Golden Idol","floor":4,"gold_loss":0},{"damage_healed":0,"gold_gain":0,"player_choice":"Ignored","damage_taken":0,"max_hp_gain":0,"max_hp_loss":0,"event_name":"Liars Game","floor":10,"gold_loss":0},{"damage_healed":0,"gold_gain":0,"player_choice":"Gave Potion","damage_taken":0,"relics_obtained":["Boot"],"max_hp_gain":0,"max_hp_loss":0,"event_name":"WeMeetAgain","floor":19,"gold_loss":0},{"damage_healed":0,"gold_gain":0,"player_choice":"Opened","damage_taken":0,"relics_obtained":["Orichalcum"],"max_hp_gain":0,"max_hp_loss":0,"event_name":"The Mausoleum","floor":22,"gold_loss":0},{"damage_healed":0,"gold_gain":0,"player_choice":"Fought Bandits","damage_taken":0,"max_hp_gain":0,"max_hp_loss":0,"event_name":"Masked Bandits","floor":29,"gold_loss":0},{"damage_healed":0,"gold_gain":0,"player_choice":"Max HP","damage_taken":0,"max_hp_gain":0,"max_hp_loss":4,"event_name":"Winding Halls","floor":37,"gold_loss":0},{"damage_healed":0,"gold_gain":0,"player_choice":"Ignored","damage_taken":0,"max_hp_gain":0,"max_hp_loss":0,"event_name":"Tomb of Lord Red Mask","floor":45,"gold_loss":0},{"damage_healed":0,"gold_gain":0,"cards_transformed":["Strike_R"],"player_choice":"Transformed","damage_taken":0,"max_hp_gain":0,"max_hp_loss":0,"event_name":"Transmorgrifier","floor":47,"gold_loss":0,"cards_obtained":["Power Through"]}],"is_beta":false,"boss_relics":[{"not_picked":["Coffee Dripper","Runic Dome"],"picked":"Philosopher\u0027s Stone"},{"not_picked":["Black Star","Velvet Choker"],"picked":"Busted Crown"}],"items_purged_floors":[38,46],"is_endless":false,"potions_floor_spawned":[6,7,13,16,20,28,29,31,33,36,39,48],"ascension_level":1}}