{"host":"xodzlm10r37577ou","time":1607957892,"event":{"mods":["Act Like it!","BaseMod","Minty Spire (QoL Compilation)","Remilia（蕾米莉亚）","Replay The Spire","StSLib","TestMod"],"gold_per_floor":[115,115,115,132,146,146,171,171,171,203,221,241,276,293,293,421,421,438,438,438,450,450,480,480,509,535,573,593,593,630,123,123,254,254,271,303,703,449,468,510,47,78,124,124,156,176,214,257,257,273,286],"floor_reached":52,"playtime":1365,"items_purged":["Power Through","Defend_R","Defend_R"],"score":2932,"play_id":"c59b52d8-9a65-48f8-a9f3-072307fbc8d9","local_time":"20201214225812","is_ascension_mode":true,"campfire_choices":[{"data":"Bludgeon","floor":6.0,"key":"SMITH"},{"data":"Immolate","floor":8.0,"key":"SMITH"},{"data":"Replay:Many Hands","floor":15.0,"key":"SMITH"},{"data":"Offering","floor":24.0,"key":"SMITH"},{"data":"Demonic Infusion","floor":29.0,"key":"SMITH"},{"data":"testmod-EternalityOfKhronos","floor":32.0,"key":"SMITH"},{"data":"Limit Break","floor":44,"key":"SMITH"},{"data":"Double Tap","floor":49,"key":"SMITH"}],"circlet_count":0,"master_deck":["AscendersBane","Strike_R","Strike_R","Defend_R","Bash","Body Slam","Immolate+1","Sword Boomerang","Uppercut+1","Bludgeon+1","Flex+1","Berserk+1","Replay:Many Hands+1","Offering+1","Juggernaut","Warcry+1","Fiend Fire","Brutality+1","Demonic Infusion+1","Limit Break+1","testmod-HeadAttack+1","testmod-EternalityOfKhronos+1","Eclipse","Flex","Exhume","Master of Strategy","Double Tap+1","Sword Boomerang+1"],"relics":["Burning Blood","testmod-AscensionHeart","Boot","StrikeDummy","testmod-TurbochargingSystem","Replay:Bottled Flurry","testmod-DeterminationOfClimber","testmod-AssaultLearning","Ancient Tea Set","Nunchaku","Eternal Feather","Bottled Tornado","Membership Card","testmod-IndustrialRevolution","Replay:Bottled Steam","testmod-EnergyCheck","testmod-IntensifyImprint","testmod-OneHitWonder","Regal Pillow","Toolbox","Pantograph","Molten Egg 2","Strange Spoon","Letter Opener","testmod-BouquetWithThorns","Art of War","testmod-Acrobat","Replay:Baseball"],"acts_visited":["Exordium","TheCity","TheBeyond"],"potions_floor_usage":[50],"damage_taken":[{"damage":18.0,"enemies":"Jaw Worm","floor":1.0,"turns":4.0},{"damage":0.0,"enemies":"2 Louse","floor":4.0,"turns":1.0},{"damage":0.0,"enemies":"Cultist","floor":5.0,"turns":2.0},{"damage":17.0,"enemies":"3 Sentries","floor":7.0,"turns":4.0},{"damage":6.0,"enemies":"Replay:BlueRogue","floor":10.0,"turns":3.0},{"damage":0.0,"enemies":"Blue Slaver","floor":11.0,"turns":1.0},{"damage":8.0,"enemies":"Large Slime","floor":12.0,"turns":3.0},{"damage":0.0,"enemies":"Gremlin Nob","floor":13.0,"turns":2.0},{"damage":0.0,"enemies":"Exordium Wildlife","floor":14.0,"turns":2.0},{"damage":21.0,"enemies":"The Guardian","floor":16.0,"turns":6.0},{"damage":0.0,"enemies":"Shell Parasite","floor":18.0,"turns":1.0},{"damage":6.0,"enemies":"Spheric Guardian","floor":21.0,"turns":1.0},{"damage":6.0,"enemies":"Replay:Snechameleon","floor":23.0,"turns":1.0},{"damage":12.0,"enemies":"Gremlin Leader","floor":25.0,"turns":2.0},{"damage":6.0,"enemies":"Book of Stabbing","floor":27.0,"turns":1.0},{"damage":0.0,"enemies":"Snake Plant","floor":28.0,"turns":1.0},{"damage":6.0,"enemies":"Replay:Snechameleon","floor":30.0,"turns":1.0},{"damage":22.0,"enemies":"Automaton","floor":33.0,"turns":3.0},{"damage":0,"enemies":"Orb Walker","floor":35,"turns":1},{"damage":12,"enemies":"Mind Bloom Boss Battle","floor":36,"turns":3},{"damage":1,"enemies":"3 Darklings","floor":39,"turns":2},{"damage":0,"enemies":"Giant Head","floor":40,"turns":1},{"damage":0,"enemies":"Reptomancer","floor":42,"turns":1},{"damage":0,"enemies":"Nemesis","floor":45,"turns":1},{"damage":0,"enemies":"4 Shapes","floor":46,"turns":1},{"damage":1,"enemies":"Reptomancer","floor":47,"turns":2},{"damage":0,"enemies":"Transient","floor":48,"turns":1},{"damage":8,"enemies":"Time Eater","floor":50,"turns":3},{"damage":6,"enemies":"Donu and Deca","floor":51,"turns":1}],"seed_played":"-2978463310623378822","potions_obtained":[{"floor":5.0,"key":"Death Potion"},{"floor":7.0,"key":"SpeedPotion"},{"floor":12.0,"key":"Flashbang"},{"floor":25.0,"key":"EssenceOfSteel"}],"is_trial":false,"path_per_floor":["M","?","?","M","M","R","E","R","T","E","M","M","E","M","R","B",null,"M","?","?","M","?","E","R","E","T","E","M","R","E","$","R","B",null,"M","?","?","$","M","E","$","E","T","R","E","M","E","M","R","B","B",null],"character_chosen":"IRONCLAD","items_purchased":["Membership Card","testmod-IndustrialRevolution","testmod-HeadAttack","Replay:Bottled Steam","testmod-EternalityOfKhronos","testmod-OneHitWonder","Regal Pillow","Toolbox","Molten Egg 2","Strange Spoon","Letter Opener","Master of Strategy"],"campfire_rested":0,"item_purchase_floors":[31,31,31,31,31,38,38,38,41,41,41,41],"current_hp_per_floor":[56,61,61,68,73,73,63,63,63,65,72,71,76,76,76,66,77,81,81,81,81,72,78,78,80,80,87,89,89,90,90,90,85,93,95,95,95,95,95,96,96,97,97,97,98,98,99,99,99,104,109],"gold":286,"neow_bonus":"TRANSFORM_TWO_CARDS","is_daily":false,"chose_seed":false,"campfire_upgraded":8,"win_rate":0.0,"timestamp":1607957892,"path_taken":["M","?","?","M","M","R","E","R","T","E","M","M","E","M","R","BOSS","M","?","?","?","?","E","R","E","T","E","M","R","E","$","R","BOSS","M","?","?","$","M","E","?","E","T","R","E","?","E","M","R","BOSS","BOSS"],"items_purchased_type":["Relic","Relic","Card","Relic","Card","Relic","Relic","Relic","Relic","Relic","Relic","Card"],"build_version":"2020-12-13","purchased_purges":3,"victory":true,"max_hp_per_floor":[68,73,73,73,73,73,74,74,74,75,75,75,76,76,76,81,81,81,81,81,81,86,87,87,88,88,89,89,89,90,90,90,95,95,95,95,95,95,95,96,96,97,97,97,98,98,99,99,99,104,109],"card_choices":[{"not_picked":["Run Through","Rupture"],"picked":"Sword Boomerang","floor":1.0},{"not_picked":["Iron Wave","Sword Boomerang"],"picked":"Bludgeon","floor":4.0},{"not_picked":["ReplayTheSpireMod:Strike From Hell","Headbutt"],"picked":"Flex","floor":5.0},{"not_picked":["Bludgeon","Eclipse"],"picked":"Berserk","floor":7.0},{"not_picked":["Fiend Fire","Juggernaut"],"picked":"Replay:Many Hands","floor":10.0},{"not_picked":["Uppercut","Cleave"],"picked":"Power Through","floor":11.0},{"not_picked":["Flex","Anger","Perfected Strike"],"picked":"SKIP","floor":12.0},{"not_picked":["Bludgeon","Berserk"],"picked":"Offering","floor":13.0},{"not_picked":["Cleave","Headbutt","Clothesline"],"picked":"SKIP","floor":14.0},{"not_picked":["Limit Break","Immolate"],"picked":"Juggernaut","floor":16.0},{"not_picked":["Iron Wave","Combust"],"picked":"Warcry+1","floor":18.0},{"not_picked":["Armaments","Clothesline","Thunderclap"],"picked":"SKIP","floor":21.0},{"not_picked":["Impervious","Immolate"],"picked":"Fiend Fire","floor":23.0},{"not_picked":["Juggernaut","Corruption"],"picked":"Brutality","floor":25.0},{"not_picked":["Berserk","Reaper"],"picked":"Demonic Infusion","floor":27.0},{"not_picked":["Headbutt","Twin Strike","Run Through"],"picked":"SKIP","floor":28.0},{"not_picked":["Feed","Feed"],"picked":"Limit Break","floor":30.0},{"not_picked":["Impervious","Brutality"],"picked":"Eclipse","floor":33.0},{"not_picked":["Body Slam","Run Through","Searing Blow"],"picked":"SKIP","floor":35},{"not_picked":["True Grit","Headbutt"],"picked":"Flex","floor":36},{"not_picked":["Perfected Strike","Intimidate+1","Headbutt"],"picked":"SKIP","floor":39},{"not_picked":["Bludgeon","Offering"],"picked":"Exhume","floor":40},{"not_picked":["Feed","Berserk","Juggernaut"],"picked":"SKIP","floor":42},{"not_picked":["Offering","Reaper"],"picked":"Double Tap","floor":45},{"not_picked":["True Grit","Warcry","Rage"],"picked":"SKIP","floor":46},{"not_picked":["Fiend Fire","Brutality","Immolate"],"picked":"SKIP","floor":47},{"not_picked":["Ghostly Armor","Fiend Fire+1"],"picked":"Sword Boomerang+1","floor":48}],"player_experience":523891,"relics_obtained":[{"floor":7.0,"key":"Boot"},{"floor":9.0,"key":"StrikeDummy"},{"floor":10.0,"key":"testmod-TurbochargingSystem"},{"floor":13.0,"key":"Replay:Bottled Flurry"},{"floor":23.0,"key":"testmod-AssaultLearning"},{"floor":25.0,"key":"Ancient Tea Set"},{"floor":26.0,"key":"Nunchaku"},{"floor":27.0,"key":"Eternal Feather"},{"floor":30.0,"key":"Bottled Tornado"},{"floor":36,"key":"testmod-IntensifyImprint"},{"floor":40,"key":"Pantograph"},{"floor":42,"key":"testmod-BouquetWithThorns"},{"floor":43,"key":"Art of War"},{"floor":45,"key":"testmod-Acrobat"},{"floor":47,"key":"Replay:Baseball"}],"event_choices":[{"damage_healed":0.0,"max_hp_gain":5.0,"max_hp_loss":0.0,"gold_gain":0.0,"event_name":"Big Fish","player_choice":"Donut","floor":2.0,"gold_loss":0.0,"damage_taken":0.0},{"damage_healed":0.0,"max_hp_gain":0.0,"max_hp_loss":0.0,"gold_gain":0.0,"event_name":"The Mausoleum","player_choice":"Ignored","floor":19.0,"gold_loss":0.0,"damage_taken":0.0},{"cards_removed":["Defend_R"],"damage_healed":0.0,"max_hp_gain":0.0,"max_hp_loss":0.0,"gold_gain":0.0,"event_name":"Purifier","player_choice":"Purged","floor":20.0,"gold_loss":0.0,"damage_taken":0.0},{"damage_healed":0.0,"max_hp_gain":5.0,"max_hp_loss":0.0,"gold_gain":0.0,"event_name":"Forgotten Altar","player_choice":"Shed Blood","floor":22.0,"gold_loss":0.0,"damage_taken":28.0},{"damage_healed":0,"gold_gain":0,"player_choice":"Fight","damage_taken":0,"max_hp_gain":0,"max_hp_loss":0,"event_name":"MindBloom","floor":36,"gold_loss":0},{"damage_healed":0,"gold_gain":400,"player_choice":"Sell","damage_taken":0,"max_hp_gain":0,"max_hp_loss":0,"event_name":"恩洛斯的盘子","floor":37,"relics_lost":["testmod-TestBox"],"gold_loss":0}],"is_beta":false,"boss_relics":[{"not_picked":["ChewingGum","testmod-Prudence"],"picked":"testmod-DeterminationOfClimber"},{"not_picked":["Astrolabe","SacredBark"],"picked":"testmod-EnergyCheck"}],"items_purged_floors":[31,38,41],"is_endless":false,"potions_floor_spawned":[5,7,12,13,16,25,33,40,46,47,48],"ascension_level":20}}