{"host":"ryuep8ewa00k39z9","time":1607979035,"event":{"mods":["AchievementEnabler","BaseMod","Best Route Mod","Colored Map","Colored Powertips","Displayed Cursed Tome","Highlight Path","Minty Spire (QoL Compilation)","Quick Restart","SuperFastMode"],"gold_per_floor":[118,130,143,154,103,103,129,146,170,195,30,30,50,15,15,93,93,107,124,124,124,124,124],"floor_reached":22,"playtime":12245,"items_purged":[],"score":388,"play_id":"cfa59fa9-4f5f-41b9-9784-541d00f7f9cb","local_time":"20201214145035","is_ascension_mode":true,"campfire_choices":[{"data":"Perfected Strike","floor":6.0,"key":"SMITH"},{"floor":12.0,"key":"REST"},{"floor":15.0,"key":"REST"}],"circlet_count":0,"master_deck":["AscendersBane","Defend_R","Defend_R","Defend_R","Defend_R","Bash","Headbutt","Dual Wield","Perfected Strike+1","Pommel Strike","Wild Strike","Thunderclap","Inflame","Corruption+1","Wild Strike","Barricade","Shrug It Off","Clash","Bite","Bite","Bite","Bite","Bite"],"relics":["Sozu","Smiling Mask","Juzu Bracelet","PreservedInsect","Empty Cage"],"acts_visited":["Exordium","TheCity"],"potions_floor_usage":[],"damage_taken":[{"damage":0.0,"enemies":"Cultist","floor":1.0,"turns":3.0},{"damage":2.0,"enemies":"Jaw Worm","floor":2.0,"turns":3.0},{"damage":0.0,"enemies":"Small Slimes","floor":3.0,"turns":2.0},{"damage":13.0,"enemies":"Red Slaver","floor":4.0,"turns":3.0},{"damage":20.0,"enemies":"3 Sentries","floor":7.0,"turns":5.0},{"damage":18.0,"enemies":"Large Slime","floor":8.0,"turns":3.0},{"damage":10.0,"enemies":"Gremlin Nob","floor":10.0,"turns":3.0},{"damage":12.0,"enemies":"Exordium Thugs","floor":13.0,"turns":3.0},{"damage":24.0,"enemies":"Slime Boss","floor":16.0,"turns":8.0},{"damage":6.0,"enemies":"Spheric Guardian","floor":18.0,"turns":3.0},{"damage":30.0,"enemies":"Shell Parasite","floor":19.0,"turns":4.0},{"damage":30,"enemies":"Cultist and Chosen","floor":22,"turns":4}],"seed_played":"417659941668255571","potions_obtained":[],"is_trial":false,"path_per_floor":["M","M","M","M","$","R","E","M","T","E","$","R","M","?","R","B",null,"M","M","?","?","M"],"character_chosen":"IRONCLAD","items_purchased":["Wild Strike","PreservedInsect"],"campfire_rested":2,"item_purchase_floors":[5,11],"current_hp_per_floor":[68,66,66,53,53,53,33,15,15,5,5,27,17,35,57,35,65,61,33,33,33,9,9],"gold":124,"neow_bonus":"BOSS_RELIC","is_daily":false,"chose_seed":false,"campfire_upgraded":1,"win_rate":0.0,"timestamp":1607979035,"path_taken":["M","M","M","M","$","R","E","M","T","E","?","R","M","?","R","BOSS","M","M","?","?","M"],"items_purchased_type":["Card","Relic"],"build_version":"2020-12-13","purchased_purges":0,"victory":false,"max_hp_per_floor":[75,75,75,75,75,75,75,75,75,75,75,75,75,75,75,75,75,75,75,75,75,75,75],"card_choices":[{"not_picked":["Twin Strike","Flex"],"picked":"Headbutt","floor":1.0},{"not_picked":["Rupture","Iron Wave"],"picked":"Dual Wield","floor":2.0},{"not_picked":["Anger","Seeing Red"],"picked":"Perfected Strike","floor":3.0},{"not_picked":["Dropkick","Blood for Blood"],"picked":"Pommel Strike","floor":4.0},{"not_picked":["Warcry","Cleave"],"picked":"Thunderclap","floor":7.0},{"not_picked":["Body Slam","Flame Barrier"],"picked":"Inflame","floor":8.0},{"not_picked":["Intimidate","Armaments"],"picked":"Corruption","floor":10.0},{"not_picked":["Clothesline","Warcry"],"picked":"Wild Strike","floor":13.0},{"not_picked":["Immolate","Reaper"],"picked":"Barricade","floor":16.0},{"not_picked":["Iron Wave","Searing Blow"],"picked":"Shrug It Off","floor":18.0},{"not_picked":["Thunderclap","Armaments"],"picked":"Clash","floor":19.0}],"player_experience":3145184,"relics_obtained":[{"floor":7.0,"key":"Smiling Mask"},{"floor":9.0,"key":"Juzu Bracelet"},{"floor":10.0,"key":"Blood Vial"}],"event_choices":[{"damage_healed":18.0,"max_hp_gain":0.0,"max_hp_loss":0.0,"gold_gain":0.0,"event_name":"The Cleric","player_choice":"Healed","floor":14.0,"gold_loss":35.0,"damage_taken":0.0},{"damage_healed":0.0,"max_hp_gain":0.0,"max_hp_loss":0.0,"gold_gain":0.0,"event_name":"Accursed Blacksmith","player_choice":"Forge","floor":20.0,"gold_loss":0.0,"damage_taken":0.0,"cards_upgraded":["Corruption"]},{"damage_healed":0.0,"max_hp_gain":0.0,"max_hp_loss":0.0,"gold_gain":0.0,"event_name":"Vampires","player_choice":"Became a vampire (Vial)","floor":21.0,"relics_lost":["Blood Vial"],"gold_loss":0.0,"damage_taken":0.0,"cards_obtained":["Bite","Bite","Bite","Bite","Bite"]}],"is_beta":false,"boss_relics":[{"not_picked":["Tiny House","Runic Pyramid"],"picked":"Empty Cage"}],"items_purged_floors":[],"is_endless":false,"potions_floor_spawned":[3,4,7,8,19],"killed_by":"Cultist and Chosen","ascension_level":17}}