{"host":"7ttbe3gzet1mthv0","time":1607985092,"event":{"mods":["AchievementEnabler","BaseMod","CapriCore","Colored Map","Colored Powertips","Downfall","Highlight Path","Jorbs\u0027s Wanderer Trilogy","Marisa????????","Minty Spire (QoL Compilation)","Rare Cards Sparkle","Relic Stats","StSLib","The Alterego","The Bug Knight","The Hierophant"],"gold_per_floor":[118,137,147,165,181,213,225,225,248,248,105,138,165,198,198,312,312,332,88,268,298,223,223,260,260,260,287,287,309,349,370,370,475,475,505,533,533,556,611,621,621],"floor_reached":40,"playtime":6080,"items_purged":["Regret","stsjorbsmod:Strike_Wanderer"],"score":550,"play_id":"69195020-27e6-4196-90a7-9a3eff22b944","local_time":"20201214233132","is_ascension_mode":false,"campfire_choices":[{"data":"stsjorbsmod:Prestidigitation","floor":8,"key":"SMITH"},{"data":"stsjorbsmod:OldPocket","floor":15,"key":"SMITH"},{"floor":23,"key":"REST"},{"floor":28,"key":"REST"},{"floor":32,"key":"REST"}],"circlet_count":0,"master_deck":["stsjorbsmod:ForbiddenGrimoire+1","stsjorbsmod:Strike_Wanderer","stsjorbsmod:Strike_Wanderer","stsjorbsmod:Defend_Wanderer","stsjorbsmod:Defend_Wanderer","stsjorbsmod:Defend_Wanderer","stsjorbsmod:FreshAdventure","stsjorbsmod:EyeOfTheStorm","stsjorbsmod:FracturedMind","stsjorbsmod:Prestidigitation+1","stsjorbsmod:MageArmor","stsjorbsmod:TollTheDead","stsjorbsmod:HoldMonster","stsjorbsmod:OldPocket+1","stsjorbsmod:AnimateObjects","stsjorbsmod:WanderingMind","stsjorbsmod:OldPocket","stsjorbsmod:DeathThroes","stsjorbsmod:SchoolsOfMagic","stsjorbsmod:Banish","stsjorbsmod:Introspection","stsjorbsmod:Index+1","stsjorbsmod:FranticSearch+1","stsjorbsmod:IvoryTower","CurseOfTheBell","stsjorbsmod:TinyHut+1","stsjorbsmod:BookOfTongues","Madness","Madness","stsjorbsmod:BookOfTongues+1"],"relics":["stsjorbsmod:GrimoireRelic","Anchor","HollowMod:PaleOreRelic","Bag of Preparation","Oddly Smooth Stone","Centennial Puzzle","Fusion Hammer","MealTicket","Ancient Tea Set","Ice Cream","Calling Bell","Strawberry","Sundial","StoneCalendar","CatCart"],"acts_visited":["Exordium","TheCity","TheBeyond"],"potions_floor_usage":[16,16,24,30,33],"damage_taken":[{"damage":1,"enemies":"Small Slimes","floor":1,"turns":7},{"damage":9,"enemies":"2 Louse","floor":2,"turns":7},{"damage":0,"enemies":"Cultist","floor":3,"turns":6},{"damage":7,"enemies":"2 Fungi Beasts","floor":4,"turns":6},{"damage":0,"enemies":"3 Louse","floor":5,"turns":7},{"damage":10,"enemies":"Lagavulin","floor":6,"turns":8},{"damage":9,"enemies":"Large Slime","floor":7,"turns":7},{"damage":9,"enemies":"Gremlin Nob","floor":12,"turns":5},{"damage":1,"enemies":"Blue Slaver","floor":13,"turns":6},{"damage":6,"enemies":"Lagavulin","floor":14,"turns":7},{"damage":20,"enemies":"The Guardian","floor":16,"turns":11},{"damage":13,"enemies":"2 Thieves","floor":18,"turns":4},{"damage":1,"enemies":"Spheric Guardian","floor":21,"turns":5},{"damage":60,"enemies":"Gremlin Leader","floor":24,"turns":10},{"damage":6,"enemies":"3 Cultists","floor":27,"turns":7},{"damage":0,"enemies":"Snake Plant","floor":29,"turns":5},{"damage":2,"enemies":"HollowMod:Nosk","floor":30,"turns":7},{"damage":0,"enemies":"Snecko","floor":31,"turns":6},{"damage":21,"enemies":"Collector","floor":33,"turns":7},{"damage":3,"enemies":"3 Shapes","floor":35,"turns":6},{"damage":0,"enemies":"3 Darklings","floor":36,"turns":6},{"damage":36,"enemies":"Transient","floor":38,"turns":5},{"damage":42,"enemies":"Orin","floor":39,"turns":7},{"damage":31,"enemies":"Giant Head","floor":40,"turns":6}],"seed_played":"-6729369314508126003","potions_obtained":[{"floor":4,"key":"LiquidBronze"},{"floor":6,"key":"Block Potion"},{"floor":7,"key":"SpeedPotion"},{"floor":16,"key":"Swift Potion"},{"floor":24,"key":"Strength Potion"},{"floor":29,"key":"Regen Potion"},{"floor":30,"key":"Block Potion"},{"floor":36,"key":"SpeedPotion"}],"is_trial":false,"path_per_floor":["M","M","M","M","M","E","M","R","T","?","$","E","M","E","R","B",null,"M","$","?","M","?","R","E","?","T","M","R","M","E","M","R","B",null,"M","M","?","M","?","E"],"character_chosen":"WANDERER","items_purchased":["stsjorbsmod:OldPocket","stsjorbsmod:Banish"],"campfire_rested":3,"item_purchase_floors":[11,19],"current_hp_per_floor":[74,65,68,64,67,57,48,48,48,48,48,40,41,39,39,19,76,66,66,47,52,52,75,15,15,15,11,34,39,57,61,80,59,87,85,87,76,44,9,0,0],"gold":621,"neow_bonus":"TEN_PERCENT_HP_BONUS","is_daily":false,"chose_seed":false,"campfire_upgraded":2,"win_rate":0.0,"timestamp":1607985092,"path_taken":["M","M","M","M","M","E","M","R","T","?","$","E","M","E","R","BOSS","M","$","?","?","?","R","E","?","T","M","R","M","E","M","R","BOSS","M","M","?","M","?","E"],"items_purchased_type":["Card","Card"],"build_version":"2020-12-13","purchased_purges":2,"victory":false,"max_hp_per_floor":[74,74,74,74,74,74,74,74,74,74,74,74,74,76,76,76,76,76,76,76,78,78,78,78,78,78,78,78,80,80,80,80,80,87,87,87,87,87,87,87,87],"relic_stats":{"Centennial Puzzle":[30],"counters":[24,158],"Sundial":[8],"MealTicket":0,"StoneCalendar":[221],"Bag of Preparation":[34],"obtain_stats":[{"Ice Cream":30,"Oddly Smooth Stone":12,"stsjorbsmod:GrimoireRelic":0,"StoneCalendar":34,"Bag of Preparation":10,"Ancient Tea Set":26,"Calling Bell":34,"Anchor":6,"Centennial Puzzle":14,"Sundial":34,"Strawberry":34,"MealTicket":24,"Fusion Hammer":17,"HollowMod:PaleOreRelic":9,"CatCart":39},{"Ice Cream":17,"Oddly Smooth Stone":8,"stsjorbsmod:GrimoireRelic":0,"StoneCalendar":19,"Bag of Preparation":7,"Ancient Tea Set":14,"Calling Bell":19,"Anchor":6,"Centennial Puzzle":10,"Sundial":19,"Strawberry":19,"MealTicket":14,"Fusion Hammer":11,"HollowMod:PaleOreRelic":7,"CatCart":23},{"Ice Cream":115,"Oddly Smooth Stone":53,"stsjorbsmod:GrimoireRelic":0,"StoneCalendar":128,"Bag of Preparation":48,"Ancient Tea Set":96,"Calling Bell":128,"Anchor":41,"Centennial Puzzle":66,"Sundial":128,"Strawberry":128,"MealTicket":96,"Fusion Hammer":77,"HollowMod:PaleOreRelic":48,"CatCart":152}]},"card_choices":[{"not_picked":["stsjorbsmod:UnseenServant","stsjorbsmod:Hurt"],"picked":"stsjorbsmod:FracturedMind","floor":1},{"not_picked":["stsjorbsmod:SchoolsOfMagic","stsjorbsmod:Channel"],"picked":"stsjorbsmod:Prestidigitation","floor":2},{"not_picked":["stsjorbsmod:Mindworm","stsjorbsmod:ChatteringStrike","stsjorbsmod:Prestidigitation"],"picked":"SKIP","floor":3},{"not_picked":["stsjorbsmod:ArcaneWeapon","stsjorbsmod:WeightOfMemory"],"picked":"stsjorbsmod:MageArmor","floor":4},{"not_picked":["stsjorbsmod:Prestidigitation","stsjorbsmod:BurningFlask","stsjorbsmod:ChatteringStrike"],"picked":"SKIP","floor":5},{"not_picked":["stsjorbsmod:Message","stsjorbsmod:Hibernate"],"picked":"stsjorbsmod:TollTheDead","floor":6},{"not_picked":["stsjorbsmod:WanderingMind","stsjorbsmod:ArcaneWeapon"],"picked":"stsjorbsmod:HoldMonster","floor":7},{"not_picked":["stsjorbsmod:Firebolt","stsjorbsmod:Hibernate"],"picked":"stsjorbsmod:AnimateObjects","floor":12},{"not_picked":["stsjorbsmod:Prestidigitation","stsjorbsmod:Firebolt"],"picked":"stsjorbsmod:WanderingMind","floor":13},{"not_picked":["stsjorbsmod:Mindworm","stsjorbsmod:ChainLightning"],"picked":"stsjorbsmod:OldPocket","floor":14},{"not_picked":["stsjorbsmod:Determination","stsjorbsmod:Pyromancy"],"picked":"stsjorbsmod:DeathThroes","floor":16},{"not_picked":["stsjorbsmod:HedgeWizard+1","stsjorbsmod:OldPocket+1"],"picked":"stsjorbsmod:SchoolsOfMagic","floor":18},{"not_picked":["stsjorbsmod:Aid","stsjorbsmod:Prepare+1"],"picked":"stsjorbsmod:Introspection","floor":21},{"not_picked":["stsjorbsmod:Aid+1","stsjorbsmod:Introspection"],"picked":"stsjorbsmod:Index+1","floor":24},{"not_picked":["stsjorbsmod:RayOfFrost","stsjorbsmod:Message","stsjorbsmod:ArcaneWeapon"],"picked":"SKIP","floor":27},{"not_picked":["stsjorbsmod:BurningFlask","stsjorbsmod:Inferno+1","stsjorbsmod:Index+1"],"picked":"SKIP","floor":29},{"not_picked":["stsjorbsmod:Mania","stsjorbsmod:Prestidigitation"],"picked":"stsjorbsmod:FranticSearch+1","floor":30},{"not_picked":["stsjorbsmod:ChatteringStrike","stsjorbsmod:ParryingBlow","stsjorbsmod:Message+1"],"picked":"SKIP","floor":31},{"not_picked":["stsjorbsmod:SiphonEnergy","stsjorbsmod:Withdraw"],"picked":"stsjorbsmod:IvoryTower","floor":33},{"not_picked":["stsjorbsmod:Counterspell+1","stsjorbsmod:Rest+1"],"picked":"stsjorbsmod:TinyHut+1","floor":35},{"not_picked":["stsjorbsmod:Message","stsjorbsmod:SmithingStrike"],"picked":"stsjorbsmod:BookOfTongues","floor":36},{"not_picked":["stsjorbsmod:Index","stsjorbsmod:ParryingBlow","stsjorbsmod:LocateObject"],"picked":"SKIP","floor":38},{"not_picked":["stsjorbsmod:LocateObject","stsjorbsmod:UnseenServant+1"],"picked":"stsjorbsmod:BookOfTongues+1","floor":39}],"player_experience":14380,"relics_obtained":[{"floor":6,"key":"Anchor"},{"floor":9,"key":"HollowMod:PaleOreRelic"},{"floor":12,"key":"Oddly Smooth Stone"},{"floor":14,"key":"Centennial Puzzle"},{"floor":24,"key":"MealTicket"},{"floor":26,"key":"Ancient Tea Set"},{"floor":30,"key":"Ice Cream"},{"floor":34,"key":"Strawberry"},{"floor":34,"key":"Sundial"},{"floor":34,"key":"StoneCalendar"},{"floor":39,"key":"CatCart"}],"event_choices":[{"damage_healed":0,"gold_gain":0,"player_choice":"Box","damage_taken":0,"relics_obtained":["Bag of Preparation"],"max_hp_gain":0,"max_hp_loss":0,"event_name":"Big Fish","floor":10,"gold_loss":0,"cards_obtained":["Regret"]},{"damage_healed":0,"gold_gain":180,"player_choice":"GOLD GOLD ","damage_taken":19,"max_hp_gain":0,"max_hp_loss":0,"event_name":"Knowing Skull","floor":20,"potions_obtained":[],"gold_loss":0,"cards_obtained":[]},{"cards_removed":["stsjorbsmod:Strike_Wanderer"],"damage_healed":0,"gold_gain":0,"player_choice":"Gave Gold","damage_taken":0,"max_hp_gain":0,"max_hp_loss":0,"event_name":"Beggar","floor":22,"gold_loss":75},{"cards_removed":["stsjorbsmod:Defend_Wanderer"],"damage_healed":0,"gold_gain":0,"player_choice":"Elegance","damage_taken":0,"max_hp_gain":0,"max_hp_loss":0,"event_name":"Back to Basics","floor":25,"gold_loss":0},{"damage_healed":0,"gold_gain":0,"player_choice":"Embrace Madness","damage_taken":11,"max_hp_gain":0,"max_hp_loss":0,"event_name":"Winding Halls","floor":37,"gold_loss":0,"cards_obtained":["Madness","Madness"]},{"damage_healed":0,"gold_gain":0,"player_choice":"Fight","damage_taken":0,"max_hp_gain":0,"max_hp_loss":0,"event_name":"OrinTheCat","floor":39,"gold_loss":0}],"is_beta":false,"boss_relics":[{"not_picked":["Tiny House","Coffee Dripper"],"picked":"Fusion Hammer"},{"not_picked":["Philosopher\u0027s Stone","Runic Dome"],"picked":"Calling Bell"}],"items_purged_floors":[11,19],"is_endless":false,"potions_floor_spawned":[4,6,7,12,16,24,29,30,36,39],"killed_by":"Giant Head","ascension_level":0}}