{"host":"ks12kfi5c4d9hdxy","time":1607980249,"event":{"mods":["BaseMod","Conspire","GifTheSpireLib","Koishi","LagranYue(拉格朗・月)","Marisa（F雨　魔理沙）","Minty Spire (QoL Compilation)","Reimu（博丽灵梦）","Remilia（蕾米莉亚）","Replay The Spire","RumiaBox-露米娅的神秘盒子","StSLib","SuperFastMode","The Administrix","The Servant 0.9.4","Youmu（魂魄妖梦）","Yuyuko","【功能Mod】混沌之环修复补丁","【功能Mod】聪明的最终Boss","篝火指南"],"gold_per_floor":[113,123,135,135,154,154,170,199,224,224,224,253,159,159,159,233,233,245,276,34,31,31,31,81,108,160,172,184,184],"floor_reached":28,"playtime":934,"items_purged":["LagranYue:BaseAttackCard"],"score":464,"play_id":"d46371d7-9eaf-4185-853e-4cadb783d395","local_time":"20201215051049","is_ascension_mode":true,"campfire_choices":[{"data":"FinalSpark","floor":6.0,"key":"SMITH"},{"floor":11.0,"key":"DIG"},{"floor":15.0,"key":"REST"},{"floor":23,"key":"REST"},{"floor":27,"key":"REST"}],"circlet_count":0,"master_deck":["AscendersBane","Strike_MRS","Strike_MRS","Strike_MRS","Strike_MRS","Defend_MRS","Defend_MRS","Defend_MRS","Defend_MRS","MasterSpark","UpSweep","MagicAbsorber","EarthLightRay","FinalSpark+1","CasketOfStar","GasGiant","MagicAbsorber","Dark Shackles","DoubleSpark"],"relics":["MiniHakkero","LagranYue:RandomDrawCardRelic","Replay:Multitool","LagranYue:GuidanceLightRelic","PreservedInsect","Anchor","Centennial Puzzle","Toy Ornithopter","AddBug","Replay:Multitool","Red Mask","Toolbox","Incense Burner","MawBank"],"acts_visited":["Exordium","TheCity"],"potions_floor_usage":[],"damage_taken":[{"damage":1.0,"enemies":"Cultist","floor":1.0,"turns":3.0},{"damage":2.0,"enemies":"Jaw Worm","floor":2.0,"turns":3.0},{"damage":4.0,"enemies":"Small Slimes","floor":3.0,"turns":3.0},{"damage":12.0,"enemies":"3 Louse","floor":5.0,"turns":4.0},{"damage":24.0,"enemies":"Exordium Thugs","floor":7.0,"turns":4.0},{"damage":15.0,"enemies":"Lagavulin","floor":8.0,"turns":5.0},{"damage":22.0,"enemies":"3 Sentries","floor":12.0,"turns":6.0},{"damage":34.0,"enemies":"Fading Forest","floor":16.0,"turns":11.0},{"damage":43.0,"enemies":"Shell Parasite","floor":18.0,"turns":8.0},{"damage":24.0,"enemies":"Masked Bandits","floor":19.0,"turns":3.0},{"damage":5,"enemies":"2 Thieves","floor":21,"turns":4},{"damage":50,"enemies":"Book of Stabbing","floor":25,"turns":6},{"damage":35,"enemies":"Sentry and Sphere","floor":28,"turns":5}],"seed_played":"-1374385966756714098","potions_obtained":[{"floor":2.0,"key":"ColorlessPotion"},{"floor":3.0,"key":"FairyPotion"},{"floor":8.0,"key":"Reflective Coating"},{"floor":12.0,"key":"Strength Potion"},{"floor":18.0,"key":"Strength Potion"}],"is_trial":false,"path_per_floor":["M","M","M","?","M","R","M","E","T","?","R","E","$","?","R","B",null,"M","?","$","M","$","R","?","E","T","R","M"],"character_chosen":"MARISA","items_purchased":["Dark Shackles","Toolbox"],"campfire_rested":3,"item_purchase_floors":[13,20],"current_hp_per_floor":[62,60,60,60,52,52,32,21,21,21,21,3,3,3,24,15,56,21,6,6,5,5,26,26,2,2,23,0,0],"gold":184,"neow_bonus":"ONE_RARE_RELIC","is_daily":false,"chose_seed":false,"campfire_upgraded":1,"win_rate":0.0,"timestamp":1607980249,"path_taken":["M","?","M","?","?","R","M","E","T","?","R","E","$","?","R","BOSS","M","?","$","M","$","R","?","E","T","R","M"],"items_purchased_type":["Card","Relic"],"build_version":"2020-12-13","purchased_purges":1,"victory":false,"max_hp_per_floor":[70,70,70,70,70,70,70,70,70,70,70,70,70,70,70,70,70,70,70,70,70,70,70,70,70,70,70,70,70],"card_choices":[{"not_picked":["MilkyWay","SporeBomb"],"picked":"MagicAbsorber","floor":1.0},{"not_picked":["GalacticHalo","Acceleration"],"picked":"EarthLightRay","floor":2.0},{"not_picked":["UnstableBomb","DoubleSpark","GrandCross"],"picked":"SKIP","floor":3.0},{"not_picked":["MysteriousBeam","Acceleration"],"picked":"CasketOfStar","floor":5.0},{"not_picked":["EventHorizon","MagicChant","Orbital"],"picked":"SKIP","floor":7.0},{"not_picked":["AsteroidBelt","PowerUp"],"picked":"GasGiant","floor":8.0},{"not_picked":["NonDirectionalLaser","GrandCross"],"picked":"MagicAbsorber","floor":12.0},{"not_picked":["DragonMeteor+1","NonDirectionalLaser","DoubleSpark"],"picked":"SKIP","floor":18.0},{"not_picked":["DragonMeteor+1","NonDirectionalLaser"],"picked":"DoubleSpark","floor":18.0},{"not_picked":["MilkyWay","OrrerysSun","6A"],"picked":"SKIP","floor":21},{"not_picked":["FairyDestructionRay","BinaryStars","ChargeUpSpray"],"picked":"SKIP","floor":25}],"player_experience":490968,"relics_obtained":[{"floor":8.0,"key":"LagranYue:GuidanceLightRelic"},{"floor":9.0,"key":"PreservedInsect"},{"floor":11.0,"key":"Centennial Puzzle"},{"floor":12.0,"key":"Toy Ornithopter"},{"floor":18.0,"key":"Replay:Multitool"},{"floor":19.0,"key":"Red Mask"},{"floor":25,"key":"Incense Burner"},{"floor":26,"key":"MawBank"}],"event_choices":[{"damage_healed":0.0,"max_hp_gain":0.0,"max_hp_loss":0.0,"gold_gain":0.0,"event_name":"Match and Keep!","player_choice":"1 cards matched","floor":4.0,"gold_loss":0.0,"damage_taken":0.0,"cards_obtained":["FinalSpark"]},{"damage_healed":0.0,"max_hp_gain":0.0,"max_hp_loss":0.0,"gold_gain":0.0,"event_name":"Dead Adventurer","player_choice":"Searched \u00271\u0027 times","floor":10.0,"gold_loss":0.0,"damage_taken":0.0,"relics_obtained":["Anchor"]},{"cards_removed":["LagranYue:BaseAttackCard"],"damage_healed":0.0,"max_hp_gain":0.0,"max_hp_loss":0.0,"gold_gain":0.0,"event_name":"Wheel of Change","player_choice":"Card Removal","floor":14.0,"gold_loss":0.0,"damage_taken":0.0},{"damage_healed":0.0,"max_hp_gain":0.0,"max_hp_loss":0.0,"gold_gain":0.0,"event_name":"Masked Bandits","player_choice":"Fought Bandits","floor":19.0,"gold_loss":0.0,"damage_taken":0.0},{"damage_healed":0,"gold_gain":50,"player_choice":"Stole From Cult","damage_taken":0,"max_hp_gain":0,"max_hp_loss":0,"event_name":"Nest","floor":24,"gold_loss":0}],"is_beta":false,"boss_relics":[{"not_picked":["Philosopher\u0027s Stone","Black Star"],"picked":"AddBug"}],"items_purged_floors":[20],"is_endless":false,"potions_floor_spawned":[2,3,8,12,18],"killed_by":"Sentry and Sphere","ascension_level":18}}