{"host":"jak4ncvfzor9mys0","time":1607971864,"event":{"mods":["2.2 Compatiblity","AchievementEnabler","BaseMod","Better Altar","Better Match","Better Note","Better Sensory Stone","Better Skull","Better Third Choice","BetterRewards","Block Reminder","Colored Map","Colored Powertips","Energized Spire","Gold Saver","Hubris","Infinite Spire","Key Reminder","Minty Spire (QoL Compilation)","Rare Cards Sparkle","Red Circlet Mod","Relic Sorter","Relic Stats","Replay The Spire","Retaliation","StSLib","SuperFastMode","The Blue Laboratory"],"gold_per_floor":[359,369,369,380,193,193,225,225,225,225,240,253,321,338,338,439,439,459,459,358,372,372,382,382,382,382,382,382],"floor_reached":27,"playtime":701,"items_purged":["Strike_R"],"score":213,"play_id":"9b3ed4c0-aa63-4841-87ce-937e42d42895","local_time":"20201214105104","is_ascension_mode":false,"campfire_choices":[{"data":"infinitespire:OneForAll","floor":6,"key":"SMITH"},{"floor":15,"key":"REST"},{"data":"Thunderclap","floor":24,"key":"SMITH"}],"circlet_count":0,"master_deck":["Strike_R+1","Strike_R","Strike_R","Strike_R","Defend_R","Defend_R","Defend_R","Defend_R","Bash","infinitespire:OneForAll+1","Whirlwind","Berserk","Headbutt","Thunderclap+1"],"relics":["Burning Blood","Lee\u0027s Waffle","Pondfish Scales","Replay:Bottled Steam","hubris:PeanutButter","hubris:Backtick","infinitespire:Bottled Soul","Replay:Mystery Machine"],"acts_visited":["Exordium","TheCity"],"potions_floor_usage":[7,16,27],"damage_taken":[{"damage":4,"enemies":"Small Slimes","floor":1,"turns":5},{"damage":0,"enemies":"2 Louse","floor":2,"turns":3},{"damage":15,"enemies":"Jaw Worm","floor":4,"turns":4},{"damage":54,"enemies":"Lagavulin","floor":7,"turns":7},{"damage":20,"enemies":"Looter","floor":11,"turns":3},{"damage":0,"enemies":"Large Slime","floor":12,"turns":6},{"damage":12,"enemies":"Exordium Thugs","floor":14,"turns":3},{"damage":28,"enemies":"Fading Forest","floor":16,"turns":11},{"damage":26,"enemies":"Chosen","floor":18,"turns":6},{"damage":37,"enemies":"Shell Parasite","floor":21,"turns":7},{"damage":31,"enemies":"Centurion and Healer","floor":23,"turns":4},{"damage":12,"enemies":"Snecko","floor":27,"turns":3}],"seed_played":"1505176600350358923","potions_obtained":[{"floor":2,"key":"blueLaboratory:BottleOfRum"},{"floor":7,"key":"blueLaboratory:Moonshine"},{"floor":14,"key":"blueLaboratory:FrostheartPotion"},{"floor":18,"key":"Doom Potion"},{"floor":21,"key":"Languid Potion"}],"is_trial":false,"path_per_floor":["M","M","?","M","$","R","E","?","T","?","M","M","T","M","R","B",null,"M","?","$","M","$","M","R","?","T","M"],"character_chosen":"IRONCLAD","items_purchased":["Lee\u0027s Waffle","infinitespire:OneForAll","Headbutt"],"campfire_rested":1,"item_purchase_floors":[5,5,20],"current_hp_per_floor":[80,80,80,71,87,87,39,39,39,39,25,31,31,25,51,39,87,67,67,67,36,36,11,11,11,11,0,0],"gold":382,"neow_bonus":"HUNDRED_GOLD","is_daily":false,"chose_seed":false,"campfire_upgraded":2,"win_rate":0.0,"timestamp":1607971864,"path_taken":["M","M","?","M","$","R","E","?","T","?","M","M","?","M","R","BOSS","M","?","?","M","$","M","R","?","T","M"],"items_purchased_type":["Relic","Card","Card"],"build_version":"2020-12-13","purchased_purges":1,"victory":false,"max_hp_per_floor":[80,80,80,80,87,87,87,87,87,87,87,87,87,87,87,87,87,87,87,87,87,87,87,87,87,87,87,87],"relic_stats":{"Lee\u0027s Waffle":16,"counters":[12,62],"obtain_stats":[{"Lee\u0027s Waffle":5,"Pondfish Scales":7,"hubris:Backtick":17,"infinitespire:Bottled Soul":17,"hubris:PeanutButter":13,"Replay:Mystery Machine":26,"Burning Blood":0,"Replay:Bottled Steam":9},{"Lee\u0027s Waffle":3,"Pondfish Scales":4,"hubris:Backtick":8,"infinitespire:Bottled Soul":8,"hubris:PeanutButter":6,"Replay:Mystery Machine":11,"Burning Blood":0,"Replay:Bottled Steam":4},{"Lee\u0027s Waffle":12,"Pondfish Scales":19,"hubris:Backtick":42,"infinitespire:Bottled Soul":42,"hubris:PeanutButter":28,"Replay:Mystery Machine":59,"Burning Blood":0,"Replay:Bottled Steam":19}],"Burning Blood":58},"card_choices":[{"not_picked":["Flex","DDmod:EasePowerCard","Battle Trance"],"picked":"SKIP","floor":1},{"not_picked":["Armaments","Pommel Strike","Replay:Undeath\u0027s Touch"],"picked":"SKIP","floor":2},{"not_picked":["DDmod:EasePowerCard","Havoc","Blood for Blood"],"picked":"SKIP","floor":4},{"not_picked":["Metallicize","ReplayTheSpireMod:Muscle Training"],"picked":"Whirlwind","floor":7},{"not_picked":["Wild Strike","Clothesline","Flex"],"picked":"SKIP","floor":11},{"not_picked":["Iron Wave","Perfected Strike","Headbutt"],"picked":"SKIP","floor":12},{"not_picked":["Havoc","Whirlwind","Impervious"],"picked":"SKIP","floor":14},{"not_picked":["Corruption","Fiend Fire"],"picked":"Berserk","floor":16},{"not_picked":["Run Through+1","DDmod:UnstoppableAttack+1","Headbutt"],"picked":"SKIP","floor":18},{"not_picked":["Anger","Dual Wield","ReplayTheSpireMod:Strike From Hell"],"picked":"SKIP","floor":21},{"not_picked":["Seeing Red","Run Through"],"picked":"Thunderclap","floor":23}],"player_experience":2601848,"relics_obtained":[{"floor":7,"key":"Pondfish Scales"},{"floor":9,"key":"Replay:Bottled Steam"},{"floor":13,"key":"hubris:PeanutButter"},{"floor":26,"key":"Replay:Mystery Machine"}],"event_choices":[{"damage_healed":0,"gold_gain":0,"player_choice":"Leave","damage_taken":0,"max_hp_gain":0,"max_hp_loss":0,"event_name":"FaceTrader","floor":19,"gold_loss":0},{"damage_healed":0,"gold_gain":0,"player_choice":"Got Potions","damage_taken":0,"max_hp_gain":0,"max_hp_loss":0,"event_name":"Lab","floor":25,"gold_loss":0}],"is_beta":false,"boss_relics":[{"not_picked":["Abe\u0027s Treasure","SlaversCollar"],"picked":"hubris:Backtick"}],"items_purged_floors":[20],"is_endless":false,"potions_floor_spawned":[2,7,14,18,21],"killed_by":"Snecko","ascension_level":0}}