{"host":"y89x8uui45kcjy42","time":1607960522,"event":{"mods":["2.2 Compatiblity","BaseMod","Colored Map","Colored Powertips","Friendly Minions","Hermit","Highlight Path","Keyboard Shortcuts","Minty Spire (QoL Compilation)","StSLib","SuperFastMode","Waifu the Spire"],"gold_per_floor":[116,66,341,118,128,128,139,139,164,164,16,16,49,66,66,162,162,176,176,176,176],"floor_reached":20,"playtime":482,"items_purged":["hermit:Strike_Hermit","hermit:Strike_Hermit"],"score":196,"play_id":"0d62167f-e239-4fa6-88b8-bff2e7e14a2a","local_time":"20201215004202","is_ascension_mode":true,"campfire_choices":[{"data":"hermit:Roughhouse","floor":6,"key":"SMITH"},{"data":"hermit:Covet","floor":8,"key":"SMITH"},{"data":"hermit:Brawl","floor":10,"key":"SMITH"},{"data":"hermit:Snapshot","floor":15,"key":"SMITH"}],"circlet_count":0,"master_deck":["hermit:Strike_Hermit","hermit:Defend_Hermit","hermit:Defend_Hermit","hermit:Defend_Hermit","hermit:Defend_Hermit","hermit:Snapshot+1","hermit:Covet+1","hermit:Roughhouse+1","hermit:Brawl+1","Regret","hermit:FatalDesire","Regret","hermit:FromBeyond","CurseOfTheBell"],"relics":["hermit:Momento","Strawberry","Tiny Chest","Kunai","Calling Bell","Nunchaku","Molten Egg 2","Incense Burner","Nilry\u0027s Codex"],"acts_visited":["Exordium","TheCity"],"potions_floor_usage":[13,13,16,16,16,16,16,18,20],"damage_taken":[{"damage":1,"enemies":"Cultist","floor":1,"turns":3},{"damage":14,"enemies":"2 Louse","floor":5,"turns":3},{"damage":7,"enemies":"Jaw Worm","floor":7,"turns":5},{"damage":20,"enemies":"Lagavulin","floor":13,"turns":4},{"damage":14,"enemies":"Blue Slaver","floor":14,"turns":4},{"damage":13,"enemies":"The Guardian","floor":16,"turns":9},{"damage":31,"enemies":"Shell Parasite","floor":18,"turns":5},{"damage":40,"enemies":"3 Byrds","floor":20,"turns":4}],"seed_played":"6753659916900638062","potions_obtained":[{"floor":7,"key":"Strength Potion"},{"floor":13,"key":"EntropicBrew"},{"floor":14,"key":"SkillPotion"},{"floor":16,"key":"AttackPotion"},{"floor":18,"key":"Explosive Potion"}],"is_trial":false,"path_per_floor":["M","?","?","$","M","R","M","R","T","R","$","?","E","M","R","B",null,"M","?","M"],"character_chosen":"HERMIT","items_purchased":["hermit:FatalDesire","Fire Potion"],"campfire_rested":0,"item_purchase_floors":[4,11],"current_hp_per_floor":[74,74,74,74,60,60,53,53,60,60,60,60,40,26,26,28,82,51,35,0,0],"gold":176,"neow_bonus":"ONE_RANDOM_RARE_CARD","is_daily":false,"chose_seed":false,"campfire_upgraded":4,"win_rate":0.0,"timestamp":1607960522,"path_taken":["M","?","?","$","?","R","M","R","T","R","$","?","E","M","R","BOSS","M","?","M"],"items_purchased_type":["Card","Potion"],"build_version":"2020-12-13","purchased_purges":2,"victory":false,"max_hp_per_floor":[75,75,75,75,75,75,75,75,82,82,82,82,82,82,82,82,82,82,82,82,82],"card_choices":[{"not_picked":["hermit:Feint","hermit:Showdown"],"picked":"hermit:Brawl","floor":1},{"not_picked":["hermit:GhostlyPresence","hermit:Headshot","hermit:GoldenBullet"],"picked":"SKIP","floor":5},{"not_picked":["hermit:Quickdraw","hermit:HighCaliber","hermit:Desperado"],"picked":"SKIP","floor":7},{"not_picked":["hermit:BigShot","hermit:GoldenBullet","hermit:Showdown"],"picked":"SKIP","floor":13},{"not_picked":["hermit:Manifest","hermit:SprayPray","hermit:LowProfile"],"picked":"SKIP","floor":14},{"not_picked":["hermit:Purgatory","hermit:HighNoon"],"picked":"hermit:FromBeyond","floor":16},{"not_picked":["hermit:Headshot+1","hermit:PistolWhip+1","hermit:LowProfile"],"picked":"SKIP","floor":18}],"player_experience":504993,"relics_obtained":[{"floor":9,"key":"Strawberry"},{"floor":13,"key":"Kunai"},{"floor":17,"key":"Nunchaku"},{"floor":17,"key":"Molten Egg 2"},{"floor":17,"key":"Incense Burner"},{"floor":19,"key":"Nilry\u0027s Codex"}],"event_choices":[{"cards_removed":["hermit:Strike_Hermit"],"damage_healed":0,"gold_gain":0,"player_choice":"Card Removal","damage_taken":0,"max_hp_gain":0,"max_hp_loss":0,"event_name":"The Cleric","floor":2,"gold_loss":50},{"damage_healed":0,"gold_gain":275,"player_choice":"Desecrate","damage_taken":0,"max_hp_gain":0,"max_hp_loss":0,"event_name":"Golden Shrine","floor":3,"gold_loss":0,"cards_obtained":["Regret"]},{"damage_healed":0,"gold_gain":0,"player_choice":"Box","damage_taken":0,"relics_obtained":["Tiny Chest"],"max_hp_gain":0,"max_hp_loss":0,"event_name":"Big Fish","floor":12,"gold_loss":0,"cards_obtained":["Regret"]},{"damage_healed":0,"gold_gain":0,"player_choice":"Obtained Book","damage_taken":16,"max_hp_gain":0,"max_hp_loss":0,"event_name":"Cursed Tome","floor":19,"gold_loss":0}],"is_beta":false,"boss_relics":[{"not_picked":["SlaversCollar","Ectoplasm"],"picked":"Calling Bell"}],"items_purged_floors":[4,11],"is_endless":false,"potions_floor_spawned":[7,13,14,16,18],"killed_by":"3 Byrds","ascension_level":3}}