{"host":"qm4rv4rkpk76sbxu","time":1607947503,"event":{"mods":["BaseMod","Bestiary","Block Reminder","DeckTracker","Filter the Spire","Keyboard Shortcuts","Minty Spire (QoL Compilation)","MonsterHotkey","Potion Indicator Mod","Quick Restart","Random Character Button","Relic Stats","Slay-I","StSLib","ojb\u0027s Better Paths Mod"],"gold_per_floor":[118,118,43,43,63,90,90,103,126,154,154,168,183,183,183,259,259,277,277,293,32,79,111,111,146,172,172,197,146,146,19,19,90,90,108,108,108,123,1122,1157,1157,1157,1157,1192,1192,1192,1192,1210,1210,1210,1210,1210,1210,353,380,380],"floor_reached":57,"playtime":3428,"items_purged":["Defend_G","Deadly Poison","Writhe"],"score":2890,"play_id":"aef9a752-e826-4fec-8e23-18e346ad8af8","local_time":"20201214130503","is_ascension_mode":true,"campfire_choices":[{"data":"Skewer","floor":7.0,"key":"SMITH"},{"data":"Poisoned Stab","floor":15.0,"key":"SMITH"},{"data":"Wraith Form v2","floor":27.0,"key":"SMITH"},{"data":"Dagger Spray","floor":30.0,"key":"SMITH"},{"data":"Neutralize","floor":32.0,"key":"SMITH"},{"data":"After Image","floor":41.0,"key":"SMITH"},{"floor":47.0,"key":"RECALL"},{"floor":49.0,"key":"REST"},{"floor":53.0,"key":"REST"}],"circlet_count":0,"master_deck":["AscendersBane","Strike_G+1","Strike_G","Strike_G+1","Defend_G+1","Defend_G+1","Defend_G","Defend_G","Survivor+1","Neutralize+1","Dagger Spray+1","Skewer+1","Backstab","Poisoned Stab+1","After Image+1","Wraith Form v2+1","Dodge and Roll+1","Calculated Gamble+1","Outmaneuver+1","Flash of Steel","Deflect+1","Adrenaline+1","Deflect+1","Finesse+1","Flash of Steel","Blind+1","Footwork+1","Phantasmal Killer+1","Escape Plan+1","Madness+1","Madness+1","Crippling Poison+1","Footwork","Backflip+1","Poisoned Stab+1","Secret Technique+1","Blade Dance+1"],"relics":["Ring of the Serpent","NeowsBlessing","PreservedInsect","Bag of Marbles","Pantograph","StrikeDummy","Black Star","Omamori","Orichalcum","Akabeko","Toxic Egg 2","Kunai","White Beast Statue","Centennial Puzzle","Juzu Bracelet","InkBottle","HornCleat","Bottled Flame","Ninja Scroll","Pen Nib","The Specimen","ClockworkSouvenir","War Paint","Bag of Preparation","Whetstone"],"acts_visited":["Exordium","TheCity","TheBeyond","TheEnding"],"potions_floor_usage":[56,56],"damage_taken":[{"damage":0.0,"enemies":"2 Louse","floor":1.0,"turns":1.0},{"damage":0.0,"enemies":"Cultist","floor":5.0,"turns":1.0},{"damage":0.0,"enemies":"Lagavulin","floor":6.0,"turns":1.0},{"damage":1.0,"enemies":"Jaw Worm","floor":8.0,"turns":2.0},{"damage":0.0,"enemies":"3 Sentries","floor":10.0,"turns":4.0},{"damage":0.0,"enemies":"Exordium Thugs","floor":12.0,"turns":2.0},{"damage":0.0,"enemies":"Blue Slaver","floor":13.0,"turns":2.0},{"damage":44.0,"enemies":"Hexaghost","floor":16.0,"turns":9.0},{"damage":15.0,"enemies":"2 Thieves","floor":18.0,"turns":4.0},{"damage":1.0,"enemies":"Chosen","floor":20.0,"turns":4.0},{"damage":1.0,"enemies":"Slavers","floor":23.0,"turns":4.0},{"damage":12.0,"enemies":"Gremlin Leader","floor":25.0,"turns":3.0},{"damage":6.0,"enemies":"Slavers","floor":28.0,"turns":6.0},{"damage":21.0,"enemies":"Automaton","floor":33.0,"turns":15.0},{"damage":3.0,"enemies":"3 Darklings","floor":35.0,"turns":6.0},{"damage":0.0,"enemies":"3 Shapes","floor":38.0,"turns":7.0},{"damage":7.0,"enemies":"Nemesis","floor":40.0,"turns":9.0},{"damage":14.0,"enemies":"Giant Head","floor":44.0,"turns":8.0},{"damage":0.0,"enemies":"Sphere and 2 Shapes","floor":48.0,"turns":3.0},{"damage":15.0,"enemies":"Donu and Deca","floor":50.0,"turns":12.0},{"damage":50.0,"enemies":"Awakened One","floor":51.0,"turns":29.0},{"damage":27.0,"enemies":"Shield and Spear","floor":55.0,"turns":6.0},{"damage":51,"enemies":"The Heart","floor":56,"turns":14}],"seed_played":"6942114833302185531","potions_obtained":[{"floor":5.0,"key":"FairyPotion"},{"floor":6.0,"key":"SpeedPotion"},{"floor":8.0,"key":"GamblersBrew"},{"floor":12.0,"key":"Energy Potion"},{"floor":16.0,"key":"LiquidMemories"},{"floor":19.0,"key":"SkillPotion"},{"floor":19.0,"key":"LiquidBronze"},{"floor":25.0,"key":"BlessingOfTheForge"},{"floor":28.0,"key":"Strength Potion"},{"floor":33.0,"key":"GamblersBrew"},{"floor":35.0,"key":"PowerPotion"},{"floor":40.0,"key":"SkillPotion"},{"floor":44.0,"key":"Block Potion"},{"floor":48.0,"key":"EssenceOfSteel"},{"floor":55.0,"key":"ColorlessPotion"}],"is_trial":false,"path_per_floor":["M","?","$","?","M","E","R","M","T","E","T","M","M","?","R","B",null,"M","?","M","$","T","E","?","E","T","R","E","$","R","$","R","B",null,"M","?","?","M","?","E","R","T","T","E","?","?","R","M","R","B","B",null,"R","$","E","B",null],"character_chosen":"THE_SILENT","items_purchased":["Omamori","Outmaneuver+1","Flash of Steel","Deflect+1","ClockworkSouvenir","War Paint","Footwork","Backflip+1","Poisoned Stab","Energy Potion","Secret Technique+1"],"campfire_rested":2,"item_purchase_floors":[21,29,31,31,54,54,54,54,54,54,54],"current_hp_per_floor":[59,59,59,39,39,39,39,38,38,38,38,38,38,38,38,19,54,39,39,38,38,38,37,37,25,25,25,19,19,19,19,19,23,55,52,42,42,42,42,35,35,35,35,21,9,9,9,9,28,38,13,53,66,66,39,13],"gold":380,"neow_bonus":"THREE_ENEMY_KILL","is_daily":false,"chose_seed":false,"campfire_upgraded":6,"win_rate":0.0,"timestamp":1607947503,"path_taken":["M","?","$","?","M","E","R","M","T","E","?","M","?","?","R","BOSS","M","?","?","$","?","E","?","E","T","R","E","$","R","?","R","BOSS","M","?","?","M","?","E","R","?","T","E","?","?","R","M","R","BOSS","BOSS","R","$","E","BOSS"],"items_purchased_type":["Relic","Card","Card","Card","Relic","Relic","Card","Card","Card","Potion","Card"],"build_version":"2020-12-13","purchased_purges":3,"victory":true,"max_hp_per_floor":[66,66,66,66,66,66,66,66,66,66,66,66,66,66,66,66,66,66,66,66,66,66,66,66,66,66,66,66,66,66,66,66,66,66,66,66,66,66,66,66,66,66,66,66,66,66,66,66,66,66,66,66,66,66,66,66],"relic_stats":{"counters":[23,152],"PreservedInsect":421,"Pen Nib":[18],"Juzu Bracelet":2,"Bag of Preparation":[1],"Whetstone":["Strike_G","Poisoned Stab"],"Orichalcum":[42],"War Paint":["Survivor","Defend_G"],"Centennial Puzzle":[25],"Pantograph":125,"Black Star":6,"Kunai":[68],"obtain_stats":[{"Juzu Bracelet":28,"Bag of Preparation":55,"Whetstone":55,"ClockworkSouvenir":54,"Centennial Puzzle":26,"HornCleat":40,"Ninja Scroll":43,"Pantograph":10,"Kunai":25,"Toxic Egg 2":23,"InkBottle":28,"Ring of the Snake":0,"NeowsBlessing":0,"The Specimen":44,"PreservedInsect":6,"Pen Nib":44,"Omamori":21,"Orichalcum":22,"War Paint":54,"Akabeko":23,"White Beast Statue":25,"Bottled Flame":40,"Bag of Marbles":9,"Black Star":17,"StrikeDummy":11,"Ring of the Serpent":34},{"Juzu Bracelet":13,"Bag of Preparation":22,"Whetstone":22,"ClockworkSouvenir":21,"Centennial Puzzle":12,"HornCleat":17,"Ninja Scroll":17,"Pantograph":5,"Kunai":12,"Toxic Egg 2":11,"InkBottle":13,"Ring of the Snake":0,"NeowsBlessing":0,"The Specimen":18,"PreservedInsect":3,"Pen Nib":18,"Omamori":10,"Orichalcum":10,"War Paint":21,"Akabeko":11,"White Beast Statue":12,"Bottled Flame":17,"Bag of Marbles":4,"Black Star":8,"StrikeDummy":5,"Ring of the Serpent":14},{"Juzu Bracelet":43,"Bag of Preparation":138,"Whetstone":138,"ClockworkSouvenir":132,"Centennial Puzzle":37,"HornCleat":80,"Ninja Scroll":80,"Pantograph":9,"Kunai":37,"Toxic Egg 2":34,"InkBottle":43,"Ring of the Snake":0,"NeowsBlessing":0,"The Specimen":88,"PreservedInsect":3,"Pen Nib":88,"Omamori":30,"Orichalcum":30,"War Paint":132,"Akabeko":34,"White Beast Statue":37,"Bottled Flame":80,"Bag of Marbles":5,"Black Star":22,"StrikeDummy":9,"Ring of the Serpent":58}],"InkBottle":[67]},"card_choices":[{"not_picked":["Finisher","Footwork"],"picked":"Dagger Spray","floor":1.0},{"not_picked":["Backflip","Choke","Outmaneuver"],"picked":"SKIP","floor":5.0},{"not_picked":["Dagger Spray","Bane"],"picked":"Skewer","floor":6.0},{"not_picked":["Deadly Poison","Caltrops"],"picked":"Backstab","floor":8.0},{"not_picked":["Predator","Blade Dance"],"picked":"Deadly Poison","floor":10.0},{"not_picked":["Crippling Poison","Prepared"],"picked":"Poisoned Stab","floor":12.0},{"not_picked":["Flying Knee","Heel Hook"],"picked":"After Image","floor":13.0},{"not_picked":["A Thousand Cuts","Glass Knife"],"picked":"Wraith Form v2","floor":16.0},{"not_picked":["Reflex+1","Underhanded Strike","Deadly Poison"],"picked":"SKIP","floor":18.0},{"not_picked":["Bane","Tactician","Blade Dance"],"picked":"SKIP","floor":20.0},{"not_picked":["Bane","Underhanded Strike","Slice"],"picked":"SKIP","floor":23.0},{"not_picked":["Dagger Throw","Heel Hook"],"picked":"Dodge and Roll+1","floor":25.0},{"not_picked":["Prepared+1","Dagger Throw"],"picked":"Calculated Gamble+1","floor":28.0},{"not_picked":["Glass Knife","Grand Finale"],"picked":"Adrenaline+1","floor":33.0},{"not_picked":["Outmaneuver+1","Acrobatics+1"],"picked":"Deflect+1","floor":35.0},{"not_picked":["Good Instincts+1","Enlightenment+1"],"picked":"Finesse+1","floor":36.0},{"not_picked":["Mind Blast","Apotheosis+1"],"picked":"Flash of Steel","floor":36.0},{"not_picked":["Dark Shackles+1","Jack Of All Trades+1"],"picked":"Blind+1","floor":36.0},{"not_picked":["Outmaneuver+1","Dagger Spray"],"picked":"Footwork+1","floor":38.0},{"not_picked":["Bane+1","Deflect+1"],"picked":"Phantasmal Killer+1","floor":40.0},{"not_picked":["Acrobatics+1","Distraction+1"],"picked":"Escape Plan+1","floor":44.0},{"not_picked":["Reflex+1","Finisher"],"picked":"Crippling Poison+1","floor":48.0},{"not_picked":["Deflect+1","Sucker Punch"],"picked":"Blade Dance+1","floor":55.0}],"player_experience":1046357,"relics_obtained":[{"floor":6.0,"key":"PreservedInsect"},{"floor":9.0,"key":"Bag of Marbles"},{"floor":10.0,"key":"Pantograph"},{"floor":11.0,"key":"StrikeDummy"},{"floor":22.0,"key":"Orichalcum"},{"floor":23.0,"key":"Akabeko"},{"floor":23.0,"key":"Toxic Egg 2"},{"floor":25.0,"key":"Kunai"},{"floor":25.0,"key":"White Beast Statue"},{"floor":26.0,"key":"Centennial Puzzle"},{"floor":28.0,"key":"Juzu Bracelet"},{"floor":28.0,"key":"InkBottle"},{"floor":40.0,"key":"HornCleat"},{"floor":40.0,"key":"Bottled Flame"},{"floor":43.0,"key":"Ninja Scroll"},{"floor":44.0,"key":"Pen Nib"},{"floor":44.0,"key":"The Specimen"},{"floor":55.0,"key":"Bag of Preparation"},{"floor":55.0,"key":"Whetstone"}],"event_choices":[{"cards_removed":["Strike_G"],"damage_healed":0.0,"max_hp_gain":0.0,"max_hp_loss":0.0,"gold_gain":0.0,"event_name":"Wheel of Change","player_choice":"Card Removal","floor":2.0,"gold_loss":0.0,"damage_taken":0.0},{"damage_healed":0.0,"max_hp_gain":0.0,"max_hp_loss":0.0,"gold_gain":0.0,"event_name":"Shining Light","player_choice":"Entered Light","floor":4.0,"gold_loss":0.0,"damage_taken":20.0,"cards_upgraded":["Defend_G","Strike_G"]},{"damage_healed":0.0,"max_hp_gain":0.0,"max_hp_loss":0.0,"gold_gain":0.0,"event_name":"Liars Game","player_choice":"Ignored","floor":14.0,"gold_loss":0.0,"damage_taken":0.0},{"damage_healed":0.0,"max_hp_gain":0.0,"max_hp_loss":0.0,"gold_gain":0.0,"event_name":"Lab","player_choice":"Got Potions","floor":19.0,"gold_loss":0.0,"damage_taken":0.0},{"damage_healed":0.0,"max_hp_gain":0.0,"max_hp_loss":0.0,"gold_gain":0.0,"event_name":"Forgotten Altar","player_choice":"Smashed Altar","floor":24.0,"gold_loss":0.0,"damage_taken":0.0,"cards_obtained":["Decay"]},{"damage_healed":0.0,"max_hp_gain":0.0,"max_hp_loss":0.0,"gold_gain":0.0,"event_name":"SensoryStone","player_choice":"Memory 3","floor":36.0,"gold_loss":0.0,"damage_taken":10.0},{"cards_removed":["Strike_G"],"damage_healed":0.0,"max_hp_gain":0.0,"max_hp_loss":0.0,"gold_gain":0.0,"event_name":"Purifier","player_choice":"Purged","floor":37.0,"gold_loss":0.0,"damage_taken":0.0},{"damage_healed":0.0,"max_hp_gain":0.0,"max_hp_loss":0.0,"gold_gain":999.0,"event_name":"MindBloom","player_choice":"Gold","floor":39.0,"gold_loss":0.0,"damage_taken":0.0,"cards_obtained":["Normality","Normality"]},{"damage_healed":0.0,"max_hp_gain":0.0,"max_hp_loss":0.0,"gold_gain":0.0,"event_name":"Winding Halls","player_choice":"Embrace Madness","floor":45.0,"gold_loss":0.0,"damage_taken":12.0,"cards_obtained":["Madness","Madness"]},{"damage_healed":0.0,"max_hp_gain":0.0,"max_hp_loss":0.0,"gold_gain":0.0,"cards_transformed":["Normality"],"event_name":"Transmorgrifier","player_choice":"Transformed","floor":46.0,"gold_loss":0.0,"damage_taken":0.0,"cards_obtained":["Writhe"]}],"is_beta":false,"boss_relics":[{"not_picked":["Philosopher\u0027s Stone","Runic Dome"],"picked":"Black Star"},{"not_picked":["Pandora\u0027s Box","WristBlade"],"picked":"Ring of the Serpent"}],"items_purged_floors":[3,21,54],"is_endless":false,"potions_floor_spawned":[5,6,8,12,16,20,25,28,33,35,38,40,44,48,55],"ascension_level":20}}