{"host":"t7mx8yfj1no5p62f","time":1607914036,"event":{"mods":["BaseMod","Colored Map","Colored Powertips","Filter the Spire","Minty Spire (QoL Compilation)","Relic Stats","StSLib"],"gold_per_floor":[112,112,130,27,327,327,359,359,411,411,411,411,442,462,462,535,535,545,555,583,120,320,350,350,376,376,402,415,415,426,438,438,515,515,532,546,556,342,564,592,625,651,674,704,704,720,752,767,767,767,767,767,767,124,159,159],"floor_reached":57,"playtime":4465,"items_purged":["Perfected Strike","Decay","Havoc","Combust+1"],"score":3307,"play_id":"fcca67ae-eaea-44cb-8b83-80e797ef188f","local_time":"20201213214716","is_ascension_mode":true,"campfire_choices":[{"data":"Combust","floor":6.0,"key":"SMITH"},{"floor":8.0,"key":"REST"},{"data":"Shockwave","floor":11.0,"key":"SMITH"},{"data":"Carnage","floor":15.0,"key":"SMITH"},{"data":"Barricade","floor":24.0,"key":"SMITH"},{"data":"Impervious","floor":29.0,"key":"SMITH"},{"data":"Flame Barrier","floor":32.0,"key":"SMITH"},{"floor":49.0,"key":"RECALL"},{"data":"Armaments","floor":53.0,"key":"SMITH"}],"circlet_count":0,"master_deck":["AscendersBane","Bash","Armaments+1","Spot Weakness","Impervious","Seeing Red+1","Dropkick","Barricade+1","True Grit+1","Shockwave+1","Shrug It Off","Thunderclap","Carnage+1","Bludgeon","Feed","Battle Trance","Sentinel+1","Reaper","Impervious+1","Flame Barrier+1","Shrug It Off","Exhume","Headbutt+1","Body Slam","Impervious+1","Entrench","Dual Wield+1","Dark Shackles","Second Wind"],"relics":["Pandora\u0027s Box","Old Coin","Shovel","Smiling Mask","WingedGreaves","Philosopher\u0027s Stone","Red Mask","Omamori","Lantern","PreservedInsect","Pantograph","Pocketwatch","StrikeDummy","Cursed Key","DollysMirror","Bottled Tornado","Calipers","Du-Vu Doll","Bronze Scales","Boot","ClockworkSouvenir","Lizard Tail","Strawberry"],"acts_visited":["Exordium","TheCity","TheBeyond","TheEnding"],"potions_floor_usage":[56,56],"damage_taken":[{"damage":4.0,"enemies":"2 Louse","floor":1.0,"turns":4.0},{"damage":6.0,"enemies":"Small Slimes","floor":3.0,"turns":3.0},{"damage":17.0,"enemies":"3 Sentries","floor":7.0,"turns":5.0},{"damage":18.0,"enemies":"Gremlin Nob","floor":13.0,"turns":4.0},{"damage":2.0,"enemies":"Cultist","floor":14.0,"turns":3.0},{"damage":33.0,"enemies":"Hexaghost","floor":16.0,"turns":9.0},{"damage":17.0,"enemies":"3 Byrds","floor":18.0,"turns":3.0},{"damage":20.0,"enemies":"2 Thieves","floor":19.0,"turns":5.0},{"damage":7.0,"enemies":"Masked Bandits","floor":20.0,"turns":4.0},{"damage":3.0,"enemies":"Gremlin Leader","floor":23.0,"turns":6.0},{"damage":26.0,"enemies":"Book of Stabbing","floor":25.0,"turns":5.0},{"damage":7.0,"enemies":"Slavers","floor":27.0,"turns":9.0},{"damage":9.0,"enemies":"Cultist and Chosen","floor":28.0,"turns":21.0},{"damage":7.0,"enemies":"Shelled Parasite and Fungi","floor":30.0,"turns":24.0},{"damage":0.0,"enemies":"Centurion and Healer","floor":31.0,"turns":11.0},{"damage":10.0,"enemies":"Champ","floor":33.0,"turns":36.0},{"damage":0.0,"enemies":"3 Shapes","floor":35.0,"turns":5.0},{"damage":9.0,"enemies":"Orb Walker","floor":36.0,"turns":4.0},{"damage":0.0,"enemies":"3 Darklings","floor":37.0,"turns":8.0},{"damage":43.0,"enemies":"Reptomancer","floor":40.0,"turns":7.0},{"damage":22.0,"enemies":"Nemesis","floor":41.0,"turns":16.0},{"damage":2.0,"enemies":"Giant Head","floor":42.0,"turns":19.0},{"damage":0.0,"enemies":"Reptomancer","floor":44.0,"turns":9.0},{"damage":0.0,"enemies":"Transient","floor":46.0,"turns":6.0},{"damage":0.0,"enemies":"Nemesis","floor":47.0,"turns":14.0},{"damage":0.0,"enemies":"Jaw Worm Horde","floor":48.0,"turns":15.0},{"damage":2.0,"enemies":"Donu and Deca","floor":50.0,"turns":15.0},{"damage":0.0,"enemies":"Time Eater","floor":51.0,"turns":18.0},{"damage":65.0,"enemies":"Shield and Spear","floor":55.0,"turns":12.0},{"damage":0,"enemies":"The Heart","floor":56,"turns":13}],"seed_played":"5737407247607566626","potions_obtained":[{"floor":1.0,"key":"BlessingOfTheForge"},{"floor":7.0,"key":"LiquidBronze"},{"floor":14.0,"key":"LiquidMemories"},{"floor":16.0,"key":"EssenceOfSteel"},{"floor":18.0,"key":"SneckoOil"},{"floor":20.0,"key":"Dexterity Potion"},{"floor":27.0,"key":"Block Potion"},{"floor":30.0,"key":"Weak Potion"},{"floor":33.0,"key":"DuplicationPotion"},{"floor":41.0,"key":"LiquidMemories"}],"is_trial":false,"path_per_floor":["M","?","M","$","?","R","E","R","T","?","R","?","E","M","R","B",null,"M","M","?","$","?","E","R","E","T","E","M","R","M","M","R","B",null,"M","M","M","$","?","E","E","E","T","E","?","M","E","M","R","B","B",null,"R","$","E","B",null],"character_chosen":"IRONCLAD","items_purchased":["Thunderclap","Omamori","Lantern","Reaper","DollysMirror","ClockworkSouvenir","Dark Shackles","Lizard Tail"],"campfire_rested":1,"item_purchase_floors":[4,21,21,21,38,54,54,54],"current_hp_per_floor":[64,41,35,35,30,30,13,35,35,60,60,60,42,40,40,7,58,44,27,23,23,23,41,41,15,15,19,33,33,71,97,97,101,101,104,98,110,110,110,67,49,117,117,121,121,121,125,137,137,145,149,149,149,149,95,133],"gold":159,"neow_bonus":"BOSS_RELIC","is_daily":false,"chose_seed":false,"campfire_upgraded":7,"win_rate":0.0,"timestamp":1607914036,"path_taken":["M","?","M","$","?","R","E","R","T","?","R","?","E","M","R","BOSS","M","M","?","$","?","E","R","E","T","E","?","R","M","M","R","BOSS","M","M","M","$","?","E","E","E","T","E","?","?","E","M","R","BOSS","BOSS","R","$","E","BOSS"],"items_purchased_type":["Card","Relic","Relic","Card","Relic","Relic","Card","Relic"],"build_version":"2020-12-13","purchased_purges":4,"victory":true,"max_hp_per_floor":[75,75,75,75,75,75,75,75,75,75,75,75,75,75,75,75,75,78,81,84,84,84,87,87,87,87,90,94,94,94,97,97,101,101,104,107,110,110,110,110,114,117,117,121,121,121,125,137,137,145,149,149,149,149,160,160],"relic_stats":{"Lizard Tail":0,"Shovel":0,"counters":[30,313],"Pantograph":25,"Bronze Scales":[501],"Pandora\u0027s Box":["Combust","Armaments","Spot Weakness","Impervious","Seeing Red","Dropkick","Barricade","True Grit","Perfected Strike"],"PreservedInsect":551,"Smiling Mask":225,"Cursed Key":1,"Boot":[2],"obtain_stats":[{"Lantern":21,"Calipers":41,"PreservedInsect":23,"Omamori":21,"Bottled Tornado":40,"Smiling Mask":9,"Cursed Key":34,"Boot":47,"Burning Blood":0,"Old Coin":5,"ClockworkSouvenir":54,"Du-Vu Doll":42,"Lizard Tail":54,"Shovel":7,"DollysMirror":38,"Pantograph":25,"Bronze Scales":44,"Strawberry":55,"Pandora\u0027s Box":0,"Philosopher\u0027s Stone":17,"WingedGreaves":13,"Red Mask":20,"StrikeDummy":27,"Pocketwatch":26},{"Lantern":9,"Calipers":21,"PreservedInsect":10,"Omamori":9,"Bottled Tornado":20,"Smiling Mask":3,"Cursed Key":16,"Boot":25,"Burning Blood":0,"Old Coin":2,"ClockworkSouvenir":28,"Du-Vu Doll":22,"Lizard Tail":28,"Shovel":3,"DollysMirror":19,"Pantograph":11,"Bronze Scales":23,"Strawberry":29,"Pandora\u0027s Box":0,"Philosopher\u0027s Stone":6,"WingedGreaves":4,"Red Mask":9,"StrikeDummy":12,"Pocketwatch":11},{"Lantern":40,"Calipers":192,"PreservedInsect":46,"Omamori":40,"Bottled Tornado":176,"Smiling Mask":12,"Cursed Key":152,"Boot":240,"Burning Blood":0,"Old Coin":7,"ClockworkSouvenir":288,"Du-Vu Doll":211,"Lizard Tail":288,"Shovel":12,"DollysMirror":169,"Pantograph":51,"Bronze Scales":220,"Strawberry":300,"Pandora\u0027s Box":0,"Philosopher\u0027s Stone":28,"WingedGreaves":16,"Red Mask":40,"StrikeDummy":60,"Pocketwatch":51}],"Pocketwatch":[589]},"card_choices":[{"not_picked":["Clothesline","Bloodletting"],"picked":"Shockwave","floor":1.0},{"not_picked":["Headbutt","Havoc"],"picked":"Shrug It Off","floor":3.0},{"not_picked":["Iron Wave","Cleave"],"picked":"Carnage","floor":7.0},{"not_picked":["Intimidate","Iron Wave"],"picked":"Bludgeon","floor":13.0},{"not_picked":["True Grit","Sword Boomerang"],"picked":"Havoc","floor":14.0},{"not_picked":["Demon Form","Bludgeon"],"picked":"Feed","floor":16.0},{"not_picked":["True Grit","Clothesline"],"picked":"Battle Trance","floor":18.0},{"not_picked":["True Grit","Cleave"],"picked":"Sentinel+1","floor":19.0},{"not_picked":["Flame Barrier","Dual Wield"],"picked":"Impervious","floor":23.0},{"not_picked":["Metallicize","Demon Form"],"picked":"Flame Barrier","floor":25.0},{"not_picked":["Dual Wield","Rage"],"picked":"Shrug It Off","floor":27.0},{"not_picked":["Flex","True Grit","Dual Wield"],"picked":"SKIP","floor":28.0},{"not_picked":["Flex","Thunderclap","True Grit"],"picked":"SKIP","floor":30.0},{"not_picked":["Clothesline","Hemokinesis","Iron Wave"],"picked":"SKIP","floor":31.0},{"not_picked":["Double Tap","Demon Form"],"picked":"Exhume","floor":33.0},{"not_picked":["Whirlwind","Clash","True Grit"],"picked":"SKIP","floor":35.0},{"not_picked":["Intimidate","Blood for Blood"],"picked":"Headbutt+1","floor":36.0},{"not_picked":["Perfected Strike+1","Metallicize"],"picked":"Body Slam","floor":37.0},{"not_picked":["Burning Pact","Dark Embrace","Body Slam"],"picked":"SKIP","floor":40.0},{"not_picked":["Immolate","Dual Wield"],"picked":"Entrench","floor":41.0},{"not_picked":["Thunderclap","Iron Wave","Anger+1"],"picked":"SKIP","floor":42.0},{"not_picked":["Armaments+1","Hemokinesis"],"picked":"Dual Wield+1","floor":44.0},{"not_picked":["Shrug It Off","Body Slam","Warcry+1"],"picked":"SKIP","floor":46.0},{"not_picked":["Flex","Burning Pact","Perfected Strike"],"picked":"SKIP","floor":47.0},{"not_picked":["Limit Break","Heavy Blade+1","Uppercut"],"picked":"SKIP","floor":48.0},{"not_picked":["Thunderclap","Brutality"],"picked":"Second Wind","floor":55.0}],"player_experience":1545065,"relics_obtained":[{"floor":7.0,"key":"Shovel"},{"floor":9.0,"key":"Smiling Mask"},{"floor":13.0,"key":"WingedGreaves"},{"floor":20.0,"key":"Red Mask"},{"floor":23.0,"key":"PreservedInsect"},{"floor":25.0,"key":"Pantograph"},{"floor":26.0,"key":"Pocketwatch"},{"floor":27.0,"key":"StrikeDummy"},{"floor":40.0,"key":"Bottled Tornado"},{"floor":41.0,"key":"Calipers"},{"floor":42.0,"key":"Du-Vu Doll"},{"floor":44.0,"key":"Bronze Scales"},{"floor":47.0,"key":"Boot"},{"floor":55.0,"key":"Strawberry"}],"event_choices":[{"damage_healed":0.0,"max_hp_gain":0.0,"max_hp_loss":0.0,"gold_gain":0.0,"event_name":"Shining Light","player_choice":"Entered Light","floor":2.0,"gold_loss":0.0,"damage_taken":23.0,"cards_upgraded":["True Grit","Seeing Red"]},{"damage_healed":0.0,"max_hp_gain":0.0,"max_hp_loss":0.0,"gold_gain":0.0,"event_name":"Scrap Ooze","player_choice":"Success","floor":5.0,"gold_loss":0.0,"damage_taken":5.0,"relics_obtained":["Old Coin"]},{"damage_healed":25.0,"max_hp_gain":0.0,"max_hp_loss":0.0,"gold_gain":0.0,"event_name":"Big Fish","player_choice":"Banana","floor":10.0,"gold_loss":0.0,"damage_taken":0.0},{"damage_healed":0.0,"max_hp_gain":0.0,"max_hp_loss":0.0,"gold_gain":0.0,"event_name":"Wheel of Change","player_choice":"Cursed","floor":12.0,"gold_loss":0.0,"damage_taken":0.0,"cards_obtained":["Decay"]},{"damage_healed":0.0,"max_hp_gain":0.0,"max_hp_loss":0.0,"gold_gain":0.0,"event_name":"Masked Bandits","player_choice":"Fought Bandits","floor":20.0,"gold_loss":0.0,"damage_taken":0.0},{"damage_healed":0.0,"max_hp_gain":0.0,"max_hp_loss":0.0,"gold_gain":200.0,"event_name":"Wheel of Change","player_choice":"Gold","floor":22.0,"gold_loss":0.0,"damage_taken":0.0},{"damage_healed":0.0,"max_hp_gain":0.0,"max_hp_loss":0.0,"gold_gain":222.0,"event_name":"Tomb of Lord Red Mask","player_choice":"Wore Mask","floor":39.0,"gold_loss":0.0,"damage_taken":0.0},{"damage_healed":0.0,"max_hp_gain":0.0,"max_hp_loss":0.0,"gold_gain":0.0,"event_name":"SecretPortal","player_choice":"Ignored","floor":45.0,"gold_loss":0.0,"damage_taken":0.0}],"is_beta":false,"boss_relics":[{"not_picked":["SacredBark","Runic Cube"],"picked":"Philosopher\u0027s Stone"},{"not_picked":["Busted Crown","Tiny House"],"picked":"Cursed Key"}],"items_purged_floors":[4,21,38,54],"is_endless":false,"potions_floor_spawned":[1,7,14,16,18,20,27,30,33,37,41,46,47,48,55],"ascension_level":20}}