{"host":"y9jgkjnf95sujozk","time":1607981488,"event":{"mods":["2.2 Compatiblity","AchievementEnabler","BaseMod","Block Reminder","Colored Map","Colored Powertips","Downfall","Friendly Minions","GifTheSpireLib","Hermit","Highlight Path","MarisaÅiñ∂âJÅ@ñÇóùçπÅj","Minty Spire (QoL Compilation)","Random Character Button","Rare Cards Sparkle","Replay The Spire","StSLib","SuperFastMode","The Animator","The Bug Knight","The Cursed","The Servant 0.9.4"],"gold_per_floor":[99,99,99,274,274,274,350,68,68,68,82,101,101,0,0,113,113,129,147,147,147],"floor_reached":20,"playtime":708,"items_purged":[],"score":183,"play_id":"8ba06b40-3896-47c5-bc99-57d5e6de9e6a","local_time":"20201214223128","is_ascension_mode":false,"campfire_choices":[{"data":"animator:IrohaTamaki","floor":5,"key":"SMITH"},{"floor":13,"key":"REST"}],"circlet_count":0,"master_deck":["animator:Defend_NoGameNoLife","animator:Strike","animator:Strike","animator:Strike","animator:Defend","animator:Defend","animator:Defend","animator:DolaSchwi","animator:DolaCouronne","animator:IrohaTamaki","animator:IrohaTamaki+1","Doubt","Doubt","animator:YaoHaDucy","animator:YachiyoNanami","animator:TakanashiRikka","animator:MamizouFutatsuiwa","animator:Gillette","animator:OrikoMikuni","animator:MamiTomoe","animator:Magilou","animator:IrohaTamaki","animator:Layla"],"relics":["animator:LivingPicture","animator:TheMissingPiece","animator:PurgingStone","downfall:HeartsMalice","ReplayTheSpireMod:Ring of Exchange","Ring of Misfortune","Chameleon Ring","Ring of Chaos","Philosopher\u0027s Stone"],"acts_visited":["Exordium","TheCity"],"potions_floor_usage":[14,14,14,16,16],"damage_taken":[{"damage":0,"enemies":"2 Louse","floor":1,"turns":1},{"damage":0,"enemies":"Jaw Worm","floor":2,"turns":1},{"damage":0,"enemies":"Small Slimes","floor":6,"turns":1},{"damage":0,"enemies":"downfall:FleeingMerchant","floor":8,"turns":4},{"damage":4,"enemies":"3 Louse","floor":11,"turns":7},{"damage":0,"enemies":"Blue Slaver","floor":12,"turns":5},{"damage":0,"enemies":"downfall:FleeingMerchant","floor":14,"turns":4},{"damage":30,"enemies":"downfall:Silent","floor":16,"turns":7},{"damage":15,"enemies":"Chosen","floor":18,"turns":11},{"damage":22,"enemies":"Snecko","floor":19,"turns":9},{"damage":19,"enemies":"Cultist and Chosen","floor":20,"turns":5}],"seed_played":"-3828079245519221798","potions_obtained":[{"floor":9,"key":"Swift Potion"},{"floor":9,"key":"PowerPotion"},{"floor":11,"key":"animator:FalseLifePotion"},{"floor":15,"key":"Doom Potion"},{"floor":15,"key":"Venom Potion"},{"floor":16,"key":"ColorlessPotion"},{"floor":18,"key":"ColorlessPotion"}],"is_trial":false,"path_per_floor":["M","M","?","?","R","M","T","$","R","?","M","M","R","$","R","B",null,"M","M","M"],"character_chosen":"THE_ANIMATOR","items_purchased":["animator:TakanashiRikka","animator:MamizouFutatsuiwa","animator:Magilou"],"campfire_rested":1,"item_purchase_floors":[8,8,14],"current_hp_per_floor":[66,66,66,66,66,66,66,66,66,66,62,62,66,66,66,36,66,33,11,0,0],"gold":147,"neow_bonus":"THREE_ENEMY_KILL","is_daily":false,"chose_seed":false,"campfire_upgraded":1,"win_rate":0.0,"timestamp":1607981488,"path_taken":["M","M","?","?","R","M","T","$","R","?","M","M","R","$","R","BOSS","M","M","M"],"items_purchased_type":["Card","Card","Card"],"build_version":"2020-12-13","purchased_purges":0,"victory":false,"max_hp_per_floor":[66,66,66,66,66,66,66,66,66,66,66,66,66,66,66,66,66,33,33,33,33],"card_choices":[{"not_picked":["animator:DolaCouronne","animator:KyokoSakura"],"picked":"animator:IrohaTamaki","floor":1},{"not_picked":["animator:Benimaru","animator:DolaRiku"],"picked":"animator:IrohaTamaki","floor":2},{"not_picked":["animator:Priestess","animator:Shigure"],"picked":"animator:YaoHaDucy","floor":6},{"not_picked":["animator:MamiTomoe","animator:KyokoSakura"],"picked":"animator:YachiyoNanami","floor":8},{"not_picked":["animator:Vanir","animator:Darkness"],"picked":"animator:Gillette","floor":11},{"not_picked":["animator:DolaCouronne","animator:Emonzaemon"],"picked":"animator:OrikoMikuni","floor":12},{"not_picked":["animator:Aqua","animator:DwarfShaman"],"picked":"animator:MamiTomoe","floor":14},{"not_picked":["animator:Wiz","animator:Elesis"],"picked":"animator:Father","floor":16},{"not_picked":["animator:SayakaMiki","animator:KyokoSakura"],"picked":"animator:IrohaTamaki","floor":18},{"not_picked":["animator:Darkness","animator:Gillette+1"],"picked":"animator:Layla","floor":19}],"player_experience":91048,"relics_obtained":[{"floor":3,"key":"ReplayTheSpireMod:Ring of Exchange"},{"floor":3,"key":"Ring of Misfortune"},{"floor":7,"key":"Chameleon Ring"}],"event_choices":[],"is_beta":false,"boss_relics":[{"not_picked":["Calling Bell","Tiny House"],"picked":"Ring of Chaos"}],"items_purged_floors":[],"is_endless":false,"potions_floor_spawned":[11,12,16,18],"killed_by":"Cultist and Chosen","ascension_level":0}}