{"host":"ks12kfi5c4d9hdxy","time":1607952299,"event":{"mods":["BaseMod","Conspire","GifTheSpireLib","HololiveMod","Koishi","LagranYue(拉格朗・月)","Marisa（F雨　魔理沙）","Minty Spire (QoL Compilation)","Reimu（博丽灵梦）","Remilia（蕾米莉亚）","Replay The Spire","RumiaBox-露米娅的神秘盒子","StSLib","SuperFastMode","The Administrix","The Servant 0.9.4","Youmu（魂魄妖梦）","Yuyuko","【功能Mod】混沌之环修复补丁","【功能Mod】聪明的最终Boss","篝火指南"],"gold_per_floor":[16,28,43,60,70,102,102,135,135,135,135],"floor_reached":10,"playtime":450,"items_purged":[],"score":189,"play_id":"ee3c679e-938b-4bb1-9e94-c3b0d42d13ed","local_time":"20201214212459","is_ascension_mode":true,"campfire_choices":[],"circlet_count":0,"master_deck":["AscendersBane","Strike_MRS","Strike_MRS","Strike_MRS","Strike_MRS+1","Defend_MRS","Defend_MRS+1","Defend_MRS","Defend_MRS","MasterSpark","UpSweep","CasketOfStar","MagicChant","OrrerysSun","Singularity"],"relics":["MiniHakkero","LagranYue:RandomDrawCardRelic","conspire:GlowingRock","HornCleat","Simple Rune"],"acts_visited":["Exordium"],"potions_floor_usage":[6,10],"damage_taken":[{"damage":7,"enemies":"Jaw Worm","floor":1,"turns":3},{"damage":1,"enemies":"Cultist","floor":2,"turns":4},{"damage":4,"enemies":"2 Louse","floor":3,"turns":3},{"damage":2,"enemies":"Exordium Wildlife","floor":4,"turns":5},{"damage":15,"enemies":"Large Slime","floor":5,"turns":5},{"damage":29,"enemies":"3 Sentries","floor":6,"turns":9},{"damage":0,"enemies":"Lagavulin","floor":8,"turns":7},{"damage":7,"enemies":"Gremlin Nob","floor":10,"turns":3}],"seed_played":"-68753874323478325","potions_obtained":[{"floor":1,"key":"Weak Potion"},{"floor":3,"key":"LiquidBronze"},{"floor":5,"key":"Explosive Potion"}],"is_trial":false,"path_per_floor":["M","M","M","M","M","E","?","E","T","E"],"character_chosen":"MARISA","items_purchased":[],"campfire_rested":0,"item_purchase_floors":[],"current_hp_per_floor":[56,55,51,49,34,5,5,5,5,0,0],"gold":135,"neow_bonus":"THREE_RARE_CARDS","is_daily":false,"chose_seed":false,"campfire_upgraded":0,"win_rate":0.0,"timestamp":1607952299,"path_taken":["M","M","M","M","M","E","?","E","T","E"],"items_purchased_type":[],"build_version":"2020-12-13","purchased_purges":0,"victory":false,"max_hp_per_floor":[70,70,70,70,70,70,70,70,70,70,70],"card_choices":[{"not_picked":["TreasureHunter","CollectingQuirk"],"picked":"CasketOfStar","floor":0},{"not_picked":["DragonMeteor","MilkyWay"],"picked":"MagicChant","floor":1},{"not_picked":["GrandCross","AlicesGift"],"picked":"OrrerysSun","floor":2},{"not_picked":["MagicChant","MagicAbsorber","UnstableBomb"],"picked":"SKIP","floor":3},{"not_picked":["MilkyWay","LuminesStrike"],"picked":"Singularity","floor":4},{"not_picked":["AsteroidBelt","SuperPerseids","DC"],"picked":"SKIP","floor":5},{"not_picked":["GravityBeat","ShootTheMoon","PulseMagic"],"picked":"SKIP","floor":6},{"not_picked":["UnstableBomb","Occultation","MysteriousBeam"],"picked":"SKIP","floor":8}],"player_experience":468457,"relics_obtained":[{"floor":6,"key":"conspire:GlowingRock"},{"floor":8,"key":"HornCleat"},{"floor":9,"key":"Simple Rune"}],"event_choices":[{"damage_healed":0,"gold_gain":0,"player_choice":"Disagree","damage_taken":0,"max_hp_gain":0,"max_hp_loss":0,"event_name":"conspire:LoneGhost","floor":7,"gold_loss":0}],"is_beta":false,"boss_relics":[],"items_purged_floors":[],"is_endless":false,"potions_floor_spawned":[1,3,5],"killed_by":"Gremlin Nob","ascension_level":16}}