{"host":"zftkeu5v9gqs3wr3","time":1607946652,"event":{"mods":["Act Like it!","Bard","BaseMod","CapriCore","Elementarium","Gensokyo","Jorbs\u0027s Wanderer Trilogy","Mad Scientist","Minty Spire (QoL Compilation)","Potionbrewer","Rare Cards Sparkle","Shade Mod","StSLib","The Cursed","The Immortal","The Runesmith","TheSwordswoman"],"gold_per_floor":[118,118,30,50,50,50,68,68,68,68,68,80,91,150,150,248,248,265,15,15,15,31,31,61,73,99,99,199,214,226,271,271,271,271],"floor_reached":33,"playtime":2586,"items_purged":[],"score":255,"play_id":"1027a2c5-7c8f-4b8d-99cd-30d13db5e78f","local_time":"20201214115052","is_ascension_mode":false,"campfire_choices":[{"data":"Shade:AnimateDead","floor":6,"key":"SMITH"},{"data":"Shade:Bonestorm","floor":8,"key":"SMITH"},{"data":"Shade:CarefulCut","floor":10,"key":"SMITH"},{"floor":15,"key":"REST"},{"floor":23,"key":"REST"},{"floor":27,"key":"REST"},{"floor":32,"key":"REST"}],"circlet_count":0,"master_deck":["Shade:Strike_Shade","Shade:Strike_Shade","Shade:Strike_Shade","Shade:Defend_Shade","Shade:Defend_Shade","Shade:Defend_Shade+1","Shade:Defend_Shade","Shade:AnimateDead+1","Shade:CarefulCut+1","Shade:Trample","Shade:GoDigging","Shade:Trample","Shade:Bonestorm+1","Shade:Frenzy+1","Shade:LyeBath","Shade:GraveStillness","Shade:Coordination","Shade:CommandSoldier+1","Shade:Brains","Shade:FingerOfDeath","Shade:FeralStrike","Shade:WallOfFlesh","Shade:CoffinDance","Shade:Brains","Shade:SensePrey","Shade:FreshBones","Shade:CoffinDance","Shade:BoneShards"],"relics":["Shade:YorickSkull","Oddly Smooth Stone","Boot","HornCleat","potionbrewer:BhaskarasWheel","Runesmith:AutoHammer","Dream Catcher","Ancient Tea Set","Ice Cream","potionbrewer:SlideRule","Bronze Scales"],"acts_visited":["Exordium","TheCity"],"potions_floor_usage":[16,16,25,28,33],"damage_taken":[{"damage":12,"enemies":"Jaw Worm","floor":1,"turns":4},{"damage":0,"enemies":"Small Slimes","floor":4,"turns":5},{"damage":0,"enemies":"Cultist","floor":7,"turns":3},{"damage":0,"enemies":"2 Fungi Beasts","floor":12,"turns":3},{"damage":0,"enemies":"Exordium Wildlife","floor":13,"turns":3},{"damage":9,"enemies":"The Guardian","floor":16,"turns":9},{"damage":11,"enemies":"Spheric Guardian","floor":18,"turns":4},{"damage":0,"enemies":"3 Byrds","floor":22,"turns":3},{"damage":54,"enemies":"Book of Stabbing","floor":24,"turns":8},{"damage":0,"enemies":"Sentry and Sphere","floor":25,"turns":6},{"damage":5,"enemies":"Colosseum Slavers","floor":28,"turns":4},{"damage":0,"enemies":"Colosseum Nobs","floor":28,"turns":4},{"damage":0,"enemies":"Centurion and Healer","floor":29,"turns":6},{"damage":10,"enemies":"Snake Plant","floor":30,"turns":4},{"damage":50,"enemies":"Champ","floor":33,"turns":8}],"seed_played":"-7114983664202437070","potions_obtained":[{"floor":1,"key":"SpeedPotion"},{"floor":12,"key":"potionbrewer:ToxicPotion"},{"floor":18,"key":"SteroidPotion"},{"floor":24,"key":"ColorlessPotion"},{"floor":30,"key":"FearPotion"}],"is_trial":false,"path_per_floor":["M","?","$","M","?","R","M","R","T","R","?","M","M","?","R","B",null,"M","$","?","?","M","R","E","M","T","R","?","M","M","T","R","B"],"character_chosen":"SHADE","items_purchased":["Shade:GoDigging","Shade:Trample","Runesmith:AutoHammer","Shade:Brains","Shade:FingerOfDeath"],"campfire_rested":4,"item_purchase_floors":[3,3,19,19,19],"current_hp_per_floor":[53,46,46,46,51,51,51,51,51,51,37,37,37,37,58,49,70,59,59,46,46,46,68,14,14,14,36,31,31,21,21,43,0,0],"gold":271,"neow_bonus":"RANDOM_COMMON_RELIC","is_daily":false,"chose_seed":false,"campfire_upgraded":3,"win_rate":0.0,"timestamp":1607946652,"path_taken":["M","?","$","M","?","R","M","R","T","R","?","M","M","?","R","BOSS","M","$","?","?","M","R","E","?","T","R","?","M","M","?","R","BOSS"],"items_purchased_type":["Card","Card","Relic","Card","Card"],"build_version":"2020-12-13","purchased_purges":0,"victory":false,"max_hp_per_floor":[65,65,65,65,70,70,70,70,70,70,70,70,70,70,70,70,70,70,70,75,75,75,75,75,75,75,75,75,75,75,75,75,75,75],"card_choices":[{"not_picked":["Shade:FleshLikeOak","Shade:BoneShards"],"picked":"Shade:Trample","floor":1},{"not_picked":["Shade:AblativeArmor","Shade:Premonition"],"picked":"Shade:Bonestorm","floor":4},{"not_picked":["Shade:Awaken","Shade:SkeletonHug"],"picked":"Shade:Frenzy","floor":7},{"not_picked":["Shade:FeralStrike","Shade:ExtraLimbs"],"picked":"Shade:LyeBath","floor":12},{"not_picked":["Shade:Trample","Shade:FuneraryArmor"],"picked":"Shade:GraveStillness","floor":13},{"not_picked":["Shade:LoseControl","Shade:Consume"],"picked":"Shade:Coordination","floor":16},{"not_picked":["Shade:Frenzy+1","Shade:BoneShards+1"],"picked":"Shade:CommandSoldier+1","floor":18},{"not_picked":["Shade:AncientSpear","Shade:SoulToxin"],"picked":"Shade:FeralStrike","floor":22},{"not_picked":["Shade:FleshLikeOak","Shade:Frenzy"],"picked":"Shade:WallOfFlesh","floor":24},{"not_picked":["Shade:Tombstone","Shade:AuraOfUnlife"],"picked":"Shade:CoffinDance","floor":25},{"not_picked":["Shade:FleshOffering","Shade:CommandSoldier"],"picked":"Shade:Brains","floor":27},{"not_picked":["Shade:Frenzy","Shade:ClawBack+1"],"picked":"Shade:SensePrey","floor":28},{"not_picked":["Shade:FleshOffering+1","Shade:Doomsay+1"],"picked":"Shade:FreshBones","floor":29},{"not_picked":["Shade:FeralStrike","Shade:Frenzy"],"picked":"Shade:CoffinDance","floor":30},{"not_picked":["Shade:Premonition","Shade:AblativeArmor"],"picked":"Shade:BoneShards","floor":32}],"player_experience":51219,"relics_obtained":[{"floor":9,"key":"HornCleat"},{"floor":24,"key":"Dream Catcher"},{"floor":26,"key":"Ancient Tea Set"},{"floor":28,"key":"Ice Cream"},{"floor":28,"key":"potionbrewer:SlideRule"},{"floor":31,"key":"Bronze Scales"}],"event_choices":[{"damage_healed":0,"gold_gain":0,"player_choice":"Success","damage_taken":7,"relics_obtained":["Boot"],"max_hp_gain":0,"max_hp_loss":0,"event_name":"Scrap Ooze","floor":2,"gold_loss":0},{"damage_healed":0,"gold_gain":0,"player_choice":"Donut","damage_taken":0,"max_hp_gain":5,"max_hp_loss":0,"event_name":"Big Fish","floor":5,"gold_loss":0},{"damage_healed":0,"gold_gain":0,"player_choice":"Entered Light","damage_taken":14,"max_hp_gain":0,"max_hp_loss":0,"event_name":"Shining Light","floor":11,"gold_loss":0,"cards_upgraded":["Shade:Frenzy","Shade:Defend_Shade"]},{"damage_healed":0,"gold_gain":59,"player_choice":"Gained Gold","damage_taken":0,"max_hp_gain":0,"max_hp_loss":0,"event_name":"Golden Wing","floor":14,"gold_loss":0},{"damage_healed":0,"gold_gain":0,"player_choice":"Shed Blood","damage_taken":18,"max_hp_gain":5,"max_hp_loss":0,"event_name":"Forgotten Altar","floor":20,"gold_loss":0},{"cards_removed":["Shade:Strike_Shade"],"damage_healed":0,"gold_gain":0,"player_choice":"Offered Basic","damage_taken":0,"max_hp_gain":0,"max_hp_loss":0,"event_name":"Bonfire Elementals","floor":21,"gold_loss":0},{"damage_healed":0,"gold_gain":0,"player_choice":"Fight","damage_taken":0,"max_hp_gain":0,"max_hp_loss":0,"event_name":"Colosseum","floor":28,"gold_loss":0},{"damage_healed":0,"gold_gain":0,"player_choice":"Fought Nobs","damage_taken":0,"max_hp_gain":0,"max_hp_loss":0,"event_name":"Colosseum","floor":28,"gold_loss":0}],"is_beta":false,"boss_relics":[{"not_picked":["Sozu","Calling Bell"],"picked":"potionbrewer:BhaskarasWheel"}],"items_purged_floors":[],"is_endless":false,"potions_floor_spawned":[1,12,18,24,30],"killed_by":"Champ","ascension_level":0}}