{"host":"k8gerrcpv9xe1nxe","time":1607971088,"event":{"mods":["2.2 Compatiblity","AchievementEnabler","BaseMod","Bestiary","Minty Spire (QoL Compilation)","Relic Stats","StSLib"],"gold_per_floor":[110,122,197,197,197,231,247,247,247],"floor_reached":8,"playtime":184,"items_purged":[],"score":64,"play_id":"5c753c44-7077-4efe-922b-0a04be33de2c","local_time":"20201214133808","is_ascension_mode":true,"campfire_choices":[],"circlet_count":0,"master_deck":["Strike_P","Strike_P","Strike_P","Strike_P","Defend_P","Defend_P","Defend_P","Defend_P","Eruption","Vigilance","EmptyFist+1","CutThroughFate","Scrawl","Tantrum"],"relics":["Fusion Hammer","Bronze Scales","GoldenEye"],"acts_visited":["Exordium"],"potions_floor_usage":[8],"damage_taken":[{"damage":0,"enemies":"Jaw Worm","floor":1,"turns":3},{"damage":0,"enemies":"Small Slimes","floor":2,"turns":2},{"damage":16,"enemies":"Gremlin Nob","floor":6,"turns":3},{"damage":0,"enemies":"2 Louse","floor":7,"turns":2},{"damage":15,"enemies":"Lagavulin","floor":8,"turns":4}],"seed_played":"3095774320042728287","potions_obtained":[{"floor":2,"key":"SpeedPotion"},{"floor":7,"key":"StancePotion"}],"is_trial":false,"path_per_floor":["M","M","?","?","?","E","M","E"],"character_chosen":"WATCHER","items_purchased":[],"campfire_rested":0,"item_purchase_floors":[],"current_hp_per_floor":[72,72,61,61,28,12,12,0,0],"gold":247,"neow_bonus":"BOSS_RELIC","is_daily":false,"chose_seed":false,"campfire_upgraded":0,"win_rate":0.0,"timestamp":1607971088,"path_taken":["M","M","?","?","?","E","M","E"],"items_purchased_type":[],"build_version":"2020-12-13","purchased_purges":0,"victory":false,"max_hp_per_floor":[72,72,72,72,72,72,72,72,72],"relic_stats":{"counters":[5,14],"Bronze Scales":[3],"GoldenEye":[4],"obtain_stats":[{"Bronze Scales":5,"Fusion Hammer":0,"PureWater":0,"GoldenEye":6},{"Bronze Scales":2,"Fusion Hammer":0,"PureWater":0,"GoldenEye":3},{"Bronze Scales":5,"Fusion Hammer":0,"PureWater":0,"GoldenEye":8}]},"card_choices":[{"not_picked":["Protect","Prostrate"],"picked":"EmptyFist","floor":1},{"not_picked":["SashWhip","ClearTheMind"],"picked":"CutThroughFate","floor":2},{"not_picked":["EmptyBody","FollowUp"],"picked":"Scrawl","floor":6},{"not_picked":["EmptyBody","JustLucky"],"picked":"Tantrum","floor":7}],"player_experience":56393,"relics_obtained":[{"floor":6,"key":"GoldenEye"}],"event_choices":[{"damage_healed":0,"gold_gain":75,"player_choice":"Gather Gold","damage_taken":11,"max_hp_gain":0,"max_hp_loss":0,"event_name":"World of Goop","floor":3,"gold_loss":0},{"damage_healed":0,"gold_gain":0,"player_choice":"Grow","damage_taken":0,"max_hp_gain":0,"max_hp_loss":0,"event_name":"Living Wall","floor":4,"gold_loss":0,"cards_upgraded":["EmptyFist"]},{"damage_healed":0,"gold_gain":0,"player_choice":"Success","damage_taken":33,"relics_obtained":["Bronze Scales"],"max_hp_gain":0,"max_hp_loss":0,"event_name":"Scrap Ooze","floor":5,"gold_loss":0}],"is_beta":false,"boss_relics":[],"items_purged_floors":[],"is_endless":false,"potions_floor_spawned":[2,7],"killed_by":"Lagavulin","ascension_level":3}}