{"host":"y89x8uui45kcjy42","time":1607911299,"event":{"mods":["2.2 Compatiblity","BaseMod","Colored Map","Colored Powertips","Friendly Minions","Highlight Path","Keyboard Shortcuts","Minty Spire (QoL Compilation)","StSLib","SuperFastMode","Waifu the Spire","WarShipGirlsR/??á´Ò³R mod"],"gold_per_floor":[115,134,147,147,20,20,40,60,85,85,75,0,16,36,36,137,137,137,137,137,137,137,137,137,137,137,137,137,137,37,37,37,37,37,37,37,37,37,37,37,37,37,37,37,37,37,37,37,37,37],"floor_reached":51,"playtime":3749,"items_purged":["Normality","rmod:defend+1"],"score":730,"play_id":"bb5e54b6-6189-4420-982d-2e7cc393b805","local_time":"20201214110139","is_ascension_mode":false,"campfire_choices":[{"data":"rmod:basicallowance","floor":6,"key":"SMITH"},{"data":"rmod:fuelsupply","floor":10,"key":"SMITH"},{"data":"rmod:diaomin","floor":15,"key":"SMITH"},{"data":"rmod:supriseattacks","floor":24,"key":"SMITH"},{"data":"rmod:mineteam","floor":27,"key":"SMITH"},{"data":"rmod:smokecover","floor":29,"key":"SMITH"},{"floor":32,"key":"REST"},{"data":"rmod:heivgo","floor":45,"key":"SMITH"},{"data":"rmod:steelsupply","floor":47,"key":"SMITH"},{"data":"rmod:circuitoustactics","floor":49,"key":"SMITH"}],"circlet_count":0,"master_deck":["rmod:strick+1","rmod:strick+1","rmod:defend+1","rmod:defend+1","rmod:basicallowance+1","rmod:maingunfire+1","rmod:circuitoustactics+1","rmod:fuelsupply+1","rmod:ammunitionsupply","rmod:steelsupply+1","rmod:desperatesituation","rmod:diaomin+1","rmod:ridicule","rmod:unsinkable","rmod:supriseattacks+1","rmod:mineteam+1","rmod:smokecover+1","rmod:unsinkable","rmod:ridicule","rmod:sl+1","rmod:heivgo+1"],"relics":["rmod:firstchargereward","Art of War","Ectoplasm","Bag of Marbles","rmod:monthlycard","Toy Ornithopter","Vajra","FossilizedHelix"],"acts_visited":["Exordium","TheCity","TheBeyond"],"potions_floor_usage":[13,16,16,19,20,33,35,50],"damage_taken":[{"damage":6,"enemies":"Cultist","floor":1,"turns":3},{"damage":0,"enemies":"Small Slimes","floor":2,"turns":5},{"damage":0,"enemies":"2 Louse","floor":3,"turns":3},{"damage":4,"enemies":"Large Slime","floor":7,"turns":6},{"damage":10,"enemies":"Looter","floor":8,"turns":2},{"damage":1,"enemies":"Blue Slaver","floor":13,"turns":4},{"damage":38,"enemies":"Gremlin Gang","floor":14,"turns":5},{"damage":14,"enemies":"Hexaghost","floor":16,"turns":13},{"damage":0,"enemies":"Spheric Guardian","floor":18,"turns":1},{"damage":12,"enemies":"3 Byrds","floor":19,"turns":7},{"damage":0,"enemies":"Centurion and Healer","floor":20,"turns":1},{"damage":41,"enemies":"Sentry and Sphere","floor":22,"turns":7},{"damage":0,"enemies":"Chosen and Byrds","floor":25,"turns":7},{"damage":21,"enemies":"Centurion and Healer","floor":28,"turns":6},{"damage":0,"enemies":"Cultist and Chosen","floor":31,"turns":4},{"damage":22,"enemies":"Collector","floor":33,"turns":16},{"damage":0,"enemies":"3 Darklings","floor":35,"turns":8},{"damage":0,"enemies":"Orb Walker","floor":37,"turns":4},{"damage":0,"enemies":"Jaw Worm Horde","floor":38,"turns":6},{"damage":0,"enemies":"Giant Head","floor":40,"turns":8},{"damage":0,"enemies":"Transient","floor":41,"turns":6},{"damage":0,"enemies":"Nemesis","floor":42,"turns":14},{"damage":0,"enemies":"Spire Growth","floor":44,"turns":6},{"damage":0,"enemies":"Mind Bloom Boss Battle","floor":46,"turns":7},{"damage":0,"enemies":"3 Darklings","floor":48,"turns":12},{"damage":42,"enemies":"Time Eater","floor":50,"turns":20}],"seed_played":"968268382175550961","potions_obtained":[{"floor":2,"key":"FearPotion"},{"floor":7,"key":"FearPotion"},{"floor":14,"key":"Regen Potion"},{"floor":16,"key":"PowerPotion"},{"floor":19,"key":"SmokeBomb"},{"floor":28,"key":"Fire Potion"},{"floor":33,"key":"DistilledChaos"},{"floor":37,"key":"Weak Potion"},{"floor":40,"key":"LiquidMemories"},{"floor":41,"key":"Energy Potion"}],"is_trial":false,"path_per_floor":["M","M","M","?","$","R","M","M","T","R","?","$","M","M","R","B",null,"M","M","M","?","M","?","R","M","T","R","M","R","$","M","R","B",null,"M","?","M","M","?","E","M","E","T","M","R","?","R","M","R","B",null],"character_chosen":"PRAEFECT","items_purchased":["rmod:fuelsupply","rmod:diaomin"],"campfire_rested":1,"item_purchase_floors":[5,12],"current_hp_per_floor":[69,69,69,54,54,54,50,40,40,40,40,40,39,1,1,2,75,75,63,63,63,22,22,22,22,22,22,1,1,1,1,23,1,75,75,71,71,71,71,71,71,71,71,71,71,71,71,71,71,29],"gold":37,"neow_bonus":"TRANSFORM_TWO_CARDS","is_daily":false,"chose_seed":false,"campfire_upgraded":9,"win_rate":0.0,"timestamp":1607911299,"path_taken":["M","M","?","?","$","R","M","M","T","R","?","?","M","M","R","BOSS","M","M","?","?","M","?","R","M","T","R","M","R","?","M","R","BOSS","M","?","M","M","?","E","M","E","T","?","R","?","R","M","R","BOSS"],"items_purchased_type":["Card","Card"],"build_version":"2020-12-13","purchased_purges":2,"victory":true,"max_hp_per_floor":[75,75,75,75,75,75,75,75,75,75,75,75,75,75,75,75,75,75,75,75,75,75,75,75,75,75,75,75,75,75,75,75,75,75,75,71,71,71,71,71,71,71,71,71,71,71,71,71,71,71],"card_choices":[{"not_picked":["rmod:rockthrower","rmod:victimresponsibility","rmod:bulid"],"picked":"SKIP","floor":1},{"not_picked":["rmod:supportescort","rmod:luckystar","rmod:openingtorpedo"],"picked":"SKIP","floor":2},{"not_picked":["rmod:circuitoustactics","rmod:intelligenceanalysis","rmod:aluminumsupply"],"picked":"SKIP","floor":3},{"not_picked":["rmod:wife","rmod:fletcherpendant"],"picked":"rmod:ammunitionsupply","floor":7},{"not_picked":["rmod:fuelsupply","rmod:tearstotiara"],"picked":"rmod:steelsupply","floor":8},{"not_picked":[],"picked":"rmod:desperatesituation","floor":11},{"not_picked":["rmod:steelsupply","rmod:smokecover"],"picked":"rmod:ridicule","floor":13},{"not_picked":["rmod:ammunitionsupply","rmod:aluminumsupply"],"picked":"rmod:unsinkable","floor":14},{"not_picked":["rmod:windflower","rmod:stealaluminum"],"picked":"rmod:supriseattacks","floor":16},{"not_picked":["rmod:wolves","rmod:diamondstrike","rmod:lonelyqueen"],"picked":"SKIP","floor":18},{"not_picked":["rmod:luckystar+1","rmod:ammunitionsupply+1"],"picked":"rmod:mineteam","floor":19},{"not_picked":["rmod:fuelsupply","rmod:heivgo","rmod:timeschanged"],"picked":"SKIP","floor":22},{"not_picked":["rmod:diamondstrike","rmod:supportescort","rmod:slowdown+1"],"picked":"SKIP","floor":25},{"not_picked":["rmod:supportescort+1","rmod:tearstotiara","rmod:unsinkable+1"],"picked":"SKIP","floor":28},{"not_picked":["rmod:diamondstrike","rmod:aviationdawn","rmod:launchingtorpedo"],"picked":"SKIP","floor":31},{"not_picked":["rmod:fletcher","rmod:seals"],"picked":"rmod:ridicule","floor":33},{"not_picked":["rmod:intelligenceanalysis","rmod:supportaircraftcarrier","rmod:aluminumsupply"],"picked":"SKIP","floor":35},{"not_picked":["rmod:wolves+1","rmod:aviationdawn","rmod:fletcherpendant+1"],"picked":"SKIP","floor":37},{"not_picked":["rmod:stealaluminum","rmod:capitalist","rmod:intelligenceanalysis"],"picked":"SKIP","floor":38},{"not_picked":["rmod:diaomin","rmod:aluminumsupply","rmod:ammunitionsupply"],"picked":"SKIP","floor":40},{"not_picked":["rmod:wife","rmod:diamondstrike"],"picked":"rmod:sl+1","floor":41},{"not_picked":["rmod:windflower","rmod:aluminumsupply+1","rmod:wife"],"picked":"SKIP","floor":42},{"not_picked":["rmod:ammunitionsupply+1","rmod:selfconfidence+1"],"picked":"rmod:heivgo","floor":44},{"not_picked":["rmod:ammunitionsupply","rmod:punchline+1","rmod:unsinkable"],"picked":"SKIP","floor":48}],"player_experience":489322,"relics_obtained":[{"floor":9,"key":"Art of War"},{"floor":26,"key":"Bag of Marbles"},{"floor":40,"key":"Toy Ornithopter"},{"floor":42,"key":"Vajra"},{"floor":46,"key":"FossilizedHelix"}],"event_choices":[{"damage_healed":0,"gold_gain":0,"player_choice":"Entered Light","damage_taken":15,"max_hp_gain":0,"max_hp_loss":0,"event_name":"Shining Light","floor":4,"gold_loss":0,"cards_upgraded":["rmod:strick","rmod:maingunfire"]},{"damage_healed":0,"gold_gain":0,"player_choice":"Simplicity","damage_taken":0,"max_hp_gain":0,"max_hp_loss":0,"event_name":"Back to Basics","floor":21,"gold_loss":0,"cards_upgraded":["rmod:strick","rmod:strick","rmod:defend","rmod:defend","rmod:defend"]},{"damage_healed":0,"gold_gain":0,"cards_transformed":["rmod:bulid","rmod:strick"],"player_choice":"Became Test Subject","damage_taken":0,"max_hp_gain":0,"max_hp_loss":0,"event_name":"Drug Dealer","floor":23,"gold_loss":0,"cards_obtained":["rmod:smokecover","rmod:unsinkable"]},{"damage_healed":0,"gold_gain":0,"player_choice":"Max HP","damage_taken":0,"max_hp_gain":0,"max_hp_loss":4,"event_name":"Winding Halls","floor":36,"gold_loss":0},{"damage_healed":0,"gold_gain":0,"player_choice":"Ignored","damage_taken":0,"max_hp_gain":0,"max_hp_loss":0,"event_name":"SecretPortal","floor":39,"gold_loss":0},{"damage_healed":0,"gold_gain":0,"player_choice":"Fight","damage_taken":0,"max_hp_gain":0,"max_hp_loss":0,"event_name":"MindBloom","floor":46,"gold_loss":0}],"is_beta":false,"boss_relics":[{"not_picked":["Tiny House","SlaversCollar"],"picked":"Ectoplasm"},{"not_picked":["Runic Dome","Busted Crown"],"picked":"rmod:monthlycard"}],"items_purged_floors":[5,30],"is_endless":false,"potions_floor_spawned":[2,7,14,16,19,20,28,33,37,40,41,42],"ascension_level":0}}