{"host":"yllrlz30c75z9571","time":1607985832,"event":{"mods":["AchievementEnabler","Aspiration","Bard","BaseMod","Beaked The Cultist","Better Altar","Better Match","Better Note","Better Sensory Stone","Better Skull","Better Third Choice","BetterRewards","CCEM","Clawfect","Colored Map","Conspire","Downfall","GifTheSpireLib","Googly Eyes","Halation","Hermit","Highlight Path","Hubris","Hunter ??","Infinite Spire","Jedi Mod","Jorbs\u0027s Wanderer Trilogy","Mad Scientist","Marisa????????","Mimic Mod","Minty Spire (QoL Compilation)","Permanent Neow","Replay The Spire","Shade Mod","Shop Mod","Spicy Shops","StSLib","Stuff the Spire","The Administrix","The Blackbeard","The Bug Knight","The Construct","The Cursed","The Gatherer","The Hierophant","The IronCluck","The Jungle","The Mystic","The Necromancer","The Problem Sleuth","The Runesmith","The Servant 0.9.4","The Spell Scribe","The Witch","Unceasing Turn Reminder","everything is the same but u backflip on backflip","slay the spire mod where everything is the same but ironclad has a cowboy hat"],"gold_per_floor":[99,13,46,57,57,73,111,111,111,111,19,19,29,43,56,155,155,5,15,26,26,42,61,84,101,101,133,133,146,165,175,175,175],"floor_reached":32,"playtime":2262,"items_purged":[],"score":291,"play_id":"86869503-9a8d-4ec3-80fe-49246e542a42","local_time":"20201214224352","is_ascension_mode":false,"campfire_choices":[{"floor":1,"key":"RECALL"},{"data":"Guardian:DonusPower","floor":5,"key":"SMITH"},{"floor":10,"key":"REST"},{"data":"Guardian:PrismaticBeam","floor":18,"key":"SMITH"},{"floor":26,"key":"REST"}],"circlet_count":0,"master_deck":["Guardian:Strike_Guardian","Guardian:Strike_Guardian","Guardian:Strike_Guardian","Guardian:Strike_Guardian+1","Guardian:Defend_Guardian","Guardian:Defend_Guardian","Guardian:Defend_Guardian","Guardian:Defend_Guardian","Guardian:CurlUp","Guardian:TwinSlam","Guardian:RollAttack","Guardian:DonusPower+1","Guardian:PiercingHide+1","Guardian:SentryBeam","Guardian:PrismaticBeam+1","Guardian:HyperBeam_Guardian","Guardian:SpikerProtocol","Guardian:PrismaticBarrier+1","Guardian:PrimingBeam+1","Guardian:Gem_Red","Guardian:PolyBeam","Guardian:Recover+1"],"relics":["Guardian:ModeShifter","Toxic Egg 2","beaked:MawFillet","downfall:HeartBlessingRed","downfall:HeartBlessingBlue","halation:KoshaPiece","Potion Belt"],"acts_visited":["Exordium","TheCity"],"potions_floor_usage":[27],"damage_taken":[{"damage":0,"enemies":"downfall:FleeingMerchant","floor":2,"turns":4},{"damage":31,"enemies":"HollowMod:MossKnight","floor":3,"turns":18},{"damage":1,"enemies":"infinitespire:Voidling","floor":4,"turns":4},{"damage":5,"enemies":"Small Slimes","floor":6,"turns":2},{"damage":6,"enemies":"conspire:RoseBush","floor":7,"turns":7},{"damage":11,"enemies":"downfall:FleeingMerchant","floor":11,"turns":4},{"damage":0,"enemies":"conspire:RoseBush","floor":13,"turns":3},{"damage":7,"enemies":"3 Louse","floor":14,"turns":4},{"damage":3,"enemies":"Red Slaver","floor":15,"turns":3},{"damage":29,"enemies":"downfall:Silent","floor":16,"turns":13},{"damage":23,"enemies":"Shell Parasite","floor":19,"turns":5},{"damage":13,"enemies":"Chosen and Byrds","floor":20,"turns":5},{"damage":6,"enemies":"Shelled Parasite and Fungi","floor":22,"turns":5},{"damage":14,"enemies":"Centurion and Healer","floor":23,"turns":5},{"damage":0,"enemies":"3 Cultists","floor":25,"turns":3},{"damage":26,"enemies":"conspire:SneckoGhost","floor":27,"turns":8},{"damage":18,"enemies":"Cultist and Chosen","floor":29,"turns":5},{"damage":11,"enemies":"Snake Plant","floor":30,"turns":2},{"damage":0,"enemies":"conspire:HollyBat","floor":31,"turns":7},{"damage":12,"enemies":"Shelled Parasite and Fungi","floor":32,"turns":2}],"seed_played":"8275956105933678837","potions_obtained":[{"floor":14,"key":"champ:CounterPotion"},{"floor":22,"key":"Strength Potion"},{"floor":23,"key":"jedi:StrikingPotion"},{"floor":27,"key":"sneckomod:MuddlingPotion"}],"is_trial":false,"path_per_floor":["R","$","E","M","R","M","MIM","?","?","R","$","?","M","M","M","B",null,"R","M","M","?","M","M","T","M","R","E","?","M","M","M","M"],"character_chosen":"GUARDIAN","items_purchased":["Guardian:DonusPower","Guardian:SentryBeam"],"campfire_rested":2,"item_purchase_floors":[2,11],"current_hp_per_floor":[80,80,49,48,48,43,37,42,42,67,56,61,61,54,51,22,85,95,72,59,59,53,39,39,39,67,41,41,23,12,12,0,0],"gold":175,"neow_bonus":"UPGRADE_CARD","is_daily":false,"chose_seed":false,"campfire_upgraded":2,"win_rate":0.0,"timestamp":1607985832,"path_taken":["R","$","E","M","R","M","MIM","?","?","R","$","?","M","?","M","BOSS","R","M","?","?","M","?","T","M","R","E","?","M","M","M","M"],"items_purchased_type":["Card","Card"],"build_version":"2020-12-13","purchased_purges":0,"victory":false,"max_hp_per_floor":[80,80,80,80,80,80,80,85,85,85,85,85,85,85,85,85,85,95,95,95,95,95,95,95,95,95,95,95,95,95,95,95,95],"card_choices":[{"not_picked":["Guardian:PrimingBeam","Guardian:Suspension"],"picked":"Guardian:RollAttack","floor":2},{"not_picked":["Guardian:Incinerate","Guardian:StasisStrike"],"picked":"Guardian:PiercingHide+1","floor":3},{"not_picked":["Guardian:Suspension+1","Guardian:TemporalShield+1"],"picked":"Guardian:Gem_White","floor":4},{"not_picked":["Guardian:BronzeArmor+1","Guardian:WalkerClaw"],"picked":"Guardian:Gem_Lightblue","floor":6},{"not_picked":["Guardian:TemporalStrike","Guardian:GuardianWhirl"],"picked":"Guardian:ShieldCharger+1","floor":7},{"not_picked":["Guardian:Gem_White","Guardian:BronzeArmor+1"],"picked":"Guardian:Gem_Lightblue","floor":11},{"not_picked":["Guardian:Gem_Green","Guardian:PrismaticBeam"],"picked":"Guardian:Gem_Red","floor":13},{"not_picked":["Guardian:CrystalBeam","Guardian:Recover+1"],"picked":"Guardian:PrismaticBeam","floor":14},{"not_picked":["Guardian:PrismaticBeam","Guardian:AncientConstruct"],"picked":"Guardian:Gem_Cyan","floor":15},{"not_picked":["Guardian:Gem_Synthetic","Guardian:TimeSifter"],"picked":"Guardian:HyperBeam_Guardian","floor":16},{"not_picked":["Guardian:ChargeCore","Guardian:RollAttack"],"picked":"Guardian:Gem_Lightblue","floor":19},{"not_picked":["Guardian:ChargeCore+1","Guardian:PiercingHide+1"],"picked":"Guardian:SpikerProtocol","floor":20},{"not_picked":["Guardian:Gem_Cyan","Guardian:RollAttack"],"picked":"Guardian:Gem_Green","floor":22},{"not_picked":["Guardian:RefractedBeam","Guardian:SentryBeam+1"],"picked":"Guardian:PrismaticBarrier+1","floor":23},{"not_picked":["Guardian:PiercingHide+1","Guardian:HyperBeam_Guardian"],"picked":"Guardian:Gem_Cyan","floor":25},{"not_picked":["Guardian:Reroute","Guardian:Preprogram+1"],"picked":"Guardian:PrimingBeam+1","floor":27},{"not_picked":["Guardian:Reroute+1","Guardian:ShieldCharger+1"],"picked":"Guardian:Gem_Red","floor":29},{"not_picked":["Guardian:RollAttack","Guardian:Suspension+1"],"picked":"Guardian:PolyBeam","floor":30},{"not_picked":["Guardian:ShieldCharger+1","Guardian:TemporalStrike"],"picked":"Guardian:Recover+1","floor":31}],"player_experience":142701,"relics_obtained":[{"floor":3,"key":"Toxic Egg 2"},{"floor":24,"key":"halation:KoshaPiece"},{"floor":27,"key":"Potion Belt"}],"event_choices":[{"damage_healed":0,"gold_gain":0,"player_choice":"Donut","damage_taken":0,"max_hp_gain":5,"max_hp_loss":0,"event_name":"Big Fish","floor":8,"gold_loss":0},{"damage_healed":0,"gold_gain":0,"player_choice":"Disagree","damage_taken":0,"max_hp_gain":0,"max_hp_loss":0,"event_name":"conspire:LoneGhost","floor":9,"gold_loss":0},{"cards_removed":["Guardian:ShieldCharger"],"damage_healed":5,"gold_gain":0,"player_choice":"Offered Common","damage_taken":0,"max_hp_gain":0,"max_hp_loss":0,"event_name":"Bonfire Elementals","floor":12,"gold_loss":0},{"cards_removed":["Guardian:ShieldCharger"],"damage_healed":5,"gold_gain":0,"player_choice":"Offered Special","damage_taken":0,"max_hp_gain":0,"max_hp_loss":0,"event_name":"Bonfire Elementals","floor":12,"gold_loss":0},{"damage_healed":0,"gold_gain":0,"player_choice":"Ignored","damage_taken":0,"max_hp_gain":0,"max_hp_loss":0,"event_name":"betterNote:BetterNote","floor":21,"gold_loss":0,"cards_obtained":["Slimebound:Tackle"]}],"is_beta":false,"boss_relics":[{"not_picked":["Replay:Wanted Poster","Pandora\u0027s Box"],"picked":"beaked:MawFillet"}],"items_purged_floors":[],"is_endless":false,"potions_floor_spawned":[4,14,22,23,27],"killed_by":"Shelled Parasite and Fungi","ascension_level":0}}