{"host":"r2b8ojg4o4pyvjvq","time":1607949017,"event":{"mods":["BaseMod","Colored Map","Downfall","Highlight Path","Hubris","Minty Spire (QoL Compilation)","Replay The Spire","StSLib","SuperFastMode"],"gold_per_floor":[111,40,40,500,500,500,500,500,500,500,500,500,500,500,500,500,500,500,500,500,500,500,500,500,500,500,500,500,500,500,500,500,500,500,500,500,500,500,500,500,500,500,500,500,500,500,500,500,500,500,500,500,500,500,500],"floor_reached":56,"playtime":2764,"items_purged":["Strike_P","Defend_P","Defend_P","Defend_P","Strike_P"],"score":1446,"play_id":"4952d834-5517-4905-9eb1-cacc88691c31","local_time":"20201214133017","is_ascension_mode":true,"campfire_choices":[{"data":"CutThroughFate","floor":13,"key":"SMITH"},{"data":"TalkToTheHand","floor":15,"key":"SMITH"},{"floor":27,"key":"RECALL"},{"data":"Apotheosis","floor":32,"key":"SMITH"},{"floor":40,"key":"REST"},{"data":"Strike_P","floor":47,"key":"PURGE"},{"data":"ReplayUltimateDefense","floor":49,"key":"SMITH"},{"data":"Defend_P","floor":52,"key":"PURGE"}],"circlet_count":0,"master_deck":["Eruption","Vigilance","Evaluate","Wish","TalkToTheHand","expansioncontent:StudyTheSpire+1","DeusExMachina","TalkToTheHand+1","FlyingSleeves","Perseverance","CutThroughFate+1","Prostrate","Halt+1","Judgement","Wireheading","WaveOfTheHand","ReplayUltimateDefense+1","Thinking Ahead","Apotheosis+1","EmptyFist+1","Vengeance","Replay:ManipulateFuture+1","Devotion","FollowUp+1","Ragnarok","Fasting2+1"],"relics":["PureWater","NeowsBlessing","hubris:Icosahedron","Blue Doll","hubris:SphereOfDissonance","ClockworkSouvenir","Art of War","Meat on the Bone","hubris:OldNail","Replay:Grab Bag","ReplayTheSpireMod:Onyx Gauntlets","Ectoplasm","hubris:HollowSoul","SlaversCollar","Replay:Bandana","Peace Pipe","ReplayTheSpireMod:ShopPack","Chameleon Ring","Juzu Bracelet","Lee\u0027s Waffle","Replay:Kaleidoscope","Lantern","Onion Ring","MealTicket","hubris:MysteriousPyramids","Strawberry","Chemical X","Nunchaku","Tiny House","hubris:Towel","Pondfish Scales","ReplayTheSpireMod:TigerMarble","Replay:Wax Seal","hubris:EmptyBottle","hubris:BottledRain","hubris:Metronome","Sundial","Snack Pack","Thread and Needle","Bottled Tornado"],"acts_visited":["Exordium","TheCity","TheBeyond","TheEnding"],"potions_floor_usage":[10,12,36,55,55,55,55],"damage_taken":[{"damage":0,"enemies":"Small Slimes","floor":1,"turns":1},{"damage":0,"enemies":"Gremlin Nob","floor":6,"turns":1},{"damage":0,"enemies":"Jaw Worm","floor":7,"turns":1},{"damage":0,"enemies":"Cultist","floor":8,"turns":3},{"damage":2,"enemies":"Exordium Wildlife","floor":10,"turns":4},{"damage":3,"enemies":"Blue Slaver","floor":11,"turns":3},{"damage":13,"enemies":"Lagavulin","floor":12,"turns":5},{"damage":30,"enemies":"3 Sentries","floor":14,"turns":7},{"damage":6,"enemies":"Slime Boss","floor":16,"turns":8},{"damage":5,"enemies":"Chosen","floor":18,"turns":4},{"damage":0,"enemies":"Spheric Guardian","floor":19,"turns":3},{"damage":7,"enemies":"Chosen and Byrds","floor":21,"turns":4},{"damage":4,"enemies":"Gremlin Leader","floor":23,"turns":6},{"damage":5,"enemies":"Centurion and Healer","floor":24,"turns":5},{"damage":9,"enemies":"Book of Stabbing","floor":25,"turns":5},{"damage":9,"enemies":"Gremlin Leader","floor":28,"turns":8},{"damage":18,"enemies":"Slavers","floor":31,"turns":4},{"damage":18,"enemies":"hubris:MusketHawk","floor":33,"turns":7},{"damage":7,"enemies":"3 Shapes","floor":35,"turns":3},{"damage":24,"enemies":"3 Darklings","floor":36,"turns":4},{"damage":14,"enemies":"Maw","floor":37,"turns":7},{"damage":29,"enemies":"Reptomancer","floor":41,"turns":3},{"damage":0,"enemies":"Transient","floor":42,"turns":5},{"damage":37,"enemies":"Donu and Deca","floor":50,"turns":5},{"damage":0,"enemies":"Shield and Spear","floor":54,"turns":2},{"damage":11,"enemies":"The Heart","floor":55,"turns":4}],"seed_played":"-1727147365810782847","potions_obtained":[{"floor":1,"key":"ColorlessPotion"},{"floor":7,"key":"Strength Potion"},{"floor":8,"key":"Adrenaline Potion"},{"floor":10,"key":"Fruit Juice"},{"floor":14,"key":"Reflective Coating"},{"floor":16,"key":"Milkshake"},{"floor":18,"key":"Doom Potion"},{"floor":36,"key":"LiquidBronze"}],"is_trial":false,"path_per_floor":["M","$","?","$","?","E","M","M","T","M","M","E","R","E","R","B",null,"M","M","$","M","$","E","M","E","T","R","E","?","$","E","R","B",null,"M","M","M","NS","?","R","E","M","T","$","?","?","R","$","R","B",null,"R","$","E","B",null],"character_chosen":"WATCHER","items_purchased":["Wish","Crescendo+1","Blue Doll","hubris:SphereOfDissonance","ClockworkSouvenir","TalkToTheHand","expansioncontent:StudyTheSpire","DeusExMachina","Replay:Bandana","Peace Pipe","ReplayTheSpireMod:ShopPack","Chameleon Ring","Juzu Bracelet","Lee\u0027s Waffle","Apotheosis","hubris:MysteriousPyramids","Strawberry","Chemical X","FearNoEvil+1","Vengeance","Replay:Wax Seal","hubris:EmptyBottle","hubris:BottledRain","hubris:Metronome","Sundial","Ragnarok","Snack Pack","Thread and Needle"],"campfire_rested":1,"item_purchase_floors":[2,4,4,4,4,4,4,4,20,20,20,22,22,22,22,30,30,30,30,30,44,44,44,48,48,48,53,53],"current_hp_per_floor":[72,72,72,72,72,72,72,72,72,75,72,59,59,41,41,47,77,72,72,72,65,84,80,75,66,66,66,57,60,82,64,64,46,96,89,65,51,51,54,82,53,53,53,68,71,74,74,92,92,55,96,96,96,96,85],"gold":500,"neow_bonus":"THREE_ENEMY_KILL","is_daily":false,"chose_seed":false,"campfire_upgraded":4,"win_rate":0.0,"timestamp":1607949017,"path_taken":["M","$","?","$","?","E","?","M","T","M","M","E","R","E","R","BOSS","M","M","$","M","$","E","M","E","T","R","E","?","$","E","R","BOSS","M","M","M","NS","?","R","E","M","T","$","?","?","R","?","R","BOSS","R","$","E","BOSS"],"items_purchased_type":["Card","Card","Relic","Relic","Relic","Card","Card","Card","Relic","Relic","Relic","Relic","Relic","Relic","Card","Relic","Relic","Relic","Card","Card","Relic","Relic","Relic","Relic","Relic","Card","Relic","Relic"],"build_version":"2020-12-13","purchased_purges":5,"victory":true,"max_hp_per_floor":[72,72,72,72,72,72,72,72,72,77,77,77,77,77,77,77,77,77,77,77,77,84,84,84,84,84,84,84,84,91,91,91,91,96,96,96,96,96,96,96,96,96,96,96,96,96,96,96,96,96,96,96,96,96,96],"card_choices":[{"not_picked":["Halt","ClearTheMind"],"picked":"Evaluate","floor":1},{"not_picked":["Prostrate","Tantrum"],"picked":"TalkToTheHand","floor":6},{"not_picked":["Crescendo","BattleHymn"],"picked":"FlyingSleeves","floor":7},{"not_picked":["Blasphemy","WindmillStrike"],"picked":"Perseverance","floor":8},{"not_picked":["Adaptation","ThirdEye"],"picked":"CutThroughFate","floor":10},{"not_picked":["Perseverance","SandsOfTime","Adaptation"],"picked":"SKIP","floor":11},{"not_picked":["ClearTheMind","WheelKick"],"picked":"Prostrate","floor":12},{"not_picked":["SandsOfTime","JustLucky"],"picked":"Halt","floor":14},{"not_picked":["Scrawl","SpiritShield"],"picked":"Judgement","floor":16},{"not_picked":["WindmillStrike+1","WreathOfFlame"],"picked":"Wireheading","floor":18},{"not_picked":["BowlingBash","EmptyBody"],"picked":"WaveOfTheHand","floor":19},{"not_picked":["Panache","Sadistic Nature"],"picked":"ReplayUltimateDefense","floor":20},{"not_picked":["Survey Options","expansioncontent:DefensiveStance"],"picked":"Thinking Ahead","floor":20},{"not_picked":["Meditate","BattleHymn","Adaptation+1"],"picked":"SKIP","floor":21},{"not_picked":["Replay:AtTheReady","Worship+1"],"picked":"EmptyFist+1","floor":23},{"not_picked":["FollowUp","ThirdEye"],"picked":"MasterReality","floor":24},{"not_picked":["Blasphemy","Replay:AtTheReady","Halt"],"picked":"SKIP","floor":25},{"not_picked":["BattleHymn","Protect"],"picked":"PathToVictory+1","floor":28},{"not_picked":["ThirdEye","Nirvana"],"picked":"Replay:ManipulateFuture+1","floor":31},{"not_picked":["Blasphemy","MasterReality"],"picked":"Devotion","floor":33},{"not_picked":["Indignation","Halt+1","Meditate+1"],"picked":"SKIP","floor":35},{"not_picked":["Replay:Vibes","Study+1","BowlingBash+1"],"picked":"SKIP","floor":36},{"not_picked":["Replay:Cycle+1","Indignation+1","Prostrate"],"picked":"SKIP","floor":37},{"not_picked":["Wireheading+1","Consecrate+1"],"picked":"FollowUp+1","floor":41},{"not_picked":["SignatureMove","Wireheading+1","Replay:BluntJabs"],"picked":"SKIP","floor":42},{"not_picked":["PathToVictory+1","SandsOfTime+1"],"picked":"Fasting2+1","floor":54}],"player_experience":395685,"relics_obtained":[{"floor":6,"key":"Art of War"},{"floor":12,"key":"Meat on the Bone"},{"floor":14,"key":"hubris:OldNail"},{"floor":23,"key":"Replay:Kaleidoscope"},{"floor":25,"key":"Lantern"},{"floor":26,"key":"Onion Ring"},{"floor":28,"key":"MealTicket"},{"floor":31,"key":"Nunchaku"},{"floor":41,"key":"Pondfish Scales"},{"floor":43,"key":"ReplayTheSpireMod:TigerMarble"},{"floor":54,"key":"Bottled Tornado"}],"event_choices":[{"cards_removed":["Crescendo"],"damage_healed":5,"gold_gain":0,"player_choice":"Offered Common","damage_taken":0,"max_hp_gain":0,"max_hp_loss":0,"event_name":"Bonfire Elementals","floor":5,"gold_loss":0},{"cards_removed":["Crescendo"],"damage_healed":5,"gold_gain":0,"player_choice":"Offered Special","damage_taken":0,"max_hp_gain":0,"max_hp_loss":0,"event_name":"Bonfire Elementals","floor":5,"gold_loss":0},{"cards_removed":["Strike_P"],"damage_healed":0,"gold_gain":0,"player_choice":"Gave Gold","damage_taken":0,"max_hp_gain":0,"max_hp_loss":0,"event_name":"Beggar","floor":29,"gold_loss":75},{"cards_removed":["MasterReality"],"damage_healed":0,"gold_gain":0,"player_choice":"Removed Power","damage_taken":0,"max_hp_gain":0,"max_hp_loss":0,"event_name":"Falling","floor":46,"gold_loss":0}],"is_beta":false,"boss_relics":[{"not_picked":["hubris:VirtuousBlindfold","Sozu"],"picked":"Replay:Grab Bag"},{"not_picked":["Coffee Dripper","Replay:Bronze Core"],"picked":"ReplayTheSpireMod:Onyx Gauntlets"},{"not_picked":["hubris:GrandSneckoEye","hubris:TerracottaHorce"],"picked":"Ectoplasm"},{"not_picked":["Runic Pyramid","Kintsugi"],"picked":"hubris:HollowSoul"},{"not_picked":["Pandora\u0027s Box","Astrolabe"],"picked":"SlaversCollar"},{"not_picked":["ChewingGum","hubris:RunicObelisk"],"picked":"Tiny House"}],"items_purged_floors":[4,20,22,30,44],"is_endless":false,"potions_floor_spawned":[1,7,8,10,14,16,18,21,24,28,36,41],"ascension_level":2}}