{"host":"684z1xpuwaoqmmh1","time":1607932777,"event":{"mods":["Bard","BaseMod","Downfall","Hermit","Jorbs\u0027s Wanderer Trilogy","Marisa????????","Minty Spire (QoL Compilation)","StSLib","The Hierophant","The Mystic","The Runesmith"],"gold_per_floor":[99,274,299,299,224,259,259,290,290,325,325,4,4,4,18,121,121,46,46,65,65,65,90,142,142,67,96,296,59,72,87,105,203,203,203,216,228,258,308,438,438,438,466,466,490,490,509,509,521,521,521,555,368,368,368],"floor_reached":56,"playtime":3106,"items_purged":["Regret","champ:Strike","champ:Defend"],"score":1465,"play_id":"07a29767-ac28-4593-b0fe-4e6d06407320","local_time":"20201214095937","is_ascension_mode":true,"campfire_choices":[{"floor":1.0,"key":"RECALL"},{"data":"champ:Taunt","floor":5.0,"key":"SMITH"},{"data":"1","floor":9.0,"key":"LIFT"},{"data":"2","floor":18.0,"key":"LIFT"},{"data":"3","floor":21.0,"key":"LIFT"},{"data":"champ:Improvising","floor":26.0,"key":"SMITH"},{"data":"champ:IgnorePain","floor":35.0,"key":"SMITH"},{"data":"champ:Improvising","floor":42.0,"key":"SMITH"},{"data":"champ:IronFortress","floor":44.0,"key":"SMITH"},{"floor":54.0,"key":"DIG"}],"circlet_count":0,"master_deck":["champ:Strike+1","champ:Defend+1","champ:Defend","champ:Execute","champ:Taunt+1","champ:RisingSlash","champ:GladiatorsShout","champ:GutPunch+1","champ:FanOfKnives","champ:RecklessLeap","champ:BerserkerStyle","champ:VampiricStrike+1","champ:Haymaker","champ:Improvising+1","champ:Backstep+1","champ:Balance+1","champ:Shatter+1","champ:IronFortress+1","champ:EndlessRage","champ:IgnorePain+1","champ:Circumvent+1","champ:ViciousMockery+1","champ:Improvising+1","champ:GladiatorStyle+1","champ:GutPunch+1","champ:SkillfulDodge","expansioncontent:Flail","expansioncontent:HyperBeam","expansioncontent:CaCaw","Parasite","champ:BerserkersShout","champ:StanceDance","champ:IgnorePain+1","champ:EndlessRage","champ:Balance"],"relics":["champ:ChampionCrown","downfall:HeartsMalice","Ancient Tea Set","downfall:HeartBlessingRed","Bronze Scales","Mercury Hourglass","Girya","Blood Vial","PreservedInsect","Busted Crown","downfall:HeartBlessingGreen","champ:GladiatorsBookOfMartialProwess","Bottled Tornado","downfall:HeartBlessingBlue","Orichalcum","Membership Card","War Paint","Empty Cage","champ:DefensiveTrainingManual","Shovel","Potion Belt","Medical Kit","InkBottle","Shuriken","Happy Flower","Boot","DollysMirror","Bag of Marbles","Pantograph"],"acts_visited":["Exordium","TheCity","TheBeyond","TheEnding"],"potions_floor_usage":[55,55,55],"damage_taken":[{"damage":0.0,"enemies":"3 Sentries","floor":3.0,"turns":1.0},{"damage":0.0,"enemies":"Small Slimes","floor":4.0,"turns":1.0},{"damage":0.0,"enemies":"Lagavulin","floor":6.0,"turns":1.0},{"damage":35.0,"enemies":"Gremlin Nob","floor":8.0,"turns":4.0},{"damage":55.0,"enemies":"Lagavulin","floor":10.0,"turns":7.0},{"damage":32.0,"enemies":"downfall:FleeingMerchant","floor":12.0,"turns":4.0},{"damage":15.0,"enemies":"2 Louse","floor":15.0,"turns":1.0},{"damage":64.0,"enemies":"downfall:Defect","floor":16.0,"turns":5.0},{"damage":8.0,"enemies":"Chosen","floor":20.0,"turns":3.0},{"damage":26.0,"enemies":"Book of Stabbing","floor":23.0,"turns":3.0},{"damage":15.0,"enemies":"Gremlin Leader","floor":27.0,"turns":2.0},{"damage":15.0,"enemies":"Gremlin Leader","floor":28.0,"turns":3.0},{"damage":40.0,"enemies":"downfall:FleeingMerchant","floor":29.0,"turns":4.0},{"damage":38.0,"enemies":"Shelled Parasite and Fungi","floor":30.0,"turns":2.0},{"damage":29.0,"enemies":"Snake Plant","floor":31.0,"turns":3.0},{"damage":15.0,"enemies":"Cultist and Chosen","floor":32.0,"turns":3.0},{"damage":82.0,"enemies":"downfall:Silent","floor":33.0,"turns":6.0},{"damage":43.0,"enemies":"3 Darklings","floor":36.0,"turns":3.0},{"damage":18.0,"enemies":"Orb Walker","floor":37.0,"turns":3.0},{"damage":38.0,"enemies":"Nemesis","floor":38.0,"turns":5.0},{"damage":78.0,"enemies":"Mind Bloom Boss Battle","floor":39.0,"turns":7.0},{"damage":11.0,"enemies":"downfall:FleeingMerchant","floor":40.0,"turns":2.0},{"damage":55.0,"enemies":"Reptomancer","floor":43.0,"turns":4.0},{"damage":17.0,"enemies":"Writhing Mass","floor":47.0,"turns":3.0},{"damage":18.0,"enemies":"3 Darklings","floor":49.0,"turns":3.0},{"damage":49.0,"enemies":"downfall:Watcher","floor":50.0,"turns":7.0},{"damage":21.0,"enemies":"downfall:CharBossMerchant","floor":52.0,"turns":5.0},{"damage":92,"enemies":"downfall:NeowBoss","floor":55,"turns":17}],"seed_played":"6938164323635302308","potions_obtained":[{"floor":10.0,"key":"Swift Potion"},{"floor":15.0,"key":"LiquidBronze"},{"floor":16.0,"key":"FearPotion"},{"floor":25.0,"key":"CultistPotion"},{"floor":27.0,"key":"PowerPotion"},{"floor":31.0,"key":"hexamod:EctoCoolerPotion"},{"floor":37.0,"key":"champ:OpenerPotion"},{"floor":43.0,"key":"Swift Potion"},{"floor":49.0,"key":"DistilledChaos"}],"is_trial":false,"path_per_floor":["R","?","E","M","R","E","T","E","R","E","?","$","?","?","M","B",null,"R","?","M","R","?","E","T","?","R","E","?","$","M","M","M","B",null,"R","M","M","E","?","$","T","R","E","R","?","?","M","?","M","B",null,"E","$","R","B",null],"character_chosen":"THE_CHAMP","items_purchased":["PreservedInsect","champ:VampiricStrike","Membership Card","War Paint","Potion Belt","Medical Kit","Bag of Marbles","champ:EndlessRage","champ:Balance"],"campfire_rested":0,"item_purchase_floors":[12,12,29,29,40,40,53,53,53],"current_hp_per_floor":[90,90,90,90,90,90,90,70,70,36,36,31,31,31,33,38,90,90,90,90,90,90,90,90,90,100,100,100,100,100,93,95,78,100,100,100,100,100,100,100,100,100,87,87,87,77,95,95,99,100,100,100,100,100,100],"gold":368,"neow_bonus":"THREE_ENEMY_KILL","is_daily":false,"chose_seed":false,"campfire_upgraded":5,"win_rate":0.0,"timestamp":1607932777,"path_taken":["R","?","E","M","R","E","T","E","R","E","?","$","?","?","M","BOSS","R","?","M","R","?","E","T","?","R","E","?","?","M","M","M","BOSS","R","M","M","E","?","$","T","R","E","R","?","?","?","?","M","BOSS","E","$","R","BOSS"],"items_purchased_type":["Relic","Card","Relic","Relic","Relic","Relic","Relic","Card","Card"],"build_version":"2020-12-13","purchased_purges":3,"victory":true,"max_hp_per_floor":[90,90,90,90,90,90,90,90,90,90,90,90,90,90,90,90,90,90,90,90,90,90,90,90,90,100,100,100,100,100,100,100,100,100,100,100,100,100,100,100,100,100,100,100,100,100,100,100,100,100,100,100,100,100,100],"card_choices":[{"not_picked":["champ:FanOfKnives","champ:AdrenalArmor"],"picked":"champ:RisingSlash","floor":3.0},{"not_picked":["champ:Control","champ:EnragedBash"],"picked":"champ:GladiatorsShout","floor":4.0},{"not_picked":["champ:CrookedStrike","champ:FlashCut"],"picked":"champ:GutPunch","floor":6.0},{"not_picked":["champ:FlashCut","champ:CrookedStrike"],"picked":"champ:FanOfKnives","floor":8.0},{"not_picked":["champ:CrookedStrike","champ:DefensiveShout"],"picked":"champ:RecklessLeap","floor":10.0},{"not_picked":["champ:BringItOn","champ:FocusedGladiator"],"picked":"champ:BerserkerStyle","floor":12.0},{"not_picked":["champ:CrookedStrike","champ:Circumvent"],"picked":"champ:Haymaker","floor":15.0},{"not_picked":["champ:SteelEdge","champ:HoldFirm"],"picked":"champ:Improvising","floor":16.0},{"not_picked":[],"picked":"champ:Backstep","floor":20.0},{"not_picked":[],"picked":"champ:Balance","floor":23.0},{"not_picked":["champ:Shatter+1"],"picked":"SKIP","floor":27.0},{"not_picked":[],"picked":"champ:Shatter+1","floor":27.0},{"not_picked":["champ:Circumvent"],"picked":"SKIP","floor":29.0},{"not_picked":["champ:FocusedBerserking"],"picked":"SKIP","floor":30.0},{"not_picked":[],"picked":"champ:IronFortress","floor":31.0},{"not_picked":[],"picked":"champ:EndlessRage","floor":32.0},{"not_picked":[],"picked":"champ:IgnorePain","floor":33.0},{"not_picked":[],"picked":"champ:Circumvent+1","floor":36.0},{"not_picked":[],"picked":"champ:ViciousMockery+1","floor":37.0},{"not_picked":[],"picked":"champ:Improvising","floor":38.0},{"not_picked":[],"picked":"champ:GladiatorStyle+1","floor":39.0},{"not_picked":[],"picked":"champ:GutPunch+1","floor":40.0},{"not_picked":[],"picked":"champ:SkillfulDodge","floor":43.0},{"not_picked":[],"picked":"expansioncontent:Flail","floor":46.0},{"not_picked":[],"picked":"expansioncontent:HyperBeam","floor":46.0},{"not_picked":[],"picked":"expansioncontent:CaCaw","floor":46.0},{"not_picked":[],"picked":"champ:BerserkersShout","floor":47.0},{"not_picked":[],"picked":"champ:StanceDance","floor":49.0},{"not_picked":["champ:Encircle"],"picked":"SKIP","floor":52.0}],"player_experience":2287567,"relics_obtained":[{"floor":3.0,"key":"Ancient Tea Set"},{"floor":6.0,"key":"Bronze Scales"},{"floor":7.0,"key":"Mercury Hourglass"},{"floor":8.0,"key":"Girya"},{"floor":10.0,"key":"Blood Vial"},{"floor":23.0,"key":"Bottled Tornado"},{"floor":27.0,"key":"Orichalcum"},{"floor":38.0,"key":"champ:DefensiveTrainingManual"},{"floor":39.0,"key":"Shovel"},{"floor":41.0,"key":"InkBottle"},{"floor":43.0,"key":"Shuriken"},{"floor":45.0,"key":"Happy Flower"},{"floor":52.0,"key":"Boot"},{"floor":52.0,"key":"DollysMirror"},{"floor":54.0,"key":"Pantograph"}],"event_choices":[{"damage_healed":0.0,"max_hp_gain":0.0,"max_hp_loss":0.0,"gold_gain":0.0,"event_name":"Living Wall","player_choice":"Grow","floor":13.0,"gold_loss":0.0,"damage_taken":0.0,"cards_upgraded":["champ:VampiricStrike"]},{"cards_removed":["champ:Strike"],"damage_healed":0.0,"max_hp_gain":0.0,"max_hp_loss":0.0,"gold_gain":0.0,"event_name":"The Cleric","player_choice":"Card Removal","floor":14.0,"gold_loss":0.0,"damage_taken":0.0},{"cards_removed":["Doubt"],"damage_healed":0.0,"max_hp_gain":0.0,"max_hp_loss":0.0,"gold_gain":0.0,"event_name":"Back to Basics","player_choice":"Elegance","floor":19.0,"gold_loss":0.0,"damage_taken":0.0}],"is_beta":false,"boss_relics":[{"not_picked":["Tiny House","Runesmith:UraniumAnvil"],"picked":"Busted Crown"},{"not_picked":["Snecko Eye","Pandora\u0027s Box"],"picked":"Empty Cage"}],"items_purged_floors":[12,40,53],"is_endless":false,"potions_floor_spawned":[10,15,16,20,27,31,32,37,43,49],"ascension_level":1}}