{"host":"i4eavuqabbk5mi94","time":1607979735,"event":{"mods":["BaseMod","Googly Eyes","Minty Spire (QoL Compilation)"],"gold_per_floor":[114,134,134,134,152,163,180,208,255,255,266,266,282,308,308,405,405,418,418,7,7,307,336,347,347,371,371,371,398,398,398],"floor_reached":30,"playtime":1329,"items_purged":["Strike_G"],"score":328,"play_id":"317c8c71-bba3-42bb-9f32-7f0d718308f3","local_time":"20201214210215","is_ascension_mode":false,"campfire_choices":[{"floor":10,"key":"REST"},{"floor":12,"key":"REST"},{"data":"Noxious Fumes","floor":15,"key":"SMITH"},{"data":"1","floor":27,"key":"LIFT"}],"circlet_count":0,"master_deck":["Strike_G","Strike_G","Strike_G","Defend_G","Defend_G","Defend_G","Defend_G","Defend_G","Survivor","Neutralize","Blade Dance","Dodge and Roll","Glass Knife","Skewer","Well Laid Plans","PiercingWail","Noxious Fumes+1","Outmaneuver","Flying Knee","Footwork","Envenom","Expertise","J.A.X.","Footwork","Catalyst","Shame","Blur","Accuracy"],"relics":["Ring of the Snake","Snake Skull","Incense Burner","Mummified Hand","Potion Belt","Bag of Preparation","Philosopher\u0027s Stone","Girya","Old Coin","Vajra","Art of War","Shuriken"],"acts_visited":["TheCity"],"potions_floor_usage":[6,8,13,14,18,18,29],"damage_taken":[{"damage":0,"enemies":"Cultist","floor":1,"turns":3},{"damage":0,"enemies":"Small Slimes","floor":2,"turns":3},{"damage":0,"enemies":"2 Louse","floor":5,"turns":3},{"damage":0,"enemies":"Large Slime","floor":6,"turns":5},{"damage":1,"enemies":"2 Fungi Beasts","floor":7,"turns":3},{"damage":37,"enemies":"Gremlin Nob","floor":8,"turns":5},{"damage":0,"enemies":"Blue Slaver","floor":11,"turns":3},{"damage":9,"enemies":"Red Slaver","floor":13,"turns":4},{"damage":1,"enemies":"3 Sentries","floor":14,"turns":8},{"damage":0,"enemies":"Hexaghost","floor":16,"turns":9},{"damage":0,"enemies":"Spheric Guardian","floor":18,"turns":3},{"damage":14,"enemies":"Gremlin Leader","floor":23,"turns":6},{"damage":4,"enemies":"Shell Parasite","floor":24,"turns":5},{"damage":39,"enemies":"Book of Stabbing","floor":29,"turns":5},{"damage":24,"enemies":"Centurion and Healer","floor":30,"turns":4}],"seed_played":"1281048409336390915","potions_obtained":[{"floor":1,"key":"AttackPotion"},{"floor":7,"key":"Fruit Juice"},{"floor":8,"key":"ColorlessPotion"},{"floor":13,"key":"Dexterity Potion"},{"floor":14,"key":"CunningPotion"},{"floor":16,"key":"SneckoOil"},{"floor":18,"key":"ColorlessPotion"}],"is_trial":false,"path_per_floor":["M","M","?","?","M","M","M","E","T","R","M","R","M","E","R","B",null,"M","?","$","?","?","E","M","?","T","R","?","E","M"],"character_chosen":"THE_SILENT","items_purchased":["Footwork","Girya"],"campfire_rested":2,"item_purchase_floors":[20,20],"current_hp_per_floor":[70,70,52,52,52,52,51,19,19,41,41,63,54,53,53,53,75,75,75,75,75,75,61,57,57,57,57,57,18,0,0],"gold":398,"neow_bonus":"RANDOM_COMMON_RELIC","is_daily":false,"chose_seed":false,"campfire_upgraded":1,"win_rate":0.0,"timestamp":1607979735,"path_taken":["M","M","?","?","M","M","M","E","T","R","M","R","M","E","R","BOSS","M","?","$","?","?","E","M","?","T","R","?","E","?"],"items_purchased_type":["Card","Relic"],"build_version":"2020-12-13","purchased_purges":1,"victory":false,"max_hp_per_floor":[70,70,70,70,70,70,70,75,75,75,75,75,75,75,75,75,75,75,75,75,75,75,75,75,75,75,75,75,75,75,75],"card_choices":[{"not_picked":["Eviscerate","Acrobatics"],"picked":"Blade Dance","floor":1},{"not_picked":["Finisher","Backstab"],"picked":"Dodge and Roll","floor":2},{"not_picked":["Blade Dance","Sucker Punch"],"picked":"Skewer","floor":5},{"not_picked":["Sucker Punch","Masterful Stab"],"picked":"Well Laid Plans","floor":6},{"not_picked":["Bane","Outmaneuver"],"picked":"PiercingWail","floor":7},{"not_picked":["Blade Dance","Deflect"],"picked":"Noxious Fumes","floor":8},{"not_picked":["Doppelganger","Finisher"],"picked":"Outmaneuver","floor":11},{"not_picked":["Well Laid Plans","Eviscerate"],"picked":"Flying Knee","floor":13},{"not_picked":["Flying Knee","Burst"],"picked":"Footwork","floor":14},{"not_picked":["Burst","Wraith Form v2"],"picked":"Envenom","floor":16},{"not_picked":["Bouncing Flask","Deadly Poison"],"picked":"Expertise","floor":18},{"not_picked":["Dodge and Roll","Expertise","Backstab"],"picked":"SKIP","floor":23},{"not_picked":["Dagger Spray+1","Bane"],"picked":"Blur","floor":24},{"not_picked":["Choke+1","Escape Plan"],"picked":"Accuracy","floor":29}],"player_experience":326889,"relics_obtained":[{"floor":8,"key":"Mummified Hand"},{"floor":9,"key":"Potion Belt"},{"floor":14,"key":"Bag of Preparation"},{"floor":23,"key":"Vajra"},{"floor":26,"key":"Art of War"},{"floor":29,"key":"Shuriken"}],"event_choices":[{"damage_healed":0,"gold_gain":0,"player_choice":"Success","damage_taken":18,"relics_obtained":["Incense Burner"],"max_hp_gain":0,"max_hp_loss":0,"event_name":"Scrap Ooze","floor":3,"gold_loss":0},{"damage_healed":0,"gold_gain":0,"cards_transformed":["Strike_G"],"player_choice":"Change","damage_taken":0,"max_hp_gain":0,"max_hp_loss":0,"event_name":"Living Wall","floor":4,"gold_loss":0,"cards_obtained":["Glass Knife"]},{"damage_healed":0,"gold_gain":0,"player_choice":"Obtain J.A.X.","damage_taken":0,"max_hp_gain":0,"max_hp_loss":0,"event_name":"Drug Dealer","floor":19,"gold_loss":0,"cards_obtained":["J.A.X."]},{"damage_healed":0,"gold_gain":0,"player_choice":"Read","damage_taken":0,"max_hp_gain":0,"max_hp_loss":0,"event_name":"The Library","floor":21,"gold_loss":0,"cards_obtained":["Catalyst"]},{"damage_healed":0,"gold_gain":0,"player_choice":"Stole Relic","damage_taken":0,"relics_obtained":["Old Coin"],"max_hp_gain":0,"max_hp_loss":0,"event_name":"Addict","floor":22,"gold_loss":0,"cards_obtained":["Shame"]},{"damage_healed":0,"gold_gain":0,"player_choice":"Ignored","damage_taken":0,"max_hp_gain":0,"max_hp_loss":0,"event_name":"Vampires","floor":25,"gold_loss":0},{"damage_healed":0,"gold_gain":0,"player_choice":"Ignored","damage_taken":0,"max_hp_gain":0,"max_hp_loss":0,"event_name":"Ghosts","floor":28,"gold_loss":0}],"is_beta":false,"boss_relics":[{"not_picked":["SacredBark","Velvet Choker"],"picked":"Philosopher\u0027s Stone"}],"items_purged_floors":[20],"is_endless":false,"potions_floor_spawned":[1,7,8,13,14,16,18],"killed_by":"Centurion and Healer","ascension_level":0}}