{"host":"qvhy3c6mwu5ha9zk","time":1607951532,"event":{"mods":["2.2 Compatiblity","AchievementEnabler","BaseMod","Colored Powertips","Highlight Path","Minty Spire (QoL Compilation)","Rare Cards Sparkle","StSLib","The Cursed","The Disciple"],"gold_per_floor":[109,124,144,144,164,191,210,210,210,225,225,259,259,259,259,357,407,423,49,60,77,91,123,123,123,123,142,142,153,153,165,165,165,165],"floor_reached":33,"playtime":1505,"items_purged":["Strike_G"],"score":337,"play_id":"630581bd-9133-4b0c-a98c-a54ca2d92f57","local_time":"20201214051212","is_ascension_mode":true,"campfire_choices":[{"data":"Neutralize","floor":8,"key":"SMITH"},{"data":"Leg Sweep","floor":11,"key":"SMITH"},{"data":"Dagger Spray","floor":13,"key":"SMITH"},{"data":"Deadly Poison","floor":15,"key":"SMITH"},{"floor":24,"key":"REST"},{"floor":30,"key":"REST"},{"data":"Burst","floor":32,"key":"SMITH"}],"circlet_count":0,"master_deck":["Strike_G","Strike_G","Strike_G+1","Strike_G","Defend_G","Defend_G","Defend_G","Defend_G","Defend_G","Survivor","Neutralize+1","Dagger Spray+1","Sucker Punch","Deadly Poison+1","Leg Sweep+1","Burst+1","Terror","Flying Knee","Deadly Poison+1","Dagger Spray+1","Bane+1"],"relics":["Ring of the Snake","NeowsBlessing","Boot","Ornamental Fan","Bronze Scales","Tiny House","Girya","FossilizedHelix","MutagenicStrength","PreservedInsect"],"acts_visited":["Exordium","TheCity"],"potions_floor_usage":[6,12,16,20,23,23,33],"damage_taken":[{"damage":0,"enemies":"Jaw Worm","floor":1,"turns":1},{"damage":0,"enemies":"Small Slimes","floor":2,"turns":1},{"damage":0,"enemies":"Cultist","floor":3,"turns":1},{"damage":3,"enemies":"2 Fungi Beasts","floor":5,"turns":3},{"damage":28,"enemies":"Lagavulin","floor":6,"turns":8},{"damage":3,"enemies":"Looter","floor":7,"turns":3},{"damage":2,"enemies":"Red Slaver","floor":10,"turns":4},{"damage":10,"enemies":"Gremlin Nob","floor":12,"turns":5},{"damage":8,"enemies":"The Guardian","floor":16,"turns":12},{"damage":16,"enemies":"Shell Parasite","floor":18,"turns":6},{"damage":15,"enemies":"Spheric Guardian","floor":20,"turns":7},{"damage":21,"enemies":"Snecko","floor":21,"turns":9},{"damage":0,"enemies":"Snake Plant","floor":22,"turns":4},{"damage":26,"enemies":"Slavers","floor":23,"turns":3},{"damage":5,"enemies":"3 Cultists","floor":27,"turns":5},{"damage":0,"enemies":"Snecko","floor":29,"turns":4},{"damage":0,"enemies":"Sentry and Sphere","floor":31,"turns":4},{"damage":81,"enemies":"Collector","floor":33,"turns":7}],"seed_played":"8274597752046789218","potions_obtained":[{"floor":2,"key":"AttackPotion"},{"floor":6,"key":"Fire Potion"},{"floor":7,"key":"Swift Potion"},{"floor":12,"key":"BlessingOfTheForge"},{"floor":14,"key":"Dexterity Potion"},{"floor":17,"key":"FairyPotion"},{"floor":21,"key":"SkillPotion"},{"floor":29,"key":"AttackPotion"}],"is_trial":false,"path_per_floor":["M","M","M","?","M","E","M","R","T","M","R","E","R","?","R","B",null,"M","$","M","M","M","E","R","?","T","M","?","M","R","M","R","B"],"character_chosen":"THE_SILENT","items_purchased":["Girya"],"campfire_rested":2,"item_purchase_floors":[19],"current_hp_per_floor":[70,70,70,75,72,44,41,41,41,39,39,29,29,29,29,21,80,64,64,49,28,28,2,26,26,26,21,21,21,45,45,45,0,0],"gold":165,"neow_bonus":"THREE_ENEMY_KILL","is_daily":false,"chose_seed":false,"campfire_upgraded":5,"win_rate":0.0,"timestamp":1607951532,"path_taken":["M","M","M","?","M","E","M","R","T","M","R","E","R","?","R","BOSS","M","$","M","?","M","E","R","?","T","M","?","M","R","M","R","BOSS"],"items_purchased_type":["Relic"],"build_version":"2020-12-13","purchased_purges":1,"victory":false,"max_hp_per_floor":[70,70,70,75,75,75,75,75,75,75,75,75,75,75,75,75,80,80,80,80,80,80,80,80,80,80,80,80,80,80,80,80,80,80],"card_choices":[{"not_picked":["Backflip","Riddle With Holes","Flechettes"],"picked":"SKIP","floor":1},{"not_picked":["Dodge and Roll","Quick Slash"],"picked":"Dagger Spray","floor":2},{"not_picked":["Bouncing Flask","Dagger Throw"],"picked":"Sucker Punch","floor":3},{"not_picked":["PiercingWail","Masterful Stab","Underhanded Strike"],"picked":"SKIP","floor":5},{"not_picked":["Adrenaline","Slice"],"picked":"Deadly Poison","floor":6},{"not_picked":["Finisher","Blade Dance","Quick Slash"],"picked":"SKIP","floor":7},{"not_picked":["Choke","Wraith Form v2"],"picked":"Leg Sweep","floor":10},{"not_picked":["Crippling Poison","Sucker Punch","Acrobatics"],"picked":"SKIP","floor":12},{"not_picked":["Die Die Die","Unload"],"picked":"Burst","floor":16},{"not_picked":["Outmaneuver","Reflex"],"picked":"Terror","floor":17},{"not_picked":["Skewer","Acrobatics","All Out Attack"],"picked":"SKIP","floor":18},{"not_picked":["Quick Slash","Backflip","Finisher"],"picked":"SKIP","floor":20},{"not_picked":["Blade Dance","Backflip"],"picked":"Flying Knee","floor":21},{"not_picked":["Dagger Throw","Dodge and Roll","Acrobatics"],"picked":"SKIP","floor":22},{"not_picked":["Dagger Throw","Masterful Stab"],"picked":"Deadly Poison+1","floor":23},{"not_picked":["Outmaneuver","PiercingWail","Grand Finale"],"picked":"SKIP","floor":27},{"not_picked":["Underhanded Strike","Dodge and Roll"],"picked":"Bane+1","floor":29},{"not_picked":["Distraction","Reflex","Backstab+1"],"picked":"SKIP","floor":31}],"player_experience":349087,"relics_obtained":[{"floor":6,"key":"Boot"},{"floor":9,"key":"Ornamental Fan"},{"floor":12,"key":"Bronze Scales"},{"floor":23,"key":"FossilizedHelix"},{"floor":26,"key":"PreservedInsect"}],"event_choices":[{"damage_healed":0,"gold_gain":0,"player_choice":"Donut","damage_taken":0,"max_hp_gain":5,"max_hp_loss":0,"event_name":"Big Fish","floor":4,"gold_loss":0},{"damage_healed":0,"gold_gain":0,"player_choice":"Got Potions","damage_taken":0,"max_hp_gain":0,"max_hp_loss":0,"event_name":"Lab","floor":14,"gold_loss":0},{"damage_healed":0,"gold_gain":0,"player_choice":"Inject Mutagens","damage_taken":0,"relics_obtained":["MutagenicStrength"],"max_hp_gain":0,"max_hp_loss":0,"event_name":"Drug Dealer","floor":25,"gold_loss":0},{"damage_healed":0,"gold_gain":0,"player_choice":"Copied","damage_taken":0,"max_hp_gain":0,"max_hp_loss":0,"event_name":"Duplicator","floor":28,"gold_loss":0,"cards_obtained":["Dagger Spray"]}],"is_beta":false,"boss_relics":[{"not_picked":["Ring of the Serpent","Runic Dome"],"picked":"Tiny House"}],"items_purged_floors":[19],"is_endless":false,"potions_floor_spawned":[2,6,7,12,21,22,29],"killed_by":"Collector","ascension_level":4}}