{"host":"m7puq4mk16tgc6yn","time":1607917782,"event":{"mods":["AchievementEnabler","BaseMod","Colored Map","Colored Powertips","Minty Spire (QoL Compilation)","Relic Stats"],"gold_per_floor":[117,128,28,44,219,219,253,253,301,330,386,406,406,406],"floor_reached":13,"playtime":405,"items_purged":["Strike_R"],"score":107,"play_id":"80b107d6-c934-4fc6-ad0e-9c6031295691","local_time":"20201213194942","is_ascension_mode":true,"campfire_choices":[{"data":"Bash","floor":6,"key":"SMITH"},{"data":"Cleave","floor":8,"key":"SMITH"}],"circlet_count":0,"master_deck":["Strike_R","Strike_R","Strike_R","Strike_R","Defend_R+1","Defend_R+1","Defend_R","Defend_R","Bash+1","Cleave+1","Thunderclap","Armaments","Metallicize","Doubt","Feel No Pain","Uppercut","Disarm","Reaper"],"relics":["Sozu","Strawberry","War Paint","Regal Pillow","Boot"],"acts_visited":["Exordium"],"potions_floor_usage":[],"damage_taken":[{"damage":0,"enemies":"Cultist","floor":1,"turns":3},{"damage":7,"enemies":"2 Louse","floor":2,"turns":2},{"damage":0,"enemies":"Jaw Worm","floor":4,"turns":3},{"damage":17,"enemies":"3 Sentries","floor":7,"turns":7},{"damage":13,"enemies":"Lagavulin","floor":10,"turns":7},{"damage":26,"enemies":"Gremlin Nob","floor":11,"turns":5},{"damage":0,"enemies":"Exordium Thugs","floor":12,"turns":3},{"damage":31,"enemies":"Gremlin Nob","floor":13,"turns":4}],"seed_played":"-5921122004607718165","potions_obtained":[],"is_trial":false,"path_per_floor":["M","M","$","M","?","R","E","R","T","E","?","M","E"],"character_chosen":"IRONCLAD","items_purchased":["Armaments"],"campfire_rested":0,"item_purchase_floors":[3],"current_hp_per_floor":[80,73,73,73,73,73,63,63,63,50,24,24,0,0],"gold":406,"neow_bonus":"BOSS_RELIC","is_daily":false,"chose_seed":false,"campfire_upgraded":2,"win_rate":0.0,"timestamp":1607917782,"path_taken":["M","M","$","?","?","R","E","R","T","E","?","M","E"],"items_purchased_type":["Card"],"build_version":"2020-12-13","purchased_purges":1,"victory":false,"max_hp_per_floor":[80,80,80,80,80,80,87,87,87,87,87,87,87,87],"relic_stats":{"Sozu":3,"Regal Pillow":0,"counters":[8,34],"War Paint":["Defend_R","Defend_R"],"Boot":[3],"obtain_stats":[{"Sozu":0,"Regal Pillow":10,"Strawberry":7,"War Paint":9,"Boot":11,"Burning Blood":0},{"Sozu":0,"Regal Pillow":5,"Strawberry":4,"War Paint":4,"Boot":6,"Burning Blood":0},{"Sozu":0,"Regal Pillow":22,"Strawberry":15,"War Paint":15,"Boot":27,"Burning Blood":0}]},"card_choices":[{"not_picked":["Anger","True Grit"],"picked":"Cleave","floor":1},{"not_picked":["Entrench","Havoc"],"picked":"Thunderclap","floor":2},{"not_picked":["Body Slam","Clash"],"picked":"Metallicize","floor":4},{"not_picked":["True Grit","Body Slam"],"picked":"Feel No Pain","floor":7},{"not_picked":["Whirlwind","Cleave"],"picked":"Uppercut","floor":10},{"not_picked":["Shockwave","Sword Boomerang"],"picked":"Disarm","floor":11},{"not_picked":["Armaments","Combust"],"picked":"Reaper","floor":12}],"player_experience":58530,"relics_obtained":[{"floor":7,"key":"Strawberry"},{"floor":9,"key":"War Paint"},{"floor":10,"key":"Regal Pillow"},{"floor":11,"key":"Boot"}],"event_choices":[{"damage_healed":0,"gold_gain":175,"player_choice":"AGREE","damage_taken":0,"max_hp_gain":0,"max_hp_loss":0,"event_name":"Liars Game","floor":5,"gold_loss":0,"cards_obtained":["Doubt"]},{"damage_healed":0,"gold_gain":0,"player_choice":"Searched \u00271\u0027 times","damage_taken":0,"max_hp_gain":0,"max_hp_loss":0,"event_name":"Dead Adventurer","floor":11,"gold_loss":0}],"is_beta":false,"boss_relics":[],"items_purged_floors":[3],"is_endless":false,"potions_floor_spawned":[2,4,12],"killed_by":"Gremlin Nob","ascension_level":3}}