{"host":"kv06jx36eid0zw4n","time":1607975522,"event":{"mods":["AchievementEnabler","Act Like it!","Aspiration","BaseMod","Beaked The Cultist","Better Note","Better Skull","Better Third Choice","BetterRewards","Block Reminder","CCEM","Colored Map","Conspire","Curses Come First","Dota2Spire","Elementarium","Energized Spire","Friendly Minions","Gensokyo","GifTheSpireLib","Glutton Mod","GungeonMod","Halation","Hallownest","Hermit","Hubris","Infinite Spire","Key Reminder","KomeijiMod","Lobotomy","LobotomyExtend","Menagerie","Mimic Mod","Minty Spire (QoL Compilation)","MostiFishMod","Pale of the Ancients","Quarter Circle Forward PUNCH!","Rare Cards Sparkle","Replay The Spire","RumiaBox-????????","Small Relic Pack","Spicy Shops","StSLib","Stuff the Spire","The Blue Laboratory","The Cursed","The Factory","Trackpad","Uncapped","Wandering Minibosses","[IsaacMod]????","vexMod"],"gold_per_floor":[116,133,214,227,237,237,252,286,286,300,37,64,64,64,64,236,236,248,248,8,55,69,69,104,104,104,104,114,128,145,164,184,184,184,263,263,276,276,294,294,456,456,488,505,505,532,532,547,547,547,547,626,626,632,632,632,632,637,637,601,601,601],"floor_reached":61,"playtime":3999,"items_purged":["StuffTheSpire:CuriosityCurse","Shame","Strike_R"],"score":1693,"play_id":"2927c622-683c-4239-95ed-a5a194c3f524","local_time":"20201214205202","is_ascension_mode":true,"campfire_choices":[{"data":"Armaments","floor":6.0,"key":"SMITH"},{"floor":15.0,"key":"RECALL"},{"data":"Limit Break","floor":23.0,"key":"SMITH"},{"data":"MostiFishMod:HellRitual","floor":25.0,"key":"SMITH"},{"data":"Pommel Strike","floor":27.0,"key":"SMITH"},{"data":"Feed","floor":33.0,"key":"SMITH"},{"data":"ReplayTheSpireMod:Muscle Training","floor":42.0,"key":"SMITH"},{"data":"infinitespire:UltimateForm","floor":47.0,"key":"SMITH"},{"data":"DemoMod:Elimentaler","floor":49.0,"key":"SMITH"},{"data":"infinitespire:NeuralNetwork","floor":51.0,"key":"SMITH"},{"data":"Armaments","floor":59,"key":"SMITH"}],"circlet_count":1,"master_deck":["AscendersBane","Strike_R","Strike_R","Strike_R","Strike_R","Bash","Disarm","Armaments+1","conspire:Charge","Seeing Red","Pommel Strike+1","conspire:Charge","Limit Break+1","Feel No Pain","Feed+1","MostiFishMod:HellRitual+1","Flex","Infernal Blade","Cleave+1","Rage","ReplayTheSpireMod:Muscle Training+1","Evolve","Clothesline","Thunderclap","DemoMod:Elimentaler+1","Reaper","Flex","Dropkick","ReplayTheSpireMod:Strike From Hell","Anger","Replay:Undeath\u0027s Touch","Flex","Infernal Blade","StuffTheSpire:Resist","Deep Breath","ChaosCard","Flame Barrier","Ghostly Armor+1","infinitespire:UltimateForm+1","Dropkick+1","Anger+1","infinitespire:NeuralNetwork+1","infinitespire:Gouge+1","infinitespire:TheBestDefense","MostiFishMod:CullingBlade+1","Armaments+1","Hallownest:skillLeafShield","Hallownest:skillLeafShield","Hallownest:skillLeafShield","Hallownest:skillLeafShield","Hallownest:skillLeafShield","infinitespire:Starlight","Fiend Fire+1","Anger+1"],"relics":["Burning Blood","DaveBox","HushsDoor","FeatherPendant","HowToJump","aspiration:Nostalgia","ThirstyCrossSpe","Question Card","LetterFromLob","ReplayTheSpireMod:Lightbulb","Happy Flower","StuffTheSpire:Tea","hubris:Icosahedron","Hallownest:DreamNailRelic","ImportantClient","Black Star","StuffTheSpire:Expresso","SteamSale","Dota2Spire:BlackKingBar","Nunchaku","CCEMRelics:PorcelainBowl","Replay:Bottled Snecko","DemoMod:RatBoots","DemoMod:ResourcefulSack","DemoMod:PartiallyEatenCheese","GuanYuAspect","halation:PinkSoulGem","relicPack:DSword","hubris:NiceRug","CCEMRelics:GrindingGear","trackpad:WritersBlock","Chaos","Pen Nib","CCEMRelics:SpiritsEdge","CCEMRelics:BiPhaseBiplane","DemoMod:GlassGuonStoneRelic","aspiration:EmptySkull","Lizard Tail","halation:PrussianBluePaint","Darkstone Periapt","Sling","Dota2Spire:MonkeyKingBar","Molten Egg 2","Nuclear Battery","Circlet","DemoMod:AgedBell","BlankCard"],"acts_visited":["Hallownest:Greenpath","Gensokyo:Gensokyoer","DemoMod:Maze","TheBeyond","Hallownest:Greenpath"],"potions_floor_usage":[58,58],"damage_taken":[{"damage":0.0,"enemies":"Hallownest:monsterHuskWarrior","floor":1.0,"turns":2.0},{"damage":0.0,"enemies":"Hallownest:2_Baldur","floor":2.0,"turns":2.0},{"damage":0.0,"enemies":"Hallownest:2_Tiktiks_and_1_Crawlid","floor":4.0,"turns":2.0},{"damage":0.0,"enemies":"Hallownest:Wandering_and_Horned","floor":5.0,"turns":3.0},{"damage":0.0,"enemies":"Hallownest:monsterMossCharger","floor":7.0,"turns":2.0},{"damage":14.0,"enemies":"Hallownest:eliteCrystalGuardian","floor":8.0,"turns":3.0},{"damage":14.0,"enemies":"Hallownest:2_Tiktiks_1_Baldur_1_Crawlid","floor":10.0,"turns":4.0},{"damage":4.0,"enemies":"Hallownest:eliteMossKnight","floor":12.0,"turns":2.0},{"damage":0.0,"enemies":"Hallownest:BossBrokenVessel","floor":16.0,"turns":5.0},{"damage":0.0,"enemies":"Gensokyo:AngelMirror","floor":18.0,"turns":1.0},{"damage":0.0,"enemies":"Gensokyo:2_Gloops","floor":22.0,"turns":2.0},{"damage":26.0,"enemies":"Gensokyo:Tenshi","floor":24.0,"turns":2.0},{"damage":0.0,"enemies":"DemoMod:Veteran_shot_gun_kin_and_bullet_kin","floor":28.0,"turns":2.0},{"damage":10.0,"enemies":"DemoMod:4_Bullet_Kins","floor":29.0,"turns":1.0},{"damage":11.0,"enemies":"DemoMod:Veteran_shot_gun_kin_and_red_shotgun_kin_with_gunsinger","floor":30.0,"turns":3.0},{"damage":4.0,"enemies":"DemoMod:Red_and_blue_shotgun_kin_with_gunsinger","floor":31.0,"turns":4.0},{"damage":18.0,"enemies":"DemoMod:Veteran_shot_gun_kin_and_blue_shotgun_kin","floor":32.0,"turns":1.0},{"damage":14.0,"enemies":"DemoMod:ResourcefulRat","floor":35.0,"turns":6.0},{"damage":6.0,"enemies":"3 Shapes","floor":37.0,"turns":2.0},{"damage":0.0,"enemies":"Orb Walker","floor":39.0,"turns":2.0},{"damage":0.0,"enemies":"hubris:Merchant","floor":41.0,"turns":2.0},{"damage":0.0,"enemies":"R_Hoarder","floor":43.0,"turns":2.0},{"damage":6.0,"enemies":"4 Shapes","floor":44.0,"turns":1.0},{"damage":0.0,"enemies":"Nightmare","floor":46.0,"turns":1.0},{"damage":0.0,"enemies":"Sphere and 2 Shapes","floor":48.0,"turns":1.0},{"damage":0.0,"enemies":"Time Eater","floor":52.0,"turns":4.0},{"damage":0.0,"enemies":"Hallownest:2_Baldur","floor":54.0,"turns":1.0},{"damage":0,"enemies":"Hallownest:2_Tiktiks_and_1_Crawlid","floor":58,"turns":2},{"damage":1,"enemies":"Hallownest:eliteMossKnight","floor":60,"turns":2}],"seed_played":"2746228890570179924","potions_obtained":[{"floor":2.0,"key":"blueLaboratory:Moonshine"},{"floor":7.0,"key":"blueLaboratory:SavagePotion"},{"floor":10.0,"key":"blueLaboratory:ConflagurationPotion"},{"floor":12.0,"key":"Languid Potion"},{"floor":22.0,"key":"Explosive Potion"},{"floor":29.0,"key":"Explosive Potion"},{"floor":31.0,"key":"Dota2Spire:HealingSalve"},{"floor":32.0,"key":"blueLaboratory:ConflagurationPotion"},{"floor":35.0,"key":"DemoMod:LeadSkinPotion"},{"floor":37.0,"key":"LifebloodPotion"},{"floor":39.0,"key":"Death Potion"},{"floor":41.0,"key":"Regen Potion"},{"floor":60,"key":"BloodPotion"}],"is_trial":false,"path_per_floor":["M","M","?","M","M","R","M","E","T","M","$","E","?","?","R","B",null,"M","?","$","?","M","R","E","R","T","R","M","M","M","M","M","R","B","B",null,"M","?","M","?","$","R","E","M","T","NM","R","M","R","AVR","R","B",null,"M","?","?","AVR","M","R","E","R"],"character_chosen":"IRONCLAD","items_purchased":["Happy Flower","DemoMod:GnawedKey","MostiFishMod:HellRitual","SteamSale","Dota2Spire:BlackKingBar","Nunchaku"],"campfire_rested":0,"item_purchase_floors":[11,11,17,20,20,20],"current_hp_per_floor":[74,75,60,66,72,72,75,67,67,59,59,61,61,61,61,67,70,71,71,71,56,65,65,45,45,67,67,73,69,64,69,60,60,21,13,40,44,44,44,9,18,18,40,44,44,44,44,44,44,44,44,44,44,44,47,47,47,49,49,49,49,49],"gold":601,"neow_bonus":"NOSTALGIA","is_daily":false,"chose_seed":false,"campfire_upgraded":10,"win_rate":0.0,"timestamp":1607975522,"path_taken":["M","M","?","M","M","R","M","E","T","M","$","E","?","?","R","BOSS","M","?","$","?","?","R","E","R","T","R","M","M","M","M","M","R","BOSS","BOSS","M","?","M","?","$","R","E","M","T","NM","R","M","R","AVR","R","BOSS","M","?","?","AVR","M","R","E","R"],"items_purchased_type":["Relic","Relic","Card","Relic","Relic","Relic"],"build_version":"2020-12-13","purchased_purges":3,"victory":false,"max_hp_per_floor":[75,75,75,75,75,75,75,75,75,75,75,75,75,75,75,75,71,71,71,71,71,74,74,74,74,74,74,74,74,74,77,80,80,80,80,40,44,44,44,44,44,44,44,44,44,44,44,44,44,44,44,44,44,44,49,49,49,49,49,49,49,49],"card_choices":[{"not_picked":["hubris:SharpeningStone","True Grit"],"picked":"Disarm","floor":1.0},{"not_picked":["Iron Wave","Flex","Warcry"],"picked":"Armaments","floor":2.0},{"not_picked":["True Grit","StuffTheSpire:Slingshot","StuffTheSpire:Incineration"],"picked":"conspire:Charge","floor":4.0},{"not_picked":["Headbutt","StuffTheSpire:RockThrow","Clothesline"],"picked":"Seeing Red","floor":5.0},{"not_picked":["Entrench","Replay:Many Hands","Body Slam"],"picked":"Pommel Strike","floor":7.0},{"not_picked":["Eclipse","MostiFishMod:Mania","Run Through"],"picked":"conspire:Charge","floor":8.0},{"not_picked":["Iron Wave","Cleave","Sword Boomerang"],"picked":"Limit Break","floor":10.0},{"not_picked":["Impervious","hubris:ReadiedAction","Run Through"],"picked":"Feel No Pain","floor":12.0},{"not_picked":["Hemogenesis","MostiFishMod:Mania","Reaper"],"picked":"Feed","floor":16.0},{"not_picked":["True Grit","Battle Trance+1","Blood for Blood"],"picked":"Flex","floor":18.0},{"not_picked":["Twin Strike+1","Wild Strike","Clash"],"picked":"Infernal Blade","floor":22.0},{"not_picked":["StuffTheSpire:Slingshot+1","MostiFishMod:#F4004","Wild Strike"],"picked":"Cleave+1","floor":24.0},{"not_picked":["Cleave+1","conspire:Charge","Sword Boomerang"],"picked":"Rage","floor":28.0},{"not_picked":["Anger","Flex","Pommel Strike+1"],"picked":"ReplayTheSpireMod:Muscle Training","floor":29.0},{"not_picked":["Perfected Strike","Havoc","Cleave"],"picked":"Evolve","floor":30.0},{"not_picked":["DemoMod:BlackBlade","ReplayTheSpireMod:Strike From Hell","Rampage"],"picked":"Clothesline","floor":31.0},{"not_picked":["Iron Wave","Pommel Strike+1","Evolve"],"picked":"Thunderclap","floor":32.0},{"not_picked":[],"picked":"DemoMod:Elimentaler","floor":35.0},{"not_picked":["MostiFishMod:NeverNightCountry","Limit Break","Impervious"],"picked":"Reaper","floor":35.0},{"not_picked":["Body Slam","True Grit+1","Havoc"],"picked":"Flex","floor":36.0},{"not_picked":["Power Through","StuffTheSpire:Resist+1","ReplayTheSpireMod:Strike From Hell"],"picked":"Dropkick","floor":37.0},{"not_picked":["Headbutt","MostiFishMod:NeverNightCountry","True Grit"],"picked":"ReplayTheSpireMod:Strike From Hell","floor":39.0},{"not_picked":[],"picked":"Anger","floor":41.0},{"not_picked":[],"picked":"Replay:Undeath\u0027s Touch","floor":41.0},{"not_picked":[],"picked":"Flex","floor":41.0},{"not_picked":[],"picked":"Infernal Blade","floor":41.0},{"not_picked":[],"picked":"StuffTheSpire:Resist","floor":41.0},{"not_picked":[],"picked":"Deep Breath","floor":41.0},{"not_picked":[],"picked":"ChaosCard","floor":41.0},{"not_picked":["Massacre+1","Run Through","Cleave"],"picked":"Flame Barrier","floor":43.0},{"not_picked":["Body Slam","StuffTheSpire:RagingBull+1","Replay:Undeath\u0027s Touch"],"picked":"Ghostly Armor+1","floor":44.0},{"not_picked":["ReplayTheSpireMod:Chaos Vortex","infinitespire:Menacing"],"picked":"infinitespire:UltimateForm","floor":46.0},{"not_picked":["Thunderclap","Sentinel+1","Flame Barrier+1"],"picked":"Dropkick+1","floor":46.0},{"not_picked":["Defy Death+1","Entrench+1","Run Through+1"],"picked":"Anger+1","floor":48.0},{"not_picked":["Demonic Infusion","MostiFishMod:NewArrival","MostiFishMod:OrdinaryWorld+1"],"picked":"MostiFishMod:CullingBlade+1","floor":52.0},{"not_picked":["Perfected Strike+1","Body Slam+1","Flex"],"picked":"Armaments","floor":54.0},{"not_picked":["Warcry","Burning Pact","hubris:ReadiedAction"],"picked":"Fiend Fire+1","floor":58},{"not_picked":["Reckless Charge+1","Battle Trance","Hemogenesis+1"],"picked":"Anger+1","floor":60}],"player_experience":1606201,"relics_obtained":[{"floor":1.0,"key":"Question Card"},{"floor":1.0,"key":"LetterFromLob"},{"floor":8.0,"key":"ReplayTheSpireMod:Lightbulb"},{"floor":12.0,"key":"StuffTheSpire:Tea"},{"floor":16.0,"key":"ImportantClient"},{"floor":24.0,"key":"CCEMRelics:PorcelainBowl"},{"floor":24.0,"key":"Replay:Bottled Snecko"},{"floor":36.0,"key":"DemoMod:RatBoots"},{"floor":36.0,"key":"DemoMod:ResourcefulSack"},{"floor":36.0,"key":"DemoMod:PartiallyEatenCheese"},{"floor":36.0,"key":"GuanYuAspect"},{"floor":41.0,"key":"CCEMRelics:GrindingGear"},{"floor":41.0,"key":"trackpad:WritersBlock"},{"floor":41.0,"key":"Chaos"},{"floor":41.0,"key":"Pen Nib"},{"floor":41.0,"key":"CCEMRelics:SpiritsEdge"},{"floor":41.0,"key":"CCEMRelics:BiPhaseBiplane"},{"floor":43.0,"key":"aspiration:EmptySkull"},{"floor":43.0,"key":"Lizard Tail"},{"floor":45.0,"key":"halation:PrussianBluePaint"},{"floor":46.0,"key":"Darkstone Periapt"},{"floor":46.0,"key":"Sling"},{"floor":60,"key":"DemoMod:AgedBell"},{"floor":60,"key":"BlankCard"}],"event_choices":[],"is_beta":false,"boss_relics":[{"not_picked":["Replay:Grab Bag","energizedSpire:DecayingSkull"],"picked":"Black Star"},{"not_picked":[]},{"not_picked":[]},{"not_picked":["aspiration:StickyExplosives_weak","CCEMRelics:OrganicArmor"],"picked":"Nuclear Battery"},{"not_picked":[]}],"items_purged_floors":[41,41,57],"is_endless":true,"potions_floor_spawned":[2,7,10,12,22,29,31,32,35,37,39,48,60],"ascension_level":15}}