{"host":"exexdi9os29xec1d","time":1607945344,"event":{"mods":["Act Like it!","BaseMod","Colored Map","Conspire","Downfall","Gensokyo","Hero for Fun","Hubris","Infinite Spire","Marisa（F雨　魔理沙）","Minty Spire (QoL Compilation)","READ ME - Guardian Mod","Remilia（蕾米莉亚）","Replay The Spire","Shop Mod","StSLib","The Animator","The Bug Knight","The Cursed","The Disciple","The Hierophant","The Necromancer","The Servant 0.9.4","Youmu（魂魄妖梦）","[地精首领爬塔]The Maniac"],"gold_per_floor":[113,129,146,165,17,17,17,33,33,33,48,63,16,34,34,139,139,150,164,174,184,60,60,80,182,182,196,214,234,253,268,268,373,373,383,402,116,127,137,169,169,169,169,6,6,22,41,51,51,51],"floor_reached":51,"playtime":5431,"items_purged":["Parasite"],"score":735,"play_id":"6b90164b-be23-4961-b840-73d658fca8c7","local_time":"20201214192904","is_ascension_mode":false,"campfire_choices":[{"floor":6.0,"key":"REST"},{"data":"Embodiment","floor":10.0,"key":"SMITH"},{"floor":15.0,"key":"REST"},{"data":"Revamp","floor":23.0,"key":"SMITH"},{"floor":32.0,"key":"REST"},{"data":"Revamp","floor":41,"key":"SMITH"},{"floor":45,"key":"REST"},{"data":"SilverBlades","floor":49,"key":"SMITH"}],"circlet_count":0,"master_deck":["Strike_S","Strike_S","Strike_S","Strike_S","Defend_S","Defend_S","Defend_S","Defend_S","KidneyShot","Exchange","Embodiment+1","BottledTime","ShatteredReality","FastForward","MoonPhase","SurpressingFire","GearUp","SilverBlades","Contraction","Starlight","Replace","Sunlight","Revamp+1","Rearm+1","Moonlight","Rewind","Solidify+1","Revamp","BestPractice","Rewind+1","GearUp","Ricochet+1","Revamp+1","Defy+1","LightFlow","Potential+1","DoubleEdge+1","MoonPhase+1","Defy+1","BottledTime+1","SilverBlades+1","Starlight","SilverBlades"],"relics":["SplendidAttire","infinitespire:WardingShard","infinitespire:Cupcake","Busted Crown","StoneMask","MerchantsRug","hubris:HollowSoul","Bag of Preparation","Juzu Bracelet","Gremlin Food","Membership Card"],"acts_visited":["Exordium","TheCity","TheBeyond"],"potions_floor_usage":[],"damage_taken":[{"damage":3.0,"enemies":"2 Louse","floor":1.0,"turns":5.0},{"damage":8.0,"enemies":"conspire:RoseBush","floor":2.0,"turns":4.0},{"damage":6.0,"enemies":"Jaw Worm","floor":3.0,"turns":5.0},{"damage":20.0,"enemies":"Large Slime","floor":4.0,"turns":9.0},{"damage":10.0,"enemies":"Lots of Slimes","floor":8.0,"turns":6.0},{"damage":3.0,"enemies":"conspire:2 RoseBushes","floor":11.0,"turns":5.0},{"damage":0.0,"enemies":"Red Slaver","floor":12.0,"turns":6.0},{"damage":14.0,"enemies":"3 Louse","floor":14.0,"turns":4.0},{"damage":8.0,"enemies":"Hexaghost","floor":16.0,"turns":16.0},{"damage":2.0,"enemies":"Chosen","floor":18.0,"turns":7.0},{"damage":0.0,"enemies":"conspire:HollyBat","floor":19.0,"turns":10.0},{"damage":7.0,"enemies":"Centurion and Healer","floor":20.0,"turns":6.0},{"damage":23.0,"enemies":"Snake Plant","floor":21.0,"turns":6.0},{"damage":0.0,"enemies":"conspire:HollyBat","floor":24.0,"turns":7.0},{"damage":0.0,"enemies":"Centurion and Healer","floor":27.0,"turns":6.0},{"damage":4.0,"enemies":"Snecko","floor":28.0,"turns":7.0},{"damage":0.0,"enemies":"Chosen and Byrds","floor":29.0,"turns":9.0},{"damage":18.0,"enemies":"Cultist and Chosen","floor":30.0,"turns":9.0},{"damage":11.0,"enemies":"Snake Plant","floor":31.0,"turns":6.0},{"damage":8.0,"enemies":"Collector","floor":33.0,"turns":12.0},{"damage":3.0,"enemies":"3 Shapes","floor":35.0,"turns":4.0},{"damage":30.0,"enemies":"3 Darklings","floor":36.0,"turns":8.0},{"damage":0.0,"enemies":"Transient","floor":38.0,"turns":5.0},{"damage":0,"enemies":"Writhing Mass","floor":39,"turns":10},{"damage":1,"enemies":"Nemesis","floor":40,"turns":9},{"damage":0,"enemies":"3 Darklings","floor":46,"turns":5},{"damage":0,"enemies":"Transient","floor":47,"turns":5},{"damage":0,"enemies":"Maw","floor":48,"turns":7},{"damage":0,"enemies":"conspire:OrnateMirror","floor":50,"turns":14}],"seed_played":"3440484765191315435","potions_obtained":[{"floor":3.0,"key":"Ancient Potion"},{"floor":12.0,"key":"SteroidPotion"},{"floor":16.0,"key":"champ:CounterPotion"},{"floor":18.0,"key":"Fire Potion"},{"floor":33.0,"key":"AttackPotion"},{"floor":38.0,"key":"Strength Potion"},{"floor":39,"key":"DistilledChaos"},{"floor":42,"key":"LifebloodPotion"}],"is_trial":false,"path_per_floor":["M","M","M","M","$","R","?","M","T","R","M","M","?","M","R","B",null,"M","M","M","M","$","R","M","?","T","M","M","M","M","M","R","B",null,"M","M","$","M","M","E","R","?","T","$","R","M","M","M","R","B",null],"character_chosen":"THE_SERVANT","items_purchased":["SurpressingFire","GearUp","MerchantsRug","Solidify+1","Bag of Preparation","MoonPhase+1","Membership Card","SilverBlades"],"campfire_rested":4,"item_purchase_floors":[5,5,22,22,37,37,44,44],"current_hp_per_floor":[56,48,42,22,22,39,53,43,43,43,40,40,40,26,43,35,59,60,61,60,40,40,40,43,43,43,49,48,54,42,34,55,50,74,77,50,50,53,56,58,58,58,58,58,78,79,80,81,81,82],"gold":51,"neow_bonus":"THREE_RARE_CARDS","is_daily":false,"chose_seed":false,"campfire_upgraded":4,"win_rate":0.0,"timestamp":1607945344,"path_taken":["M","M","M","M","$","R","?","M","T","R","M","M","?","M","R","BOSS","M","M","M","M","$","R","M","?","T","M","M","?","M","M","R","BOSS","M","M","$","M","M","E","R","?","T","$","R","M","M","M","R","BOSS"],"items_purchased_type":["Card","Card","Relic","Card","Relic","Card","Relic","Card"],"build_version":"2020-12-13","purchased_purges":1,"victory":true,"max_hp_per_floor":[59,59,59,59,59,59,59,59,59,59,59,59,59,59,59,59,59,60,61,63,64,64,64,65,65,65,67,68,70,72,73,73,74,74,77,78,75,76,77,78,78,78,78,78,78,79,80,81,81,82],"card_choices":[{"not_picked":["MurderousAura","Solidify"],"picked":"Embodiment","floor":0.0},{"not_picked":["Barrier","Potential"],"picked":"BottledTime","floor":1.0},{"not_picked":["Read","DoubleEdge"],"picked":"ShatteredReality","floor":2.0},{"not_picked":["Snipe","ShatteredReality"],"picked":"FastForward","floor":3.0},{"not_picked":["Desolation","DualDimension"],"picked":"MoonPhase","floor":4.0},{"not_picked":["Hightail","ShatteredReality"],"picked":"SilverBlades","floor":8.0},{"not_picked":["Potential","DoubleEdge"],"picked":"Contraction","floor":11.0},{"not_picked":["Snipe","Moonlight"],"picked":"Starlight","floor":12.0},{"not_picked":["MoonPhase","Ricochet"],"picked":"Replace","floor":14.0},{"not_picked":["LightFlow","FloweringNight"],"picked":"Sunlight","floor":16.0},{"not_picked":[],"picked":"Revamp","floor":18.0},{"not_picked":[],"picked":"Rearm+1","floor":19.0},{"not_picked":[],"picked":"Moonlight","floor":20.0},{"not_picked":[],"picked":"Rewind","floor":21.0},{"not_picked":["Spin+1"],"picked":"SKIP","floor":24.0},{"not_picked":[],"picked":"Revamp","floor":25.0},{"not_picked":[],"picked":"BestPractice","floor":25.0},{"not_picked":[],"picked":"Rewind+1","floor":27.0},{"not_picked":[],"picked":"GearUp","floor":28.0},{"not_picked":[],"picked":"Ricochet+1","floor":29.0},{"not_picked":[],"picked":"Revamp","floor":30.0},{"not_picked":[],"picked":"Defy","floor":31.0},{"not_picked":[],"picked":"LightFlow","floor":33.0},{"not_picked":[],"picked":"Potential+1","floor":35.0},{"not_picked":[],"picked":"DoubleEdge+1","floor":36.0},{"not_picked":[],"picked":"Defy+1","floor":38.0},{"not_picked":["Alleviate+1"],"picked":"SKIP","floor":39},{"not_picked":[],"picked":"BottledTime+1","floor":40},{"not_picked":[],"picked":"Starlight","floor":46},{"not_picked":["Spin+1"],"picked":"SKIP","floor":47},{"not_picked":[],"picked":"SilverBlades","floor":48}],"player_experience":37461,"relics_obtained":[{"floor":9.0,"key":"infinitespire:WardingShard"},{"floor":40,"key":"Juzu Bracelet"},{"floor":43,"key":"Gremlin Food"}],"event_choices":[{"damage_healed":14.0,"max_hp_gain":0.0,"max_hp_loss":0.0,"gold_gain":0.0,"event_name":"Mushrooms","player_choice":"Healed and dodged fight","floor":7.0,"gold_loss":0.0,"damage_taken":0.0,"cards_obtained":["Parasite"]},{"damage_healed":0.0,"max_hp_gain":0.0,"max_hp_loss":0.0,"gold_gain":0.0,"event_name":"World of Goop","player_choice":"Left Gold","floor":13.0,"gold_loss":47.0,"damage_taken":0.0},{"damage_healed":0,"gold_gain":0,"player_choice":"Got Potions","damage_taken":0,"max_hp_gain":0,"max_hp_loss":0,"event_name":"Lab","floor":42,"gold_loss":0}],"is_beta":false,"boss_relics":[{"not_picked":["SacredBark","hubris:BlackHole"],"picked":"Replay:Grab Bag"},{"not_picked":["SlaversCollar","Cursed Key"],"picked":"infinitespire:Cupcake"},{"not_picked":["Philosopher\u0027s Stone","Coffee Dripper"],"picked":"Busted Crown"},{"not_picked":["Tiny House","Astrolabe"],"picked":"StoneMask"},{"not_picked":["Kintsugi","ReplayTheSpireMod:SealedPack"],"picked":"SplendidAttire"},{"not_picked":["hubris:GrandSneckoEye","Replay:Ancient Bell"],"picked":"hubris:HollowSoul"}],"items_purged_floors":[37],"is_endless":false,"potions_floor_spawned":[3,12,16,18,27,29,33,38,39,46,48],"ascension_level":0}}