{"host":"ul103bh19qas5vs8","time":1607916021,"event":{"mods":["BaseMod","Downfall","Googly Eyes","Minty Spire (QoL Compilation)","Replay The Spire","Shop Mod","StSLib"],"gold_per_floor":[399,434,434,451,476,506,553,27,54,89,304,321,321,24,34,110,110,110,195,195,221,40,40,40,40,40,40,40,40,53,72,90,164,164,164,14,14,14,48,161,241,267,42,42,42,62,76,120,135,135,135,161,67,67,67],"floor_reached":56,"playtime":2874,"items_purged":["Slimebound:CheckThePlaybook","Slimebound:WasteNot","Slimebound:SelfFormingGoo","Shame","Slimebound:Icky"],"score":2381,"play_id":"176adb4d-daa3-4b83-9d6a-06151094ad3d","local_time":"20201214112021","daily_mods":["Shiny","Vintage","Heirloom","Time Dilation","Flight","downfall:Jewelcrafting"],"is_ascension_mode":true,"campfire_choices":[{"data":"Slimebound:DouseInSlime","floor":1.0,"key":"SMITH"},{"data":"Slimebound:Overexert","floor":18.0,"key":"SMITH"},{"data":"Slimebound:TagTeam","floor":18.0,"key":"SMITH"},{"data":"Slimebound:SlimeSlap","floor":20.0,"key":"SMITH"},{"data":"Slimebound:OozeBath","floor":20.0,"key":"SMITH"},{"data":"Slimebound:Teamwork","floor":23.0,"key":"SMITH"},{"data":"Slimebound:Darklings","floor":23.0,"key":"SMITH"},{"data":"Slimebound:Darklings","floor":27.0,"key":"SMITH"},{"data":"Slimebound:Darklings","floor":27.0,"key":"SMITH"},{"data":"Slimebound:Overexert","floor":35.0,"key":"SMITH"},{"data":"Slimebound:DuplicatedForm","floor":35.0,"key":"SMITH"},{"floor":37.0,"key":"RECALL"},{"data":"Guardian:ExploitGems","floor":43.0,"key":"SMITH"},{"data":"Guardian:ExploitGems","floor":43.0,"key":"SMITH"},{"data":"Slimebound:LeadByExample","floor":54,"key":"SMITH"},{"data":"Slimebound:LeadByExample","floor":54,"key":"SMITH"}],"circlet_count":0,"master_deck":["AscendersBane","Slimebound:Darklings+1","Slimebound:MassRepurpose+1","Slimebound:DouseInSlime+1","Slimebound:Teamwork+1","Slimebound:LeechLife","Slimebound:PrepareCrush","Slimebound:MassFeed","Slimebound:MinionMaster","Slimebound:DuplicatedForm+1","Slimebound:Overexert+1","Slimebound:OneTwoCombo","Slimebound:Recycling","Slimebound:OozeBath+1","Slimebound:TagTeam+1","Slimebound:RallyTheTroops","Guardian:ExploitGems+1","Guardian:ExploitGems+1","Slimebound:Darklings+1","Slimebound:Darklings+1","Decay","Slimebound:LeadByExample+1","Slimebound:LeadByExample+1","Slimebound:Overexert+1","Slimebound:FormOfPuddle+1","Slimebound:Replication"],"relics":["Slimebound:AbsorbEndCombat","Thread and Needle","Bottled Lightning","MerchantsRug","Replay:Arrowhead","Happy Flower","Meat on the Bone","Gambling Chip","Gremlin Horn","Ice Cream","Bottled Tornado","Runic Dome","downfall:HeartBlessingRed","downfall:HeartBlessingBlue","downfall:HeartBlessingGreen","Torii","Guardian:BottledAnomaly","StoneCalendar","sneckomod:BlankCard"],"acts_visited":["Exordium","TheCity","TheBeyond","TheEnding"],"potions_floor_usage":[55,55,55,55,55,55],"damage_taken":[{"damage":32.0,"enemies":"Lagavulin","floor":2.0,"turns":5.0},{"damage":0.0,"enemies":"2 Louse","floor":4.0,"turns":1.0},{"damage":41.0,"enemies":"3 Sentries","floor":5.0,"turns":6.0},{"damage":27.0,"enemies":"Lagavulin","floor":6.0,"turns":3.0},{"damage":36.0,"enemies":"downfall:FleeingMerchant","floor":8.0,"turns":4.0},{"damage":48.0,"enemies":"3 Sentries","floor":9.0,"turns":4.0},{"damage":46.0,"enemies":"Gremlin Nob","floor":10.0,"turns":3.0},{"damage":33.0,"enemies":"downfall:FleeingMerchant","floor":11.0,"turns":3.0},{"damage":12.0,"enemies":"Cultist","floor":12.0,"turns":2.0},{"damage":12.0,"enemies":"Jaw Worm","floor":15.0,"turns":1.0},{"damage":78.0,"enemies":"downfall:Defect","floor":16.0,"turns":5.0},{"damage":39.0,"enemies":"Book of Stabbing","floor":21.0,"turns":4.0},{"damage":35.0,"enemies":"3 Byrds","floor":30.0,"turns":2.0},{"damage":24.0,"enemies":"Spheric Guardian","floor":31.0,"turns":1.0},{"damage":45.0,"enemies":"Snake Plant","floor":32.0,"turns":3.0},{"damage":24.0,"enemies":"downfall:Watcher","floor":33.0,"turns":3.0},{"damage":29.0,"enemies":"R_Hoarder","floor":39.0,"turns":4.0},{"damage":67.0,"enemies":"Giant Head","floor":42.0,"turns":3.0},{"damage":20.0,"enemies":"Orb Walker","floor":46.0,"turns":2.0},{"damage":68.0,"enemies":"3 Darklings","floor":47.0,"turns":4.0},{"damage":116.0,"enemies":"Transient","floor":49.0,"turns":5.0},{"damage":25.0,"enemies":"downfall:Ironclad","floor":50.0,"turns":2.0},{"damage":62.0,"enemies":"downfall:CharBossMerchant","floor":52.0,"turns":3.0},{"damage":112,"enemies":"downfall:NeowBoss","floor":55,"turns":10}],"seed_played":"6883603688437034482","potions_obtained":[{"floor":10.0,"key":"Languid Potion"},{"floor":12.0,"key":"AttackPotion"},{"floor":13.0,"key":"champ:CounterPotion"},{"floor":15.0,"key":"Fruit Juice"},{"floor":30.0,"key":"EntropicBrew"},{"floor":31.0,"key":"ColorlessPotion"},{"floor":33.0,"key":"PowerPotion"}],"is_trial":true,"path_per_floor":["R","E","?","M","E","E","T","$","E","E","$","M","?","$","M","B",null,"R","?","R","E","$","R","T","R","R","R","?","$","M","M","M","B",null,"R","$","R","?","E","?","T","E","R","R","?","M","M","$","M","B",null,"E","$","R","B",null],"character_chosen":"SLIMEBOUND","items_purchased":["DollysMirror","Bottled Lightning","MerchantsRug","Replay:Arrowhead","Slimebound:LeadByExample","Torii","Guardian:BottledAnomaly","sneckomod:BlankCard"],"campfire_rested":0,"item_purchase_floors":[8,8,14,14,22,48,48,53],"current_hp_per_floor":[49,37,37,43,41,49,49,56,58,55,66,66,66,66,71,36,62,62,38,38,47,50,50,50,53,56,56,56,56,60,72,70,83,83,83,83,83,83,82,57,57,77,87,90,90,82,81,96,61,72,95,87,87,87,101],"gold":67,"neow_bonus":"","is_daily":false,"chose_seed":false,"campfire_upgraded":15,"win_rate":0.0,"timestamp":1607916021,"path_taken":["R","E","?","M","E","E","T","$","E","E","$","M","?","$","M","BOSS","R","?","R","E","$","R","T","R","R","R","?","?","?","M","M","BOSS","R","$","R","?","E","?","T","E","R","R","?","M","M","?","M","BOSS","E","$","R","BOSS"],"items_purchased_type":["Relic","Relic","Relic","Relic","Card","Relic","Relic","Relic"],"build_version":"2020-12-13","purchased_purges":5,"victory":true,"max_hp_per_floor":[54,54,54,60,63,63,63,63,66,66,66,66,66,66,71,71,71,71,71,71,71,74,74,74,77,80,80,80,80,80,80,80,83,83,83,83,83,83,86,89,89,89,99,102,102,102,102,102,102,102,102,105,105,105,105],"card_choices":[{"not_picked":["Slimebound:Schlurp","Slimebound:LeechEnergy","Slimebound:ServeAndProtect"],"picked":"SKIP","floor":2.0},{"not_picked":["Slimebound:GrowthPunch","Slimebound:SplitSpecialist","Slimebound:RollThrough"],"picked":"SKIP","floor":5.0},{"not_picked":["Slimebound:FinishingTackle","Slimebound:LeechingTouch","Slimebound:PressTheAttack"],"picked":"SKIP","floor":6.0},{"not_picked":["Slimebound:SlimeTap","Slimebound:GoopTackle","Slimebound:MassRepurpose"],"picked":"SKIP","floor":8.0},{"not_picked":["Slimebound:Dissolve","Slimebound:SplitAcid","Slimebound:GrowthPunch"],"picked":"SKIP","floor":9.0},{"not_picked":["Slimebound:MassFeed","Slimebound:SlimeSpikes","Slimebound:Prepare"],"picked":"SKIP","floor":10.0},{"not_picked":["Slimebound:SplitMire","Slimebound:SplitAcid","Slimebound:CheckThePlaybook"],"picked":"SKIP","floor":11.0},{"not_picked":["Slimebound:OneTwoCombo","Slimebound:DuplicatedForm"],"picked":"Slimebound:Darklings","floor":16.0},{"not_picked":["Guardian:Aged","ReplayTheSpireMod:Splinters"],"picked":"Shame","floor":17.0},{"not_picked":["Slimebound:Icky","Pain"],"picked":"Decay","floor":17.0},{"not_picked":["CurseOfTheBell","Regret"],"picked":"Slimebound:Icky","floor":17.0},{"not_picked":["Slimebound:LeechEnergy","Slimebound:GoopSpray+1","Slimebound:RollThrough"],"picked":"SKIP","floor":21.0},{"not_picked":["Slimebound:DuplicatedForm","Slimebound:OneTwoCombo"],"picked":"Slimebound:Overexert","floor":33.0},{"not_picked":["Slimebound:RollThrough","Slimebound:DivideAndConquer"],"picked":"Slimebound:FormOfPuddle","floor":39.0},{"not_picked":["Slimebound:LivingWall","Slimebound:Dissolve"],"picked":"Slimebound:Replication","floor":40.0},{"not_picked":["Slimebound:RollThrough","Slimebound:OozeBath","Slimebound:ViciousTackle"],"picked":"SKIP","floor":42.0},{"not_picked":["Slimebound:SplitMire+1","Slimebound:SplitAcid","Slimebound:Repurpose"],"picked":"SKIP","floor":52}],"player_experience":103367,"relics_obtained":[{"floor":2.0,"key":"Akabeko"},{"floor":4.0,"key":"Thread and Needle"},{"floor":5.0,"key":"Replay:Bottled Snecko"},{"floor":6.0,"key":"Lantern"},{"floor":7.0,"key":"Replay:Baseball"},{"floor":9.0,"key":"Matryoshka"},{"floor":10.0,"key":"Potion Belt"},{"floor":12.0,"key":"Oddly Smooth Stone"},{"floor":15.0,"key":"Mercury Hourglass"},{"floor":21.0,"key":"Replay:Ringing Soul"},{"floor":24.0,"key":"Shuriken"},{"floor":24.0,"key":"Gremlin Horn"},{"floor":30.0,"key":"Pet Ghost"},{"floor":31.0,"key":"Ice Cream"},{"floor":32.0,"key":"Bottled Tornado"},{"floor":39.0,"key":"Prayer Wheel"},{"floor":40.0,"key":"ReplayTheSpireMod:Lightbulb"},{"floor":42.0,"key":"MealTicket"},{"floor":46.0,"key":"Replay:Wax Seal"},{"floor":47.0,"key":"War Paint"},{"floor":49.0,"key":"White Beast Statue"},{"floor":52,"key":"StoneCalendar"}],"event_choices":[{"damage_healed":0.0,"max_hp_gain":0.0,"max_hp_loss":0.0,"gold_gain":0.0,"event_name":"Lab","player_choice":"Got Potions","floor":13.0,"gold_loss":0.0,"damage_taken":0.0},{"cards_removed":["Slimebound:SlimeSlap"],"damage_healed":0.0,"max_hp_gain":0.0,"max_hp_loss":0.0,"gold_gain":0.0,"event_name":"Falling","player_choice":"Removed Attack","floor":45.0,"gold_loss":0.0,"damage_taken":0.0}],"is_beta":false,"boss_relics":[{"not_picked":["Replay:Wanted Poster","Calling Bell"],"picked":"Replay:Ancient Bell"},{"not_picked":["Smiling Mask","Bag of Marbles"],"picked":"Happy Flower"},{"not_picked":["Molten Egg 2","Ornamental Fan"],"picked":"Meat on the Bone"},{"not_picked":["Counterbalance","Girya"],"picked":"Gambling Chip"},{"not_picked":["Snecko Heart","Cursed Key"],"picked":"Runic Dome"}],"items_purged_floors":[8,11,22,36,48],"is_endless":false,"potions_floor_spawned":[10,12,15,30,31,33,46,52],"ascension_level":20}}