{"host":"gg261ytdv66iw6io","time":1607905215,"event":{"mods":["BaseMod","Hermit","Hubris","Minty Spire (QoL Compilation)","Quick Restart","Replay The Spire","StSLib","SuperFastMode","The Cursed","The Jungle"],"gold_per_floor":[117,135,148,148,161,177,211,211,211,386,354,372,295,314,314,415,415,435,534,234,254,319,353,363,363,363,383,383,410,410,426,426,526,526,543,150,164,177,195,195,212,212,212,212,237,237,263,279,279,279,279],"floor_reached":50,"playtime":2759,"items_purged":["TheCursedMod:Defend_TheCursed"],"score":748,"play_id":"862dfa13-3093-4c2d-8170-dfdf34deab80","local_time":"20201213192015","is_ascension_mode":false,"campfire_choices":[{"data":"TheCursedMod:TacticalStrike","floor":8,"key":"SMITH"},{"data":"TheCursedMod:TroublousMinions","floor":15,"key":"SMITH"},{"data":"TheCursedMod:HellfireBreathing","floor":25,"key":"SMITH"},{"floor":32,"key":"REST"},{"data":"TheCursedMod:CollectTribute","floor":40,"key":"SMITH"},{"data":"TheCursedMod:LuckyCharm","floor":42,"key":"SMITH"},{"data":"TheCursedMod:CursedBoomerang","floor":49,"key":"SMITH"}],"circlet_count":0,"master_deck":["TheCursedMod:Strike_TheCursed","TheCursedMod:Strike_TheCursed","TheCursedMod:Strike_TheCursed","TheCursedMod:Strike_TheCursed","TheCursedMod:Defend_TheCursed","TheCursedMod:Defend_TheCursed","TheCursedMod:Defend_TheCursed","TheCursedMod:CursedWand","TheCursedMod:CleanUpWorkshop","TheCursedMod:Dregs","TheCursedMod:TacticalStrike+1","TheCursedMod:CursedShiv+1","TheCursedMod:SurpriseAttack+1","TheCursedMod:BloodBarrier","TheCursedMod:Wield","TheCursedMod:TroublousMinions+1","Doubt","TheCursedMod:Obscuration","TheCursedMod:RapidMovement","TheCursedMod:HellfireBreathing+1","TheCursedMod:DemonSword","TheCursedMod:CursedBoomerang+1","TheCursedMod:CursedSpellbook+1","ReplayTheSpireMod:Splinters","TheCursedMod:CursedSpellbook+1","TheCursedMod:CollectTribute+1","TheCursedMod:CursedShiv+1","TheCursedMod:LuckyCharm+1","TheCursedMod:SurpriseAttack+1","TheCursedMod:Hemoplague+1","TheCursedMod:HellsGateOpen"],"relics":["TheCursedMod:BlackMagicAdvanced","NeowsBlessing","Replay:Baseball","hubris:Reverence","Incense Burner","Singing Bowl","Letter Opener","hubris:Zylophone","hubris:Towel","Simple Rune","hubris:PeanutButter","Ring of Chaos","Garlic","Replay:Bottled Steam","Replay:Kaleidoscope","Whetstone"],"acts_visited":["Exordium","TheCity","TheBeyond"],"potions_floor_usage":[7,33,50,50],"damage_taken":[{"damage":0,"enemies":"Cultist","floor":1,"turns":1},{"damage":0,"enemies":"2 Louse","floor":2,"turns":1},{"damage":0,"enemies":"Jaw Worm","floor":3,"turns":1},{"damage":0,"enemies":"Large Slime","floor":5,"turns":5},{"damage":5,"enemies":"Looter","floor":6,"turns":3},{"damage":21,"enemies":"3 Sentries","floor":7,"turns":9},{"damage":2,"enemies":"Exordium Thugs","floor":11,"turns":5},{"damage":6,"enemies":"Large Slime","floor":12,"turns":5},{"damage":0,"enemies":"Red Slaver","floor":14,"turns":2},{"damage":10,"enemies":"Hexaghost","floor":16,"turns":12},{"damage":0,"enemies":"Spheric Guardian","floor":18,"turns":3},{"damage":18,"enemies":"3 Byrds","floor":21,"turns":5},{"damage":1,"enemies":"Gremlin Leader","floor":23,"turns":5},{"damage":7,"enemies":"3 Cultists","floor":24,"turns":4},{"damage":10,"enemies":"Snecko","floor":27,"turns":5},{"damage":12,"enemies":"Slavers","floor":29,"turns":3},{"damage":2,"enemies":"Cultist and Chosen","floor":31,"turns":3},{"damage":5,"enemies":"Pondfish","floor":33,"turns":9},{"damage":7,"enemies":"3 Darklings","floor":35,"turns":3},{"damage":8,"enemies":"3 Shapes","floor":37,"turns":2},{"damage":9,"enemies":"3 Darklings","floor":38,"turns":3},{"damage":4,"enemies":"Writhing Mass","floor":39,"turns":5},{"damage":7,"enemies":"Jaw Worm Horde","floor":41,"turns":3},{"damage":17,"enemies":"Nemesis","floor":45,"turns":7},{"damage":3,"enemies":"R_Hoarder","floor":47,"turns":5},{"damage":12,"enemies":"3 Darklings","floor":48,"turns":3},{"damage":76,"enemies":"Awakened One","floor":50,"turns":6}],"seed_played":"-5237661729806866262","potions_obtained":[{"floor":1,"key":"SkillPotion"},{"floor":6,"key":"DuplicationPotion"},{"floor":11,"key":"GamblersBrew"},{"floor":12,"key":"SkillPotion"},{"floor":21,"key":"CultistPotion"},{"floor":29,"key":"FairyPotion"},{"floor":35,"key":"Adrenaline Potion"}],"is_trial":false,"path_per_floor":["M","M","M","?","M","M","E","R","T","?","M","M","$","M","R","B",null,"M","?","$","M","?","E","M","R","T","M","?","E","T","M","R","B",null,"M","$","M","M","M","R","M","R","T","?","E","?","E","M","R","B"],"character_chosen":"THE_CURSED","items_purchased":["TheCursedMod:HellfireBreathing","Incense Burner","TheCursedMod:LuckyCharm","Garlic"],"campfire_rested":1,"item_purchase_floors":[13,20,36,36],"current_hp_per_floor":[75,75,75,75,75,70,49,49,49,49,47,41,41,41,41,31,75,75,75,75,57,59,58,53,53,53,45,45,35,35,35,60,55,85,78,78,72,63,61,61,56,56,56,56,39,39,38,28,28,0,0],"gold":279,"neow_bonus":"THREE_ENEMY_KILL","is_daily":false,"chose_seed":false,"campfire_upgraded":6,"win_rate":0.0,"timestamp":1607905215,"path_taken":["M","?","M","?","M","M","E","R","T","?","M","M","$","M","R","BOSS","M","?","$","M","?","E","M","R","T","M","?","E","?","M","R","BOSS","M","$","M","M","M","R","M","R","T","?","E","?","E","?","R","BOSS"],"items_purchased_type":["Card","Relic","Card","Relic"],"build_version":"2020-12-13","purchased_purges":1,"victory":false,"max_hp_per_floor":[75,75,75,75,75,75,75,75,75,75,75,75,75,75,75,75,75,75,75,75,75,77,77,79,79,79,81,81,83,83,85,85,85,85,85,85,87,87,89,89,91,91,91,91,91,91,93,95,95,95,95],"card_choices":[{"not_picked":["TheCursedMod:DoubleShield","TheCursedMod:RavingStaff"],"picked":"TheCursedMod:TacticalStrike","floor":1},{"not_picked":["TheCursedMod:EmpowerCircles","TheCursedMod:SaltUponWound"],"picked":"TheCursedMod:CursedShiv","floor":2},{"not_picked":["TheCursedMod:CircleOfCorruption","TheCursedMod:Grudge"],"picked":"TheCursedMod:SurpriseAttack","floor":3},{"not_picked":["TheCursedMod:ReleasedKnowledge","TheCursedMod:Stretching"],"picked":"TheCursedMod:BloodBarrier","floor":5},{"not_picked":["TheCursedMod:SurpriseAttack","TheCursedMod:SpitefulStrike"],"picked":"TheCursedMod:Wield","floor":6},{"not_picked":["TheCursedMod:CursedAmulet","TheCursedMod:SpreadPlague"],"picked":"TheCursedMod:TroublousMinions","floor":7},{"not_picked":["TheCursedMod:Torture","TheCursedMod:VitalStrike"],"picked":"TheCursedMod:Obscuration","floor":11},{"not_picked":["TheCursedMod:ReleasedStrength","TheCursedMod:CircleOfAmplification"],"picked":"TheCursedMod:RapidMovement","floor":12},{"not_picked":["TheCursedMod:UltimatePain","TheCursedMod:VitalStrike","TheCursedMod:Stigma"],"picked":"SKIP","floor":14},{"not_picked":["TheCursedMod:CircleOfAbyss","TheCursedMod:DarkBarrier"],"picked":"TheCursedMod:DemonSword","floor":16},{"not_picked":["TheCursedMod:SmokeScreen","TheCursedMod:ReleasedKnowledge"],"picked":"TheCursedMod:CursedBoomerang","floor":18},{"not_picked":["TheCursedMod:SurpriseAttack","TheCursedMod:StingEye"],"picked":"TheCursedMod:CursedSpellbook+1","floor":21},{"not_picked":["TheCursedMod:FleshFromBone","TheCursedMod:EmpowerCircles","TheCursedMod:ReleasedStrength"],"picked":"Singing Bowl","floor":22},{"not_picked":["TheCursedMod:Stigma","TheCursedMod:DoubleShield"],"picked":"TheCursedMod:CursedSpellbook+1","floor":23},{"not_picked":["TheCursedMod:Stigma","TheCursedMod:CursedBlade","TheCursedMod:CursedMace"],"picked":"Singing Bowl","floor":24},{"not_picked":["TheCursedMod:SurpriseAttack","TheCursedMod:Stretching","TheCursedMod:RavingStaff+1"],"picked":"Singing Bowl","floor":27},{"not_picked":["TheCursedMod:Stigma","TheCursedMod:CircleOfAbyss","TheCursedMod:Torture"],"picked":"Singing Bowl","floor":29},{"not_picked":["TheCursedMod:CursedAmulet+1","TheCursedMod:SpitefulStrike","TheCursedMod:BlessingInDisguise"],"picked":"Singing Bowl","floor":31},{"not_picked":["TheCursedMod:CircleOfAbyss","TheCursedMod:StunningStrike"],"picked":"TheCursedMod:CollectTribute","floor":33},{"not_picked":["TheCursedMod:BlessingInDisguise+1","TheCursedMod:RavingStaff+1"],"picked":"TheCursedMod:CursedShiv+1","floor":35},{"not_picked":["TheCursedMod:Stretching+1","TheCursedMod:SpitefulPlan+1","TheCursedMod:CircleOfCorruption+1"],"picked":"Singing Bowl","floor":37},{"not_picked":["TheCursedMod:TacticalStrike+1","TheCursedMod:SaltUponWound"],"picked":"TheCursedMod:SurpriseAttack+1","floor":38},{"not_picked":["TheCursedMod:SpitefulStrike","TheCursedMod:CircleOfFlame","TheCursedMod:FleshFromBone"],"picked":"Singing Bowl","floor":39},{"not_picked":["TheCursedMod:ParallelWorld","TheCursedMod:PrepareRite","TheCursedMod:RapidMovement+1"],"picked":"Singing Bowl","floor":41},{"not_picked":["TheCursedMod:CircleOfCorruption+1","TheCursedMod:CursedBlade+1"],"picked":"TheCursedMod:Hemoplague+1","floor":45},{"not_picked":["TheCursedMod:AshesToAshes+1","TheCursedMod:Mangle","TheCursedMod:ParallelWorld"],"picked":"Singing Bowl","floor":47},{"not_picked":["TheCursedMod:Obscuration","TheCursedMod:RapidMovement","TheCursedMod:SmokeScreen"],"picked":"Singing Bowl","floor":48}],"player_experience":820902,"relics_obtained":[{"floor":7,"key":"Replay:Baseball"},{"floor":9,"key":"hubris:Reverence"},{"floor":22,"key":"Singing Bowl"},{"floor":23,"key":"Letter Opener"},{"floor":26,"key":"hubris:Zylophone"},{"floor":29,"key":"Simple Rune"},{"floor":30,"key":"hubris:PeanutButter"},{"floor":43,"key":"Replay:Bottled Steam"},{"floor":45,"key":"Replay:Kaleidoscope"},{"floor":47,"key":"Whetstone"}],"event_choices":[{"damage_healed":0,"gold_gain":0,"player_choice":"Grow","damage_taken":0,"max_hp_gain":0,"max_hp_loss":0,"event_name":"Living Wall","floor":4,"gold_loss":0,"cards_upgraded":["TheCursedMod:SurpriseAttack"]},{"damage_healed":0,"gold_gain":175,"player_choice":"AGREE","damage_taken":0,"max_hp_gain":0,"max_hp_loss":0,"event_name":"Liars Game","floor":10,"gold_loss":0,"cards_obtained":["Doubt"]},{"damage_healed":0,"gold_gain":99,"player_choice":"Stole From Cult","damage_taken":0,"max_hp_gain":0,"max_hp_loss":0,"event_name":"Nest","floor":19,"gold_loss":0},{"damage_healed":0,"gold_gain":0,"player_choice":"1 cards matched","damage_taken":0,"max_hp_gain":0,"max_hp_loss":0,"event_name":"Match and Keep!","floor":46,"gold_loss":0,"cards_obtained":["TheCursedMod:HellsGateOpen"]}],"is_beta":false,"boss_relics":[{"not_picked":["Replay:Fungal Core","ChewingGum"],"picked":"TheCursedMod:BlackMagicAdvanced"},{"not_picked":["hubris:CrackedHourglass","Runic Pyramid"],"picked":"Ring of Chaos"}],"items_purged_floors":[36],"is_endless":false,"potions_floor_spawned":[1,6,11,12,21,27,29,35,37,39],"killed_by":"Awakened One","ascension_level":0}}