{"host":"56xwnffi6e9z5l58","time":1607966624,"event":{"mods":["Aspiration","BaseMod","Better Match","Better Note","Better Sensory Stone","BetterRewards","Colored Map","Colored Powertips","Conspire","GifTheSpireLib","Hermit","Highlight Path","Hubris","Infinite Spire","Key Reminder","Minty Spire (QoL Compilation)","Permanent Neow","Quick Restart","Rare Cards Sparkle","Replay The Spire","StSLib","Stuff the Spire","SuperFastMode","Unceasing Turn Reminder"],"gold_per_floor":[359,359,359,378,393,425,149,184,184,184,215,215,249,261,261,359,359,375,387,387,387,387,387,387,387,387,421,439,458,490,24,24,128,128,140,140,157,157,157,157,187,187,212,250,267,282,157,172,172,172],"floor_reached":51,"playtime":2147,"items_purged":["Strike_G","Strike_G+1","Writhe","Strike_G+1"],"score":1201,"play_id":"fe52fae5-6387-4d88-a710-f887ddbabab6","local_time":"20201215012344","is_ascension_mode":true,"campfire_choices":[{"floor":10,"key":"REST"},{"floor":12,"key":"REST"},{"floor":15,"key":"REST"},{"floor":23,"key":"REST"},{"data":"ReplayTheSpireMod:Brewmster","floor":25,"key":"SMITH"},{"floor":32,"key":"REST"},{"data":"infinitespire:Neurotoxin","floor":40,"key":"SMITH"},{"data":"Choke","floor":42,"key":"SMITH"},{"data":"Neutralize","floor":49,"key":"SMITH"}],"circlet_count":0,"master_deck":["Strike_G+1","Strike_G+1","Defend_G+1","Defend_G+1","Defend_G+1","Defend_G+1","Defend_G+1","Survivor","Neutralize+1","Heel Hook","Flying Knee","Choke+1","Bane","ReplayTheSpireMod:Scrap Shanks","ReplayTheSpireMod:Brewmster+1","Acrobatics","Dagger Spray","Tools of the Trade","StuffTheSpire:Injection+1","Draining Mist","Escape Plan","StuffTheSpire:Shiver","StuffTheSpire:Shiver","After Image","After Image","infinitespire:Neurotoxin+1","StuffTheSpire:Sprint+1","Tactician","Burst"],"relics":["Ring of the Snake","Basket Of Snakes","infinitespire:Lucky Rock","Replay:Rubber Ducky","Replay:Accelerometer","aspiration:HiddenCompartment","Blue Doll","hubris:Backtick","aspiration:Legacy_Headhunter","InkBottle","PreservedInsect","MutagenicStrength","Orichalcum","StuffTheSpire:GrapeVine","Bottled Tornado","StuffTheSpire:Tea","hubris:CrackedHourglass","Ring of Fangs","Ring of Hypnosis","infinitespire:PuzzleCube","CeramicFish","Vajra"],"acts_visited":["Exordium","TheCity","TheBeyond"],"potions_floor_usage":[6,8,8,11,11,11,11,13,13,13,14,14,14,14,16,16,16,16,16,16,18,18,19,19,19,28,30,30,30,33,33,33,33,33,50,50,50,50],"damage_taken":[{"damage":0,"enemies":"Jaw Worm","floor":1,"turns":5},{"damage":0,"enemies":"Small Slimes","floor":4,"turns":4},{"damage":0,"enemies":"2 Louse","floor":5,"turns":2},{"damage":13,"enemies":"Gremlin Nob","floor":6,"turns":4},{"damage":12,"enemies":"Lagavulin","floor":8,"turns":5},{"damage":38,"enemies":"Gremlin Nob","floor":11,"turns":5},{"damage":26,"enemies":"Lagavulin","floor":13,"turns":8},{"damage":2,"enemies":"Exordium Wildlife","floor":14,"turns":6},{"damage":58,"enemies":"Fading Forest","floor":16,"turns":11},{"damage":37,"enemies":"Shell Parasite","floor":18,"turns":8},{"damage":10,"enemies":"3 Byrds","floor":19,"turns":3},{"damage":21,"enemies":"Slavers","floor":27,"turns":7},{"damage":5,"enemies":"Centurion and Healer","floor":28,"turns":5},{"damage":0,"enemies":"Snake Plant","floor":29,"turns":2},{"damage":0,"enemies":"Gremlin Leader","floor":30,"turns":3},{"damage":0,"enemies":"Champ","floor":33,"turns":6},{"damage":0,"enemies":"3 Shapes","floor":35,"turns":2},{"damage":0,"enemies":"3 Darklings","floor":37,"turns":3},{"damage":0,"enemies":"R_Hoarder","floor":41,"turns":4},{"damage":0,"enemies":"Nemesis","floor":44,"turns":5},{"damage":2,"enemies":"4 Shapes","floor":45,"turns":2},{"damage":0,"enemies":"Transient","floor":46,"turns":5},{"damage":0,"enemies":"3 Darklings","floor":48,"turns":3},{"damage":0,"enemies":"hubris:GrandSnecko","floor":50,"turns":5}],"seed_played":"7021662942122700862","potions_obtained":[{"floor":1,"key":"LiquidBronze"},{"floor":5,"key":"SpeedPotion"},{"floor":8,"key":"conspire:TimeTravelPotion"},{"floor":13,"key":"Swift Potion"},{"floor":18,"key":"LiquidBronze"},{"floor":19,"key":"ColorlessPotion"},{"floor":29,"key":"Strength Potion"},{"floor":30,"key":"FearPotion"},{"floor":33,"key":"Block Potion"}],"is_trial":false,"path_per_floor":["M","?","T","M","M","E","$","E","T","R","E","R","E","M","R","B",null,"M","M","?","AVR","?","R","?","R","T","E","M","M","E","$","R","B",null,"M","?","M","?","?","R","E","R","T","E","M","M","$","M","R","B",null],"character_chosen":"THE_SILENT","items_purchased":["ReplayTheSpireMod:Scrap Shanks","ReplayTheSpireMod:Brewmster","After Image","StuffTheSpire:Tea"],"campfire_rested":5,"item_purchase_floors":[7,7,31,31],"current_hp_per_floor":[49,49,49,49,49,36,36,24,24,45,25,46,20,18,39,21,58,21,11,11,11,11,32,32,32,32,11,6,6,6,6,27,27,59,59,59,59,59,80,80,80,80,80,80,78,78,78,78,78,78],"gold":172,"neow_bonus":"TWO_FIFTY_GOLD","is_daily":false,"chose_seed":false,"campfire_upgraded":4,"win_rate":0.0,"timestamp":1607966624,"path_taken":["M","?","?","M","M","E","$","E","T","R","E","R","E","M","R","BOSS","M","M","?","AVR","?","R","?","R","T","E","M","M","E","$","R","BOSS","M","?","M","?","?","R","E","R","T","E","M","?","?","M","R","BOSS"],"items_purchased_type":["Card","Card","Card","Relic"],"build_version":"2020-12-13","purchased_purges":4,"victory":true,"max_hp_per_floor":[70,70,70,70,70,70,70,70,70,70,70,70,70,70,70,70,70,70,70,70,70,70,70,70,70,70,70,70,70,70,70,70,70,70,70,70,70,70,80,80,80,80,80,80,80,80,80,80,80,80],"card_choices":[{"not_picked":["Predator","Bane"],"picked":"Heel Hook","floor":1},{"not_picked":["Blur","StuffTheSpire:ClusterCrunch"],"picked":"Flying Knee","floor":4},{"not_picked":["Sneak Up","Sucker Punch"],"picked":"Choke","floor":5},{"not_picked":["Riddle With Holes","hubris:SlightOfHand"],"picked":"Bane","floor":6},{"not_picked":["hubris:SlightOfHand","Flying Knee","Hidden Blade"],"picked":"SKIP","floor":8},{"not_picked":["All Out Attack","StuffTheSpire:MirrorStance"],"picked":"Acrobatics","floor":11},{"not_picked":["Distraction","Cloak And Dagger"],"picked":"Night Terror","floor":13},{"not_picked":["Dodge and Roll","Deflect"],"picked":"Dagger Spray","floor":14},{"not_picked":["Grand Finale","Unload"],"picked":"Tools of the Trade","floor":16},{"not_picked":["StuffTheSpire:DoubleShiv","Dagger Throw"],"picked":"StuffTheSpire:Injection+1","floor":18},{"not_picked":["Bane","Sucker Punch"],"picked":"Draining Mist","floor":19},{"not_picked":["ReplayTheSpireMod:The Works","Predator"],"picked":"Escape Plan","floor":27},{"not_picked":["Finisher","StuffTheSpire:BrimstoneBlast","Cloak And Dagger"],"picked":"SKIP","floor":28},{"not_picked":["Dagger Spray+1","Dodge and Roll+1"],"picked":"StuffTheSpire:Shiver","floor":29},{"not_picked":["Dagger Spray+1","PiercingWail"],"picked":"StuffTheSpire:Shiver","floor":30},{"not_picked":["Doppelganger","aspiration:Lunge"],"picked":"infinitespire:Neurotoxin","floor":33},{"not_picked":["StuffTheSpire:Python+1","hubris:Counter+1"],"picked":"StuffTheSpire:Sprint+1","floor":35},{"not_picked":["Underhanded Strike","Heel Hook"],"picked":"Tactician","floor":37},{"not_picked":["Flying Knee","Cloak And Dagger","Dagger Throw"],"picked":"SKIP","floor":41},{"not_picked":["Expertise+1","Dash+1"],"picked":"Burst","floor":44},{"not_picked":["Underhanded Strike","Flying Knee","Toxin Wave"],"picked":"SKIP","floor":45},{"not_picked":["Quick Slash+1","Expertise+1","Deflect+1"],"picked":"SKIP","floor":46},{"not_picked":["PiercingWail","Deadly Poison","Sucker Punch"],"picked":"SKIP","floor":48}],"player_experience":943126,"relics_obtained":[{"floor":3,"key":"Basket Of Snakes"},{"floor":6,"key":"infinitespire:Lucky Rock"},{"floor":8,"key":"Replay:Rubber Ducky"},{"floor":9,"key":"Replay:Accelerometer"},{"floor":11,"key":"aspiration:HiddenCompartment"},{"floor":13,"key":"Blue Doll"},{"floor":26,"key":"Orichalcum"},{"floor":27,"key":"StuffTheSpire:GrapeVine"},{"floor":30,"key":"Bottled Tornado"},{"floor":38,"key":"Ring of Fangs"},{"floor":38,"key":"Ring of Hypnosis"},{"floor":41,"key":"infinitespire:PuzzleCube"},{"floor":43,"key":"CeramicFish"},{"floor":44,"key":"Vajra"}],"event_choices":[{"damage_healed":0,"gold_gain":0,"player_choice":"Simplicity","damage_taken":0,"max_hp_gain":0,"max_hp_loss":0,"event_name":"Back to Basics","floor":20,"gold_loss":0,"cards_upgraded":["Strike_G","Strike_G","Strike_G","Strike_G","Defend_G","Defend_G","Defend_G","Defend_G"]},{"damage_healed":0,"gold_gain":0,"player_choice":"Opened","damage_taken":0,"relics_obtained":["PreservedInsect"],"max_hp_gain":0,"max_hp_loss":0,"event_name":"The Mausoleum","floor":22,"gold_loss":0,"cards_obtained":["Writhe"]},{"damage_healed":0,"gold_gain":0,"player_choice":"Inject Mutagens","damage_taken":0,"relics_obtained":["MutagenicStrength"],"max_hp_gain":0,"max_hp_loss":0,"event_name":"Drug Dealer","floor":24,"gold_loss":0},{"cards_removed":["Night Terror"],"damage_healed":11,"gold_gain":0,"player_choice":"Offered Rare","damage_taken":0,"max_hp_gain":10,"max_hp_loss":0,"event_name":"Bonfire Elementals","floor":39,"gold_loss":0}],"is_beta":false,"boss_relics":[{"not_picked":["Snecko Heart","hubris:HollowSoul"],"picked":"hubris:Backtick"},{"not_picked":["Runic Pyramid","Runic Dome"],"picked":"hubris:CrackedHourglass"}],"items_purged_floors":[7,21,31,47],"is_endless":false,"potions_floor_spawned":[1,5,8,13,18,19,29,30,33,44,45,46],"ascension_level":5}}