{"host":"swphzoo6hmc78epl","time":1607920580,"event":{"mods":["BaseMod","Highlight Path","Minty Spire (QoL Compilation)","Quick Restart"],"gold_per_floor":[137,181,356,366,336,336,354,368,413,423,138,138,154,15,15,110,160,205,62,62,62,82,82,147,187,213,213,213,213,213],"floor_reached":29,"playtime":1742,"items_purged":["Doubt","Strike_P"],"score":332,"play_id":"1c444528-0505-4c1a-a887-7ebbbfe16eb5","local_time":"20201213233620","is_ascension_mode":true,"campfire_choices":[{"data":"Wish","floor":6,"key":"SMITH"},{"data":"Eruption","floor":12,"key":"SMITH"},{"data":"SandsOfTime","floor":15,"key":"SMITH"},{"data":"Tantrum","floor":23,"key":"SMITH"},{"data":"WindmillStrike","floor":28,"key":"SMITH"}],"circlet_count":0,"master_deck":["Defend_P","Defend_P","Defend_P","Defend_P","Eruption+1","Vigilance","Wish+1","Consecrate","SandsOfTime+1","CutThroughFate","JustLucky","ClearTheMind","WindmillStrike+1","JustLucky","CutThroughFate","MentalFortress+1","Tantrum+1","DeusExMachina","FollowUp","Evaluate","JustLucky","Bite","Bite","Bite","Bite","MentalFortress","DeusExMachina","JustLucky"],"relics":["PureWater","Boot","Tiny House","Medical Kit","Kunai","Happy Flower"],"acts_visited":["Exordium","TheCity"],"potions_floor_usage":[10,16,18,22,24,29],"damage_taken":[{"damage":11,"enemies":"Jaw Worm","floor":1,"turns":7},{"damage":5,"enemies":"Small Slimes","floor":2,"turns":4},{"damage":4,"enemies":"2 Louse","floor":4,"turns":2},{"damage":5,"enemies":"Looter","floor":5,"turns":4},{"damage":3,"enemies":"3 Louse","floor":7,"turns":4},{"damage":8,"enemies":"Blue Slaver","floor":8,"turns":5},{"damage":0,"enemies":"Gremlin Gang","floor":10,"turns":2},{"damage":0,"enemies":"2 Fungi Beasts","floor":13,"turns":2},{"damage":38,"enemies":"Hexaghost","floor":16,"turns":8},{"damage":19,"enemies":"Chosen","floor":18,"turns":6},{"damage":15,"enemies":"Spheric Guardian","floor":22,"turns":4},{"damage":12,"enemies":"Gremlin Leader","floor":24,"turns":6},{"damage":38,"enemies":"Shelled Parasite and Fungi","floor":25,"turns":4},{"damage":20,"enemies":"Slavers","floor":29,"turns":1}],"seed_played":"-4875632761697495162","potions_obtained":[{"floor":4,"key":"Dexterity Potion"},{"floor":7,"key":"Explosive Potion"},{"floor":8,"key":"FearPotion"},{"floor":16,"key":"Ancient Potion"},{"floor":17,"key":"Block Potion"},{"floor":18,"key":"Dexterity Potion"},{"floor":25,"key":"Energy Potion"}],"is_trial":false,"path_per_floor":["M","M","?","M","M","R","M","M","T","M","$","R","M","$","R","B",null,"M","$","?","?","M","R","E","M","T","?","R","E"],"character_chosen":"WATCHER","items_purchased":["CutThroughFate","Blood Vial","Tantrum","Medical Kit"],"campfire_rested":0,"item_purchase_floors":[11,11,14,19],"current_hp_per_floor":[61,56,56,52,47,47,44,36,36,36,36,36,38,38,38,2,77,58,58,58,58,49,49,47,15,15,15,15,0,0],"gold":213,"neow_bonus":"ONE_RANDOM_RARE_CARD","is_daily":false,"chose_seed":false,"campfire_upgraded":5,"win_rate":0.0,"timestamp":1607920580,"path_taken":["M","M","?","M","M","R","M","M","T","M","$","R","M","$","R","BOSS","M","$","?","?","M","R","E","M","T","?","R","E"],"items_purchased_type":["Card","Relic","Card","Relic"],"build_version":"2020-12-13","purchased_purges":2,"victory":false,"max_hp_per_floor":[72,72,72,72,72,72,72,72,72,72,72,72,72,72,72,72,77,77,77,77,77,77,77,77,77,77,77,77,77,77],"card_choices":[{"not_picked":["JustLucky","WaveOfTheHand"],"picked":"Consecrate","floor":1},{"not_picked":["JustLucky","SignatureMove"],"picked":"SandsOfTime","floor":2},{"not_picked":["Prostrate","DeceiveReality"],"picked":"CutThroughFate","floor":4},{"not_picked":["FollowUp","SpiritShield"],"picked":"JustLucky","floor":5},{"not_picked":["Meditate","Protect"],"picked":"ClearTheMind","floor":7},{"not_picked":["Protect","ThirdEye"],"picked":"WindmillStrike","floor":8},{"not_picked":["ClearTheMind","Pray"],"picked":"JustLucky","floor":10},{"not_picked":["CutThroughFate","FollowUp"],"picked":"MentalFortress","floor":13},{"not_picked":["Devotion","Omniscience"],"picked":"DeusExMachina","floor":16},{"not_picked":["FlyingSleeves","CutThroughFate"],"picked":"FollowUp","floor":17},{"not_picked":["SignatureMove","PathToVictory"],"picked":"Evaluate","floor":18},{"not_picked":["FlurryOfBlows","SashWhip"],"picked":"MentalFortress","floor":22},{"not_picked":["SashWhip","Crescendo"],"picked":"DeusExMachina","floor":24},{"not_picked":["FlyingSleeves+1","Vengeance"],"picked":"JustLucky","floor":25}],"player_experience":734810,"relics_obtained":[{"floor":9,"key":"Boot"},{"floor":24,"key":"Kunai"},{"floor":26,"key":"Happy Flower"}],"event_choices":[{"damage_healed":0,"gold_gain":175,"player_choice":"AGREE","damage_taken":0,"max_hp_gain":0,"max_hp_loss":0,"event_name":"Liars Game","floor":3,"gold_loss":0,"cards_obtained":["Doubt"]},{"damage_healed":0,"gold_gain":0,"player_choice":"Read","damage_taken":0,"max_hp_gain":0,"max_hp_loss":0,"event_name":"The Library","floor":20,"gold_loss":0,"cards_obtained":["JustLucky"]},{"damage_healed":0,"gold_gain":0,"player_choice":"Became a vampire (Vial)","damage_taken":0,"max_hp_gain":0,"max_hp_loss":0,"event_name":"Vampires","floor":21,"relics_lost":["Blood Vial"],"gold_loss":0,"cards_obtained":["Bite","Bite","Bite","Bite","Bite"]},{"cards_removed":["Bite"],"damage_healed":0,"gold_gain":0,"player_choice":"Elegance","damage_taken":0,"max_hp_gain":0,"max_hp_loss":0,"event_name":"Back to Basics","floor":27,"gold_loss":0}],"is_beta":false,"boss_relics":[{"not_picked":["Velvet Choker","Runic Pyramid"],"picked":"Tiny House"}],"items_purged_floors":[11,14],"is_endless":false,"potions_floor_spawned":[4,7,8,16,18,25],"killed_by":"Slavers","ascension_level":4}}