{"host":"ku7h2vk4czvj6teb","time":1607958995,"event":{"mods":["2.2 Compatiblity","AchievementEnabler","Aspiration","BaseMod","Better Altar","Better Match","Better Note","Better Sensory Stone","Better Skull","Better Third Choice","Better Vampires","BetterRewards","Block Reminder","Colored Map","Colored Powertips","Conspire","Curses Come First","Downfall","Filter the Spire","Highlight Path","Hubris","Minty Spire (QoL Compilation)","Permanent Neow","Quick Restart","Rare Cards Sparkle","Relic Stats","Replay The Spire","Say the Spire","Shop Mod","Spicy Shops","StSLib","SuperFastMode","Swap Starting Deck Mod","Thieving Mod","Transform Curses","UnlockEverythingMod"],"gold_per_floor":[114,114,114,132,147,147,188,188,188,188,221,396,414,445,445,566,566,589,604,604,604,604,615,615,615,641,657,18,18,18,38,38,149,149,176,201,160,70,70,70,120,141,141,162,189,189,213,242,301,301,301],"floor_reached":50,"playtime":2671,"items_purged":["Doubt"],"score":537,"play_id":"6fdd935d-666b-4242-97a0-9ad7a17e026c","local_time":"20201214151635","is_ascension_mode":false,"campfire_choices":[{"floor":6,"key":"RECALL"},{"data":"ReplayTheSpireMod:Muscle Training","floor":8,"key":"SMITH"},{"data":"Carnage","floor":10,"key":"SMITH"},{"floor":15,"key":"DIG"},{"floor":24,"key":"DIG"},{"floor":29,"key":"REST"},{"floor":32,"key":"DIG"},{"floor":43,"key":"DIG"},{"floor":46,"key":"DIG"}],"circlet_count":0,"master_deck":["Strike_R+1","Strike_R+1","Strike_R+1","Strike_R+1","Defend_R+1","Defend_R+1","Defend_R+1","Defend_R+1","expansioncontent:PrepareCrush","Metallicize","hubris:ReadiedAction","Metallicize","Survivor","Neutralize","Carnage+2","ReplayTheSpireMod:Muscle Training+1","ReplayTheSpireMod:Stacked","Replay:Undeath\u0027s Touch","Rupture","Flame Barrier","Reaper","WindmillStrike","Fire Breathing+1","Ghostly Armor","Worship+1","expansioncontent:BronzeBeam","Panache","Replay:ManipulateFuture","Consecrate","Double Tap","ThirdEye","Collect","conspire:SpireCoStock","Flame Barrier+1","Rage+1","Iron Wave+1","Entrench","Prostrate+1","Replay:AtTheReady"],"relics":["Burning Blood","HandDrill","ClockworkSouvenir","Oddly Smooth Stone","conspire:InfiniteJournal","aspiration:FetidBarrel","Bloody Idol","Akabeko","hubris:ChampionShield","Shovel","Bottled Flame","aspiration:WatcherSkillbook","Blood Vial","aspiration:Lifesprig","Orichalcum","Membership Card","CeramicFish","Gambling Chip","hubris:BottledRain","Mark of Pain","Frozen Egg 2","Strawberry","hubris:CuriousFeather","Torii"],"acts_visited":["Exordium","TheCity","TheBeyond"],"potions_floor_usage":[7,7,11,16,16,27,33,33,41],"damage_taken":[{"damage":0,"enemies":"Jaw Worm","floor":1,"turns":2},{"damage":0,"enemies":"2 Louse","floor":4,"turns":4},{"damage":0,"enemies":"Small Slimes","floor":5,"turns":3},{"damage":2,"enemies":"Lagavulin","floor":7,"turns":5},{"damage":20,"enemies":"3 Sentries","floor":11,"turns":10},{"damage":0,"enemies":"Blue Slaver","floor":13,"turns":4},{"damage":6,"enemies":"Lagavulin","floor":14,"turns":6},{"damage":23,"enemies":"Hexaghost","floor":16,"turns":12},{"damage":22,"enemies":"2 Thieves","floor":18,"turns":5},{"damage":6,"enemies":"Chosen","floor":19,"turns":7},{"damage":2,"enemies":"Snecko","floor":23,"turns":5},{"damage":1,"enemies":"Cultist and Chosen","floor":27,"turns":6},{"damage":14,"enemies":"Snake Plant","floor":31,"turns":7},{"damage":57,"enemies":"hubris:MusketHawk","floor":33,"turns":11},{"damage":27,"enemies":"3 Shapes","floor":35,"turns":5},{"damage":29,"enemies":"3 Darklings","floor":36,"turns":8},{"damage":4,"enemies":"Sphere and 2 Shapes","floor":41,"turns":5},{"damage":33,"enemies":"Maw","floor":42,"turns":9},{"damage":21,"enemies":"3 Darklings","floor":44,"turns":10},{"damage":78,"enemies":"Transient","floor":47,"turns":5},{"damage":3,"enemies":"Writhing Mass","floor":48,"turns":6},{"damage":4,"enemies":"Mind Bloom Boss Battle","floor":49,"turns":6},{"damage":80,"enemies":"Maw","floor":50,"turns":11}],"seed_played":"265252898155306043","potions_obtained":[{"floor":1,"key":"PowerPotion"},{"floor":5,"key":"PowerPotion"},{"floor":7,"key":"Languid Potion"},{"floor":13,"key":"PowerPotion"},{"floor":14,"key":"Dexterity Potion"},{"floor":18,"key":"ThievingMod:ThievingPotion"},{"floor":23,"key":"PowerPotion"},{"floor":27,"key":"SkillPotion"},{"floor":33,"key":"SpeedPotion"},{"floor":36,"key":"SneckoOil"},{"floor":47,"key":"Death Potion"}],"is_trial":false,"path_per_floor":["M","?","?","M","M","R","E","R","T","R","E","?","M","E","R","B",null,"M","M","?","?","?","M","R","?","T","M","$","R","?","M","R","B",null,"M","M","?","?","PTL","PTL","M","M","R","M","T","R","M","M","?","M"],"character_chosen":"IRONCLAD","items_purchased":["HandDrill","ClockworkSouvenir","Oddly Smooth Stone","conspire:InfiniteJournal","aspiration:FetidBarrel","expansioncontent:PrepareCrush","Metallicize","hubris:ReadiedAction","Membership Card","DuplicationPotion","expansioncontent:BronzeBeam","Panache","Replay:ManipulateFuture","CeramicFish","Gambling Chip"],"campfire_rested":1,"item_purchase_floors":[0,0,0,0,0,0,0,0,28,28,28,28,28,28,28],"current_hp_per_floor":[80,80,80,80,80,80,80,80,80,80,66,66,72,72,72,55,80,64,69,69,47,47,58,58,15,20,36,36,60,60,64,64,30,80,74,71,76,76,76,76,80,63,63,75,87,87,25,40,69,0,0],"gold":301,"neow_bonus":"","is_daily":false,"chose_seed":false,"campfire_upgraded":2,"win_rate":0.0,"timestamp":1607958995,"path_taken":["M","?","?","M","M","R","E","R","T","R","E","?","M","E","R","BOSS","M","M","?","?","?","M","R","?","T","?","$","R","?","M","R","BOSS","M","?","?","?","PTL","PTL","?","M","R","M","T","R","M","M","?","M"],"items_purchased_type":["Relic","Relic","Relic","Relic","Relic","Card","Card","Card","Relic","Potion","Card","Card","Card","Relic","Relic"],"build_version":"2020-12-13","purchased_purges":1,"victory":false,"max_hp_per_floor":[80,80,80,80,80,80,80,80,80,80,80,80,80,80,80,80,80,80,80,80,80,80,80,80,80,80,80,80,80,80,80,80,80,80,80,80,80,80,80,80,80,80,80,80,87,87,87,87,87,87,87],"relic_stats":{"Blood Vial":20,"Shovel":5,"Torii":0,"counters":[56,334],"Bloody Idol":115,"CeramicFish":99,"Gambling Chip":[15],"HandDrill":[18],"Orichalcum":[54],"obtain_stats":[{"aspiration:Lifesprig":24,"hubris:CrystalStatue":19,"Torii":49,"SacredBark":34,"CeramicFish":28,"Ginger":4,"Burning Blood":0,"ClockworkSouvenir":0,"conspire:InfiniteJournal":0,"Blood Vial":6,"Lizard Tail":24,"Shovel":14,"Gambling Chip":28,"Strawberry":45,"MealTicket":9,"hubris:CuriousFeather":46,"HandDrill":0,"Chemical X":8,"hubris:ChampionShield":11,"aspiration:FetidBarrel":0,"Golden Idol":3,"Oddly Smooth Stone":8,"Frozen Egg 2":4,"hubris:Towel":11,"Orichalcum":26,"Akabeko":7,"Replay:Baseball":26,"CaptainsWheel":0,"Bottled Flame":15,"Bird Faced Urn":0,"Bloody Idol":21,"aspiration:WatcherSkillbook":17,"Pandora\u0027s Box":17,"CultistMask":2,"Mark of Pain":34,"Membership Card":28,"ReplayTheSpireMod:ShopPack":8,"hubris:BottledRain":32},{"aspiration:Lifesprig":44,"hubris:CrystalStatue":20,"Torii":55,"SacredBark":28,"CeramicFish":45,"Ginger":2,"Burning Blood":0,"ClockworkSouvenir":33,"conspire:InfiniteJournal":33,"Blood Vial":7,"Lizard Tail":24,"Shovel":40,"Gambling Chip":45,"Strawberry":52,"MealTicket":4,"hubris:CuriousFeather":52,"HandDrill":33,"Chemical X":17,"hubris:ChampionShield":38,"aspiration:FetidBarrel":33,"Golden Idol":34,"Oddly Smooth Stone":17,"Frozen Egg 2":6,"hubris:Towel":18,"Orichalcum":44,"Akabeko":37,"Replay:Baseball":25,"CaptainsWheel":32,"Bottled Flame":40,"Bird Faced Urn":32,"Bloody Idol":43,"aspiration:WatcherSkillbook":41,"Pandora\u0027s Box":19,"CultistMask":1,"Mark of Pain":47,"Membership Card":45,"ReplayTheSpireMod:ShopPack":17,"hubris:BottledRain":46},{"aspiration:Lifesprig":245,"hubris:CrystalStatue":108,"Torii":323,"SacredBark":157,"CeramicFish":251,"Ginger":9,"Burning Blood":0,"ClockworkSouvenir":182,"conspire:InfiniteJournal":182,"Blood Vial":36,"Lizard Tail":128,"Shovel":216,"Gambling Chip":251,"Strawberry":306,"MealTicket":19,"hubris:CuriousFeather":306,"HandDrill":182,"Chemical X":90,"hubris:ChampionShield":206,"aspiration:FetidBarrel":182,"Golden Idol":184,"Oddly Smooth Stone":90,"Frozen Egg 2":25,"hubris:Towel":96,"Orichalcum":245,"Akabeko":196,"Replay:Baseball":134,"CaptainsWheel":176,"Bottled Flame":216,"Bird Faced Urn":176,"Bloody Idol":240,"aspiration:WatcherSkillbook":228,"Pandora\u0027s Box":104,"CultistMask":4,"Mark of Pain":269,"Membership Card":251,"ReplayTheSpireMod:ShopPack":90,"hubris:BottledRain":258}],"Burning Blood":250},"card_choices":[{"not_picked":["Clothesline","Combust"],"picked":"Metallicize","floor":1},{"not_picked":["True Grit","Warcry"],"picked":"Carnage","floor":4},{"not_picked":["Headbutt","Ghostly Armor"],"picked":"ReplayTheSpireMod:Muscle Training","floor":5},{"not_picked":["Second Wind","Anger"],"picked":"ReplayTheSpireMod:Stacked","floor":7},{"not_picked":["Wild Strike","True Grit"],"picked":"Replay:Undeath\u0027s Touch","floor":11},{"not_picked":["Whirlwind","Rampage"],"picked":"Rupture","floor":13},{"not_picked":["hubris:CleavingFinish","Juggernaut"],"picked":"Flame Barrier","floor":14},{"not_picked":["conspire:Purge","Feed"],"picked":"Reaper","floor":16},{"not_picked":["CutThroughFate","Sword Boomerang","Dark Embrace"],"picked":"WindmillStrike","floor":18},{"not_picked":["conspire:ExplosiveBarrier","Headbutt","Sanctity"],"picked":"Fire Breathing+1","floor":19},{"not_picked":["EmptyFist","Fire Breathing","InnerPeace+1"],"picked":"Ghostly Armor","floor":23},{"not_picked":["Wallop","Searing Blow","FollowUp"],"picked":"Worship+1","floor":27},{"not_picked":["Shrug It Off+1","BattleHymn","Clash"],"picked":"Consecrate","floor":31},{"not_picked":["MasterReality","Brutality","Eclipse"],"picked":"Double Tap","floor":33},{"not_picked":["Run Through+1","Warcry","Wild Strike+1"],"picked":"ThirdEye","floor":35},{"not_picked":["CrushJoints","Fasting2","Pommel Strike"],"picked":"Collect","floor":36},{"not_picked":["Headbutt","Body Slam","Replay:Cycle"],"picked":"Flame Barrier+1","floor":41},{"not_picked":["Sword Boomerang+1","Sever Soul+1","ClearTheMind+1"],"picked":"Rage+1","floor":42},{"not_picked":["Replay:ManipulateFuture+1","Halt+1","Brilliance"],"picked":"Iron Wave+1","floor":44},{"not_picked":["FearNoEvil","Body Slam","Flame Barrier"],"picked":"Entrench","floor":47},{"not_picked":["Dropkick","PathToVictory+1","Evaluate"],"picked":"Prostrate+1","floor":48},{"not_picked":["ReplayTheSpireMod:Strike From Hell","Consecrate+1","Havoc"],"picked":"Replay:AtTheReady","floor":49}],"player_experience":196375,"relics_obtained":[{"floor":7,"key":"Akabeko"},{"floor":11,"key":"hubris:ChampionShield"},{"floor":14,"key":"Shovel"},{"floor":15,"key":"Bottled Flame"},{"floor":24,"key":"aspiration:Lifesprig"},{"floor":26,"key":"Orichalcum"},{"floor":32,"key":"hubris:BottledRain"},{"floor":43,"key":"Frozen Egg 2"},{"floor":45,"key":"Strawberry"},{"floor":46,"key":"hubris:CuriousFeather"},{"floor":49,"key":"Torii"}],"event_choices":[{"damage_healed":0,"gold_gain":0,"player_choice":"Take Wound","damage_taken":0,"relics_obtained":["Golden Idol"],"max_hp_gain":0,"max_hp_loss":0,"event_name":"Golden Idol","floor":3,"gold_loss":0,"cards_obtained":["Injury"]},{"damage_healed":0,"gold_gain":175,"player_choice":"AGREE","damage_taken":221,"max_hp_gain":0,"max_hp_loss":0,"event_name":"betterThird:BetterSerpent","floor":12,"gold_loss":0},{"damage_healed":0,"gold_gain":0,"player_choice":"Ignored","damage_taken":0,"max_hp_gain":0,"max_hp_loss":0,"event_name":"betterNote:BetterNote","floor":20,"gold_loss":0,"cards_obtained":["Parasite"]},{"damage_healed":0,"gold_gain":0,"player_choice":" Vial GoldIdol ","damage_taken":22,"relics_obtained":["Blood Vial","Bloody Idol"],"max_hp_gain":69,"max_hp_loss":47,"event_name":"betterAltar:BetterAltar","floor":21,"potions_obtained":[],"relics_lost":["Golden Idol"],"gold_loss":0},{"damage_healed":0,"gold_gain":0,"player_choice":"Simplicity","damage_taken":0,"max_hp_gain":0,"max_hp_loss":9,"event_name":"betterThird:BetterWriting","floor":22,"gold_loss":0},{"cards_removed":["Injury"],"damage_healed":0,"gold_gain":0,"player_choice":"Purged","damage_taken":0,"max_hp_gain":0,"max_hp_loss":0,"event_name":"Purifier","floor":30,"gold_loss":0},{"damage_healed":0,"gold_gain":0,"player_choice":"Invest 1","damage_taken":0,"max_hp_gain":0,"max_hp_loss":0,"event_name":"conspire:Investor","floor":37,"gold_loss":0},{"cards_removed":["Strike_R"],"damage_healed":0,"gold_gain":0,"player_choice":"Upgrade and Remove","damage_taken":0,"max_hp_gain":0,"max_hp_loss":0,"event_name":"Designer","floor":38,"gold_loss":90,"cards_upgraded":["Carnage"]},{"damage_healed":0,"gold_gain":0,"player_choice":"Fight","damage_taken":0,"max_hp_gain":0,"max_hp_loss":0,"event_name":"MindBloom","floor":49,"gold_loss":0}],"is_beta":false,"boss_relics":[{"not_picked":["hubris:ScarierMask","ReplayTheSpireMod:DimensionalGlitch"],"picked":"aspiration:WatcherSkillbook"},{"not_picked":["Calling Bell","Replay:Grab Bag"],"picked":"Mark of Pain"}],"items_purged_floors":[28],"is_endless":false,"potions_floor_spawned":[1,5,7,13,14,18,23,27,33,36,47,48],"killed_by":"Maw","ascension_level":0}}