{"host":"kag8mfq4or8nkqb2","time":1607971833,"event":{"mods":["2.2 Compatiblity","BaseMod","Downfall","Minty Spire (QoL Compilation)","StSLib"],"gold_per_floor":[99,99,99,99,131,131,203,128,140,140,140],"floor_reached":10,"playtime":392,"items_purged":[],"score":87,"play_id":"0c0b5bc6-4c5a-437c-b256-79edfd3a6e1f","local_time":"20201214185033","is_ascension_mode":false,"campfire_choices":[{"data":"champ:Execute","floor":1,"key":"SMITH"},{"data":"champ:GladiatorStyle","floor":6,"key":"SMITH"},{"floor":8,"key":"RECALL"}],"circlet_count":0,"master_deck":["champ:Strike","champ:Strike","champ:Strike","champ:Defend","champ:Defend","champ:Defend","champ:Defend","champ:Execute+1","champ:Taunt","champ:GladiatorStyle+1","champ:ViciousMockery","champ:FocusedGladiator"],"relics":["champ:ChampionCrown","downfall:HeartsMalice","Blood Vial","downfall:HeartBlessingBlue"],"acts_visited":["Exordium"],"potions_floor_usage":[],"damage_taken":[{"damage":0,"enemies":"2 Louse","floor":2,"turns":1},{"damage":0,"enemies":"Cultist","floor":4,"turns":1},{"damage":0,"enemies":"3 Sentries","floor":5,"turns":1},{"damage":6,"enemies":"Jaw Worm","floor":9,"turns":3},{"damage":106,"enemies":"Gremlin Nob","floor":10,"turns":6}],"seed_played":"-3183581130543990152","potions_obtained":[{"floor":5,"key":"sneckomod:MuddlingPotion"},{"floor":9,"key":"Strength Potion"}],"is_trial":false,"path_per_floor":["R","M","?","M","E","R","T","R","M","E"],"character_chosen":"THE_CHAMP","items_purchased":[],"campfire_rested":0,"item_purchase_floors":[],"current_hp_per_floor":[90,90,90,90,90,90,90,100,99,0,0],"gold":140,"neow_bonus":"THREE_ENEMY_KILL","is_daily":false,"chose_seed":false,"campfire_upgraded":2,"win_rate":0.0,"timestamp":1607971833,"path_taken":["R","M","?","M","E","R","T","R","M","E"],"items_purchased_type":[],"build_version":"2020-12-13","purchased_purges":0,"victory":false,"max_hp_per_floor":[90,90,90,90,90,90,90,100,100,100,100],"card_choices":[{"not_picked":["champ:FlashCut","champ:GladiatorsShout"],"picked":"champ:GladiatorStyle","floor":2},{"not_picked":["champ:Lariat","champ:CrookedStrike"],"picked":"champ:ViciousMockery","floor":4},{"not_picked":["champ:Duel","champ:ArenaPreparation","champ:AdrenalArmor"],"picked":"SKIP","floor":5},{"not_picked":["champ:Encircle","champ:StanceDance"],"picked":"champ:FocusedGladiator","floor":9}],"player_experience":1006363,"relics_obtained":[{"floor":5,"key":"Blood Vial"}],"event_choices":[{"cards_removed":["champ:Strike"],"damage_healed":0,"gold_gain":0,"player_choice":"Purged","damage_taken":0,"max_hp_gain":0,"max_hp_loss":0,"event_name":"Purifier","floor":3,"gold_loss":0}],"is_beta":false,"boss_relics":[],"items_purged_floors":[],"is_endless":false,"potions_floor_spawned":[5,9],"killed_by":"Gremlin Nob","ascension_level":0}}