{"host":"5gc11emcm5chfr5t","time":1607986349,"event":{"mods":["2.2 Compatiblity","AchievementEnabler","BaseMod","Bestiary","Better Note","Colored Map","Colored Powertips","Downfall","Googly Eyes","Minty Spire (QoL Compilation)","Rare Cards Sparkle","Say the Spire","StSLib"],"gold_per_floor":[119,184,184,201,215,215,244,264,290,290,325,325,325,325,325],"floor_reached":14,"playtime":483,"items_purged":[],"score":115,"play_id":"26442e5e-881d-4f01-9220-44402de52d00","local_time":"20201214175229","is_ascension_mode":true,"campfire_choices":[{"data":"sneckomod:SerpentIdol","floor":6,"key":"SMITH"},{"floor":13,"key":"REST"}],"circlet_count":0,"master_deck":["sneckomod:Strike","sneckomod:Strike","sneckomod:Strike","sneckomod:Defend","sneckomod:Defend","sneckomod:Defend","sneckomod:TailWhip","sneckomod:SnekBite","sneckomod:Unknown","sneckomod:Unknown+1","sneckomod:SerpentIdol+1","sneckomod:Bewildered","sneckomod:Nope+1","sneckomod:IronFang","sneckomod:SnakeSap","sneckomod:SoulCleanse","sneckomod:TrashToTreasure"],"relics":["sneckomod:SneckoSoul","Incense Burner","Oddly Smooth Stone","War Paint","Golden Idol","Potion Belt"],"acts_visited":["Exordium"],"potions_floor_usage":[7,8,12,14],"damage_taken":[{"damage":5,"enemies":"Jaw Worm","floor":1,"turns":2},{"damage":13,"enemies":"2 Louse","floor":4,"turns":2},{"damage":0,"enemies":"Cultist","floor":5,"turns":2},{"damage":25,"enemies":"Lagavulin","floor":7,"turns":5},{"damage":0,"enemies":"Large Slime","floor":8,"turns":3},{"damage":26,"enemies":"3 Sentries","floor":11,"turns":11},{"damage":0,"enemies":"Gremlin Gang","floor":12,"turns":1},{"damage":46,"enemies":"Lagavulin","floor":14,"turns":5}],"seed_played":"6043692960727638394","potions_obtained":[{"floor":5,"key":"DuplicationPotion"},{"floor":7,"key":"hexamod:EctoCoolerPotion"},{"floor":8,"key":"SmokeBomb"},{"floor":11,"key":"hexamod:EctoCoolerPotion"}],"is_trial":false,"path_per_floor":["M","?","?","M","M","R","E","M","T","?","E","M","R","E"],"character_chosen":"THE_SNECKO","items_purchased":[],"campfire_rested":1,"item_purchase_floors":[],"current_hp_per_floor":[76,76,76,63,63,63,38,38,38,38,18,18,40,0,0],"gold":325,"neow_bonus":"ONE_RARE_RELIC","is_daily":false,"chose_seed":false,"campfire_upgraded":1,"win_rate":0.0,"timestamp":1607986349,"path_taken":["M","?","?","M","M","R","E","?","T","?","E","M","R","E"],"items_purchased_type":[],"build_version":"2020-12-13","purchased_purges":0,"victory":false,"max_hp_per_floor":[81,81,81,81,81,81,81,81,81,75,75,75,75,75,75],"card_choices":[{"not_picked":["sneckomod:ImprovisedAttack","sneckomod:IronFang"],"picked":"sneckomod:SerpentIdol","floor":1},{"not_picked":["sneckomod:UnknownCommonSkill","sneckomod:Unknown1Cost"],"picked":"sneckomod:Nope","floor":4},{"not_picked":["sneckomod:WideSting","sneckomod:SoulRoll"],"picked":"sneckomod:IronFang","floor":5},{"not_picked":["sneckomod:UnknownUncommonAttack","sneckomod:UnknownClassGUARDIAN"],"picked":"sneckomod:SnakeSap","floor":7},{"not_picked":["sneckomod:SerpentIdol","sneckomod:DiceCrush"],"picked":"sneckomod:SoulCleanse","floor":8},{"not_picked":["sneckomod:QuickMove","sneckomod:SoulDraw"],"picked":"sneckomod:TrashToTreasure","floor":11}],"player_experience":365984,"relics_obtained":[{"floor":7,"key":"War Paint"},{"floor":11,"key":"Potion Belt"}],"event_choices":[{"damage_healed":0,"gold_gain":65,"player_choice":"Gained Gold","damage_taken":0,"max_hp_gain":0,"max_hp_loss":0,"event_name":"Golden Wing","floor":2,"gold_loss":0},{"damage_healed":0,"gold_gain":0,"player_choice":"Lose Max HP","damage_taken":0,"relics_obtained":["Golden Idol"],"max_hp_gain":0,"max_hp_loss":6,"event_name":"Golden Idol","floor":10,"gold_loss":0}],"is_beta":false,"boss_relics":[],"items_purged_floors":[],"is_endless":false,"potions_floor_spawned":[5,7,8,11],"killed_by":"Lagavulin","ascension_level":3}}