{"host":"a4s27ghlnr83kbqz","time":1607945964,"event":{"mods":["AchievementEnabler","BaseMod","Colored Map","Minty Spire (QoL Compilation)","Permanent Neow","SuperFastMode"],"gold_per_floor":[118,131,147,159,175,175,207,132,132,132,147,147,180,180,180,255,255,271,171,171,190,200,200,200],"floor_reached":23,"playtime":572,"items_purged":["Strike_R","Strike_R"],"score":506,"play_id":"3c7bb451-26da-4acb-821c-162eb5698c63","local_time":"20201214203924","is_ascension_mode":true,"campfire_choices":[{"data":"Infernal Blade","floor":6.0,"key":"SMITH"},{"data":"Carnage","floor":12.0,"key":"SMITH"},{"data":"Fire Breathing","floor":15,"key":"SMITH"}],"circlet_count":0,"master_deck":["AscendersBane","Strike_R","Strike_R","Defend_R","Defend_R","Defend_R","Defend_R","Bash","Impervious","Carnage+1","Infernal Blade+1","Fire Breathing+1","Shrug It Off","Shockwave","Bloodletting","Double Tap","Fiend Fire","Seeing Red"],"relics":["Black Blood","Letter Opener","Bottled Tornado","Pocketwatch","Nilry\u0027s Codex"],"acts_visited":["Exordium","TheCity"],"potions_floor_usage":[13,21,21],"damage_taken":[{"damage":11.0,"enemies":"Small Slimes","floor":1.0,"turns":5.0},{"damage":6.0,"enemies":"Cultist","floor":2.0,"turns":3.0},{"damage":5.0,"enemies":"2 Louse","floor":3.0,"turns":3.0},{"damage":8.0,"enemies":"Blue Slaver","floor":4.0,"turns":2.0},{"damage":0.0,"enemies":"Exordium Wildlife","floor":5.0,"turns":2.0},{"damage":5.0,"enemies":"3 Sentries","floor":7.0,"turns":4.0},{"damage":10.0,"enemies":"2 Fungi Beasts","floor":11.0,"turns":4.0},{"damage":43,"enemies":"Gremlin Nob","floor":13,"turns":5},{"damage":3,"enemies":"Slime Boss","floor":16,"turns":4},{"damage":6,"enemies":"3 Byrds","floor":18,"turns":5},{"damage":11,"enemies":"Shell Parasite","floor":21,"turns":2},{"damage":25,"enemies":"Snecko","floor":22,"turns":4},{"damage":42,"enemies":"Slavers","floor":23,"turns":4}],"seed_played":"606198665636748783","potions_obtained":[{"floor":3.0,"key":"Explosive Potion"},{"floor":7.0,"key":"Strength Potion"},{"floor":11.0,"key":"Strength Potion"},{"floor":16,"key":"ColorlessPotion"}],"is_trial":false,"path_per_floor":["M","M","M","M","M","R","E","$","T","?","M","R","E","?","R","B",null,"M","$","?","M","M","E"],"character_chosen":"IRONCLAD","items_purchased":[],"campfire_rested":0,"item_purchase_floors":[],"current_hp_per_floor":[63,63,64,62,68,68,69,69,69,69,65,65,28,28,28,31,64,70,70,49,50,37,0,0],"gold":200,"neow_bonus":"ONE_RANDOM_RARE_CARD","is_daily":false,"chose_seed":false,"campfire_upgraded":3,"win_rate":0.0,"timestamp":1607945964,"path_taken":["M","M","M","M","M","R","E","$","T","?","M","R","E","?","R","BOSS","M","$","?","M","M","E"],"items_purchased_type":[],"build_version":"2020-12-13","purchased_purges":2,"victory":false,"max_hp_per_floor":[75,75,75,75,75,75,75,75,75,75,75,75,75,75,75,75,75,75,75,75,75,75,75,75],"card_choices":[{"not_picked":["Anger","Power Through"],"picked":"Carnage","floor":1.0},{"not_picked":["Blood for Blood","Wild Strike"],"picked":"Infernal Blade","floor":2.0},{"not_picked":["Ghostly Armor","Rampage","Armaments"],"picked":"SKIP","floor":3.0},{"not_picked":["Body Slam","Sentinel"],"picked":"Fire Breathing","floor":4.0},{"not_picked":["Headbutt","Sever Soul","Iron Wave"],"picked":"SKIP","floor":5.0},{"not_picked":["Twin Strike","Carnage"],"picked":"Shrug It Off","floor":7.0},{"not_picked":["Hemokinesis","Armaments"],"picked":"Shockwave","floor":11.0},{"not_picked":["Thunderclap","Whirlwind"],"picked":"Bloodletting","floor":13},{"not_picked":["Corruption","Berserk"],"picked":"Fiend Fire","floor":16},{"not_picked":["Clothesline","Cleave","Heavy Blade"],"picked":"SKIP","floor":18},{"not_picked":["Whirlwind","Clothesline","Carnage+1"],"picked":"SKIP","floor":21},{"not_picked":["Hemokinesis","Sword Boomerang"],"picked":"Seeing Red","floor":22}],"player_experience":1031559,"relics_obtained":[{"floor":7.0,"key":"Letter Opener"},{"floor":9.0,"key":"Bottled Tornado"},{"floor":13,"key":"Pocketwatch"},{"floor":20,"key":"Nilry\u0027s Codex"}],"event_choices":[{"damage_healed":0.0,"max_hp_gain":0.0,"max_hp_loss":0.0,"gold_gain":0.0,"event_name":"Liars Game","player_choice":"Ignored","floor":10.0,"gold_loss":0.0,"damage_taken":0.0},{"damage_healed":0,"gold_gain":0,"cards_transformed":["Strike_R"],"player_choice":"Change","damage_taken":0,"max_hp_gain":0,"max_hp_loss":0,"event_name":"Living Wall","floor":14,"gold_loss":0,"cards_obtained":["Double Tap"]},{"damage_healed":0,"gold_gain":0,"player_choice":"Obtained Book","damage_taken":21,"max_hp_gain":0,"max_hp_loss":0,"event_name":"Cursed Tome","floor":20,"gold_loss":0}],"is_beta":false,"boss_relics":[{"not_picked":["Ectoplasm","SacredBark"],"picked":"Black Blood"}],"items_purged_floors":[8,19],"is_endless":false,"potions_floor_spawned":[3,7,11,16],"killed_by":"Slavers","ascension_level":20}}