{"host":"k6qwgpygxbgz06bg","time":1607976014,"event":{"mods":["BaseMod","Beaked The Cultist","Better Third Choice","BetterRewards","Clockwork Mod","Colored Map","Downfall","Friendly Minions","Infinite Spire","Marisa????????","Minty Spire (QoL Compilation)","Replay The Spire","StSLib","The Administrix","The Bug Knight","The Cursed","The Gatherer","The Mystic","The Witch"],"gold_per_floor":[0,11,11,31,31,31,31,31,66,144,161,273,83,83,97,198,198,198,198,198,214,214,214,261,277,312,312,327,48,68,87,106,210,210,210,237,250,262,262,282,282,282,315,315,332,173,228,278,296,304],"floor_reached":51,"playtime":4603,"items_purged":["Guardian:Defend_Guardian","Amnesia","Guardian:Strike_Guardian","Guardian:Defend_Guardian"],"score":775,"play_id":"feadc0f2-c2bf-4d49-973f-19ad8a8db9cd","local_time":"20201214210014","is_ascension_mode":false,"campfire_choices":[{"data":"Guardian:ExploitGems","floor":1.0,"key":"SMITH"},{"data":"Guardian:PiercingHide","floor":3.0,"key":"SMITH"},{"data":"Guardian:CurlUp","floor":5.0,"key":"SMITH"},{"data":"Guardian:TwinSlam","floor":8.0,"key":"SMITH"},{"data":"Guardian:StasisStrike","floor":18,"key":"SMITH"},{"data":"Guardian:Orbwalk","floor":20,"key":"SMITH"},{"floor":44,"key":"RECALL"}],"circlet_count":0,"master_deck":["Guardian:CurlUp+1","Guardian:TwinSlam+1","Guardian:TimeCapacitor","Guardian:ExploitGems+1","Guardian:PiercingHide+1","Guardian:Planning","Guardian:EvasiveProtocol+1","Guardian:FloatingOrbs","Guardian:Preprogram","Guardian:ArmoredProtocol","Guardian:Repulse","Guardian:StasisStrike+1","Guardian:StasisStrike","Guardian:Orbwalk+1","Guardian:ChargeCore","ReplayTheSpireMod:Chaos Vortex","Guardian:StasisField","Guardian:Incinerate","Guardian:Recover","Guardian:PrismaticBeam+1","Apotheosis","Guardian:TimeCapacitor","Guardian:TemporalShield","Guardian:DecasProtection","Guardian:BronzeArmor","Guardian:PiercingHide+1","infinitespire:DeathsTouch","Guardian:FierceBash","Guardian:ShieldCharger","Guardian:Clone","Guardian:Orbwalk","Guardian:ShieldCharger","Guardian:PrismaticBarrier+1","Guardian:Gem_Red"],"relics":["Guardian:ModeShifter","infinitespire:Midas Blood","Replay:Multitool","infinitespire:Cupcake","Toolbox","Ring of Peace","Guardian:PickAxe","Akabeko","ChewingGum","infinitespire:Lychee Nut","Pear","Blue Doll","Darkstone Periapt","Membership Card","infinitespire:EmpoweringShard","infinitespire:BottledMercury","CaptainsWheel","CatCart"],"acts_visited":["Exordium","TheCity","TheBeyond"],"potions_floor_usage":[15,16,21,43,46,46,47,50],"damage_taken":[{"damage":0.0,"enemies":"2 Louse","floor":2.0,"turns":3.0},{"damage":0.0,"enemies":"Small Slimes","floor":4.0,"turns":3.0},{"damage":11.0,"enemies":"Lagavulin","floor":9.0,"turns":10.0},{"damage":0,"enemies":"Jaw Worm","floor":11,"turns":5},{"damage":39,"enemies":"downfall:Heads","floor":12,"turns":11},{"damage":0,"enemies":"downfall:FleeingMerchant","floor":13,"turns":4},{"damage":0,"enemies":"Exordium Thugs","floor":15,"turns":7},{"damage":8,"enemies":"downfall:Silent","floor":16,"turns":9},{"damage":7,"enemies":"Spheric Guardian","floor":21,"turns":5},{"damage":0,"enemies":"Shell Parasite","floor":25,"turns":4},{"damage":0,"enemies":"HollowMod:Nosk","floor":26,"turns":13},{"damage":3,"enemies":"Snecko","floor":28,"turns":9},{"damage":0,"enemies":"downfall:FleeingMerchant","floor":29,"turns":4},{"damage":5,"enemies":"Snake Plant","floor":30,"turns":3},{"damage":0,"enemies":"Sentry and Sphere","floor":31,"turns":3},{"damage":7,"enemies":"Centurion and Healer","floor":32,"turns":5},{"damage":8,"enemies":"downfall:Defect","floor":33,"turns":10},{"damage":0,"enemies":"Giant Head","floor":36,"turns":7},{"damage":0,"enemies":"Orb Walker","floor":37,"turns":4},{"damage":0,"enemies":"3 Darklings","floor":38,"turns":6},{"damage":0,"enemies":"Spire Growth","floor":40,"turns":4},{"damage":0,"enemies":"beaked:SuperParasite","floor":43,"turns":9},{"damage":0,"enemies":"4 Shapes","floor":45,"turns":6},{"damage":0,"enemies":"downfall:FleeingMerchant","floor":46,"turns":5},{"damage":0,"enemies":"2 Orb Walkers","floor":47,"turns":5},{"damage":7,"enemies":"Orin","floor":48,"turns":6},{"damage":0,"enemies":"Transient","floor":49,"turns":5},{"damage":24,"enemies":"downfall:Ironclad","floor":50,"turns":7}],"seed_played":"1144301867044489999","potions_obtained":[{"floor":4.0,"key":"LifebloodPotion"},{"floor":9,"key":"Flashbang"},{"floor":11,"key":"Regen Potion"},{"floor":15,"key":"BlessingOfTheForge"},{"floor":21,"key":"Fruit Juice"},{"floor":30,"key":"Explosive Potion"},{"floor":31,"key":"Block Potion"},{"floor":40,"key":"ColorlessPotion"},{"floor":45,"key":"Death Potion"},{"floor":49,"key":"ColorlessPotion"}],"is_trial":false,"path_per_floor":["R","M","R","M","R","?","T","R","E","R","M","?","$","?","M","B",null,"R","?","R","M","AVR","?","T","M","E","R","M","$","M","M","M","B",null,"R_BF","E","M","M","R","M","T","AVR","E","R","M","$","?","?","M","B",null],"character_chosen":"GUARDIAN","items_purchased":["Guardian:Gem_Lightblue","Guardian:Gem_Red","Guardian:Repulse","Apotheosis","Membership Card","infinitespire:EmpoweringShard","infinitespire:BottledMercury","Guardian:Orbwalk"],"campfire_rested":0,"item_purchase_floors":[13,13,13,29,46,46,46,46],"current_hp_per_floor":[80,80,80,80,80,80,80,80,69,69,69,30,30,30,45,37,80,80,80,80,78,78,78,78,78,78,78,75,75,70,70,63,55,85,85,63,63,63,63,63,73,73,73,73,73,73,73,66,72,49],"gold":304,"neow_bonus":"TRANSFORM_TWO_CARDS","is_daily":false,"chose_seed":false,"campfire_upgraded":6,"win_rate":0.0,"timestamp":1607976014,"path_taken":["R","M","R","M","R","?","T","R","E","R","M","?","$","?","M","BOSS","R","?","R","M","AVR","?","T","M","E","R","M","$","M","M","M","BOSS","R_BF","E","M","M","R","M","T","AVR","E","R","M","$","?","?","M","BOSS"],"items_purchased_type":["Card","Card","Card","Card","Relic","Relic","Relic","Card"],"build_version":"2020-12-13","purchased_purges":4,"victory":true,"max_hp_per_floor":[80,80,80,80,80,80,80,80,80,80,80,80,80,80,80,80,80,80,80,80,85,85,85,85,85,85,85,85,85,85,85,85,85,85,85,63,63,63,63,63,73,73,73,73,73,73,73,73,73,73],"card_choices":[{"not_picked":["Guardian:Suspension","Guardian:TemporalStrike"],"picked":"Guardian:PiercingHide","floor":2.0},{"not_picked":["Guardian:TemporalStrike","Guardian:PrimingBeam"],"picked":"Guardian:Gem_Lightblue","floor":4.0},{"not_picked":["Guardian:ShieldSpikes","Guardian:TemporalShield"],"picked":"Guardian:Planning","floor":9},{"not_picked":["Guardian:ShieldCharger","Guardian:WalkerClaw"],"picked":"Guardian:EvasiveProtocol","floor":11},{"not_picked":["Guardian:Repulse","Guardian:TemporalShield"],"picked":"Guardian:FloatingOrbs","floor":12},{"not_picked":["Guardian:Planning","Guardian:Incinerate"],"picked":"Guardian:ArmoredProtocol","floor":13},{"not_picked":["Guardian:Gem_Green","Guardian:Suspension"],"picked":"Guardian:StasisStrike","floor":15},{"not_picked":["Guardian:HyperBeam_Guardian","Guardian:GatlingBeam"],"picked":"Guardian:StasisStrike","floor":16},{"not_picked":["Guardian:TemporalShield","Guardian:ShieldCharger"],"picked":"Guardian:ChargeCore","floor":21},{"not_picked":["Guardian:DonusPower","Guardian:RollAttack"],"picked":"Guardian:StasisField","floor":25},{"not_picked":["Guardian:Suspension","Guardian:PrimingBeam"],"picked":"Guardian:Incinerate","floor":26},{"not_picked":["Guardian:Gem_Green","Guardian:PrimingBeam+1"],"picked":"Guardian:Recover","floor":28},{"not_picked":["Guardian:Planning","Guardian:TemporalStrike"],"picked":"Guardian:PrismaticBeam+1","floor":29},{"not_picked":["Guardian:GuardianWhirl","Guardian:CrystalBeam"],"picked":"Guardian:TimeCapacitor","floor":30},{"not_picked":["Guardian:Preprogram","Guardian:WalkerClaw"],"picked":"Guardian:TemporalShield","floor":31},{"not_picked":["Guardian:CrystalBeam","Guardian:Planning"],"picked":"Guardian:Gem_Lightblue","floor":32},{"not_picked":["Guardian:FastForward","Guardian:AncientConstruct"],"picked":"Guardian:Gem_Orange","floor":33},{"not_picked":["Guardian:SpikerProtocol","Guardian:GuardianWhirl+1"],"picked":"Guardian:Gem_Crimson","floor":36},{"not_picked":["Guardian:Suspension+1","Guardian:Recover+1"],"picked":"Guardian:DecasProtection","floor":37},{"not_picked":["Guardian:ShieldCharger","Guardian:Planning+1"],"picked":"Guardian:BronzeArmor","floor":38},{"not_picked":["Guardian:Recover+1","Guardian:TemporalShield+1"],"picked":"Guardian:PiercingHide+1","floor":40},{"not_picked":["Guardian:Gem_Blue","Guardian:Planning"],"picked":"Guardian:FierceBash","floor":43},{"not_picked":["Guardian:ChargeCore+1","Guardian:WalkerClaw"],"picked":"Guardian:ShieldCharger","floor":45},{"not_picked":["Guardian:Emergency+1","Guardian:Incinerate+1"],"picked":"Guardian:Clone","floor":46},{"not_picked":["Guardian:TemporalShield+1","Guardian:Suspension"],"picked":"Guardian:ShieldCharger","floor":47},{"not_picked":["Guardian:WalkerClaw","Guardian:Recover+1"],"picked":"Guardian:PrismaticBarrier+1","floor":48},{"not_picked":["Guardian:PiercingHide+1","Guardian:CrystalBeam"],"picked":"Guardian:Gem_Red","floor":49}],"player_experience":204222,"relics_obtained":[{"floor":7.0,"key":"infinitespire:Midas Blood"},{"floor":9,"key":"Replay:Multitool"},{"floor":23,"key":"Ring of Peace"},{"floor":24,"key":"Guardian:PickAxe"},{"floor":26,"key":"Akabeko"},{"floor":36,"key":"infinitespire:Lychee Nut"},{"floor":41,"key":"Pear"},{"floor":43,"key":"Darkstone Periapt"},{"floor":47,"key":"CaptainsWheel"},{"floor":48,"key":"CatCart"}],"event_choices":[{"damage_healed":0,"gold_gain":0,"player_choice":"Read","damage_taken":0,"max_hp_gain":0,"max_hp_loss":0,"event_name":"The Library","floor":19,"gold_loss":0,"cards_obtained":["Guardian:Orbwalk"]},{"damage_healed":0,"gold_gain":0,"player_choice":"Fight","damage_taken":0,"max_hp_gain":0,"max_hp_loss":0,"event_name":"Mysterious Sphere","floor":47,"gold_loss":0},{"damage_healed":0,"gold_gain":0,"player_choice":"Fight","damage_taken":0,"max_hp_gain":0,"max_hp_loss":0,"event_name":"OrinTheCat","floor":48,"gold_loss":0}],"is_beta":false,"boss_relics":[{"not_picked":["Empty Cage","Kintsugi"],"picked":"infinitespire:Cupcake"},{"not_picked":["Astrolabe","ReplayTheSpireMod:SealedPack"],"picked":"ChewingGum"}],"items_purged_floors":[22,29,42,46],"is_endless":false,"potions_floor_spawned":[4,9,11,15,21,30,31,33,38,40,45,49],"ascension_level":0}}