{"host":"ktoxvvst1mwxww91","time":1607935412,"event":{"mods":["BaseMod","Minty Spire (QoL Compilation)","Shedinja","StSLib"],"gold_per_floor":[112,112,125,140,19,19,38,38,63,63,79,79,107,120,120,219,219,234,248,75,75,91,91,91,9,32,32,49,49,67,87,87,186,186,198,198,209,209,3,3,36,56,56,76,92,124,124,140,140,140],"floor_reached":51,"playtime":2643,"items_purged":["Shedinja:Endure","Shedinja:Scratch","Shedinja:Scratch"],"score":1207,"play_id":"7a89d0a3-76cc-4171-99c7-8e9f9ac25ab4","local_time":"20201214094332","is_ascension_mode":true,"campfire_choices":[{"data":"Shedinja:PowerBelt","floor":6.0,"key":"SMITH"},{"data":"Shedinja:FocusSash","floor":8.0,"key":"SMITH"},{"data":"Shedinja:FocusSash","floor":12.0,"key":"SMITH"},{"data":"Shedinja:Protect","floor":15.0,"key":"SMITH"},{"data":"Shedinja:WillOWisp","floor":23.0,"key":"SMITH"},{"data":"Shedinja:ShadowSneak","floor":32.0,"key":"SMITH"},{"data":"Shedinja:PowerBelt","floor":40.0,"key":"SMITH"},{"data":"Shedinja:Protect","floor":49.0,"key":"SMITH"}],"circlet_count":0,"master_deck":["Shedinja:Endure","Shedinja:Endure","Shedinja:Endure","Shedinja:Endure","Shedinja:FocusSash+1","Shedinja:FocusSash+1","Shedinja:PowerBelt+1","Shedinja:FurySwipes","Shedinja:ShadowBall","Shedinja:Substitute","Shedinja:RockyHelmet","Shedinja:RockyHelmet","Shedinja:Absorb","Shedinja:HoneClaws","Shedinja:SuckerPunch","Shedinja:Protect+1","Shedinja:WillOWisp+1","Shedinja:PhantomForce","Shedinja:ArtifactCard+1","Shedinja:PowerBracer","Shedinja:Elixir","Decay","Shedinja:Absorb+1","Injury","Shedinja:Agility","Decay","Injury","Shedinja:PowerBelt+1","Shedinja:ConfuseRay+1","Shedinja:ShadowSneak+1","Shedinja:PhantomForce","Shedinja:Protect+1","Shedinja:PhantomForce+1","Shedinja:StruggleBug+1","Shedinja:RockyHelmet","Madness","Madness","Shedinja:StringShot+1","Shedinja:Rest","Shedinja:Protect+1","Parasite","Shedinja:ArtifactCard+1","Shame","Shedinja:StringShot+1","Shedinja:Mimic","Shedinja:StringShot+1","Shedinja:PowerBracer+1"],"relics":["Shedinja:WonderGuard","NeowsBlessing","Nunchaku","Vajra","Cursed Key","Bottled Tornado","Dream Catcher","Astrolabe","Bottled Flame","Singing Bowl","Turnip"],"acts_visited":["Exordium","TheCity","TheBeyond"],"potions_floor_usage":[50,50],"damage_taken":[{"damage":0.0,"enemies":"Small Slimes","floor":1.0,"turns":1.0},{"damage":0.0,"enemies":"Cultist","floor":3.0,"turns":1.0},{"damage":0.0,"enemies":"Jaw Worm","floor":4.0,"turns":1.0},{"damage":0.0,"enemies":"Blue Slaver","floor":7.0,"turns":6.0},{"damage":0.0,"enemies":"Red Slaver","floor":11.0,"turns":5.0},{"damage":0.0,"enemies":"Gremlin Nob","floor":13.0,"turns":5.0},{"damage":0.0,"enemies":"Large Slime","floor":14.0,"turns":6.0},{"damage":0.0,"enemies":"Hexaghost","floor":16.0,"turns":10.0},{"damage":0.0,"enemies":"Chosen","floor":18.0,"turns":5.0},{"damage":0.0,"enemies":"Shell Parasite","floor":19.0,"turns":5.0},{"damage":0.0,"enemies":"Centurion and Healer","floor":22.0,"turns":10.0},{"damage":0.0,"enemies":"Chosen and Byrds","floor":28.0,"turns":6.0},{"damage":0.0,"enemies":"Cultist and Chosen","floor":30.0,"turns":11.0},{"damage":0.0,"enemies":"Centurion and Healer","floor":31.0,"turns":12.0},{"damage":0.0,"enemies":"Automaton","floor":33.0,"turns":16.0},{"damage":0.0,"enemies":"3 Shapes","floor":35.0,"turns":8.0},{"damage":0.0,"enemies":"Orb Walker","floor":37.0,"turns":6.0},{"damage":0.0,"enemies":"Giant Head","floor":41.0,"turns":17.0},{"damage":0.0,"enemies":"Writhing Mass","floor":42.0,"turns":9.0},{"damage":0.0,"enemies":"Spire Growth","floor":44.0,"turns":11.0},{"damage":0.0,"enemies":"Sphere and 2 Shapes","floor":45.0,"turns":10.0},{"damage":0.0,"enemies":"Nemesis","floor":46.0,"turns":17.0},{"damage":0.0,"enemies":"4 Shapes","floor":47.0,"turns":1.0},{"damage":0.0,"enemies":"Maw","floor":48.0,"turns":13.0},{"damage":0,"enemies":"Donu and Deca","floor":50,"turns":18}],"seed_played":"9133039135303605754","potions_obtained":[{"floor":4.0,"key":"Fire Potion"},{"floor":7.0,"key":"SmokeBomb"},{"floor":13.0,"key":"Regen Potion"},{"floor":16.0,"key":"BlessingOfTheForge"},{"floor":28.0,"key":"DistilledChaos"},{"floor":31.0,"key":"SpeedPotion"},{"floor":35.0,"key":"AttackPotion"},{"floor":44.0,"key":"PowerPotion"}],"is_trial":false,"path_per_floor":["M","?","M","M","$","R","M","R","T","?","M","R","E","M","R","B",null,"M","M","$","?","M","R","T","$","T","T","M","$","M","M","R","B",null,"M","?","M","?","$","R","E","M","T","M","M","E","M","M","R","B",null],"character_chosen":"THE_DEFAULT","items_purchased":["Shedinja:Absorb","Shedinja:Elixir","Shedinja:Agility","Shedinja:Rest"],"campfire_rested":0,"item_purchase_floors":[5,20,25,39],"current_hp_per_floor":[1,1,1,1,1,1,1,1,1,1,1,1,1,1,1,1,1,1,1,1,1,1,1,1,1,1,1,1,1,1,1,1,1,1,1,1,1,1,1,1,1,1,1,1,1,1,1,1,1,1],"gold":140,"neow_bonus":"THREE_ENEMY_KILL","is_daily":false,"chose_seed":false,"campfire_upgraded":8,"win_rate":0.0,"timestamp":1607935412,"path_taken":["M","?","?","M","$","R","M","R","T","?","M","R","E","M","R","BOSS","M","?","$","?","M","R","?","$","T","?","M","?","?","M","R","BOSS","M","?","M","?","$","R","E","?","T","?","M","E","?","M","R","BOSS"],"items_purchased_type":["Card","Card","Card","Card"],"build_version":"2020-12-13","purchased_purges":3,"victory":true,"max_hp_per_floor":[1,1,1,1,1,1,1,1,1,1,1,1,1,1,1,1,1,1,1,1,1,1,1,1,1,1,1,1,1,1,1,1,1,1,1,1,1,1,1,1,1,1,1,1,1,1,1,1,1,1],"card_choices":[{"not_picked":["Shedinja:SuckerPunch","Shedinja:WillOWisp"],"picked":"Shedinja:PowerBelt","floor":1.0},{"not_picked":["Shedinja:GigaDrain","Shedinja:Absorb"],"picked":"Shedinja:RockyHelmet","floor":3.0},{"not_picked":["Shedinja:ShadowBall","Shedinja:GigaDrain"],"picked":"Shedinja:RockyHelmet","floor":4.0},{"not_picked":["Shedinja:NightSlash","Shedinja:MetalClaw"],"picked":"Shedinja:HoneClaws","floor":7.0},{"not_picked":["Shedinja:Ether","Shedinja:MetalClaw"],"picked":"Shedinja:SuckerPunch","floor":11.0},{"not_picked":["Shedinja:SuckerPunch","Shedinja:Thief"],"picked":"Shedinja:Protect","floor":13.0},{"not_picked":["Shedinja:PowerBracer","Shedinja:Ether"],"picked":"Shedinja:WillOWisp","floor":14.0},{"not_picked":["Shedinja:PokeBall","Shedinja:Protect"],"picked":"Shedinja:PhantomForce","floor":16.0},{"not_picked":["Shedinja:MindReader+1","Shedinja:Mimic"],"picked":"Shedinja:ArtifactCard+1","floor":18.0},{"not_picked":["Shedinja:HoneClaws","Shedinja:WillOWisp"],"picked":"Shedinja:PowerBracer","floor":19.0},{"not_picked":["Shedinja:Mimic","Shedinja:NightSlash"],"picked":"Shedinja:Absorb+1","floor":22.0},{"not_picked":["Shedinja:PowerBracer","Shedinja:BugBuzz"],"picked":"Shedinja:PowerBelt","floor":28.0},{"not_picked":["Shedinja:Facade","Shedinja:Harden"],"picked":"Shedinja:ConfuseRay+1","floor":30.0},{"not_picked":["Shedinja:BugBuzz+1","Shedinja:WillOWisp"],"picked":"Shedinja:ShadowSneak","floor":31.0},{"not_picked":["Shedinja:FinalGambit","Shedinja:HYPERBEAM"],"picked":"Shedinja:PhantomForce","floor":33.0},{"not_picked":["Shedinja:ShadowSneak","Shedinja:ShadowBall"],"picked":"Shedinja:RockyHelmet","floor":35.0},{"not_picked":["Shedinja:Absorb","Shedinja:Harden"],"picked":"Shedinja:StringShot+1","floor":37.0},{"not_picked":["Shedinja:ShadowClaw","Shedinja:WillOWisp"],"picked":"Shedinja:Protect","floor":41.0},{"not_picked":["Shedinja:ShadowClaw","Shedinja:MetalClaw+1"],"picked":"Shedinja:ArtifactCard+1","floor":42.0},{"not_picked":["Shedinja:Mimic","Shedinja:Agility+1"],"picked":"Shedinja:StringShot+1","floor":44.0},{"not_picked":["Shedinja:FurySwipes","Shedinja:ShadowClaw+1"],"picked":"Shedinja:Mimic","floor":45.0},{"not_picked":["Shedinja:ShadowBall","Shedinja:MindReader"],"picked":"Shedinja:StringShot+1","floor":46.0},{"not_picked":["Shedinja:Agility","Shedinja:Facade"],"picked":"Shedinja:PowerBracer+1","floor":48.0}],"player_experience":634484,"relics_obtained":[{"floor":9.0,"key":"Nunchaku"},{"floor":13.0,"key":"Vajra"},{"floor":24.0,"key":"Bottled Tornado"},{"floor":26.0,"key":"Dream Catcher"},{"floor":41.0,"key":"Bottled Flame"},{"floor":43.0,"key":"Singing Bowl"},{"floor":46.0,"key":"Turnip"}],"event_choices":[{"damage_healed":0.0,"max_hp_gain":0.0,"max_hp_loss":0.0,"gold_gain":0.0,"event_name":"Match and Keep!","player_choice":"3 cards matched","floor":2.0,"gold_loss":0.0,"damage_taken":0.0,"cards_obtained":["Shedinja:FurySwipes","Shedinja:ShadowBall","Shedinja:Substitute"]},{"damage_healed":0.0,"max_hp_gain":0.0,"max_hp_loss":0.0,"gold_gain":0.0,"event_name":"Wheel of Change","player_choice":"Full Heal","floor":10.0,"gold_loss":0.0,"damage_taken":0.0},{"damage_healed":0.0,"max_hp_gain":0.0,"max_hp_loss":0.0,"gold_gain":0.0,"event_name":"Forgotten Altar","player_choice":"Smashed Altar","floor":21.0,"gold_loss":0.0,"damage_taken":0.0,"cards_obtained":["Decay"]},{"damage_healed":0.0,"max_hp_gain":0.0,"max_hp_loss":0.0,"gold_gain":0.0,"event_name":"Winding Halls","player_choice":"Embrace Madness","floor":36.0,"gold_loss":0.0,"damage_taken":0.0,"cards_obtained":["Madness","Madness"]},{"damage_healed":0.0,"max_hp_gain":0.0,"max_hp_loss":0.0,"gold_gain":0.0,"event_name":"The Woman in Blue","player_choice":"Bought 0 Potions","floor":38.0,"gold_loss":0.0,"damage_taken":0.0}],"is_beta":false,"boss_relics":[{"not_picked":["Runic Pyramid","Velvet Choker"],"picked":"Cursed Key"},{"not_picked":["Philosopher\u0027s Stone","SacredBark"],"picked":"Astrolabe"}],"items_purged_floors":[5,20,39],"is_endless":false,"potions_floor_spawned":[4,7,13,16,22,28,31,35,37,41,44,47],"ascension_level":2}}