{"host":"ooy9sn8qgs7oliwr","time":1607954465,"event":{"mods":["Act Like it!","BaseMod","BetterRewards","KinomotoSakuraMod(ƒæ÷Æ±æ”£)","Minty Spire (QoL Compilation)","Pale of the Ancients","Reimu£®≤©¿ˆ¡È√Œ£©","Remilia£®¿Ÿ√◊¿Ú—«£©","RumiaBox-¬∂√◊Ê´µƒ…Ò√ÿ∫–◊”","StSLib","The Jungle","The Servant 0.9.4","Youmu£®ªÍ∆«—˝√Œ£©","°æ“≈ŒÔMod°øÀ¿¡È∑® ¶NEW"],"gold_per_floor":[118,134,134,147,97,127,115,115,115,115,290,305,5,38,38,138,138,156,156,156,174,189,223,223,250,276,293,326,337,368,388,388,492,492,505,515,190,204,166,191,191,191],"floor_reached":41,"playtime":2101,"items_purged":["Doubt"],"score":671,"play_id":"bbd91969-260a-4832-8009-25eea69f2cfe","local_time":"20201214220105","is_ascension_mode":true,"campfire_choices":[{"data":"Blood_Whip","floor":8.0,"key":"SMITH"},{"data":"Blood_Is_Power","floor":15.0,"key":"SMITH"},{"floor":24.0,"key":"REST"},{"data":"Skeleton_Dragon","floor":32.0,"key":"SMITH"}],"circlet_count":0,"master_deck":["Strike_W","Blood_Whip+1","Blood_Whip","Defend_W","Defend_W","Blood_Shield+1","Blood_Is_Power+1","Acid_Javelin","Bone_Armor+1","Bone_Shift","Blood_Is_Power","Bone_Armory","Summon_Vampire_Lady","Grasp_Heart","CurseOfTheBell","Pride","Skeleton_Dragon+1","Bone_Armor","Blood_for_Blood+1","Blood_Magic","Life_Tap+1","Bone_Shift+1","Summon_Undead_Army+1"],"relics":["Vampire_Amulet","NeowsBlessing","Baka","Dead Branch","HornCleat","Pantograph","Pear","Strawberry","SumUndead","Calling Bell","MealTicket","The Courier","Lizard Tail","GreatHeart","Happy Flower","Blood Vial","War Paint","Bag of Preparation","ChaoDraw","Black Star","PreservedInsect","GodSword4","Thread and Needle","Pen Nib"],"acts_visited":["Exordium","TheCity","TheBeyond"],"potions_floor_usage":[41],"damage_taken":[{"damage":0.0,"enemies":"Small Slimes","floor":1.0,"turns":1.0},{"damage":2.0,"enemies":"Cultist","floor":2.0,"turns":1.0},{"damage":8.0,"enemies":"Jaw Worm","floor":4.0,"turns":2.0},{"damage":12.0,"enemies":"Lagavulin","floor":6.0,"turns":4.0},{"damage":8.0,"enemies":"2 Fungi Beasts","floor":7.0,"turns":2.0},{"damage":7.0,"enemies":"Blue Slaver","floor":12.0,"turns":2.0},{"damage":29.0,"enemies":"3 Sentries","floor":14.0,"turns":5.0},{"damage":24.0,"enemies":"Hexaghost","floor":16.0,"turns":4.0},{"damage":17.0,"enemies":"Shell Parasite","floor":18.0,"turns":4.0},{"damage":25.0,"enemies":"Spheric Guardian","floor":21.0,"turns":4.0},{"damage":33.0,"enemies":"Centurion and Healer","floor":22.0,"turns":6.0},{"damage":22.0,"enemies":"Gremlin Leader","floor":23.0,"turns":4.0},{"damage":10.0,"enemies":"Book of Stabbing","floor":25.0,"turns":3.0},{"damage":72.0,"enemies":"3 Cultists","floor":27.0,"turns":5.0},{"damage":33.0,"enemies":"Slavers","floor":28.0,"turns":3.0},{"damage":19.0,"enemies":"Chosen and Byrds","floor":29.0,"turns":6.0},{"damage":8.0,"enemies":"Gremlin Leader","floor":30.0,"turns":4.0},{"damage":4.0,"enemies":"Centurion and Healer","floor":31.0,"turns":3.0},{"damage":59.0,"enemies":"Automaton","floor":33.0,"turns":7.0},{"damage":33.0,"enemies":"3 Darklings","floor":35.0,"turns":5.0},{"damage":5,"enemies":"Orb Walker","floor":36,"turns":3},{"damage":61,"enemies":"Sphere and 2 Shapes","floor":38,"turns":7},{"damage":49,"enemies":"4 Shapes","floor":39,"turns":4},{"damage":61,"enemies":"Nemesis","floor":40,"turns":5},{"damage":30,"enemies":"Transient","floor":41,"turns":3}],"seed_played":"-7977191090593910007","potions_obtained":[{"floor":1.0,"key":"Weak Potion"},{"floor":7.0,"key":"SteroidPotion"},{"floor":12.0,"key":"Explosive Potion"},{"floor":22.0,"key":"Strength Potion"},{"floor":23.0,"key":"Ancient Potion"},{"floor":28.0,"key":"EssenceOfSteel"},{"floor":31.0,"key":"AttackPotion"},{"floor":33.0,"key":"SteroidPotion"},{"floor":35.0,"key":"Energy Potion"},{"floor":40,"key":"DistilledChaos"}],"is_trial":false,"path_per_floor":["M","M","?","M","?","E","M","R","T","$","?","M","$","E","R","B",null,"M","?","?","M","M","E","R","E","T","M","E","M","E","M","R","B",null,"M","M","$","M","M","E","M"],"character_chosen":"NECROMANCER","items_purchased":["Summon_Vampire_Lady","Strawberry","PreservedInsect","GodSword4"],"campfire_rested":1,"item_purchase_floors":[13,13,37,37],"current_hp_per_floor":[75,73,73,65,65,53,45,45,55,55,55,48,55,38,38,48,92,82,82,73,48,36,15,47,43,43,52,21,32,29,42,42,54,104,83,90,104,87,66,12,0,0],"gold":191,"neow_bonus":"THREE_ENEMY_KILL","is_daily":false,"chose_seed":false,"campfire_upgraded":3,"win_rate":0.0,"timestamp":1607954465,"path_taken":["M","M","?","?","?","E","M","R","T","?","?","M","?","E","R","BOSS","M","?","?","M","M","E","R","E","T","M","E","M","E","M","R","BOSS","M","?","?","M","M","E","M"],"items_purchased_type":["Card","Relic","Relic","Relic"],"build_version":"2020-12-13","purchased_purges":1,"victory":false,"max_hp_per_floor":[75,75,75,75,75,75,75,75,85,85,85,85,92,92,92,92,92,92,92,92,92,98,108,108,108,108,108,108,108,108,108,108,104,104,104,104,104,98,98,98,98,98],"card_choices":[{"not_picked":["Plague_Bolt","Bone_Shift"],"picked":"Acid_Javelin","floor":1.0},{"not_picked":["Corrupt","Pandemic"],"picked":"Bone_Armor","floor":2.0},{"not_picked":["Negative_Energy_Javelin","Posionadd"],"picked":"Bone_Shift","floor":4.0},{"not_picked":["Negative_Energy_Javelin","PosionRing","Bone_Armor"],"picked":"SKIP","floor":6.0},{"not_picked":["Plague_Bolt","Summon_Lich"],"picked":"Blood_Is_Power","floor":7.0},{"not_picked":["Summon_Lich","finger_Of_Death"],"picked":"Bone_Armory","floor":12.0},{"not_picked":["PosionArmor","Negative_Energy_Sphere","Blood_Whip"],"picked":"SKIP","floor":14.0},{"not_picked":["Negative_Energy_Bomb","Time_Jump"],"picked":"Grasp_Heart","floor":16.0},{"not_picked":["PosionWeak2+1","Acid_Javelin","Corrupt"],"picked":"SKIP","floor":18.0},{"not_picked":["Negative_Energy_Mist+1","Blood_Shield+1","Negative_Energy_Javelin+1"],"picked":"SKIP","floor":21.0},{"not_picked":["Negative_Energy_Javelin","Bone_Armor","Blood_Shield+1"],"picked":"SKIP","floor":22.0},{"not_picked":["Negative_Energy_Mist","PosionWeak","Bone_Armory"],"picked":"SKIP","floor":23.0},{"not_picked":["Life_Drain","Shade_Step"],"picked":"Skeleton_Dragon","floor":25.0},{"not_picked":["ZombiePosion+1","Siphon_Strength"],"picked":"Bone_Armor","floor":27.0},{"not_picked":["finger_Of_Death","PosionWeak2","Negative_Energy_Javelin+1"],"picked":"SKIP","floor":28.0},{"not_picked":["PosionWeak","Shackles_Of_Pain","PosionWeak2"],"picked":"SKIP","floor":29.0},{"not_picked":["Acid_Javelin","Scare"],"picked":"Blood_for_Blood+1","floor":30.0},{"not_picked":["Uncharnel","PosionWeak","Shade_Step"],"picked":"SKIP","floor":31.0},{"not_picked":["Grasp_Heart","Requiem"],"picked":"Blood_Magic","floor":33.0},{"not_picked":["Scare","Negative_Energy_Javelin"],"picked":"Life_Tap+1","floor":35.0},{"not_picked":["Bone_Armory+1","Blood_Curse"],"picked":"Bone_Shift+1","floor":36},{"not_picked":["Pandemic","Bone_Spikes+1","Toxic_Smoke_Screen+1"],"picked":"SKIP","floor":38},{"not_picked":["Bone_Armory+1","Scare+1","Negative_Energy_Sphere"],"picked":"SKIP","floor":39},{"not_picked":["Shackles_Of_Pain+1","OverdoomLine+1"],"picked":"Summon_Undead_Army+1","floor":40}],"player_experience":162907,"relics_obtained":[{"floor":1.0,"key":"Baka"},{"floor":2.0,"key":"Dead Branch"},{"floor":6.0,"key":"Pantograph"},{"floor":9.0,"key":"Pear"},{"floor":14.0,"key":"SumUndead"},{"floor":17.0,"key":"MealTicket"},{"floor":17.0,"key":"The Courier"},{"floor":17.0,"key":"Lizard Tail"},{"floor":23.0,"key":"Happy Flower"},{"floor":25.0,"key":"Blood Vial"},{"floor":26.0,"key":"War Paint"},{"floor":28.0,"key":"Bag of Preparation"},{"floor":30.0,"key":"ChaoDraw"},{"floor":40,"key":"Thread and Needle"},{"floor":40,"key":"Pen Nib"}],"event_choices":[{"damage_healed":0.0,"max_hp_gain":0.0,"max_hp_loss":0.0,"gold_gain":0.0,"event_name":"WeMeetAgain","player_choice":"Gave Potion","floor":3.0,"gold_loss":0.0,"damage_taken":0.0,"relics_obtained":["HornCleat"]},{"cards_removed":["Strike_W"],"damage_healed":0.0,"max_hp_gain":0.0,"max_hp_loss":0.0,"gold_gain":0.0,"event_name":"The Cleric","player_choice":"Card Removal","floor":5.0,"gold_loss":50.0,"damage_taken":0.0},{"damage_healed":0.0,"max_hp_gain":0.0,"max_hp_loss":0.0,"gold_gain":175.0,"event_name":"Liars Game","player_choice":"AGREE","floor":11.0,"gold_loss":0.0,"damage_taken":0.0,"cards_obtained":["Doubt"]},{"damage_healed":0.0,"max_hp_gain":0.0,"max_hp_loss":0.0,"gold_gain":0.0,"event_name":"Wheel of Change","player_choice":"Damaged","floor":20.0,"gold_loss":0.0,"damage_taken":9.0}],"is_beta":false,"boss_relics":[{"not_picked":["SlaversCollar","Busted Crown"],"picked":"Calling Bell"},{"not_picked":["Fusion Hammer","RingOfChaos"],"picked":"Black Star"}],"items_purged_floors":[13],"is_endless":false,"potions_floor_spawned":[1,7,12,22,23,28,31,33,35,38,39,40],"killed_by":"Transient","ascension_level":3}}