{"host":"yassvrowvc2yfwp2","time":1607953177,"event":{"mods":["2.2 Compatiblity","Act Like it!","BaseMod","Better Note","Downfall","HololiveMod","Jorbs\u0027s Wanderer Trilogy","Minty Spire (QoL Compilation)","Prisma Mod","Rare Cards Sparkle","Reimu£®≤©¿ˆ¡È√Œ£©","Replay The Spire","Spicy Shops","StSLib","The Bug Knight","The Cursed","The Servant 0.9.4"],"gold_per_floor":[99,9,39,39,69,69,94,94,124,124,139,154,14,29,44,44,44],"floor_reached":16,"playtime":507,"items_purged":[],"score":118,"play_id":"56eafe8d-4b9c-4038-8f60-2d8ba716cd88","local_time":"20201214213937","daily_mods":["Heirloom","Vintage","Elite Swarm"],"is_ascension_mode":false,"campfire_choices":[{"data":"Defend_Lin:ReiMu","floor":1,"key":"PURGE"},{"floor":4,"key":"REST"},{"floor":8,"key":"REST"},{"floor":10,"key":"REST"}],"circlet_count":0,"master_deck":["Strike_Lin:ReiMu","Strike_Lin:ReiMu","Strike_Lin:ReiMu","Strike_Lin:ReiMu","Defend_Lin:ReiMu","Defend_Lin:ReiMu","Defend_Lin:ReiMu","NB:ReiMu","Stagnation:ReiMu","ForcedLanding:ReiMu","YinYang:ReiMu","BlastKick2:ReiMu","SpreadBorder2:ReiMu","BlastKick2:ReiMu","Amulet:ReiMu","EmergencyTakeOff:ReiMu+1"],"relics":["FlyPower:ReiMu","Ice Cream","Omamori","Letter Opener","Orichalcum","Replay:Rubber Ducky","Dream Catcher","Shuriken","Toxic Egg 2","Ancient Tea Set","Ornamental Fan","Smiling Mask","Vajra"],"acts_visited":["Exordium"],"potions_floor_usage":[16,16],"damage_taken":[{"damage":0,"enemies":"downfall:FleeingMerchant","floor":2,"turns":4},{"damage":45,"enemies":"Gremlin Nob","floor":3,"turns":6},{"damage":18,"enemies":"Lagavulin","floor":5,"turns":9},{"damage":7,"enemies":"3 Sentries","floor":9,"turns":6},{"damage":0,"enemies":"Cultist","floor":11,"turns":3},{"damage":0,"enemies":"Small Slimes","floor":12,"turns":2},{"damage":0,"enemies":"downfall:FleeingMerchant","floor":13,"turns":4},{"damage":0,"enemies":"2 Louse","floor":14,"turns":3},{"damage":0,"enemies":"Gremlin Gang","floor":15,"turns":1},{"damage":51,"enemies":"downfall:Defect","floor":16,"turns":8}],"seed_played":"1880613833527945180","potions_obtained":[{"floor":3,"key":"Block Potion"},{"floor":5,"key":"FearPotion"},{"floor":9,"key":"PowerPotion"},{"floor":15,"key":"DuplicationPotion"}],"is_trial":false,"path_per_floor":["R","$","E","R","E","?","T","R","E","R","M","M","$","M","M","B"],"character_chosen":"REIMU","items_purchased":["Omamori","Ornamental Fan"],"campfire_rested":3,"item_purchase_floors":[2,13],"current_hp_per_floor":[65,65,20,39,21,18,18,37,30,49,49,49,49,49,49,0,0],"gold":44,"neow_bonus":"","is_daily":true,"chose_seed":false,"campfire_upgraded":0,"win_rate":0.0,"timestamp":1607953177,"path_taken":["R","?","E","R","E","?","T","R","E","R","M","M","$","M","M","BOSS"],"items_purchased_type":["Relic","Relic"],"build_version":"2020-12-13","purchased_purges":0,"victory":false,"max_hp_per_floor":[65,65,65,65,65,65,65,65,65,65,65,65,65,65,65,65,65],"card_choices":[{"not_picked":["Gathering:ReiMu","Mountainwind:ReiMu"],"picked":"ForcedLanding:ReiMu","floor":2},{"not_picked":["Dreaming:ReiMu","SubcavityFantasy:ReiMu"],"picked":"YinYang:ReiMu","floor":3},{"not_picked":["OctopathSalyBorderN:ReiMu","PrayRite:ReiMu"],"picked":"BlastKick2:ReiMu","floor":5},{"not_picked":["Conquer:ReiMu","OrbThrow:ReiMu"],"picked":"SpreadBorder2:ReiMu","floor":8},{"not_picked":["Determination:ReiMu","Free:ReiMu"],"picked":"BlastKick2:ReiMu","floor":9},{"not_picked":["OrbThrow:ReiMu","MountainWay:ReiMu"],"picked":"Amulet:ReiMu","floor":10},{"not_picked":["ShadowOfCrow2:ReiMu+1","SpringWay:ReiMu+1"],"picked":"EmergencyTakeOff:ReiMu+1","floor":13}],"player_experience":1918342,"relics_obtained":[{"floor":3,"key":"Letter Opener"},{"floor":5,"key":"Orichalcum"},{"floor":7,"key":"Dream Catcher"},{"floor":9,"key":"Shuriken"},{"floor":11,"key":"Toxic Egg 2"},{"floor":12,"key":"Ancient Tea Set"},{"floor":14,"key":"Smiling Mask"},{"floor":15,"key":"Vajra"}],"event_choices":[{"damage_healed":0,"gold_gain":0,"player_choice":"Success","damage_taken":3,"relics_obtained":["Replay:Rubber Ducky"],"max_hp_gain":0,"max_hp_loss":0,"event_name":"Scrap Ooze","floor":6,"gold_loss":0}],"is_beta":false,"boss_relics":[],"items_purged_floors":[],"is_endless":false,"potions_floor_spawned":[3,5,9,12,15],"killed_by":"downfall:Defect","ascension_level":0}}