{"host":"8qb550oiisecbnz6","time":1607983563,"event":{"mods":["AchievementEnabler","BaseMod","Colored Map","Colored Powertips","Minty Spire (QoL Compilation)","Quick Restart","Slay-I","StSLib"],"gold_per_floor":[110,110,58,75,250,250,281,281,361,373,433,433,448,448,448,553,553,571,240,252,266,21,21,37,37,37,136,163,163,163,163],"floor_reached":30,"playtime":2044,"items_purged":["Regret","Doubt"],"score":308,"play_id":"c3b09d3e-2166-4774-b2f5-20c034e44949","local_time":"20201214230603","is_ascension_mode":true,"campfire_choices":[{"data":"Blur","floor":6,"key":"SMITH"},{"data":"Noxious Fumes","floor":8,"key":"SMITH"},{"floor":12,"key":"REST"},{"floor":15,"key":"REST"},{"floor":23,"key":"REST"},{"floor":25,"key":"REST"}],"circlet_count":0,"master_deck":["Strike_G","Strike_G","Strike_G","Strike_G","Strike_G","Defend_G","Defend_G","Defend_G","Defend_G","Defend_G","Survivor","Neutralize","Blur+1","Backflip","Noxious Fumes+1","Dodge and Roll","A Thousand Cuts","CurseOfTheBell","Backflip"],"relics":["Philosopher\u0027s Stone","Thread and Needle","Boot","Pantograph","Happy Flower","Calling Bell","Potion Belt","Sundial","WingedGreaves","HornCleat","Art of War","CeramicFish","NlothsMask"],"acts_visited":["Exordium","TheCity"],"potions_floor_usage":[16,18,28,28],"damage_taken":[{"damage":0,"enemies":"Small Slimes","floor":1,"turns":3},{"damage":1,"enemies":"Cultist","floor":4,"turns":4},{"damage":44,"enemies":"3 Sentries","floor":7,"turns":20},{"damage":2,"enemies":"Jaw Worm","floor":10,"turns":5},{"damage":1,"enemies":"3 Sentries","floor":11,"turns":7},{"damage":11,"enemies":"Lots of Slimes","floor":13,"turns":5},{"damage":7,"enemies":"Hexaghost","floor":16,"turns":15},{"damage":40,"enemies":"3 Byrds","floor":18,"turns":7},{"damage":7,"enemies":"Chosen","floor":20,"turns":6},{"damage":16,"enemies":"Centurion and Healer","floor":21,"turns":10},{"damage":0,"enemies":"Snecko","floor":24,"turns":7},{"damage":35,"enemies":"Gremlin Leader","floor":28,"turns":10},{"damage":42,"enemies":"Cultist and Chosen","floor":30,"turns":6}],"seed_played":"4143552567831534141","potions_obtained":[{"floor":11,"key":"Dexterity Potion"},{"floor":13,"key":"Ancient Potion"},{"floor":14,"key":"FairyPotion"},{"floor":16,"key":"ColorlessPotion"},{"floor":18,"key":"Swift Potion"}],"is_trial":false,"path_per_floor":["M","?","$","M","?","R","E","R","T","M","?","R","M","?","R","B",null,"M","$","M","M","$","R","M","R","T","?","E","?","M"],"character_chosen":"THE_SILENT","items_purchased":["Backflip","HornCleat","Art of War"],"campfire_rested":4,"item_purchase_floors":[3,19,22],"current_hp_per_floor":[70,70,70,69,69,69,25,25,25,23,22,43,32,32,53,63,68,28,28,21,5,5,26,26,47,47,47,12,12,0,0],"gold":163,"neow_bonus":"BOSS_RELIC","is_daily":false,"chose_seed":false,"campfire_upgraded":2,"win_rate":0.0,"timestamp":1607983563,"path_taken":["M","?","$","M","?","R","E","R","T","M","?","R","M","?","R","BOSS","M","$","M","?","$","R","M","R","T","?","E","?","M"],"items_purchased_type":["Card","Relic","Relic"],"build_version":"2020-12-13","purchased_purges":2,"victory":false,"max_hp_per_floor":[70,70,70,70,70,70,70,70,70,70,70,70,70,70,70,70,70,70,70,70,70,70,70,70,70,70,70,70,70,70,70],"card_choices":[{"not_picked":["Acrobatics","Slice"],"picked":"Blur","floor":1},{"not_picked":["Concentrate","Sucker Punch","PiercingWail"],"picked":"SKIP","floor":4},{"not_picked":["Reflex","Die Die Die"],"picked":"Noxious Fumes","floor":7},{"not_picked":["Outmaneuver","PiercingWail"],"picked":"Dodge and Roll","floor":10},{"not_picked":["Reflex","Flying Knee","Choke"],"picked":"SKIP","floor":13},{"not_picked":["Doppelganger","Storm of Steel"],"picked":"A Thousand Cuts","floor":16},{"not_picked":["Riddle With Holes","Outmaneuver","Noxious Fumes"],"picked":"SKIP","floor":18},{"not_picked":["Blade Dance","Quick Slash"],"picked":"Backflip","floor":20},{"not_picked":["Choke","Backflip","Acrobatics"],"picked":"SKIP","floor":21},{"not_picked":["Die Die Die","PiercingWail","Distraction"],"picked":"SKIP","floor":24},{"not_picked":["Leg Sweep","Slice","Dagger Spray+1"],"picked":"SKIP","floor":28}],"player_experience":348197,"relics_obtained":[{"floor":7,"key":"Boot"},{"floor":9,"key":"Pantograph"},{"floor":11,"key":"Happy Flower"},{"floor":17,"key":"Potion Belt"},{"floor":17,"key":"Sundial"},{"floor":17,"key":"WingedGreaves"},{"floor":28,"key":"CeramicFish"}],"event_choices":[{"damage_healed":0,"gold_gain":0,"player_choice":"Box","damage_taken":0,"relics_obtained":["Thread and Needle"],"max_hp_gain":0,"max_hp_loss":0,"event_name":"Big Fish","floor":2,"gold_loss":0,"cards_obtained":["Regret"]},{"damage_healed":0,"gold_gain":175,"player_choice":"AGREE","damage_taken":0,"max_hp_gain":0,"max_hp_loss":0,"event_name":"Liars Game","floor":5,"gold_loss":0,"cards_obtained":["Doubt"]},{"damage_healed":0,"gold_gain":0,"player_choice":"Searched \u00271\u0027 times","damage_taken":0,"max_hp_gain":0,"max_hp_loss":0,"event_name":"Dead Adventurer","floor":11,"gold_loss":0},{"damage_healed":0,"gold_gain":0,"player_choice":"Got Potions","damage_taken":0,"max_hp_gain":0,"max_hp_loss":0,"event_name":"Lab","floor":14,"gold_loss":0},{"damage_healed":0,"gold_gain":99,"player_choice":"Stole From Cult","damage_taken":0,"max_hp_gain":0,"max_hp_loss":0,"event_name":"Nest","floor":27,"gold_loss":0},{"damage_healed":0,"gold_gain":0,"player_choice":"Trade","damage_taken":0,"relics_obtained":["NlothsMask"],"max_hp_gain":0,"max_hp_loss":0,"event_name":"FaceTrader","floor":29,"gold_loss":0}],"is_beta":false,"boss_relics":[{"not_picked":["Ectoplasm","SacredBark"],"picked":"Calling Bell"}],"items_purged_floors":[19,22],"is_endless":false,"potions_floor_spawned":[11,13,16,18],"killed_by":"Cultist and Chosen","ascension_level":5}}