{"host":"b5mzvg96njlg7ry9","time":1607965495,"event":{"mods":["AlwaysNeverKeys","Aspiration","BaseMod","Better Note","Better Third Choice","BetterRewards","Colored Map","Colored Powertips","Downfall","Highlight Path","Hubris","Infinite Spire","Minty Spire (QoL Compilation)","Quick Restart","Relic Sorter","Replay The Spire","Shop Mod","StSLib","SuperFastMode"],"gold_per_floor":[24,24,54,54,54,89,114,114,63,63,48,378,395,210,222,323,323,173,185,185,196,222,232,232,232,243,278,565,70,70,83,99,202,202,202,202,202],"floor_reached":36,"playtime":3353,"items_purged":["champ:Strike","champ:Defend","champ:Defend","champ:Defend"],"score":531,"play_id":"0622cf87-d77b-42a5-be18-bf4cb9ba9efe","local_time":"20201214180455","is_ascension_mode":false,"campfire_choices":[{"data":"champ:Taunt","floor":1.0,"key":"SMITH"},{"data":"champ:MurderStrike","floor":10.0,"key":"SMITH"},{"data":"champ:FocusedGladiator","floor":18.0,"key":"SMITH"},{"data":"champ:Strike","floor":35,"key":"PURGE"}],"circlet_count":0,"master_deck":["champ:Strike","champ:Defend","champ:Execute","champ:Taunt+1","champ:RisingSlash+1","champ:Duel","champ:RisingSlash","champ:MurderStrike+1","champ:StanceDance+1","champ:FocusedGladiator+1","champ:CheapShot+1","champ:GladiatorsShout+1","champ:Lariat","champ:Haymaker+1","champ:Improvising+1","champ:PreciseThrust","champ:SteelEdge"],"relics":["champ:ChampionCrown","downfall:HeartsMalice","downfall:HeartBlessingRed","Iron Hammer","Oddly Smooth Stone","champ:LiftRelic","MerchantsRug","Replay:Bronze Core","downfall:HeartBlessingGreen","downfall:HeartBlessingBlue","infinitespire:Joker Card","hubris:Metronome","WingedGreaves","Black Star","hubris:64BitClover","TungstenRod","Guide Book","infinitespire:Magic Flask","Incense Burner","hubris:HollowSoul","Lee\u0027s Waffle","Lee\u0027s Waffle"],"acts_visited":["Exordium","TheCity","TheBeyond"],"potions_floor_usage":[],"damage_taken":[{"damage":0.0,"enemies":"Small Slimes","floor":2.0,"turns":1.0},{"damage":0.0,"enemies":"Replay:BlueRogue","floor":3.0,"turns":1.0},{"damage":0.0,"enemies":"Jaw Worm","floor":5.0,"turns":1.0},{"damage":26.0,"enemies":"Gremlin Nob","floor":6.0,"turns":4.0},{"damage":15.0,"enemies":"downfall:FleeingMerchant","floor":9.0,"turns":4.0},{"damage":5.0,"enemies":"downfall:FleeingMerchant","floor":11.0,"turns":4.0},{"damage":9.0,"enemies":"downfall:FleeingMerchant","floor":12.0,"turns":4.0},{"damage":12.0,"enemies":"Gremlin Gang","floor":13.0,"turns":4.0},{"damage":0.0,"enemies":"Red Slaver","floor":15.0,"turns":1.0},{"damage":15.0,"enemies":"downfall:Ironclad","floor":16.0,"turns":6.0},{"damage":17.0,"enemies":"Chosen","floor":19.0,"turns":3.0},{"damage":0.0,"enemies":"Shell Parasite","floor":21.0,"turns":3.0},{"damage":56.0,"enemies":"Gremlin Leader","floor":22.0,"turns":8.0},{"damage":9.0,"enemies":"3 Cultists","floor":23.0,"turns":6.0},{"damage":11.0,"enemies":"Snake Plant","floor":26.0,"turns":3.0},{"damage":9.0,"enemies":"Replay:Snechameleon","floor":27.0,"turns":2.0},{"damage":0.0,"enemies":"Centurion and Healer","floor":31.0,"turns":3.0},{"damage":4.0,"enemies":"Cultist and Chosen","floor":32.0,"turns":3.0},{"damage":10.0,"enemies":"downfall:Silent","floor":33.0,"turns":4.0}],"seed_played":"6115199684113640126","potions_obtained":[{"floor":3.0,"key":"PowerPotion"},{"floor":6.0,"key":"EssenceOfSteel"},{"floor":13.0,"key":"SmokeBomb"},{"floor":15.0,"key":"PowerPotion"},{"floor":16.0,"key":"AttackPotion"},{"floor":21.0,"key":"SkillPotion"},{"floor":23.0,"key":"LiquidMemories"},{"floor":27.0,"key":"Adrenaline Potion"},{"floor":31.0,"key":"champ:CounterPotion"},{"floor":33.0,"key":"sneckomod:MuddlingPotion"}],"is_trial":false,"path_per_floor":["R","M","E","?","M","E","T","?","$","R","$","$","M","$","M","B",null,"R_BF","M","?","M","E","M","T","AVR","M","E","$","$","?","M","M","B",null,"R_BF","?"],"character_chosen":"THE_CHAMP","items_purchased":["champ:StanceDance+1","MerchantsRug","champ:Improvising","Guide Book","infinitespire:Magic Flask","champ:PreciseThrust","Incense Burner"],"campfire_rested":0,"item_purchase_floors":[9,14,28,28,28,29,29],"current_hp_per_floor":[90,90,90,90,90,69,69,69,69,69,69,65,53,53,53,53,90,100,94,94,94,62,58,58,58,47,38,38,38,38,38,34,24,100,100,0,0],"gold":202,"neow_bonus":"THREE_ENEMY_KILL","is_daily":false,"chose_seed":false,"campfire_upgraded":3,"win_rate":0.0,"timestamp":1607965495,"path_taken":["R","M","E","?","M","E","T","?","$","R","?","?","M","?","M","BOSS","R_BF","M","?","?","E","M","T","AVR","?","E","$","$","?","M","M","BOSS","R_BF","?"],"items_purchased_type":["Card","Relic","Card","Relic","Relic","Card","Relic"],"build_version":"2020-12-13","purchased_purges":4,"victory":false,"max_hp_per_floor":[90,90,90,90,90,90,90,90,90,90,90,90,90,90,90,90,90,100,100,100,100,100,100,100,100,100,100,100,100,100,100,100,100,100,100,114,114],"card_choices":[{"not_picked":["champ:FlashCut","champ:PerfectedStrike"],"picked":"champ:RisingSlash","floor":2.0},{"not_picked":["champ:CrookedStrike","champ:Encircle"],"picked":"champ:Duel","floor":3.0},{"not_picked":["champ:BerserkersShout","champ:GladiatorsShout","champ:Encircle"],"picked":"SKIP","floor":5.0},{"not_picked":["champ:ShieldWall","champ:RapidStrikes"],"picked":"champ:RisingSlash","floor":6.0},{"not_picked":["champ:EnGarde","champ:BerserkersShout"],"picked":"champ:MurderStrike","floor":9.0},{"not_picked":["champ:GladiatorsShout","champ:FanOfKnives"],"picked":"champ:FocusedGladiator","floor":12.0},{"not_picked":["champ:FlashCut","champ:FaceSlap","champ:StanceDance"],"picked":"SKIP","floor":13.0},{"not_picked":["champ:DefensiveShout","champ:FlashCut","champ:HeavySlash"],"picked":"SKIP","floor":15.0},{"not_picked":["champ:LastStand","champ:IgnorePain"],"picked":"champ:CheapShot","floor":16.0},{"not_picked":["champ:PerfectedStrike","champ:BringItOn"],"picked":"champ:GladiatorsShout+1","floor":19.0},{"not_picked":["champ:DefensiveShout","champ:Backstep"],"picked":"champ:Lariat","floor":21.0},{"not_picked":["champ:BringItOn","champ:RapidStrikes"],"picked":"champ:Haymaker+1","floor":22.0},{"not_picked":["champ:Circumvent","champ:FightOn","champ:DefensiveShout"],"picked":"SKIP","floor":23.0},{"not_picked":["champ:FanOfKnives","champ:FaceSlap","champ:PerfectedStrike+1"],"picked":"SKIP","floor":26.0},{"not_picked":["champ:Devastate","champ:StanceDance","champ:Shatter"],"picked":"SKIP","floor":27.0},{"not_picked":["champ:Lariat","champ:BringItOn","champ:Haymaker"],"picked":"SKIP","floor":31.0},{"not_picked":["champ:Backstep","champ:IgnorePain","champ:DefensiveStyle"],"picked":"SKIP","floor":32.0},{"not_picked":["champ:HeavySlash","champ:CheapShot"],"picked":"champ:SteelEdge","floor":33.0}],"player_experience":773753,"relics_obtained":[{"floor":3.0,"key":"aspiration:HiddenCompartment"},{"floor":6.0,"key":"Iron Hammer"},{"floor":7.0,"key":"Oddly Smooth Stone"},{"floor":22.0,"key":"infinitespire:Joker Card"},{"floor":24.0,"key":"hubris:Metronome"},{"floor":27.0,"key":"hubris:64BitClover"},{"floor":27.0,"key":"TungstenRod"}],"event_choices":[{"cards_removed":["champ:Strike"],"damage_healed":0.0,"max_hp_gain":0.0,"max_hp_loss":0.0,"gold_gain":0.0,"event_name":"The Cleric","player_choice":"Card Removal","floor":4.0,"gold_loss":0.0,"damage_taken":0.0},{"damage_healed":0.0,"max_hp_gain":0.0,"max_hp_loss":0.0,"gold_gain":0.0,"event_name":"The Cleric","player_choice":"Leave","floor":11.0,"gold_loss":0.0,"damage_taken":0.0},{"damage_healed":0.0,"max_hp_gain":0.0,"max_hp_loss":0.0,"gold_gain":0.0,"event_name":"Upgrade Shrine","player_choice":"Upgraded","floor":20.0,"gold_loss":0.0,"damage_taken":0.0,"cards_upgraded":["champ:CheapShot"]},{"damage_healed":0.0,"max_hp_gain":0.0,"max_hp_loss":0.0,"gold_gain":0.0,"event_name":"betterNote:BetterNote","player_choice":"Ignored","floor":30.0,"gold_loss":0.0,"damage_taken":0.0,"cards_obtained":["Pot Of Greed"]}],"is_beta":false,"boss_relics":[{"not_picked":["Cursed Key","Replay:Grab Bag"],"picked":"Replay:Bronze Core"},{"not_picked":["Velvet Choker","hubris:VirtuousBlindfold"],"picked":"hubris:HollowSoul"}],"items_purged_floors":[14,25,28,29],"is_endless":false,"potions_floor_spawned":[3,6,13,15,16,21,23,27,31,33],"ascension_level":0}}