{"host":"7gewg82ormp6yt4e","time":1607948392,"event":{"mods":["BaseMod","Block Reminder","Colored Map","Colored Powertips","DeckTracker","Highlight Path","Minty Spire (QoL Compilation)","Relic Stats","StSLib"],"gold_per_floor":[209,284,294,313,50,50,76,76,129,143,143,170,189,189,189,189,189],"floor_reached":16,"playtime":581,"items_purged":[],"score":220,"play_id":"705339a7-ffa1-4197-80c8-995469fc1f5e","local_time":"20201214211952","is_ascension_mode":true,"campfire_choices":[{"data":"Glass Knife","floor":6,"key":"SMITH"},{"floor":11,"key":"REST"},{"data":"Deadly Poison","floor":15,"key":"SMITH"}],"circlet_count":0,"master_deck":["AscendersBane","Strike_G","Strike_G","Strike_G","Strike_G","Defend_G","Defend_G","Defend_G","Defend_G","Defend_G","Survivor","Neutralize","Deadly Poison+1","Skewer","Poisoned Stab","Glass Knife+1","Well Laid Plans","Poisoned Stab","Flying Knee"],"relics":["Ring of the Snake","Ancient Tea Set","Smiling Mask","InkBottle","Bottled Tornado"],"acts_visited":[],"potions_floor_usage":[7,12],"damage_taken":[{"damage":0,"enemies":"Small Slimes","floor":1,"turns":5},{"damage":0,"enemies":"2 Louse","floor":3,"turns":3},{"damage":5,"enemies":"Cultist","floor":4,"turns":5},{"damage":12,"enemies":"Lagavulin","floor":7,"turns":5},{"damage":7,"enemies":"Exordium Thugs","floor":10,"turns":4},{"damage":15,"enemies":"3 Sentries","floor":12,"turns":4},{"damage":5,"enemies":"Large Slime","floor":13,"turns":6},{"damage":26,"enemies":"The Guardian","floor":16,"turns":2}],"seed_played":"-9126787170220852192","potions_obtained":[{"floor":4,"key":"ColorlessPotion"},{"floor":10,"key":"Fire Potion"},{"floor":13,"key":"SmokeBomb"}],"is_trial":false,"path_per_floor":["M","?","M","M","$","R","E","?","T","M","R","E","M","T","R","B"],"character_chosen":"THE_SILENT","items_purchased":["Glass Knife","Well Laid Plans"],"campfire_rested":1,"item_purchase_floors":[5,5],"current_hp_per_floor":[59,48,48,43,43,43,31,31,31,24,43,28,23,23,23,0,0],"gold":189,"neow_bonus":"HUNDRED_GOLD","is_daily":false,"chose_seed":false,"campfire_upgraded":2,"win_rate":0.0,"timestamp":1607948392,"path_taken":["M","?","M","M","$","R","E","?","T","?","R","E","M","?","R","BOSS"],"items_purchased_type":["Card","Card"],"build_version":"2020-12-13","purchased_purges":0,"victory":false,"max_hp_per_floor":[66,66,66,66,66,66,66,66,66,66,66,66,66,66,66,66,66],"relic_stats":{"counters":[8,34],"Smiling Mask":0,"obtain_stats":[{"Bottled Tornado":14,"Ancient Tea Set":7,"Smiling Mask":9,"InkBottle":12,"Ring of the Snake":0},{"Bottled Tornado":7,"Ancient Tea Set":4,"Smiling Mask":4,"InkBottle":6,"Ring of the Snake":0},{"Bottled Tornado":32,"Ancient Tea Set":18,"Smiling Mask":18,"InkBottle":26,"Ring of the Snake":0}],"InkBottle":[2],"Ring of the Snake":[16]},"card_choices":[{"not_picked":["Outmaneuver","Leg Sweep"],"picked":"Deadly Poison","floor":1},{"not_picked":["Accuracy","Prepared"],"picked":"Skewer","floor":3},{"not_picked":["Dagger Throw","Leg Sweep"],"picked":"Poisoned Stab","floor":4},{"not_picked":["Doppelganger","Infinite Blades"],"picked":"Poisoned Stab","floor":7},{"not_picked":["Slice","Bane","Sucker Punch"],"picked":"SKIP","floor":10},{"not_picked":["A Thousand Cuts","Choke","Escape Plan"],"picked":"SKIP","floor":12},{"not_picked":["Well Laid Plans","Quick Slash"],"picked":"Flying Knee","floor":13}],"player_experience":2350888,"relics_obtained":[{"floor":7,"key":"Ancient Tea Set"},{"floor":9,"key":"Smiling Mask"},{"floor":12,"key":"InkBottle"},{"floor":14,"key":"Bottled Tornado"}],"event_choices":[{"damage_healed":0,"gold_gain":75,"player_choice":"Gather Gold","damage_taken":11,"max_hp_gain":0,"max_hp_loss":0,"event_name":"World of Goop","floor":2,"gold_loss":0},{"cards_removed":["Strike_G"],"damage_healed":0,"gold_gain":0,"player_choice":"Offered Basic","damage_taken":0,"max_hp_gain":0,"max_hp_loss":0,"event_name":"Bonfire Elementals","floor":8,"gold_loss":0}],"is_beta":false,"boss_relics":[],"items_purged_floors":[],"is_endless":false,"potions_floor_spawned":[4,10,13],"killed_by":"The Guardian","ascension_level":20}}