{"host":"nv0c20v7c30k7ue5","time":1607910826,"event":{"mods":["BaseMod","Colored Map","Colored Powertips","DeckTracker","Highlight Path","Minty Spire (QoL Compilation)","StSLib","The Edgeheg","Unceasing Turn Reminder"],"gold_per_floor":[85,85,100,124,145,185,185,223,223,223,223,48,82,102,102,102,102],"floor_reached":16,"playtime":925,"items_purged":["theEdgeheg:StarterShootAttack"],"score":170,"play_id":"6f1eb938-a2c9-4a69-b898-493782cffc82","local_time":"20201213175346","is_ascension_mode":false,"campfire_choices":[{"data":"theEdgeheg:NothingPersonal","floor":7,"key":"SMITH"},{"floor":11,"key":"REST"},{"data":"theEdgeheg:DodgeKatana","floor":15,"key":"SMITH"}],"circlet_count":0,"master_deck":["theEdgeheg:StarterShootAttack","theEdgeheg:StarterShootAttack","theEdgeheg:StarterShootAttack","theEdgeheg:StarterDodgeSkill","theEdgeheg:StarterDodgeSkill","theEdgeheg:StarterDodgeSkill","theEdgeheg:BloodyKatana","theEdgeheg:ChaosControlSkill+1","theEdgeheg:GatherChaos","theEdgeheg:BlackKatana","theEdgeheg:SupersonicSpeed+1","theEdgeheg:QuickKatana","theEdgeheg:Shotgun","theEdgeheg:NothingPersonal+1","theEdgeheg:Fastness","theEdgeheg:ChaosBlast","theEdgeheg:QuickDraw","theEdgeheg:BetterDodge","theEdgeheg:PlayRandomCard","theEdgeheg:DodgeKatana+1"],"relics":["theEdgeheg:UltimateLifeformRelic","theEdgeheg:GreenEmeraldRelic","Golden Idol","Kunai","PreservedInsect","InkBottle","Shovel"],"acts_visited":["Exordium"],"potions_floor_usage":[16],"damage_taken":[{"damage":0,"enemies":"2 Louse","floor":1,"turns":3},{"damage":0,"enemies":"Small Slimes","floor":3,"turns":6},{"damage":1,"enemies":"Cultist","floor":4,"turns":4},{"damage":1,"enemies":"Exordium Wildlife","floor":5,"turns":5},{"damage":0,"enemies":"Gremlin Nob","floor":6,"turns":7},{"damage":3,"enemies":"3 Sentries","floor":8,"turns":9},{"damage":0,"enemies":"Gremlin Nob","floor":13,"turns":5},{"damage":1,"enemies":"2 Fungi Beasts","floor":14,"turns":5},{"damage":3,"enemies":"The Guardian","floor":16,"turns":7}],"seed_played":"-7998619044324264700","potions_obtained":[{"floor":1,"key":"Dexterity Potion"},{"floor":6,"key":"Ancient Potion"}],"is_trial":false,"path_per_floor":["M","?","M","M","M","E","R","E","T","?","R","$","E","M","R","B"],"character_chosen":"THE_DEFAULT","items_purchased":["theEdgeheg:QuickDraw","theEdgeheg:BetterDodge"],"campfire_rested":1,"item_purchase_floors":[12,12],"current_hp_per_floor":[4,3,4,4,3,3,3,2,2,1,2,2,3,3,3,0,0],"gold":102,"neow_bonus":"THREE_CARDS","is_daily":false,"chose_seed":false,"campfire_upgraded":2,"win_rate":0.0,"timestamp":1607910826,"path_taken":["M","?","M","M","M","E","R","E","T","?","R","$","E","M","R","BOSS"],"items_purchased_type":["Card","Card"],"build_version":"2020-12-13","purchased_purges":1,"victory":false,"max_hp_per_floor":[5,5,5,5,5,5,5,5,5,5,5,5,5,5,5,5,5],"card_choices":[{"not_picked":["theEdgeheg:Tsk","theEdgeheg:ChaosControlSkill"],"picked":"theEdgeheg:BlackKatana","floor":0},{"not_picked":["theEdgeheg:Butt","theEdgeheg:MachineGun"],"picked":"theEdgeheg:SupersonicSpeed","floor":1},{"not_picked":["theEdgeheg:ChaosControlSkill","theEdgeheg:ChaosCards"],"picked":"theEdgeheg:QuickKatana","floor":3},{"not_picked":["theEdgeheg:Reload","theEdgeheg:ChaosCards"],"picked":"theEdgeheg:Shotgun","floor":4},{"not_picked":["theEdgeheg:DrawGun","theEdgeheg:DrawBlade"],"picked":"theEdgeheg:NothingPersonal","floor":5},{"not_picked":["theEdgeheg:Butt","theEdgeheg:RollAndShoot"],"picked":"theEdgeheg:Fastness","floor":6},{"not_picked":["theEdgeheg:BulletStorm","theEdgeheg:Glare"],"picked":"theEdgeheg:ChaosBlast","floor":8},{"not_picked":["theEdgeheg:SkateboardTrick","theEdgeheg:Shotgun"],"picked":"theEdgeheg:PlayRandomCard","floor":13},{"not_picked":["theEdgeheg:Sniper","theEdgeheg:QuickKatana"],"picked":"theEdgeheg:DodgeKatana","floor":14}],"player_experience":91792,"relics_obtained":[{"floor":6,"key":"Kunai"},{"floor":8,"key":"PreservedInsect"},{"floor":9,"key":"InkBottle"},{"floor":13,"key":"Shovel"}],"event_choices":[{"damage_healed":0,"gold_gain":0,"player_choice":"Take Damage","damage_taken":1,"relics_obtained":["Golden Idol"],"max_hp_gain":0,"max_hp_loss":0,"event_name":"Golden Idol","floor":2,"gold_loss":0},{"damage_healed":0,"gold_gain":0,"player_choice":"Entered Light","damage_taken":1,"max_hp_gain":0,"max_hp_loss":0,"event_name":"Shining Light","floor":10,"gold_loss":0,"cards_upgraded":["theEdgeheg:ChaosControlSkill","theEdgeheg:SupersonicSpeed"]}],"is_beta":false,"boss_relics":[],"items_purged_floors":[12],"is_endless":false,"potions_floor_spawned":[1,6],"killed_by":"The Guardian","ascension_level":0}}