{"host":"utqe55yv0jihe4d6","time":1607918408,"event":{"mods":["2.2 Compatiblity","AchievementEnabler","BaseMod","Block Reminder","Colored Map","Colored Powertips","Minty Spire (QoL Compilation)","Quick Restart","Rare Cards Sparkle","Relic Stats","SuperFastMode"],"gold_per_floor":[112,112,187,206,17,17,61,84,84,19,19,19,48,65,65,65,65],"floor_reached":16,"playtime":370,"items_purged":["Strike_R"],"score":216,"play_id":"3f1e9f88-1e85-43f6-8315-614a2de9be5d","local_time":"20201213230008","is_ascension_mode":true,"campfire_choices":[{"data":"Immolate","floor":6,"key":"SMITH"},{"floor":11,"key":"REST"},{"data":"1","floor":15,"key":"LIFT"}],"circlet_count":0,"master_deck":["AscendersBane","Strike_R","Strike_R","Strike_R","Strike_R","Defend_R","Defend_R","Defend_R","Bash","CurseOfTheBell","Wild Strike","Immolate+1","Whirlwind","True Grit"],"relics":["Calling Bell","CeramicFish","Kunai","Bird Faced Urn","Membership Card","Girya","Mercury Hourglass","Ancient Tea Set"],"acts_visited":["Exordium"],"potions_floor_usage":[8,13,16],"damage_taken":[{"damage":11.0,"enemies":"Jaw Worm","floor":1.0,"turns":6.0},{"damage":2.0,"enemies":"2 Louse","floor":4.0,"turns":2.0},{"damage":15,"enemies":"3 Sentries","floor":7,"turns":5},{"damage":0,"enemies":"Cultist","floor":8,"turns":2},{"damage":8,"enemies":"Gremlin Nob","floor":13,"turns":3},{"damage":0,"enemies":"2 Fungi Beasts","floor":14,"turns":2},{"damage":42,"enemies":"Hexaghost","floor":16,"turns":8}],"seed_played":"-2990762291873661043","potions_obtained":[{"floor":1.0,"key":"Energy Potion"},{"floor":8,"key":"SneckoOil"}],"is_trial":false,"path_per_floor":["M","?","?","M","$","R","E","M","T","$","R","?","E","M","R","B"],"character_chosen":"IRONCLAD","items_purchased":["Membership Card","Immolate","PowerPotion"],"campfire_rested":1,"item_purchase_floors":[5,5,10],"current_hp_per_floor":[57,50,39,37,37,37,22,22,22,22,44,44,36,36,36,0,0],"gold":65,"neow_bonus":"BOSS_RELIC","is_daily":false,"chose_seed":false,"campfire_upgraded":1,"win_rate":0.0,"timestamp":1607918408,"path_taken":["M","?","?","M","$","R","E","M","T","$","R","?","E","?","R","BOSS"],"items_purchased_type":["Relic","Card","Potion"],"build_version":"2020-11-30","purchased_purges":1,"victory":false,"max_hp_per_floor":[75,75,75,75,75,75,75,75,75,75,75,75,75,75,75,75,75],"relic_stats":{"counters":[7,28],"CeramicFish":36,"Bird Faced Urn":[2],"Kunai":[3],"obtain_stats":[{"Calling Bell":0,"Girya":7,"CeramicFish":0,"Bird Faced Urn":0,"Kunai":0,"Membership Card":5,"Ancient Tea Set":13,"Burning Blood":0,"Mercury Hourglass":9},{"Calling Bell":0,"Girya":3,"CeramicFish":0,"Bird Faced Urn":0,"Kunai":0,"Membership Card":2,"Ancient Tea Set":5,"Burning Blood":0,"Mercury Hourglass":4},{"Calling Bell":0,"Girya":13,"CeramicFish":0,"Bird Faced Urn":0,"Kunai":0,"Membership Card":8,"Ancient Tea Set":18,"Burning Blood":0,"Mercury Hourglass":15}],"Mercury Hourglass":[42]},"card_choices":[{"not_picked":["Body Slam","Entrench","Warcry"],"picked":"SKIP","floor":1.0},{"not_picked":["Combust","Clash"],"picked":"Wild Strike","floor":4.0},{"not_picked":["Sword Boomerang","Shockwave"],"picked":"Whirlwind","floor":7},{"not_picked":["Berserk","Reckless Charge"],"picked":"True Grit","floor":8},{"not_picked":["Whirlwind","Entrench","Pummel"],"picked":"SKIP","floor":13},{"not_picked":["Heavy Blade","Twin Strike","Searing Blow"],"picked":"SKIP","floor":14}],"player_experience":2758969,"relics_obtained":[{"floor":0.0,"key":"CeramicFish"},{"floor":0.0,"key":"Kunai"},{"floor":0.0,"key":"Bird Faced Urn"},{"floor":7,"key":"Girya"},{"floor":9,"key":"Mercury Hourglass"},{"floor":13,"key":"Ancient Tea Set"}],"event_choices":[{"cards_removed":["Defend_R"],"damage_healed":0.0,"max_hp_gain":0.0,"max_hp_loss":0.0,"gold_gain":0.0,"event_name":"Golden Wing","player_choice":"Card Removal","floor":2.0,"gold_loss":0.0,"damage_taken":7.0},{"damage_healed":0.0,"max_hp_gain":0.0,"max_hp_loss":0.0,"gold_gain":75.0,"event_name":"World of Goop","player_choice":"Gather Gold","floor":3.0,"gold_loss":0.0,"damage_taken":11.0},{"damage_healed":0,"gold_gain":0,"player_choice":"0 cards matched","damage_taken":0,"max_hp_gain":0,"max_hp_loss":0,"event_name":"Match and Keep!","floor":12,"gold_loss":0,"cards_obtained":[]}],"is_beta":false,"boss_relics":[],"items_purged_floors":[10],"is_endless":false,"potions_floor_spawned":[1,8],"killed_by":"Hexaghost","ascension_level":20}}