{"host":"cvdbfwtypahr1w62","time":1607977758,"event":{"mods":["AchievementEnabler","Act Like it!","BaseMod","BetterRewards","Colored Map","Filter the Spire","Hallownest","Highlight Path","Jorbs\u0027s Wanderer Trilogy","Marisa????????","Minty Spire (QoL Compilation)","Rare Cards Sparkle","Relic Stats","Shop Mod","StSLib","The Bug Knight","The Cursed"],"gold_per_floor":[112,37,37,37,0,0,33,56,82,102,102,102,81,46,46,169,169,188,203,203,203,63,63,77,77,148,171,189,224,249,164,164,294,294,314,314,332,353,368,368,368],"floor_reached":40,"playtime":2025,"items_purged":["Strike_G","Strike_G"],"score":431,"play_id":"ecda07c8-e0c4-4754-93d2-19a9c2efb2af","local_time":"20201214212918","is_ascension_mode":false,"campfire_choices":[{"data":"Cloak And Dagger","floor":6.0,"key":"SMITH"},{"data":"Footwork","floor":12.0,"key":"SMITH"},{"floor":15.0,"key":"REST"},{"data":"Adrenaline","floor":23.0,"key":"SMITH"},{"data":"Caltrops","floor":25.0,"key":"SMITH"},{"data":"Caltrops","floor":32.0,"key":"SMITH"}],"circlet_count":0,"master_deck":["Defend_G","Defend_G","Defend_G","Defend_G","Defend_G","Survivor","Neutralize","Cloak And Dagger+1","Footwork+1","Caltrops+1","Adrenaline+1","Escape Plan+1","Caltrops+1","Escape Plan","Blade Dance","Envenom","Terror","Underhanded Strike"],"relics":["Ring of the Snake","Golden Idol","Potion Belt","Blood Vial","SlaversCollar","StrikeDummy","Toy Ornithopter","Gremlin Horn","Sozu"],"acts_visited":["Exordium","TheCity","TheBeyond"],"potions_floor_usage":[],"damage_taken":[{"damage":0.0,"enemies":"2 Louse","floor":1.0,"turns":3.0},{"damage":44.0,"enemies":"Lagavulin","floor":7.0,"turns":16.0},{"damage":0.0,"enemies":"Jaw Worm","floor":8.0,"turns":4.0},{"damage":0.0,"enemies":"Cultist","floor":10.0,"turns":4.0},{"damage":43.0,"enemies":"The Guardian","floor":16.0,"turns":22.0},{"damage":0.0,"enemies":"Chosen","floor":18.0,"turns":10.0},{"damage":4.0,"enemies":"3 Byrds","floor":19.0,"turns":5.0},{"damage":3.0,"enemies":"Snake Plant","floor":24.0,"turns":7.0},{"damage":8.0,"enemies":"Cultist and Chosen","floor":27.0,"turns":11.0},{"damage":3.0,"enemies":"Shelled Parasite and Fungi","floor":28.0,"turns":5.0},{"damage":0.0,"enemies":"Book of Stabbing","floor":29.0,"turns":6.0},{"damage":6.0,"enemies":"Centurion and Healer","floor":30.0,"turns":14.0},{"damage":18.0,"enemies":"Automaton","floor":33.0,"turns":19.0},{"damage":5.0,"enemies":"3 Darklings","floor":35.0,"turns":6.0},{"damage":0,"enemies":"3 Shapes","floor":37,"turns":10},{"damage":49,"enemies":"Transient","floor":38,"turns":5},{"damage":18,"enemies":"4 Shapes","floor":39,"turns":11},{"damage":26,"enemies":"Nemesis","floor":40,"turns":4}],"seed_played":"-8725895990575922533","potions_obtained":[{"floor":0.0,"key":"Block Potion"},{"floor":0.0,"key":"EssenceOfSteel"},{"floor":0.0,"key":"FairyPotion"},{"floor":1.0,"key":"Explosive Potion"},{"floor":7.0,"key":"ColorlessPotion"},{"floor":16.0,"key":"SneckoOil"},{"floor":19.0,"key":"LiquidMemories"},{"floor":24.0,"key":"Block Potion"},{"floor":28.0,"key":"LiquidMemories"},{"floor":30.0,"key":"EssenceOfSteel"}],"is_trial":false,"path_per_floor":["M","$","?","?","$","R","E","M","T","M","?","R","?","$","R","B",null,"M","M","?","?","$","R","M","R","T","M","M","E","M","?","R","B",null,"M","?","M","M","M","E"],"character_chosen":"THE_SILENT","items_purchased":["Footwork","Caltrops","Caltrops"],"campfire_rested":1,"item_purchase_floors":[5,14,22],"current_hp_per_floor":[70,70,70,53,53,53,9,9,9,11,4,4,4,4,25,13,70,70,66,66,66,66,66,65,65,65,59,58,60,56,56,56,50,70,65,65,67,20,4,0,0],"gold":368,"neow_bonus":"THREE_SMALL_POTIONS","is_daily":false,"chose_seed":false,"campfire_upgraded":5,"win_rate":0.0,"timestamp":1607977758,"path_taken":["M","$","?","?","?","R","E","?","T","M","?","R","?","$","R","BOSS","M","M","?","?","$","R","M","R","T","M","M","E","M","?","R","BOSS","M","?","?","M","M","E"],"items_purchased_type":["Card","Card","Card"],"build_version":"2020-12-13","purchased_purges":2,"victory":false,"max_hp_per_floor":[70,70,70,70,70,70,70,70,70,70,70,70,70,70,70,70,70,70,70,70,70,70,70,70,70,70,70,70,70,70,70,70,70,70,70,70,70,70,70,70,70],"relic_stats":{"Blood Vial":24,"Sozu":1,"Gremlin Horn":[9,9],"counters":[18,162],"Golden Idol":117,"obtain_stats":[{"Potion Belt":7,"Blood Vial":9,"Sozu":34,"SlaversCollar":17,"Gremlin Horn":31,"Golden Idol":4,"StrikeDummy":26,"Toy Ornithopter":29,"Ring of the Snake":0},{"Potion Belt":2,"Blood Vial":3,"Sozu":13,"SlaversCollar":5,"Gremlin Horn":12,"Golden Idol":1,"StrikeDummy":8,"Toy Ornithopter":11,"Ring of the Snake":0},{"Potion Belt":19,"Blood Vial":23,"Sozu":126,"SlaversCollar":49,"Gremlin Horn":107,"Golden Idol":3,"StrikeDummy":71,"Toy Ornithopter":93,"Ring of the Snake":0}],"Toy Ornithopter":10,"Ring of the Snake":[36]},"card_choices":[{"not_picked":["All Out Attack","Backstab"],"picked":"Cloak And Dagger","floor":1.0},{"not_picked":["Poisoned Stab","Glass Knife","Slice"],"picked":"SKIP","floor":7.0},{"not_picked":["Finisher","Dagger Throw","Backflip"],"picked":"SKIP","floor":8.0},{"not_picked":["Cloak And Dagger","Quick Slash","Dagger Throw"],"picked":"SKIP","floor":10.0},{"not_picked":["Wraith Form v2","Bullet Time"],"picked":"Adrenaline","floor":16.0},{"not_picked":["Deflect","Outmaneuver","Predator"],"picked":"SKIP","floor":18.0},{"not_picked":["Slice","Dodge and Roll"],"picked":"Escape Plan+1","floor":19.0},{"not_picked":["Sucker Punch+1","Crippling Poison+1"],"picked":"Escape Plan","floor":24.0},{"not_picked":["Bane","Poisoned Stab","Tactician"],"picked":"SKIP","floor":27.0},{"not_picked":["Deflect+1","PiercingWail"],"picked":"Blade Dance","floor":28.0},{"not_picked":["Concentrate","Poisoned Stab+1","Catalyst+1"],"picked":"SKIP","floor":29.0},{"not_picked":["Phantasmal Killer","Acrobatics","Slice"],"picked":"SKIP","floor":30.0},{"not_picked":["Corpse Explosion","Storm of Steel"],"picked":"Envenom","floor":33.0},{"not_picked":["Prepared","Endless Agony+1","Poisoned Stab"],"picked":"SKIP","floor":35},{"not_picked":["Eviscerate","Dagger Spray"],"picked":"Terror","floor":37},{"not_picked":["Crippling Poison+1","Reflex+1","Underhanded Strike+1"],"picked":"SKIP","floor":38},{"not_picked":["Deadly Poison","Dodge and Roll+1"],"picked":"Underhanded Strike","floor":39}],"player_experience":785404,"relics_obtained":[{"floor":7.0,"key":"Potion Belt"},{"floor":9.0,"key":"Blood Vial"},{"floor":26.0,"key":"StrikeDummy"},{"floor":29.0,"key":"Toy Ornithopter"}],"event_choices":[{"cards_removed":["Strike_G"],"damage_healed":0.0,"max_hp_gain":0.0,"max_hp_loss":0.0,"gold_gain":0.0,"event_name":"Living Wall","player_choice":"Forget","floor":3.0,"gold_loss":0.0,"damage_taken":0.0},{"damage_healed":0.0,"max_hp_gain":0.0,"max_hp_loss":0.0,"gold_gain":0.0,"event_name":"Golden Idol","player_choice":"Take Damage","floor":4.0,"gold_loss":0.0,"damage_taken":17.0,"relics_obtained":["Golden Idol"]},{"cards_removed":["Strike_G"],"damage_healed":0.0,"max_hp_gain":0.0,"max_hp_loss":0.0,"gold_gain":0.0,"event_name":"Golden Wing","player_choice":"Card Removal","floor":11.0,"gold_loss":0.0,"damage_taken":7.0},{"damage_healed":0.0,"max_hp_gain":0.0,"max_hp_loss":0.0,"gold_gain":0.0,"event_name":"World of Goop","player_choice":"Left Gold","floor":13.0,"gold_loss":21.0,"damage_taken":0.0},{"damage_healed":0.0,"max_hp_gain":0.0,"max_hp_loss":0.0,"gold_gain":0.0,"event_name":"Ghosts","player_choice":"Ignored","floor":20.0,"gold_loss":0.0,"damage_taken":0.0},{"cards_removed":["Strike_G"],"damage_healed":0.0,"max_hp_gain":0.0,"max_hp_loss":0.0,"gold_gain":0.0,"event_name":"Back to Basics","player_choice":"Elegance","floor":21.0,"gold_loss":0.0,"damage_taken":0.0},{"damage_healed":0.0,"max_hp_gain":0.0,"max_hp_loss":0.0,"gold_gain":0.0,"event_name":"Addict","player_choice":"Obtained Relic","floor":31.0,"gold_loss":85.0,"damage_taken":0.0,"relics_obtained":["Gremlin Horn"]},{"damage_healed":0,"gold_gain":0,"player_choice":"Ignored","damage_taken":0,"max_hp_gain":0,"max_hp_loss":0,"event_name":"Transmorgrifier","floor":36,"gold_loss":0}],"is_beta":false,"boss_relics":[{"not_picked":["Tiny House","Runic Pyramid"],"picked":"SlaversCollar"},{"not_picked":["Snecko Eye","Coffee Dripper"],"picked":"Sozu"}],"items_purged_floors":[2,22],"is_endless":false,"potions_floor_spawned":[1,7,16,19,24,28,30,35],"killed_by":"Nemesis","ascension_level":0}}