{"host":"8eddgt5t5e8es31j","time":1607984364,"event":{"mods":["2.2 Compatiblity","AchievementEnabler","Aspiration","BaseMod","Conspire","Downfall","Hermit","Hubris","Infinite Spire","Minty Spire (QoL Compilation)","Quick Restart","Replay The Spire","StSLib","Thieving Mod"],"gold_per_floor":[114,114,114,133,152,180,180,199,277,277,296,356,372,399,399,502,502,520,520,570,620,769,769,794,809,883,933,999,1030,1080,1130,1130,1130,1130],"floor_reached":33,"playtime":894,"items_purged":[],"score":335,"play_id":"cfa33899-abf2-4c0e-a650-0e204c440a51","local_time":"20201214161924","is_ascension_mode":true,"campfire_choices":[{"data":"Anger","floor":10.0,"key":"SMITH"},{"floor":15.0,"key":"REST"},{"data":"Limit Break","floor":23.0,"key":"SMITH"},{"floor":32.0,"key":"REST"}],"circlet_count":0,"master_deck":["Strike_R+1","Strike_R+2","Strike_R+1","Strike_R+1","Strike_R+1","Defend_R+2","Defend_R+1","Defend_R+1","Defend_R+1","Twin Strike","Spot Weakness","Anger+1","Flex","Cleave","Flex","Flex","Twin Strike","Anger","Limit Break+1","Inflame","Heavy Blade","Twin Strike","Pain"],"relics":["Burning Blood","NeowsBlessing","Replay:Baseball","SsserpentHead","Replay:Bottled Steam","StoneCalendar","conspire:RoyalGoblet","Simple Rune","Meat on the Bone","hubris:SphereOfDissonance","infinitespire:Eraser","WarpedTongs"],"acts_visited":["Exordium","TheCity"],"potions_floor_usage":[],"damage_taken":[{"damage":0.0,"enemies":"2 Louse","floor":1.0,"turns":1.0},{"damage":0.0,"enemies":"Jaw Worm","floor":4.0,"turns":1.0},{"damage":0.0,"enemies":"Cultist","floor":5.0,"turns":1.0},{"damage":23.0,"enemies":"Gremlin Nob","floor":6.0,"turns":4.0},{"damage":9.0,"enemies":"2 Fungi Beasts","floor":8.0,"turns":3.0},{"damage":5.0,"enemies":"Lots of Slimes","floor":11.0,"turns":2.0},{"damage":11.0,"enemies":"Exordium Wildlife","floor":12.0,"turns":3.0},{"damage":0.0,"enemies":"Looter","floor":13.0,"turns":2.0},{"damage":22.0,"enemies":"3 Sentries","floor":14.0,"turns":5.0},{"damage":54.0,"enemies":"Fading Forest","floor":16.0,"turns":11.0},{"damage":25.0,"enemies":"2 Thieves","floor":18.0,"turns":4.0},{"damage":50.0,"enemies":"Gremlin Leader","floor":24.0,"turns":5.0},{"damage":10.0,"enemies":"Spheric Guardian","floor":25.0,"turns":4.0},{"damage":18.0,"enemies":"Snecko","floor":28.0,"turns":4.0},{"damage":64.0,"enemies":"Nightmare","floor":29.0,"turns":7.0},{"damage":70,"enemies":"Champ","floor":33,"turns":6}],"seed_played":"4061256899399355931","potions_obtained":[{"floor":4.0,"key":"FairyPotion"},{"floor":8.0,"key":"hexamod:EctoCoolerPotion"},{"floor":13.0,"key":"Toxic Potion"},{"floor":16.0,"key":"SteroidPotion"},{"floor":18.0,"key":"Toxic Potion"}],"is_trial":false,"path_per_floor":["M","?","?","M","M","E","?","M","T","R","M","M","M","E","R","B",null,"M","AVR","?","?","?","R","E","M","T","?","M","NM","?","?","R","B"],"character_chosen":"IRONCLAD","items_purchased":[],"campfire_rested":2,"item_purchase_floors":[],"current_hp_per_floor":[80,83,83,83,83,66,66,63,63,63,64,59,65,49,73,35,83,64,64,64,64,64,64,20,28,28,28,28,23,23,23,47,0,0],"gold":1130,"neow_bonus":"THREE_ENEMY_KILL","is_daily":false,"chose_seed":false,"campfire_upgraded":2,"win_rate":0.0,"timestamp":1607984364,"path_taken":["M","?","?","M","?","E","?","M","T","R","M","?","M","E","R","BOSS","M","AVR","?","?","?","R","E","M","T","?","?","NM","?","?","R","BOSS"],"items_purchased_type":[],"build_version":"2020-12-13","purchased_purges":0,"victory":false,"max_hp_per_floor":[80,83,83,83,83,83,83,83,83,83,83,83,83,83,83,83,83,83,83,83,83,83,83,83,83,83,83,83,83,83,83,83,83,83],"card_choices":[{"not_picked":["True Grit","Pommel Strike"],"picked":"Twin Strike","floor":1.0},{"not_picked":["Dark Embrace","Disarm"],"picked":"Spot Weakness","floor":4.0},{"not_picked":["Shrug It Off","Havoc"],"picked":"Anger","floor":5.0},{"not_picked":["Juggernaut","Iron Wave"],"picked":"Flex","floor":6.0},{"not_picked":["Perfected Strike","Iron Wave"],"picked":"Cleave","floor":8.0},{"not_picked":["ReplayTheSpireMod:Stacked","Dropkick"],"picked":"Flex","floor":11.0},{"not_picked":["Burning Pact","conspire:ExplosiveBarrier"],"picked":"Flex","floor":12.0},{"not_picked":["Sword Boomerang","Replay:Undeath\u0027s Touch"],"picked":"Twin Strike","floor":13.0},{"not_picked":["Barricade","Shrug It Off"],"picked":"Anger","floor":14.0},{"not_picked":["Eclipse","conspire:HitWhereItHurts"],"picked":"Limit Break","floor":16.0},{"not_picked":["Havoc+1","True Grit"],"picked":"Inflame","floor":18.0},{"not_picked":["Hemokinesis","Fire Breathing"],"picked":"Heavy Blade","floor":24.0},{"not_picked":["Iron Wave","Bloodletting"],"picked":"Twin Strike","floor":25.0},{"not_picked":["Combust","Iron Wave","infinitespire:OneForAll"],"picked":"SKIP","floor":28.0},{"not_picked":["Combust","Iron Wave","Disarm"],"picked":"SKIP","floor":29.0}],"player_experience":45053,"relics_obtained":[{"floor":6.0,"key":"Replay:Baseball"},{"floor":9.0,"key":"Replay:Bottled Steam"},{"floor":14.0,"key":"StoneCalendar"},{"floor":24.0,"key":"Meat on the Bone"},{"floor":26.0,"key":"hubris:SphereOfDissonance"},{"floor":29.0,"key":"infinitespire:Eraser"}],"event_choices":[{"cards_removed":["Bash"],"damage_healed":0.0,"max_hp_gain":0.0,"max_hp_loss":0.0,"gold_gain":0.0,"event_name":"Bonfire Elementals","player_choice":"Offered Basic","floor":3.0,"gold_loss":0.0,"damage_taken":0.0},{"damage_healed":0.0,"max_hp_gain":0.0,"max_hp_loss":0.0,"gold_gain":0.0,"event_name":"FaceTrader","player_choice":"Trade","floor":7.0,"gold_loss":0.0,"damage_taken":0.0,"relics_obtained":["SsserpentHead"]},{"damage_healed":0.0,"max_hp_gain":0.0,"max_hp_loss":0.0,"gold_gain":0.0,"event_name":"Back to Basics","player_choice":"Simplicity","floor":20.0,"gold_loss":0.0,"damage_taken":0.0,"cards_upgraded":["Strike_R","Strike_R","Strike_R","Strike_R","Strike_R","Defend_R","Defend_R","Defend_R","Defend_R"]},{"damage_healed":0.0,"max_hp_gain":0.0,"max_hp_loss":0.0,"gold_gain":0.0,"event_name":"Vampires","player_choice":"Ignored","floor":21.0,"gold_loss":0.0,"damage_taken":0.0},{"damage_healed":0.0,"max_hp_gain":0.0,"max_hp_loss":0.0,"gold_gain":99.0,"event_name":"Nest","player_choice":"Stole From Cult","floor":22.0,"gold_loss":0.0,"damage_taken":0.0},{"damage_healed":0.0,"max_hp_gain":0.0,"max_hp_loss":0.0,"gold_gain":0.0,"event_name":"Ghosts","player_choice":"Ignored","floor":27.0,"gold_loss":0.0,"damage_taken":0.0},{"damage_healed":0.0,"max_hp_gain":0.0,"max_hp_loss":0.0,"gold_gain":0.0,"event_name":"Accursed Blacksmith","player_choice":"Rummage","floor":31.0,"gold_loss":0.0,"damage_taken":0.0,"relics_obtained":["WarpedTongs"],"cards_obtained":["Pain"]}],"is_beta":false,"boss_relics":[{"not_picked":["Calling Bell","Replay:Wanted Poster"],"picked":"conspire:RoyalGoblet"}],"items_purged_floors":[],"is_endless":true,"potions_floor_spawned":[4,8,13,16,18],"killed_by":"Champ","ascension_level":1}}