{"host":"lctcqud4f9t1q6q5","time":1607919000,"event":{"mods":["BaseMod","Better Vampires","Block Reminder","Colored Map","Colored Powertips","Downfall","Highlight Path","KinomotoSakuraMod(木之本樱)","Lobotomy","LobotomyExtend","Marisa（F雨　魔理沙）","Minty Spire (QoL Compilation)","Reimu（博丽灵梦）","Relic Stats","Replay The Spire","RumiaBox-露米娅的神秘盒子","Shop Mod","Spicy Shops","StSLib","TestMod","The Bug Knight","WarShipGirlsR/战舰少女R mod","【功能Mod】混沌之环修复补丁","篝火指南"],"gold_per_floor":[110,121,31,31,31,31,56,56,56],"floor_reached":8,"playtime":341,"items_purged":[],"score":46,"play_id":"45db5cfc-857c-4890-b8f1-fb5b7ee332a2","local_time":"20201214121000","is_ascension_mode":true,"campfire_choices":[{"data":"champ:Taunt","floor":6,"key":"SMITH"}],"circlet_count":0,"master_deck":["champ:Strike","champ:Strike","champ:Strike+1","champ:Defend","champ:Defend","champ:Defend","champ:Defend","champ:Execute","champ:Taunt+1","champ:SwordSigil+1","OSAHOGD","champ:Shatter","MeatLantern","CommonCold"],"relics":["champ:ChampionCrown","testmod-TestBox","CogitoBucket","testmod-Temperance","LetterFromLob","Replay:Wax Seal","ReplayTheSpireMod:CursedCoin","HollowMod:QueensCombRelic","MerchantsRug","Oddly Smooth Stone"],"acts_visited":["Exordium"],"potions_floor_usage":[],"damage_taken":[{"damage":9.0,"enemies":"Cultist","floor":1.0,"turns":3.0},{"damage":9.0,"enemies":"2 Louse","floor":2.0,"turns":5.0},{"damage":60,"enemies":"Replay:BlueRogue","floor":8,"turns":5}],"seed_played":"847176229347924491","potions_obtained":[],"is_trial":false,"path_per_floor":["M","M","$","T","?","R","T","E"],"character_chosen":"THE_CHAMP","items_purchased":["Replay:Wax Seal","ReplayTheSpireMod:CursedCoin","HollowMod:QueensCombRelic","MerchantsRug"],"campfire_rested":0,"item_purchase_floors":[3,3,3,3],"current_hp_per_floor":[86,82,60,60,48,48,48,0,0],"gold":56,"neow_bonus":"","is_daily":false,"chose_seed":false,"campfire_upgraded":1,"win_rate":0.0,"timestamp":1607919000,"path_taken":["M","M","?","?","?","R","?","E"],"items_purchased_type":["Relic","Relic","Relic","Relic"],"build_version":"2020-12-13","purchased_purges":0,"victory":false,"max_hp_per_floor":[90,90,60,60,60,60,60,60,60],"relic_stats":{"counters":[3,13],"obtain_stats":[{"HollowMod:QueensCombRelic":3,"MerchantsRug":3,"CogitoBucket":0,"testmod-TestBox":0,"testmod-Temperance":0,"ReplayTheSpireMod:CursedCoin":3,"Oddly Smooth Stone":7,"champ:ChampionCrown":0,"LetterFromLob":1,"Replay:Wax Seal":3},{"HollowMod:QueensCombRelic":2,"MerchantsRug":2,"CogitoBucket":0,"testmod-TestBox":0,"testmod-Temperance":0,"ReplayTheSpireMod:CursedCoin":2,"Oddly Smooth Stone":2,"champ:ChampionCrown":0,"LetterFromLob":1,"Replay:Wax Seal":2},{"HollowMod:QueensCombRelic":8,"MerchantsRug":8,"CogitoBucket":0,"testmod-TestBox":0,"testmod-Temperance":0,"ReplayTheSpireMod:CursedCoin":8,"Oddly Smooth Stone":8,"champ:ChampionCrown":0,"LetterFromLob":3,"Replay:Wax Seal":8}]},"card_choices":[{"not_picked":["champ:TornadoPunch","champ:Duel"],"picked":"champ:SwordSigil","floor":1.0},{"not_picked":["FairyFestival","Laetitia"],"picked":"OSAHOGD","floor":1.0},{"not_picked":["champ:Haymaker","champ:Encircle"],"picked":"champ:Shatter","floor":2.0},{"not_picked":["PunishingBird","CrumblingArmor"],"picked":"MeatLantern","floor":2.0}],"player_experience":311861,"relics_obtained":[{"floor":1.0,"key":"LetterFromLob"},{"floor":7,"key":"Oddly Smooth Stone"}],"event_choices":[{"damage_healed":0,"gold_gain":0,"player_choice":"Entered Light","damage_taken":12,"max_hp_gain":0,"max_hp_loss":0,"event_name":"Shining Light","floor":5,"gold_loss":0,"cards_upgraded":["champ:SwordSigil","champ:Strike"]}],"is_beta":false,"boss_relics":[],"items_purged_floors":[],"is_endless":false,"potions_floor_spawned":[],"killed_by":"Replay:BlueRogue","ascension_level":1}}