{"host":"x4d6lk1isuf99bn5","time":1607943537,"event":{"mods":["Act Like it!","BaseMod","Gensokyo","Marisa£¨ìFÓê¡¡Ä§ÀíÉ³£©","Minty Spire (QoL Compilation)","Quick Restart","Reimu£¨²©ÀöÁéÃÎ£©","Remilia£¨ÀÙÃ×ÀòÑÇ£©","Replay The Spire","Shop Mod","StSLib","The Poker Player","The Servant 0.9.4","Waifu the Spire","Youmu£¨»êÆÇÑýÃÎ£©","¡¾¶«·½¶þ´Î´´×÷¡¿°ËÔÆ×Ïmod"],"gold_per_floor":[132,132,132,132,307,400,400,426,426,426,11,11,44,89,89,380,380,413,473,45,105,105,198,198,249,274,367,367,406,208,123,123,423,423,462,537,594,744,275,353,230,332,332,174,174,174,246,0,0,0],"floor_reached":51,"playtime":1790,"items_purged":["Doubt"],"score":910,"play_id":"d1eedaac-4e45-4455-9dac-e4d0bcc02693","local_time":"20201214185857","daily_mods":["Heirloom","Flight","Midas"],"is_ascension_mode":false,"campfire_choices":[{"floor":7.0,"key":"REST"},{"floor":10.0,"key":"REST"},{"floor":12.0,"key":"REST"},{"floor":15.0,"key":"REST"},{"floor":32.0,"key":"DIG"},{"data":"1","floor":46.0,"key":"LIFT"},{"data":"2","floor":49,"key":"LIFT"}],"circlet_count":1,"master_deck":["Strike_R+1","Strike_R+1","Strike_R+1","Defend_R","Defend_R","Defend_R","Defend_R","Bash+1","Reaper+1","Inflame","Dark Embrace","Apotheosis","Shockwave+1","Feel No Pain","Feel No Pain","Double Tap+1","Inflame","Evolve+1","Shrug It Off+1","Fusion+1"],"relics":["Burning Blood","Charon\u0027s Ashes","Lantern","The Courier","Strawberry","Whetstone","Lee\u0027s Waffle","Lizard Tail","Sozu","Membership Card","Iron Hammer","Toxic Egg 2","MealTicket","RuthlessExorcism:ReiMu","Pen Nib","Gambling Chip","Simple Rune","Thread and Needle","Meat on the Bone","Replay:Bronze Core","Pocketwatch","Girya","PrismaticShard","Red Skull","Centennial Puzzle","Orichalcum","Another Sword","InkBottle","Boot","CrazyTorch:ReiMu","Eternal Feather","Mummified Hand","Medical Kit","Circlet","Mercury Hourglass","Red Mask"],"acts_visited":["Exordium","TheCity","TheBeyond"],"potions_floor_usage":[],"damage_taken":[{"damage":0.0,"enemies":"2 Louse","floor":1.0,"turns":3.0},{"damage":48.0,"enemies":"Gremlin Nob","floor":6.0,"turns":5.0},{"damage":7.0,"enemies":"Small Slimes","floor":13.0,"turns":3.0},{"damage":1.0,"enemies":"Cultist","floor":14.0,"turns":3.0},{"damage":71.0,"enemies":"The Guardian","floor":16.0,"turns":9.0},{"damage":16.0,"enemies":"Spheric Guardian","floor":18.0,"turns":4.0},{"damage":8.0,"enemies":"3 Byrds","floor":19.0,"turns":4.0},{"damage":10.0,"enemies":"Centurion and Healer","floor":21.0,"turns":6.0},{"damage":80.0,"enemies":"Slavers","floor":23.0,"turns":10.0},{"damage":6.0,"enemies":"Snake Plant","floor":25.0,"turns":6.0},{"damage":52.0,"enemies":"Book of Stabbing","floor":27.0,"turns":7.0},{"damage":12.0,"enemies":"Snecko","floor":29.0,"turns":4.0},{"damage":89.0,"enemies":"Collector","floor":33.0,"turns":6.0},{"damage":7.0,"enemies":"3 Shapes","floor":35.0,"turns":4.0},{"damage":4.0,"enemies":"3 Darklings","floor":37.0,"turns":4.0},{"damage":14.0,"enemies":"Mind Bloom Boss Battle","floor":38.0,"turns":6.0},{"damage":0.0,"enemies":"R_Hoarder","floor":40.0,"turns":5.0},{"damage":3.0,"enemies":"Giant Head","floor":42.0,"turns":6.0},{"damage":5,"enemies":"Donu and Deca","floor":50,"turns":5}],"seed_played":"-2323311311131286384","potions_obtained":[{"floor":6.0,"key":"AttackPotion"},{"floor":13.0,"key":"Explosive Potion"},{"floor":14.0,"key":"Block Potion"},{"floor":16.0,"key":"Strength Potion"}],"is_trial":true,"path_per_floor":["M","?","?","?","?","E","R","T","T","R","$","R","M","M","R","B",null,"M","M","$","M","?","E","?","M","T","E","?","M","$","?","R","B",null,"M","?","M","?","$","E","$","E","T","$","$","R","T","?","R","B",null],"character_chosen":"IRONCLAD","items_purchased":["Lee\u0027s Waffle","Lizard Tail","Membership Card","Dark Embrace","Apotheosis","Iron Hammer","Toxic Egg 2","Gambling Chip","Simple Rune","Feel No Pain","Shrug It Off+1","PrismaticShard","Red Skull","Centennial Puzzle","Orichalcum","Another Sword","InkBottle","Dead Branch","Mummified Hand","Medical Kit"],"campfire_rested":4,"item_purchase_floors":[11,11,20,20,20,20,20,30,30,30,39,39,39,39,39,39,39,41,44,44],"current_hp_per_floor":[80,80,73,57,57,15,39,46,46,72,94,94,94,94,94,39,94,84,91,91,94,94,40,40,40,40,53,53,59,74,74,74,31,94,93,70,72,94,94,94,94,94,94,94,94,94,94,94,94,94],"gold":0,"neow_bonus":"","is_daily":false,"chose_seed":false,"campfire_upgraded":0,"win_rate":0.0,"timestamp":1607943537,"path_taken":["M","?","?","?","?","E","R","?","T","R","?","R","M","?","R","BOSS","M","?","$","M","?","E","?","M","T","E","?","M","$","?","R","BOSS","M","?","M","?","$","E","$","E","T","?","$","R","?","?","R","BOSS"],"items_purchased_type":["Relic","Relic","Relic","Card","Card","Relic","Relic","Relic","Relic","Card","Card","Relic","Relic","Relic","Relic","Relic","Relic","Relic","Relic","Relic"],"build_version":"2020-12-13","purchased_purges":1,"victory":true,"max_hp_per_floor":[80,80,80,80,80,80,80,87,87,87,94,94,94,94,94,94,94,94,94,94,94,94,94,94,94,94,94,94,94,94,94,94,94,94,94,94,94,94,94,94,94,94,94,94,94,94,94,94,94,94],"card_choices":[{"not_picked":["Perfected Strike","Twin Strike","Defy Death"],"picked":"SKIP","floor":1.0},{"not_picked":["Thunderclap","Double Tap","Replay:Undeath\u0027s Touch"],"picked":"SKIP","floor":6.0},{"not_picked":["Clash","Anger","Rage"],"picked":"SKIP","floor":13.0},{"not_picked":["Iron Wave","Sword Boomerang"],"picked":"Inflame","floor":14.0},{"not_picked":["Anger","Dropkick","True Grit"],"picked":"SKIP","floor":18.0},{"not_picked":["Warcry+1","Havoc","Sword Boomerang+1"],"picked":"SKIP","floor":19.0},{"not_picked":["Rampage","ReplayTheSpireMod:Strike From Hell","ReplayTheSpireMod:Corrosion Curse+1"],"picked":"SKIP","floor":21.0},{"not_picked":["Dropkick+1","Ghostly Armor+1","Rampage+1"],"picked":"SKIP","floor":23.0},{"not_picked":["Metallicize","Perfected Strike","Defy Death+1"],"picked":"SKIP","floor":25.0},{"not_picked":["Perfected Strike","True Grit+1"],"picked":"Shockwave+1","floor":27.0},{"not_picked":["Body Slam+1","Wild Strike","Havoc+1"],"picked":"SKIP","floor":29.0},{"not_picked":["Exhume+1","Feed"],"picked":"Double Tap+1","floor":33.0},{"not_picked":["Thunderclap","Run Through+1","True Grit+1"],"picked":"SKIP","floor":35.0},{"not_picked":["Flex+1","Combust+1"],"picked":"Inflame","floor":36.0},{"not_picked":["Armaments+1","Iron Wave","Hemogenesis"],"picked":"SKIP","floor":37.0},{"not_picked":["Dark Embrace+1","Replay:Undeath\u0027s Touch+1"],"picked":"Evolve+1","floor":38.0},{"not_picked":["Conquer:ReiMu+1","PokerPlayerMod:MagicTrick+1","DragonMeteor"],"picked":"SKIP","floor":40.0},{"not_picked":["Turbo+1","RainPray2:ReiMu+1"],"picked":"Fusion+1","floor":42.0}],"player_experience":60924,"relics_obtained":[{"floor":6.0,"key":"The Courier"},{"floor":8.0,"key":"Strawberry"},{"floor":9.0,"key":"Whetstone"},{"floor":23.0,"key":"MealTicket"},{"floor":26.0,"key":"RuthlessExorcism:ReiMu"},{"floor":27.0,"key":"Pen Nib"},{"floor":32.0,"key":"Meat on the Bone"},{"floor":36.0,"key":"Pocketwatch"},{"floor":38.0,"key":"Girya"},{"floor":40.0,"key":"Boot"},{"floor":42.0,"key":"CrazyTorch:ReiMu"},{"floor":43.0,"key":"Eternal Feather"},{"floor":47.0,"key":"Mercury Hourglass"}],"event_choices":[{"damage_healed":0.0,"max_hp_gain":0.0,"max_hp_loss":0.0,"gold_gain":0.0,"event_name":"Scrap Ooze","player_choice":"Success","floor":3.0,"gold_loss":0.0,"damage_taken":7.0,"relics_obtained":["Lantern"]},{"damage_healed":0.0,"max_hp_gain":0.0,"max_hp_loss":0.0,"gold_gain":0.0,"event_name":"Shining Light","player_choice":"Entered Light","floor":4.0,"gold_loss":0.0,"damage_taken":16.0,"cards_upgraded":["Strike_R","Bash"]},{"damage_healed":0.0,"max_hp_gain":0.0,"max_hp_loss":0.0,"gold_gain":175.0,"event_name":"Liars Game","player_choice":"AGREE","floor":5.0,"gold_loss":0.0,"damage_taken":0.0,"cards_obtained":["Doubt"]},{"cards_removed":["Strike_R"],"damage_healed":0.0,"max_hp_gain":0.0,"max_hp_loss":0.0,"gold_gain":0.0,"event_name":"Back to Basics","player_choice":"Elegance","floor":22.0,"gold_loss":0.0,"damage_taken":0.0},{"damage_healed":0.0,"max_hp_gain":0.0,"max_hp_loss":0.0,"gold_gain":0.0,"event_name":"Vampires","player_choice":"Ignored","floor":28.0,"gold_loss":0.0,"damage_taken":0.0},{"damage_healed":0.0,"max_hp_gain":0.0,"max_hp_loss":0.0,"gold_gain":0.0,"event_name":"Addict","player_choice":"Obtained Relic","floor":31.0,"gold_loss":85.0,"damage_taken":0.0,"relics_obtained":["Thread and Needle"]},{"damage_healed":0.0,"max_hp_gain":0.0,"max_hp_loss":0.0,"gold_gain":0.0,"event_name":"MindBloom","player_choice":"Fight","floor":38.0,"gold_loss":0.0,"damage_taken":0.0},{"damage_healed":0.0,"max_hp_gain":0.0,"max_hp_loss":0.0,"gold_gain":0.0,"event_name":"Tomb of Lord Red Mask","player_choice":"Paid","floor":48.0,"gold_loss":246.0,"damage_taken":0.0,"relics_obtained":["Red Mask"]}],"is_beta":false,"boss_relics":[{"not_picked":["Astrolabe","Cursed Key"],"picked":"Sozu"},{"not_picked":["SacredBark","Calling Bell"],"picked":"Replay:Bronze Core"}],"items_purged_floors":[11],"is_endless":false,"potions_floor_spawned":[6,13,14,16,21,25,27,35,38],"ascension_level":0}}