{"host":"lhth1efayex2023z","time":1607906377,"event":{"mods":["BaseMod","Colored Map","Googly Eyes","Minty Spire (QoL Compilation)","StSLib"],"gold_per_floor":[16,31,5,5,5,5,40,59,59,59,94,115,37,60,60,184,184,202,202,215,239,239,239,239,239],"floor_reached":24,"playtime":713,"items_purged":[],"score":355,"play_id":"bcc57bdd-3ad7-4e8d-8fe9-f3c7ebd1ae5f","local_time":"20201213173937","is_ascension_mode":true,"campfire_choices":[{"data":"Redo","floor":6,"key":"SMITH"},{"data":"Redo","floor":10,"key":"SMITH"},{"floor":15,"key":"REST"},{"data":"Rainbow","floor":23,"key":"SMITH"}],"circlet_count":0,"master_deck":["AscendersBane","Strike_B","Strike_B","Defend_B","Defend_B","Defend_B","Defend_B+1","Zap+1","Dualcast","White Noise","Redo+1","Redo+1","Defragment","Conserve Battery","Force Field","Cold Snap","Heatsinks","Heatsinks","Rainbow+1","Decay","Hello World+1","Writhe"],"relics":["Cracked Core","Darkstone Periapt","Golden Idol","Lizard Tail","War Paint","Cursed Key","Mango"],"acts_visited":["Exordium","TheCity"],"potions_floor_usage":[7,14,16,16],"damage_taken":[{"damage":1,"enemies":"Cultist","floor":1,"turns":3},{"damage":11,"enemies":"Small Slimes","floor":2,"turns":4},{"damage":13,"enemies":"Lagavulin","floor":7,"turns":5},{"damage":7,"enemies":"Jaw Worm","floor":8,"turns":3},{"damage":24,"enemies":"Gremlin Nob","floor":11,"turns":4},{"damage":0,"enemies":"Looter","floor":12,"turns":3},{"damage":0,"enemies":"Red Slaver","floor":14,"turns":3},{"damage":27,"enemies":"The Guardian","floor":16,"turns":11},{"damage":19,"enemies":"3 Byrds","floor":18,"turns":5},{"damage":28,"enemies":"Chosen","floor":20,"turns":5},{"damage":1,"enemies":"Snake Plant","floor":21,"turns":3},{"damage":45,"enemies":"Slavers","floor":24,"turns":4}],"seed_played":"3865973329777065399","potions_obtained":[{"floor":1,"key":"Block Potion"},{"floor":11,"key":"Swift Potion"},{"floor":12,"key":"Block Potion"},{"floor":14,"key":"PotionOfCapacity"},{"floor":16,"key":"Swift Potion"},{"floor":18,"key":"SteroidPotion"}],"is_trial":false,"path_per_floor":["M","M","$","?","?","R","E","M","T","R","E","M","$","M","R","B",null,"M","?","M","M","?","R","E"],"character_chosen":"DEFECT","items_purchased":["Redo","Heatsinks"],"campfire_rested":1,"item_purchase_floors":[3,13],"current_hp_per_floor":[67,56,56,53,53,53,40,33,33,33,9,9,9,9,29,2,52,33,39,11,10,30,30,38,38],"gold":239,"neow_bonus":"REMOVE_TWO","is_daily":false,"chose_seed":false,"campfire_upgraded":3,"win_rate":0.0,"timestamp":1607906377,"path_taken":["M","?","?","?","?","R","E","M","T","R","E","?","$","M","R","BOSS","M","?","M","?","?","R","E"],"items_purchased_type":["Card","Card"],"build_version":"2020-11-30","purchased_purges":0,"victory":false,"max_hp_per_floor":[75,75,75,75,69,69,69,69,69,69,69,69,69,69,69,69,69,69,75,75,75,95,95,95,95],"card_choices":[{"not_picked":["Hologram","Stack"],"picked":"White Noise","floor":1},{"not_picked":["Streamline","Conserve Battery"],"picked":"Redo","floor":2},{"not_picked":["Tempest","Reinforced Body"],"picked":"Defragment","floor":7},{"not_picked":["Doom and Gloom","Rebound"],"picked":"Conserve Battery","floor":8},{"not_picked":["Beam Cell","All For One"],"picked":"Force Field","floor":11},{"not_picked":["Streamline","Fusion"],"picked":"Cold Snap","floor":12},{"not_picked":["Redo","Tempest"],"picked":"Heatsinks","floor":14},{"not_picked":["All For One","Meteor Strike"],"picked":"Rainbow","floor":16},{"not_picked":["Reinforced Body+1","Leap+1","Fusion"],"picked":"SKIP","floor":18},{"not_picked":["Leap","Force Field"],"picked":"Hello World+1","floor":20},{"not_picked":["Compile Driver+1","Beam Cell","Conserve Battery"],"picked":"SKIP","floor":21}],"player_experience":358201,"relics_obtained":[{"floor":7,"key":"Lizard Tail"},{"floor":11,"key":"War Paint"}],"event_choices":[{"damage_healed":0,"gold_gain":0,"player_choice":"Success","damage_taken":3,"relics_obtained":["Darkstone Periapt"],"max_hp_gain":0,"max_hp_loss":0,"event_name":"Scrap Ooze","floor":4,"gold_loss":0},{"damage_healed":0,"gold_gain":0,"player_choice":"Lose Max HP","damage_taken":0,"relics_obtained":["Golden Idol"],"max_hp_gain":0,"max_hp_loss":6,"event_name":"Golden Idol","floor":5,"gold_loss":0},{"damage_healed":0,"gold_gain":0,"player_choice":"Cursed","damage_taken":0,"max_hp_gain":0,"max_hp_loss":0,"event_name":"Wheel of Change","floor":19,"gold_loss":0,"cards_obtained":["Decay"]},{"damage_healed":0,"gold_gain":0,"player_choice":"Opened","damage_taken":0,"relics_obtained":["Mango"],"max_hp_gain":0,"max_hp_loss":0,"event_name":"The Mausoleum","floor":22,"gold_loss":0,"cards_obtained":["Writhe"]}],"is_beta":false,"boss_relics":[{"not_picked":["Ectoplasm","SlaversCollar"],"picked":"Cursed Key"}],"items_purged_floors":[],"is_endless":false,"potions_floor_spawned":[1,11,12,14,16,18],"killed_by":"Slavers","ascension_level":12}}