{"host":"rylkjufw9dlhr07b","time":1607941678,"event":{"mods":["AchievementEnabler","BaseMod","Better Note","BetterRewards","Hubris","Minty Spire (QoL Compilation)","Quick Restart","Replay The Spire","StSLib"],"gold_per_floor":[115,115,115,134,145,145,165,165,165,193,5,0,0,0,0,79,79,89,89,49,65,65,65,76,101,126,144,168,168,182,214,214,285,285,300,314,330,150,150,150,150,170,170,188,198,198,198,198,198,198],"floor_reached":51,"playtime":2908,"items_purged":["Pain"],"score":1272,"play_id":"b2df06e1-98ce-4ac5-9e70-f9664bb291d8","local_time":"20201214112758","is_ascension_mode":true,"campfire_choices":[{"floor":6.0,"key":"DIG"},{"floor":8.0,"key":"DIG"},{"floor":13.0,"key":"REST"},{"floor":15.0,"key":"DIG"},{"floor":23.0,"key":"DIG"},{"floor":32.0,"key":"REST"},{"floor":41.0,"key":"REST"},{"floor":47,"key":"DIG"},{"floor":49,"key":"DIG"}],"circlet_count":0,"master_deck":["AscendersBane","Strike_R","Strike_R","Strike_R","Strike_R","Strike_R","Defend_R","Defend_R","Defend_R+1","Defend_R+1","Bash","Apotheosis+1","Feel No Pain","hubris:Envy","Flash of Steel","Dark Embrace","True Grit","ReplayTheSpireMod:Stacked","Intimidate","Dropkick+1","Juggernaut+1","ReplayTheSpireMod:Stacked","Cleave+1","Flame Barrier+1","Clash+1","Sword Boomerang+1","Blood for Blood+1","Reaper+1","Immolate+1","ReplayTheSpireMod:Limb From Limb+1","Pommel Strike+1","Heavy Blade+1","Metallicize","Iron Wave+1","Voices","Disarm","Replay:Undeath\u0027s Touch+1","Cleave+1","Madness","Madness","Pot Of Greed","Pot Of Greed","Pot Of Greed","Pot Of Greed"],"relics":["Burning Blood","ClockworkSouvenir","Shovel","Strawberry","PreservedInsect","Nunchaku","Replay:Mystery Machine","Molten Egg 2","Ancient Tea Set","King of Hearts","Smiling Mask","Busted Crown","WarpedTongs","Question Card","ReplayTheSpireMod:Shallot","Red Skull","Toy Ornithopter","Simple Rune","hubris:VirtuousBlindfold","Ring of Peace","ReplayTheSpireMod:Ring of Addiction","SacredBark","Chameleon Ring","Art of War","Oddly Smooth Stone","Grinning Jar","Pondfish Scales"],"acts_visited":["Exordium","TheCity","TheBeyond"],"potions_floor_usage":[42,44,50],"damage_taken":[{"damage":15.0,"enemies":"Jaw Worm","floor":1.0,"turns":4.0},{"damage":2.0,"enemies":"Cultist","floor":4.0,"turns":4.0},{"damage":0.0,"enemies":"Small Slimes","floor":5.0,"turns":5.0},{"damage":2.0,"enemies":"2 Fungi Beasts","floor":7.0,"turns":4.0},{"damage":13.0,"enemies":"Lagavulin","floor":10.0,"turns":5.0},{"damage":23.0,"enemies":"Fading Forest","floor":16.0,"turns":11.0},{"damage":26.0,"enemies":"Shell Parasite","floor":18.0,"turns":6.0},{"damage":0.0,"enemies":"Chosen","floor":21.0,"turns":5.0},{"damage":17.0,"enemies":"Snecko","floor":24.0,"turns":4.0},{"damage":2.0,"enemies":"Book of Stabbing","floor":25.0,"turns":5.0},{"damage":12.0,"enemies":"Sentry and Sphere","floor":27.0,"turns":5.0},{"damage":0.0,"enemies":"Snake Plant","floor":30.0,"turns":3.0},{"damage":18.0,"enemies":"Replay:Snechameleon","floor":31.0,"turns":4.0},{"damage":40.0,"enemies":"hubris:MusketHawk","floor":33.0,"turns":10.0},{"damage":17.0,"enemies":"Orb Walker","floor":35.0,"turns":3.0},{"damage":10.0,"enemies":"3 Shapes","floor":36.0,"turns":3.0},{"damage":51.0,"enemies":"Jaw Worm Horde","floor":37.0,"turns":5.0},{"damage":10,"enemies":"Sphere and 2 Shapes","floor":42,"turns":4},{"damage":0,"enemies":"4 Shapes","floor":44,"turns":3},{"damage":9,"enemies":"Spire Growth","floor":45,"turns":8},{"damage":70,"enemies":"Replay:Hell Engine","floor":50,"turns":12}],"seed_played":"1899605568586128343","potions_obtained":[{"floor":1.0,"key":"CultistPotion"},{"floor":5.0,"key":"DistilledChaos"},{"floor":7.0,"key":"PowerPotion"},{"floor":10.0,"key":"Energy Potion"},{"floor":18.0,"key":"BlessingOfTheForge"},{"floor":30.0,"key":"Energy Potion"},{"floor":33.0,"key":"Strength Potion"},{"floor":37.0,"key":"FearPotion"},{"floor":39.0,"key":"PowerPotion"},{"floor":39.0,"key":"Elixir"},{"floor":45,"key":"AttackPotion"}],"is_trial":false,"path_per_floor":["M","?","?","M","M","R","M","R","T","E","$","?","R","?","R","B",null,"M","?","?","M","?","R","M","E","T","M","T","?","M","E","R","B",null,"M","M","M","$","?","?","R","M","T","M","M","?","R","T","R","B",null],"character_chosen":"IRONCLAD","items_purchased":["ClockworkSouvenir","Apotheosis","Strawberry","PreservedInsect","King of Hearts","Dropkick+1","Metallicize","Iron Wave+1"],"campfire_rested":3,"item_purchase_floors":[0,0,0,0,11,11,38,38],"current_hp_per_floor":[26,26,26,30,36,36,40,40,40,33,33,33,56,56,56,57,72,52,52,52,58,58,58,47,51,51,45,45,45,51,39,62,33,66,55,56,11,11,11,14,38,50,50,77,79,69,69,69,69,20],"gold":198,"neow_bonus":"","is_daily":false,"chose_seed":false,"campfire_upgraded":0,"win_rate":0.0,"timestamp":1607941678,"path_taken":["M","?","?","?","M","R","M","R","T","E","$","?","R","?","R","BOSS","M","?","?","M","?","R","M","E","T","M","?","?","M","E","R","BOSS","M","M","M","$","?","?","R","M","T","M","?","?","R","?","R","BOSS"],"items_purchased_type":["Relic","Card","Relic","Relic","Relic","Card","Card","Card"],"build_version":"2020-12-13","purchased_purges":1,"victory":true,"max_hp_per_floor":[77,77,77,77,77,77,77,77,77,77,77,77,77,77,77,77,77,77,77,77,77,77,77,77,77,77,77,77,77,77,77,77,77,77,77,77,77,77,77,80,80,80,80,80,80,80,80,78,78,78],"card_choices":[{"not_picked":["Abandon","Rage"],"picked":"Feel No Pain","floor":1.0},{"not_picked":["Burning Pact","ReplayTheSpireMod:Strike From Hell"],"picked":"Dark Embrace","floor":4.0},{"not_picked":["Blood for Blood","Havoc"],"picked":"True Grit","floor":5.0},{"not_picked":["Rupture","Cleave"],"picked":"ReplayTheSpireMod:Stacked","floor":7.0},{"not_picked":["Uppercut+1","Replay:Undeath\u0027s Touch+1"],"picked":"Intimidate","floor":10.0},{"not_picked":["Corruption","Hemogenesis+1"],"picked":"Juggernaut","floor":16.0},{"not_picked":[],"picked":"ReplayTheSpireMod:Stacked","floor":18.0},{"not_picked":[],"picked":"Cleave+1","floor":21.0},{"not_picked":["Disarm+1"],"picked":"Flame Barrier+1","floor":24.0},{"not_picked":["Havoc"],"picked":"Clash+1","floor":25.0},{"not_picked":["Body Slam+1"],"picked":"Sword Boomerang+1","floor":27.0},{"not_picked":["Combust"],"picked":"Blood for Blood+1","floor":30.0},{"not_picked":["Rupture"],"picked":"Reaper+1","floor":31.0},{"not_picked":["Limit Break"],"picked":"Immolate+1","floor":33.0},{"not_picked":["Massacre+1"],"picked":"ReplayTheSpireMod:Limb From Limb+1","floor":35.0},{"not_picked":["Clothesline+1"],"picked":"Pommel Strike+1","floor":36.0},{"not_picked":["Run Through+1"],"picked":"Heavy Blade+1","floor":37.0},{"not_picked":["Heavy Blade+1"],"picked":"Disarm","floor":42},{"not_picked":["ReplayTheSpireMod:Strike From Hell+1"],"picked":"Replay:Undeath\u0027s Touch+1","floor":44},{"not_picked":["Blood for Blood+1"],"picked":"Cleave+1","floor":45}],"player_experience":478881,"relics_obtained":[{"floor":6.0,"key":"Nunchaku"},{"floor":8.0,"key":"Replay:Mystery Machine"},{"floor":9.0,"key":"Molten Egg 2"},{"floor":10.0,"key":"Ancient Tea Set"},{"floor":15.0,"key":"Smiling Mask"},{"floor":23.0,"key":"Question Card"},{"floor":25.0,"key":"ReplayTheSpireMod:Shallot"},{"floor":26.0,"key":"Red Skull"},{"floor":28.0,"key":"Toy Ornithopter"},{"floor":31.0,"key":"Simple Rune"},{"floor":39.0,"key":"Ring of Peace"},{"floor":39.0,"key":"ReplayTheSpireMod:Ring of Addiction"},{"floor":39.0,"key":"SacredBark"},{"floor":39.0,"key":"Chameleon Ring"},{"floor":43,"key":"Art of War"},{"floor":47,"key":"Oddly Smooth Stone"},{"floor":48,"key":"Grinning Jar"},{"floor":49,"key":"Pondfish Scales"}],"event_choices":[{"damage_healed":0.0,"max_hp_gain":0.0,"max_hp_loss":0.0,"gold_gain":0.0,"event_name":"Shining Light","player_choice":"Ignored","floor":2.0,"gold_loss":0.0,"damage_taken":0.0},{"damage_healed":0.0,"max_hp_gain":0.0,"max_hp_loss":0.0,"gold_gain":0.0,"event_name":"Match and Keep!","player_choice":"2 cards matched","floor":3.0,"gold_loss":0.0,"damage_taken":0.0,"cards_obtained":["hubris:Envy","Flash of Steel"]},{"damage_healed":0.0,"max_hp_gain":0.0,"max_hp_loss":0.0,"gold_gain":0.0,"event_name":"World of Goop","player_choice":"Left Gold","floor":12.0,"gold_loss":5.0,"damage_taken":0.0},{"damage_healed":0.0,"max_hp_gain":0.0,"max_hp_loss":0.0,"gold_gain":0.0,"event_name":"Living Wall","player_choice":"Grow","floor":14.0,"gold_loss":0.0,"damage_taken":0.0,"cards_upgraded":["Apotheosis"]},{"damage_healed":0.0,"max_hp_gain":0.0,"max_hp_loss":0.0,"gold_gain":0.0,"event_name":"The Woman in Blue","player_choice":"Bought 0 Potions","floor":19.0,"gold_loss":0.0,"damage_taken":0.0},{"damage_healed":0.0,"max_hp_gain":0.0,"max_hp_loss":0.0,"gold_gain":0.0,"event_name":"Designer","player_choice":"Upgrade","floor":20.0,"gold_loss":40.0,"damage_taken":0.0,"cards_upgraded":["Juggernaut"]},{"damage_healed":0.0,"max_hp_gain":0.0,"max_hp_loss":0.0,"gold_gain":0.0,"event_name":"Accursed Blacksmith","player_choice":"Rummage","floor":22.0,"gold_loss":0.0,"damage_taken":0.0,"relics_obtained":["WarpedTongs"],"cards_obtained":["Pain"]},{"damage_healed":0.0,"max_hp_gain":0.0,"max_hp_loss":0.0,"gold_gain":0.0,"event_name":"Ghosts","player_choice":"Ignored","floor":29.0,"gold_loss":0.0,"damage_taken":0.0},{"damage_healed":0,"gold_gain":0,"player_choice":"Embrace Madness","damage_taken":10,"max_hp_gain":0,"max_hp_loss":0,"event_name":"Winding Halls","floor":46,"gold_loss":0,"cards_obtained":["Madness","Madness"]}],"is_beta":false,"boss_relics":[{"not_picked":["hubris:GrandSneckoEye","Snecko Eye"],"picked":"Busted Crown"},{"not_picked":["Sozu","Replay:Bronze Core"],"picked":"hubris:VirtuousBlindfold"}],"items_purged_floors":[38],"is_endless":false,"potions_floor_spawned":[1,5,7,10,18,24,30,33,35,37,45],"ascension_level":14}}