{"host":"27wa8ufp4ryspt1p","time":1607908485,"event":{"mods":["2.2 Compatiblity","Abigail Mod","Act Like it!","Aspiration","BaseMod","Better Altar","Better Note","Better Skull","Better Third Choice","Colored Map","Conspire","Downfall","Elementarium","Energized Spire","Friendly Minions","Gensokyo","GifTheSpireLib","Gold Saver","Halation","Hallownest","HololiveMod","Hubris","Humility","Infinite Spire","Keyboard Shortcuts","Menagerie","Mimic Mod","Minty Spire (QoL Compilation)","Pale of the Ancients","Quarter Circle Forward PUNCH!","Reimu??????","Relic Sorter","Relic Stats","Replay The Spire","Reworked Bosses","Shop Mod","Spicy Shops","Spikes Relics","StSLib","Stuff the Spire","SuperFastMode","The Cursed","The Exalted","The Factory","The Judge","The Necromancer","Trackpad","Waifu the Spire","Wandering Minibosses","[IsaacMod]????","??????REMEMod","????"],"gold_per_floor":[146,158,169,234,314,343,343,343,418,461,100,159,206,318,358,445,474,505,528,540,591,603,3,47,136,181,226,238,296,327,353,240,324,385,411,137,137,153,164,164,192,294,331,362,128,163,163,163,163,240,319,338,364,364,1217,1055,1072,827,663,663,488],"floor_reached":62,"playtime":5137,"items_purged":["Pain"],"score":3820,"play_id":"6d9f4186-bf3d-489c-a256-30f43a7ba4f5","local_time":"20201213191445","daily_mods":["SealedDeck","Colorless Cards","Heirloom","Elite Swarm","Lethality"],"is_ascension_mode":true,"campfire_choices":[{"floor":8.0,"key":"RECALL"}],"circlet_count":0,"master_deck":["AscendersBane","BettingIsNotGood","Hololive_Rebound","Hololive_Rebound+1","Hololive_CocoNews","Hololive_CallDoris","Hololive_CallInugamiKorone","Bandage Up","StuffTheSpire:PlasmaPunch","Hololive_CallTokinoSora","Hololive_CallMomosuzuNene+22","champ:SwordThrow+1","Hololive_CandyCastle","hubris:EnhanceAbility","Hololive_CallYozoraMel","Hololive_AWSL","Hololive_CallHimemoriLuna+1","Hololive_DurableLive+1","expansioncontent:SuperHexaguard","Hololive_CandyCastle","Apotheosis+1","Hololive_CallHoshimachiSuisei+1","Hololive_Yoholoon","Hololive_DurableLive+1","Hololive_Yoholoon+1","Hololive_Yoholoon","Hololive_Yoholoon","Hololive_Nanodesu+1","Tools of the Trade+1","REME_ShadowForm+1","REME_AllRoundStrike+1","expansioncontent:Collect","Hololive_DevilCharm","EpicFetus+1","Replay:SS_hec_2+1","Hololive_CallNatsuiroMatsuri","Hololive_CallNekomataOkayu+1","Metamorphosis+1","StuffTheSpire:Vigor","Hololive_CallMurasakiShion","expansioncontent:DefensiveStance+1","Hololive_RevenueBasedLive","Hololive_CallRoboco+1","Sadistic Nature+1","Hololive_OvertimeWork+1","Hololive_CallHoshimachiSuisei","REME_Flogging+1","hubris:Sloth","expansioncontent:QuickStudy+1","Hololive_IdolExercise+1","Hololive_Breathe+1","expansioncontent:AwakenDeath+1","Shame","StuffTheSpire:Harmony+1","StuffTheSpire:Harmony+1","ReplayTheSpireMod:IOU","StuffTheSpire:CelestialWarden+1","StuffTheSpire:Rapture+1","ReplayTheSpireMod:IOU","StuffTheSpire:Vigor+1","ReplayTheSpireMod:IOU","StuffTheSpire:Brawn+1","ReplayTheSpireMod:IOU","StuffTheSpire:Innocence+1","ReplayTheSpireMod:IOU","ReplayTheSpireMod:IOU","StuffTheSpire:Perfection+1","StuffTheSpire:Vigor+1","ReplayTheSpireMod:IOU","StuffTheSpire:BrainWave+1","ReplayTheSpireMod:IOU","StuffTheSpire:Harmony+1","Hololive_Spy+1","expansioncontent:Chronoboost","expansioncontent:CaCaw","Hololive_CallSakuraMiko","Hololive_CallHimemoriLuna","Hololive_CallOzoraSubaru+1","Hololive_CallShiranuiFlare","Hololive_CandyCastle+1","Hololive_CallHoushouMarine+1","Hololive_CallUsadaPekora+1","Hololive_CallShishiroBotan+1","StuffTheSpire:Ambrosia","StuffTheSpire:BrainWave+1","StuffTheSpire:CelestialWarden","StuffTheSpire:Rapture","StuffTheSpire:Vigor","StuffTheSpire:Brawn","StuffTheSpire:Brawn","StuffTheSpire:CelestialWarden","StuffTheSpire:Vigor","StuffTheSpire:BrainWave","StuffTheSpire:Rapture"],"relics":["Hololive_TheStar","BookOfRevelations","trackpad:BottledTsunami","Replay:Wax Seal","Void","Ice Cream","HushsDoor","REME_ComplimentaryCards","StuffTheSpire:Experiment12","Bromod:ArcaneVictory","GuppysPaw","infinitespire:Lucky Rock","Golden Egg","wanderingMiniBosses:OtherGremlinHorn","infinitespire:FocusingShard","MerchantsRug","Lantern","SpikesRelics:DaevaFist","BloodBag","Replay:Bronze Core","qcfpunch:Red_Headband","The Courier","halation:PromiseList","halation:AfternoonTea","BFFS","Elementarium:ElementariumTrophy","energizedSpire:RedRose","hubris:MysteriousPyramids","infinitespire:Satchel","StuffTheSpire:Saxophone","Replay:PocketPolymizer","StuffTheSpire:CocoNut","DeathBook","hubris:EvacipatedBox","hubris:FruitBowl","paleoftheancients:Timepiece","paleoftheancients:KeyRelic","Bronze Scales","halation:PinkSoulGem","paleoftheancients:SoulOfTheVixen"],"acts_visited":["Gensokyo:Gensokyo","Elementarium:Elementarium","Hallownest:KingdomsEdge","paleoftheancients:PaleOfTheAncients"],"potions_floor_usage":[52],"damage_taken":[{"damage":0.0,"enemies":"Gensokyo:3_Fairies","floor":2.0,"turns":3.0},{"damage":0.0,"enemies":"Gensokyo:Python","floor":3.0,"turns":2.0},{"damage":0.0,"enemies":"Hiden Room Battle","floor":4.0,"turns":5.0},{"damage":0.0,"enemies":"Gensokyo:Mamizou","floor":6.0,"turns":4.0},{"damage":0.0,"enemies":"Gensokyo:2_Kodama","floor":9.0,"turns":4.0},{"damage":0.0,"enemies":"Gensokyo:2_Kodama","floor":10.0,"turns":6.0},{"damage":0.0,"enemies":"Gensokyo:Aya","floor":12.0,"turns":3.0},{"damage":0.0,"enemies":"Gensokyo:LivingMonolith","floor":13.0,"turns":2.0},{"damage":0.0,"enemies":"Gensokyo:Kokoro","floor":16.0,"turns":5.0},{"damage":0.0,"enemies":"Elementarium:2_ELEMENTALS","floor":18.0,"turns":3.0},{"damage":0.0,"enemies":"Elementarium:VoidCorruption","floor":19.0,"turns":5.0},{"damage":0,"enemies":"Elementarium:CYCLONE_AND_ORB_OF_FIRE","floor":21,"turns":4},{"damage":0,"enemies":"Elementarium:WarGolem","floor":24,"turns":4},{"damage":0,"enemies":"Elementarium:VOID_CORRUPTION_AND_TAR_GOLEM","floor":26,"turns":5},{"damage":18,"enemies":"Elementarium:FIRE_NOBILITY","floor":27,"turns":6},{"damage":0,"enemies":"Elementarium:ElementalPortal","floor":29,"turns":7},{"damage":0,"enemies":"Elementarium:VOID_CORRUPTION_AND_TAR_GOLEM","floor":30,"turns":4},{"damage":0,"enemies":"Elementarium:3_ELEMENTALS","floor":31,"turns":3},{"damage":0,"enemies":"Elementarium:GolemEmperor","floor":33,"turns":5},{"damage":0,"enemies":"Hallownest:2_Littles","floor":35,"turns":5},{"damage":0,"enemies":"Hallownest:Shield_Heavy","floor":38,"turns":3},{"damage":14,"enemies":"Hallownest:2_Soldiers_and_1_Guardian","floor":39,"turns":2},{"damage":0,"enemies":"Hallownest:eliteHiveKnight","floor":41,"turns":4},{"damage":1,"enemies":"Hallownest:Slobbering_and_Violent","floor":43,"turns":5},{"damage":0,"enemies":"Hallownest:StalkingDevout","floor":44,"turns":4},{"damage":2,"enemies":"Hallownest:eliteHiveKnight","floor":46,"turns":3},{"damage":0,"enemies":"Hallownest:Radiance","floor":50,"turns":5},{"damage":4,"enemies":"Hallownest:BossGreyPrinceZote","floor":51,"turns":4},{"damage":15,"enemies":"Hallownest:BossGreyPrinceZote","floor":52,"turns":6},{"damage":5,"enemies":"Hallownest:BossGreyPrinceZote","floor":53,"turns":5},{"damage":0,"enemies":"Hallownest:BossGreyPrinceZote","floor":57,"turns":4},{"damage":0,"enemies":"paleoftheancients:N","floor":61,"turns":6}],"seed_played":"-6773301075856877093","potions_obtained":[{"floor":12.0,"key":"LiquidMemories"},{"floor":13.0,"key":"Milkshake"},{"floor":16.0,"key":"SkillPotion"},{"floor":24,"key":"Slimebound:ThreeZeroPotion"},{"floor":27,"key":"Strength Potion"},{"floor":30,"key":"ColorlessPotion"},{"floor":31,"key":"Explosive Potion"},{"floor":33,"key":"Explosive Potion"},{"floor":44,"key":"GamblersBrew"},{"floor":50,"key":"Languid Potion"},{"floor":51,"key":"Guardian:BlockOnCardUsePotion"},{"floor":53,"key":"LiquidBronze"}],"is_trial":true,"path_per_floor":["?","M","M","?","?","E","?","R","MIM","M","R","E","M","?","R_BF","B",null,"M","M","AVR","M","?","R","E","R","MIM","E","?","E","M","M","R","B",null,"M","$","?","M","M","R","E","?","MIM","E","R","E","AVR","$","R","B","B","M","M","?","$","R","M","R","$","?","B",null],"character_chosen":"Hololive_HololiveCharacter","items_purchased":["MerchantsRug","Lantern","Hololive_CallHimemoriLuna","Hololive_CandyCastle","The Courier","halation:NonexistentMirror","Hololive_Yoholoon","Potion Belt","champ:CounterPotion","PowerPotion","Hololive_DevilCharm","Replay:SS_hec_2","hubris:MysteriousPyramids","infinitespire:Satchel","StuffTheSpire:Saxophone","StuffTheSpire:CocoNut","Hololive_CallHoshimachiSuisei","hubris:EvacipatedBox","hubris:FruitBowl","trackpad:BottledTsunami","Replay:Wax Seal","Hololive_Spy+1","expansioncontent:Chronoboost","expansioncontent:CaCaw","Hololive_CallSakuraMiko","Hololive_CallHimemoriLuna","Hololive_CallOzoraSubaru","Hololive_CallShiranuiFlare","BookOfRevelations","Hololive_CandyCastle+1","Hololive_CallHoushouMarine","Hololive_CallUsadaPekora","Hololive_CallShishiroBotan"],"campfire_rested":0,"item_purchase_floors":[11,11,11,15,23,23,23,23,32,32,32,34,36,36,36,45,45,48,48,55,55,55,56,56,58,58,58,58,59,59,59,59,59],"current_hp_per_floor":[27,30,30,30,30,30,30,30,30,30,30,31,32,32,28,39,40,41,42,42,43,43,43,44,44,45,46,46,47,48,49,49,50,48,49,49,49,50,41,41,50,50,52,54,61,62,62,24,24,39,61,60,66,66,66,66,67,67,67,67,69],"gold":488,"neow_bonus":"","is_daily":false,"chose_seed":false,"campfire_upgraded":0,"win_rate":0.0,"timestamp":1607908485,"path_taken":["?","M","?","?","?","E","?","R","MIM","M","R","E","?","?","R_BF","BOSS","M","M","AVR","M","?","R","E","R","MIM","E","?","E","?","M","R","BOSS","M","$","?","M","M","R","E","?","MIM","E","R","E","AVR","?","R","BOSS","BOSS","M","M","?","$","R","M","R","$","?","BOSS"],"items_purchased_type":["Relic","Relic","Card","Card","Relic","Relic","Card","Relic","Potion","Potion","Card","Card","Relic","Relic","Relic","Relic","Card","Relic","Relic","Relic","Relic","Card","Card","Card","Card","Card","Card","Card","Relic","Card","Card","Card","Card"],"build_version":"2020-11-30","purchased_purges":1,"victory":true,"max_hp_per_floor":[30,30,30,30,30,30,30,30,30,30,30,31,32,32,39,40,40,41,42,42,43,43,43,44,44,45,46,46,47,48,49,49,50,48,49,49,49,50,51,51,52,52,53,54,61,62,62,62,62,63,64,65,66,66,66,66,67,67,67,67,69],"relic_stats":{"counters":[32,135],"Bronze Scales":[81],"obtain_stats":[{"Ice Cream":47,"Damocles":0,"Golden Egg":6,"NineVolt":0,"wanderingMiniBosses:OtherGremlinHorn":10,"hubris:MysteriousPyramids":36,"BFFS":29,"Replay:Bronze Core":17,"halation:PromiseList":24,"Void":41,"Replay:Wax Seal":55,"hubris:TinFlute":4,"KeepersGift":0,"MerchantsRug":11,"paleoftheancients:KeyRelic":51,"BookOfRevelations":59,"hubris:FruitBowl":48,"BloodBag":15,"paleoftheancients:Timepiece":51,"Elementarium:ElementariumTrophy":33,"Bronze Scales":51,"Hololive_TheStar":0,"StuffTheSpire:PointBlank":26,"HushsDoor":0,"trackpad:BottledTsunami":55,"BloodDonationMachine":6,"Lantern":11,"Replay:PocketPolymizer":44,"GuppysPaw":4,"Bromod:ArcaneVictory":3,"hubris:EvacipatedBox":48,"StuffTheSpire:Experiment12":2,"DeathBook":46,"hubris:Backtick":47,"WingedGreaves":47,"Potion Belt":23,"energizedSpire:RedRose":34,"StuffTheSpire:Saxophone":36,"infinitespire:FocusingShard":10,"The Courier":23,"paleoftheancients:SoulOfTheVixen":57,"infinitespire:Lucky Rock":4,"MawBank":9,"halation:NonexistentMirror":23,"infinitespire:Satchel":36,"StuffTheSpire:CocoNut":45,"SpikesRelics:DaevaFist":12,"qcfpunch:Red_Headband":20,"halation:AfternoonTea":27,"halation:PinkSoulGem":54,"REME_ComplimentaryCards":0},{"Ice Cream":26,"Damocles":0,"Golden Egg":4,"NineVolt":0,"wanderingMiniBosses:OtherGremlinHorn":6,"hubris:MysteriousPyramids":20,"BFFS":16,"Replay:Bronze Core":9,"halation:PromiseList":13,"Void":23,"Replay:Wax Seal":30,"hubris:TinFlute":3,"KeepersGift":0,"MerchantsRug":6,"paleoftheancients:KeyRelic":28,"BookOfRevelations":31,"hubris:FruitBowl":26,"BloodBag":8,"paleoftheancients:Timepiece":28,"Elementarium:ElementariumTrophy":19,"Bronze Scales":28,"Hololive_TheStar":0,"StuffTheSpire:PointBlank":14,"HushsDoor":0,"trackpad:BottledTsunami":30,"BloodDonationMachine":4,"Lantern":6,"Replay:PocketPolymizer":25,"GuppysPaw":3,"Bromod:ArcaneVictory":2,"hubris:EvacipatedBox":26,"StuffTheSpire:Experiment12":1,"DeathBook":26,"hubris:Backtick":26,"WingedGreaves":26,"Potion Belt":12,"energizedSpire:RedRose":19,"StuffTheSpire:Saxophone":20,"infinitespire:FocusingShard":6,"The Courier":12,"paleoftheancients:SoulOfTheVixen":31,"infinitespire:Lucky Rock":3,"MawBank":5,"halation:NonexistentMirror":12,"infinitespire:Satchel":20,"StuffTheSpire:CocoNut":25,"SpikesRelics:DaevaFist":7,"qcfpunch:Red_Headband":11,"halation:AfternoonTea":15,"halation:PinkSoulGem":30,"REME_ComplimentaryCards":0},{"Ice Cream":105,"Damocles":0,"Golden Egg":13,"NineVolt":0,"wanderingMiniBosses:OtherGremlinHorn":23,"hubris:MysteriousPyramids":84,"BFFS":67,"Replay:Bronze Core":33,"halation:PromiseList":49,"Void":93,"Replay:Wax Seal":125,"hubris:TinFlute":9,"KeepersGift":0,"MerchantsRug":23,"paleoftheancients:KeyRelic":114,"BookOfRevelations":129,"hubris:FruitBowl":105,"BloodBag":28,"paleoftheancients:Timepiece":114,"Elementarium:ElementariumTrophy":79,"Bronze Scales":114,"Hololive_TheStar":0,"StuffTheSpire:PointBlank":54,"HushsDoor":0,"trackpad:BottledTsunami":125,"BloodDonationMachine":13,"Lantern":23,"Replay:PocketPolymizer":102,"GuppysPaw":9,"Bromod:ArcaneVictory":4,"hubris:EvacipatedBox":105,"StuffTheSpire:Experiment12":3,"DeathBook":105,"hubris:Backtick":105,"WingedGreaves":105,"Potion Belt":45,"energizedSpire:RedRose":79,"StuffTheSpire:Saxophone":84,"infinitespire:FocusingShard":23,"The Courier":45,"paleoftheancients:SoulOfTheVixen":129,"infinitespire:Lucky Rock":9,"MawBank":17,"halation:NonexistentMirror":45,"infinitespire:Satchel":84,"StuffTheSpire:CocoNut":102,"SpikesRelics:DaevaFist":26,"qcfpunch:Red_Headband":41,"halation:AfternoonTea":60,"halation:PinkSoulGem":125,"REME_ComplimentaryCards":0}]},"card_choices":[{"not_picked":[],"picked":"BettingIsNotGood","floor":0.0},{"not_picked":["Hololive_OvertimeWork","Hololive_Trident","Enlightenment"],"picked":"Hololive_CandyCastle","floor":2.0},{"not_picked":["Hololive_Breathe","Hololive_Trident","Discovery"],"picked":"hubris:EnhanceAbility","floor":3.0},{"not_picked":["Hololive_Sequa","Hololive_CallOkamiMio","expansioncontent:Sear"],"picked":"Hololive_CallYozoraMel","floor":4.0},{"not_picked":["Battery","Hololive_Rebirth","Hololive_MaximGun"],"picked":"Hololive_AWSL","floor":6.0},{"not_picked":["Hololive_Trident","Dark Shackles","Hololive_Drill"],"picked":"Hololive_CallAZKi","floor":9.0},{"not_picked":["Hololive_Breathe","Hololive_CocoNews","Hololive_StrengthChampion"],"picked":"Hololive_CallAyundaRisu","floor":10.0},{"not_picked":["Panache","Hololive_Recruit","Magnetism"],"picked":"Hololive_DurableLive","floor":12.0},{"not_picked":["Hololive_RevenueBasedLive","Hololive_Rebound","Hololive_CocoNews"],"picked":"expansioncontent:SuperHexaguard","floor":13.0},{"not_picked":["Master of Strategy","Hololive_ScarfAndHalo","Midas Touch"],"picked":"Apotheosis","floor":16.0},{"not_picked":["Impatience","expansioncontent:YouAreMine","Hololive_Psychosis"],"picked":"Hololive_CallHoshimachiSuisei+1","floor":18.0},{"not_picked":["Hololive_Teleport+1","Hololive_OvertimeWork","Hololive_ManjiGathering"],"picked":"Hololive_CallNakiriAyame","floor":19.0},{"not_picked":["Degenerate","Hololive_FlyingPonyTail","Hololive_CallMoonaHoshinova"],"picked":"Hololive_Yoholoon","floor":21},{"not_picked":["ReplayTheSpireMod:Brewmster","expansioncontent:Corrupt","BloodyBrimstone"],"picked":"Hololive_Nanodesu","floor":24},{"not_picked":["Apotheosis","BloodyBrimstone","Transmutation","ReplayTheSpireMod:Necrogeddon"],"picked":"SKIP","floor":27},{"not_picked":["Apotheosis","Hololive_AWSL","Battery"],"picked":"REME_AllRoundStrike","floor":29},{"not_picked":["Hololive_CallYogiri","Hololive_StrengthChampion","Hololive_RevenueBasedLive","Hololive_Breathe"],"picked":"SKIP","floor":30},{"not_picked":["Hololive_LuckPotion","Hololive_StrengthChampion","Hololive_Psychosis"],"picked":"expansioncontent:Collect","floor":31},{"not_picked":["REME_ProfessionalPlagiarism","Secret Technique","Chrysalis"],"picked":"EpicFetus","floor":33},{"not_picked":["Replay:SS_forest_5","Hololive_LuckPotion","Degenerate"],"picked":"Hololive_CallNatsuiroMatsuri","floor":35},{"not_picked":["expansioncontent:PrepareCrush+1","Replay:SS_fish_1+1","Madness","Hololive_StrengthChampion"],"picked":"SKIP","floor":38},{"not_picked":["expansioncontent:HyperBeam","Hololive_HuntDinosaur","Hololive_FlyingPonyTail+1"],"picked":"Hololive_CallNekomataOkayu+1","floor":39},{"not_picked":["Thinking Ahead","Hololive_ASMR","Apotheosis"],"picked":"Metamorphosis","floor":41},{"not_picked":["Replay:Sssssssssshield+1","Hololive_Trident","Hololive_CallNatsuiroMatsuri"],"picked":"Hololive_CallMurasakiShion","floor":42},{"not_picked":["Bandage Up+1","Hololive_Breathe","Hololive_Drill"],"picked":"expansioncontent:DefensiveStance","floor":42},{"not_picked":["Replay:SS_hec_1","Bandage Up","Hololive_CallArtia"],"picked":"Hololive_RevenueBasedLive","floor":42},{"not_picked":["Replay:Sssssssssshield","Hololive_Psychosis","Hololive_Sequa+1"],"picked":"Hololive_CallRoboco","floor":43},{"not_picked":["expansioncontent:StudyTheSpire","Feint","Reforge"],"picked":"Sadistic Nature","floor":44},{"not_picked":["hubris:EnhanceAbility","Midas Touch","Panache"],"picked":"REME_Flogging","floor":46},{"not_picked":["Hololive_StarCraft","EpicFetus","Hololive_DiamondStrike"],"picked":"expansioncontent:QuickStudy","floor":50},{"not_picked":["ChaosCard","Hololive_Recruit","Hololive_DurableLive"],"picked":"Hololive_IdolExercise","floor":51},{"not_picked":["Replay:Bootleg Shield Generator","hubris:Ssssneak","Replay:Sssssssssstrike"],"picked":"Hololive_Breathe+1","floor":52},{"not_picked":["Purity","Hololive_OvertimeWork","Hololive_CallMurasakiShion"],"picked":"expansioncontent:AwakenDeath+1","floor":53},{"not_picked":["expansioncontent:ManipulateTime+1","Dramatic Entrance+1","expansioncontent:GoopSpray","Hololive_RevenueBasedLive"],"picked":"SKIP","floor":57}],"player_experience":3888776,"relics_obtained":[{"floor":2.0,"key":"StuffTheSpire:Experiment12"},{"floor":3.0,"key":"Bromod:ArcaneVictory"},{"floor":4.0,"key":"hubris:TinFlute"},{"floor":4.0,"key":"GuppysPaw"},{"floor":4.0,"key":"infinitespire:Lucky Rock"},{"floor":6.0,"key":"Golden Egg"},{"floor":6.0,"key":"BloodDonationMachine"},{"floor":9.0,"key":"MawBank"},{"floor":10.0,"key":"wanderingMiniBosses:OtherGremlinHorn"},{"floor":10.0,"key":"infinitespire:FocusingShard"},{"floor":12.0,"key":"SpikesRelics:DaevaFist"},{"floor":24,"key":"halation:PromiseList"},{"floor":26,"key":"StuffTheSpire:PointBlank"},{"floor":27,"key":"halation:AfternoonTea"},{"floor":29,"key":"BFFS"},{"floor":41,"key":"Void"},{"floor":44,"key":"Replay:PocketPolymizer"},{"floor":46,"key":"DeathBook"},{"floor":57,"key":"paleoftheancients:SoulOfTheVixen"}],"event_choices":[{"damage_healed":0.0,"max_hp_gain":0.0,"max_hp_loss":0.0,"gold_gain":0.0,"event_name":"HidenRoomEvent","player_choice":"Fight","floor":4.0,"gold_loss":0.0,"damage_taken":0.0},{"damage_healed":0,"gold_gain":0,"player_choice":"Embrace","damage_taken":0,"max_hp_gain":0,"max_hp_loss":0,"event_name":"Elementarium:VoidShrine","floor":22,"gold_loss":0,"cards_obtained":["Doubt","Hololive_DurableLive"]}],"is_beta":false,"boss_relics":[{"not_picked":["qcfpunch:Crimson_Sash","halation:ForbiddenBikini"],"picked":"Replay:Bronze Core"},{"not_picked":[]},{"not_picked":["Honey Jar","StuffTheSpire:RunicConfusion"],"picked":"energizedSpire:RedRose"},{"not_picked":[]}],"items_purged_floors":[47],"is_endless":false,"potions_floor_spawned":[12,13,16,24,27,30,31,33,44,50,51,53,61],"ascension_level":20}}