{"host":"bsqaowxr2lcqjse6","time":1607942057,"event":{"mods":["Act Like it!","Aspiration","BaseMod","Beaked The Cultist","Better Altar","Better Match","Better Note","Better Third Choice","BetterRewards","Block Reminder","Colored Map","Colored Powertips","Conspire","DeckTracker","Downfall","Elementarium","Energized Spire","GifTheSpireLib","GungeonMod","Hubris","Hunter ??","Infinite Spire","Jorbs\u0027s Wanderer Trilogy","Minty Spire (QoL Compilation)","Rare Cards Sparkle","Relic Stats","Replay The Spire","Shade Mod","Shop Mod","Spicy Shops","StSLib","Stuff the Spire","Td1madao Mod","Transform Curses","Wandering Minibosses"],"gold_per_floor":[119,119,119,134,36,36,49,82,82,97,97,109,142,152,152,254,254,274,274,274],"floor_reached":19,"playtime":1329,"items_purged":[],"score":188,"play_id":"e0776d5c-aa6b-4e91-b513-aa56955a1335","local_time":"20201214213417","is_ascension_mode":true,"campfire_choices":[{"data":"beaked:WarriorEssence","floor":6,"key":"SMITH"},{"data":"beaked:BloodForTheGods","floor":11,"key":"SMITH"},{"data":"beaked:FeelMyPain","floor":15,"key":"SMITH"}],"circlet_count":0,"master_deck":["beaked:Strike_Y","beaked:Strike_Y","beaked:Strike_Y","beaked:Strike_Y","beaked:Strike_Y","beaked:Strike_Y","beaked:Defend_Y","beaked:Defend_Y","beaked:Defend_Y","beaked:Defend_Y","beaked:Ceremony","beaked:Ceremony","beaked:Ceremony","beaked:BloodForTheGods+1","beaked:WarriorEssence+1","expansioncontent:AwakenDeath","beaked:Foresight","beaked:DesperateSwing","beaked:FeelMyPain+1","beaked:Hexing","beaked:ScreechingChant"],"relics":["beaked:MendingPlumage","NeowsBlessing","Pet Ghost","Shuriken","Mirror","Replay:PocketPolymizer","energizedSpire:OgreHead"],"acts_visited":["Exordium","TheCity"],"potions_floor_usage":[8],"damage_taken":[{"damage":0,"enemies":"Jaw Worm","floor":1,"turns":1},{"damage":0,"enemies":"Small Slimes","floor":4,"turns":2},{"damage":0,"enemies":"Cultist","floor":7,"turns":1},{"damage":14,"enemies":"Gremlin Nob","floor":8,"turns":4},{"damage":9,"enemies":"Looter","floor":10,"turns":3},{"damage":20,"enemies":"Blue Slaver","floor":12,"turns":4},{"damage":41,"enemies":"Replay:BlueRogue","floor":13,"turns":6},{"damage":35,"enemies":"Exordium Wildlife","floor":14,"turns":6},{"damage":85,"enemies":"Fading Forest","floor":16,"turns":11},{"damage":37,"enemies":"Spheric Guardian","floor":18,"turns":6},{"damage":43,"enemies":"3 Byrds","floor":19,"turns":3}],"seed_played":"-8337869340742752494","potions_obtained":[{"floor":1,"key":"FearPotion"},{"floor":7,"key":"Ancient Potion"},{"floor":8,"key":"LifebloodPotion"},{"floor":13,"key":"Languid Potion"}],"is_trial":false,"path_per_floor":["M","?","?","M","$","R","M","E","T","M","R","M","E","M","R","B",null,"M","M"],"character_chosen":"BEAKED_THE_CULTIST","items_purchased":["expansioncontent:AwakenDeath"],"campfire_rested":0,"item_purchase_floors":[5],"current_hp_per_floor":[50,50,47,49,49,49,50,41,41,41,41,32,36,48,48,27,50,22,0,0],"gold":274,"neow_bonus":"THREE_ENEMY_KILL","is_daily":false,"chose_seed":false,"campfire_upgraded":3,"win_rate":0.0,"timestamp":1607942057,"path_taken":["M","?","?","M","?","R","?","E","T","M","R","M","E","M","R","BOSS","M","M"],"items_purchased_type":["Card"],"build_version":"2020-12-13","purchased_purges":0,"victory":false,"max_hp_per_floor":[50,50,50,50,50,50,50,50,50,50,50,50,50,50,50,50,50,50,50,50],"relic_stats":{"counters":[11,47],"Shuriken":[8],"obtain_stats":[{"Replay:PocketPolymizer":13,"NeowsBlessing":0,"Shuriken":8,"DemoMod:GlassGuonStoneRelic":1,"energizedSpire:OgreHead":17,"beaked:MendingPlumage":0,"Mirror":9,"Pet Ghost":3},{"Replay:PocketPolymizer":7,"NeowsBlessing":0,"Shuriken":4,"DemoMod:GlassGuonStoneRelic":1,"energizedSpire:OgreHead":9,"beaked:MendingPlumage":0,"Mirror":4,"Pet Ghost":1},{"Replay:PocketPolymizer":21,"NeowsBlessing":0,"Shuriken":8,"DemoMod:GlassGuonStoneRelic":1,"energizedSpire:OgreHead":38,"beaked:MendingPlumage":0,"Mirror":8,"Pet Ghost":1}]},"card_choices":[{"not_picked":["beaked:SacrificialAttack","beaked:Foresight"],"picked":"beaked:BloodForTheGods","floor":1},{"not_picked":["beaked:MimicWarrior","ReplayTheSpireMod:Prepare the Ceremony"],"picked":"beaked:WarriorEssence","floor":4},{"not_picked":["beaked:BloodRitual","beaked:MimicWarrior"],"picked":"beaked:Foresight","floor":7},{"not_picked":["beaked:HuntressEssence","beaked:StunningBlow"],"picked":"beaked:DesperateSwing","floor":8},{"not_picked":["beaked:Windmill","beaked:Redirect"],"picked":"beaked:FeelMyPain","floor":10},{"not_picked":["beaked:Tradeoff","beaked:Tweet","beaked:Recite"],"picked":"SKIP","floor":12},{"not_picked":["beaked:BarbedWire","beaked:Tweet"],"picked":"beaked:Hexing","floor":13},{"not_picked":["beaked:Recite","beaked:HuntressEssence"],"picked":"beaked:ScreechingChant","floor":14},{"not_picked":["beaked:Redirect","beaked:Windmill","beaked:Cower"],"picked":"SKIP","floor":18}],"player_experience":581155,"relics_obtained":[{"floor":8,"key":"Shuriken"},{"floor":9,"key":"Mirror"},{"floor":13,"key":"Replay:PocketPolymizer"}],"event_choices":[{"damage_healed":0,"gold_gain":0,"player_choice":"Disagree","damage_taken":0,"max_hp_gain":0,"max_hp_loss":0,"event_name":"conspire:LoneGhost","floor":2,"gold_loss":0},{"damage_healed":0,"gold_gain":0,"player_choice":"Relic ","damage_taken":3,"max_hp_gain":0,"max_hp_loss":0,"event_name":"betterThird:BetterScrap","floor":3,"gold_loss":0,"cards_obtained":["ReplayTheSpireMod:The Works"]}],"is_beta":false,"boss_relics":[{"not_picked":["Astrolabe","Replay:Bronze Core"],"picked":"energizedSpire:OgreHead"}],"items_purged_floors":[],"is_endless":false,"potions_floor_spawned":[1,7,8,13,16],"killed_by":"3 Byrds","ascension_level":1}}