{"host":"i9o21tdcc8l3o4rw","time":1607954997,"event":{"mods":["Act Like it!","BaseMod","BetterRewards","Colored Map","Colored Powertips","Hermit","Hubris","Marisa????????","Menagerie","Minty Spire (QoL Compilation)","Replay The Spire","Shop Mod","StSLib","The Disciple","The Necromancer"],"gold_per_floor":[112,124,124,21,35,35,48,74,74,1,12,30,30,61,61,161,161,180,194,207,21,21,49,59,69,69,2,2,2,2,2],"floor_reached":30,"playtime":4753,"items_purged":[],"score":262,"play_id":"02d3e9b8-f44e-46af-b1e1-246c1d5b9f04","local_time":"20201214150957","is_ascension_mode":false,"campfire_choices":[{"data":"Finger_Of_Death","floor":6.0,"key":"SMITH"},{"data":"Toxic_Smoke_Screen","floor":13.0,"key":"SMITH"},{"floor":15.0,"key":"REST"}],"circlet_count":0,"master_deck":["Strike_W+1","Strike_W+1","Strike_W+1","Strike_W+1","Defend_W+1","Defend_W+1","Defend_W+1","Defend_W+1","Negative_Energy_Arrows+1","Bone_Wall","Blood_Curse","Siphon_Strength","Summon_Lich","Finger_Of_Death+1","Negative_Energy_Sphere","Toxic_Smoke_Screen+1","Negative_Energy_Shield","Acid_Javelin","Bone_Armor","Corrupt","Necrotic_Claws","Cloudkill","Blood_Whip+1","Death_Coil+1","Bone_Spikes","Deaths_Shadow","Skeleton_Dragon+1","Negative_Energy_Javelin+1","Blood_Curse+1","Consume_Illness+1","Slay_Living+1"],"relics":["Vampire_Amulet","NeowsBlessing","hubris:Metronome","hubris:TenFootPole","Meat on the Bone","Matryoshka","Black Star","Nunchaku","Molten Egg 2","Whetstone"],"acts_visited":["Exordium","TheCity"],"potions_floor_usage":[],"damage_taken":[{"damage":0.0,"enemies":"Jaw Worm","floor":1.0,"turns":1.0},{"damage":0.0,"enemies":"Cultist","floor":2.0,"turns":1.0},{"damage":0.0,"enemies":"2 Louse","floor":5.0,"turns":1.0},{"damage":0.0,"enemies":"Looter","floor":7.0,"turns":2.0},{"damage":21.0,"enemies":"Lagavulin","floor":8.0,"turns":7.0},{"damage":0.0,"enemies":"3 Louse","floor":11.0,"turns":3.0},{"damage":4.0,"enemies":"2 Fungi Beasts","floor":12.0,"turns":4.0},{"damage":1.0,"enemies":"Replay:BlueRogue","floor":14.0,"turns":5.0},{"damage":33.0,"enemies":"Fading Forest","floor":16.0,"turns":11.0},{"damage":6.0,"enemies":"Chosen","floor":18.0,"turns":6.0},{"damage":15.0,"enemies":"Spheric Guardian","floor":19.0,"turns":6.0},{"damage":58.0,"enemies":"3 Cultists","floor":20.0,"turns":7.0},{"damage":39,"enemies":"Book of Stabbing","floor":23,"turns":11},{"damage":15,"enemies":"Cultist and Chosen","floor":24,"turns":7},{"damage":20,"enemies":"Sentry and Sphere","floor":25,"turns":4},{"damage":18,"enemies":"Centurion and Healer","floor":30,"turns":3}],"seed_played":"6148255842883609715","potions_obtained":[{"floor":1.0,"key":"EssenceOfSteel"},{"floor":7.0,"key":"Weak Potion"},{"floor":11.0,"key":"Elixir"},{"floor":20.0,"key":"Doom Potion"},{"floor":23,"key":"DuplicationPotion"}],"is_trial":false,"path_per_floor":["M","M","?","$","M","R","M","E","T","$","M","M","R","E","R","B",null,"M","M","M","$","?","E","M","M","T","$","?","?","M"],"character_chosen":"NECROMANCER","items_purchased":["Summon_Lich","Finger_Of_Death","Acid_Javelin","Deaths_Shadow","Skeleton_Dragon+1","Slay_Living+1"],"campfire_rested":1,"item_purchase_floors":[4,4,10,21,21,27],"current_hp_per_floor":[75,75,75,75,75,75,75,56,56,56,62,62,62,63,75,58,75,71,58,18,18,43,18,19,15,15,15,15,15,0,0],"gold":2,"neow_bonus":"THREE_ENEMY_KILL","is_daily":false,"chose_seed":false,"campfire_upgraded":2,"win_rate":0.0,"timestamp":1607954997,"path_taken":["M","M","?","$","M","R","M","E","T","$","M","?","R","E","R","BOSS","M","M","M","$","?","E","M","M","T","$","?","?","?"],"items_purchased_type":["Card","Card","Card","Card","Card","Card"],"build_version":"2020-11-29","purchased_purges":0,"victory":false,"max_hp_per_floor":[75,75,75,75,75,75,75,75,75,75,75,75,75,75,75,75,75,75,75,75,75,75,75,75,75,75,75,75,75,75,75],"card_choices":[{"not_picked":["Whirlwind_of_Bones","Deaths_Shadow"],"picked":"Blood_Curse","floor":1.0},{"not_picked":["Bone_Spikes","Blood_Is_Power"],"picked":"Siphon_Strength","floor":2.0},{"not_picked":["Shackles_Of_Pain","Scare"],"picked":"Negative_Energy_Sphere","floor":5.0},{"not_picked":["Whirlwind_of_Bones","Strike_from_Beyond"],"picked":"Toxic_Smoke_Screen","floor":7.0},{"not_picked":["Blood_Is_Power","Exploit"],"picked":"Negative_Energy_Shield","floor":8.0},{"not_picked":["Death_March_Dance","Bone_Armory"],"picked":"Bone_Armor","floor":11.0},{"not_picked":["Negative_Energy_Sphere","Bone_Shift"],"picked":"Corrupt","floor":12.0},{"not_picked":["Finger_Of_Death","Bones_to_Steel"],"picked":"Necrotic_Claws","floor":14.0},{"not_picked":["Negative_Energy_Bomb","Skeleton_Dragon"],"picked":"Cloudkill","floor":16.0},{"not_picked":["Blood_Shield","Toxic_Smoke_Screen"],"picked":"Blood_Whip+1","floor":18.0},{"not_picked":["Bones_to_Steel","Blood_Is_Power"],"picked":"Death_Coil","floor":19.0},{"not_picked":["Consume_Illness","Finger_Of_Death"],"picked":"Bone_Spikes","floor":20.0},{"not_picked":["Bone_Shift","Death_Coil+1"],"picked":"Negative_Energy_Javelin+1","floor":23},{"not_picked":["Negative_Energy_Mist+1","Thousand_Bone_Knives+1"],"picked":"Blood_Curse+1","floor":24},{"not_picked":["Blood_for_Blood","Toxic_Smoke_Screen"],"picked":"Consume_Illness+1","floor":25}],"player_experience":28439,"relics_obtained":[{"floor":8.0,"key":"hubris:TenFootPole"},{"floor":9.0,"key":"Meat on the Bone"},{"floor":14.0,"key":"Matryoshka"},{"floor":23,"key":"Nunchaku"},{"floor":23,"key":"Molten Egg 2"},{"floor":26,"key":"Whetstone"}],"event_choices":[{"damage_healed":0.0,"max_hp_gain":0.0,"max_hp_loss":0.0,"gold_gain":0.0,"event_name":"WeMeetAgain","player_choice":"Gave Potion","floor":3.0,"gold_loss":0.0,"damage_taken":0.0,"relics_obtained":["hubris:Metronome"]},{"damage_healed":25,"gold_gain":0,"player_choice":"Heal","damage_taken":0,"max_hp_gain":0,"max_hp_loss":0,"event_name":"The Library","floor":22,"gold_loss":0},{"damage_healed":0,"gold_gain":0,"player_choice":"Ignored","damage_taken":0,"max_hp_gain":0,"max_hp_loss":0,"event_name":"The Mausoleum","floor":28,"gold_loss":0},{"damage_healed":0,"gold_gain":0,"player_choice":"Simplicity","damage_taken":0,"max_hp_gain":0,"max_hp_loss":0,"event_name":"Back to Basics","floor":29,"gold_loss":0,"cards_upgraded":["Strike_W","Strike_W","Strike_W","Strike_W","Defend_W","Defend_W","Defend_W","Defend_W"]}],"is_beta":false,"boss_relics":[{"not_picked":["Velvet Choker","Kintsugi"],"picked":"Black Star"}],"items_purged_floors":[],"is_endless":false,"potions_floor_spawned":[1,7,11,20,23,25],"killed_by":"Centurion and Healer","ascension_level":0}}