{"host":"6z6y4ky8uzsz1dpj","time":1607950276,"event":{"mods":["2.2 Compatiblity","AchievementEnabler","BaseMod","BetterRewards","Challenge The Spire","Colored Map","Hubris","Minty Spire (QoL Compilation)","Quick Restart","Replay The Spire","StSLib","The Construct","The Cursed","The Hierophant","The Necromancer","The Poker Player","The Servant 0.9.4"],"gold_per_floor":[109,125,125,50,67,92,103,103,128,159,170,170,184,215,215,313,313,331,331,150,164,15,47,47,47,47,47,47],"floor_reached":27,"playtime":1001,"items_purged":["Strike_G","Strike_G"],"score":351,"play_id":"84b37541-bbd9-4a19-9c8a-8883182ae4e7","local_time":"20201214075116","is_ascension_mode":true,"campfire_choices":[{"floor":8,"key":"REST"},{"data":"Deadly Poison","floor":12,"key":"SMITH"},{"floor":15,"key":"REST"},{"data":"ReplayTheSpireMod:Necrosis","floor":25,"key":"SMITH"}],"circlet_count":0,"master_deck":["Defend_G","Defend_G","Defend_G","Defend_G","Defend_G","Survivor","Neutralize","Poisoned Stab","Prepared","Poisoned Stab","Escape Plan","Tools of the Trade","Deadly Poison+1","Bouncing Flask","ReplayTheSpireMod:Necrosis+1","Deadly Poison","Specialist","Prepared+1","Bite","Bite","Bite","Bite","Bite"],"relics":["Ring of the Snake","The Specimen","Question Card","Unceasing Top","hubris:OldNail","InkBottle","ReplayTheSpireMod:Shallot","Empty Cage","Lee\u0027s Waffle","Bottled Lightning","Gremlin Horn"],"acts_visited":["Exordium","TheCity"],"potions_floor_usage":[10],"damage_taken":[{"damage":6,"enemies":"Jaw Worm","floor":1,"turns":5},{"damage":2,"enemies":"Cultist","floor":2,"turns":4},{"damage":0,"enemies":"2 Louse","floor":5,"turns":2},{"damage":32,"enemies":"Lagavulin","floor":6,"turns":7},{"damage":2,"enemies":"Large Slime","floor":7,"turns":8},{"damage":1,"enemies":"Gremlin Nob","floor":10,"turns":4},{"damage":4,"enemies":"Gremlin Gang","floor":11,"turns":6},{"damage":3,"enemies":"Looter","floor":13,"turns":3},{"damage":14,"enemies":"Lagavulin","floor":14,"turns":5},{"damage":6,"enemies":"Hexaghost","floor":16,"turns":8},{"damage":35,"enemies":"3 Byrds","floor":18,"turns":4},{"damage":0,"enemies":"Spheric Guardian","floor":21,"turns":3},{"damage":44,"enemies":"Book of Stabbing","floor":23,"turns":6},{"damage":45,"enemies":"Replay:Snechameleon","floor":27,"turns":6}],"seed_played":"2826113200238783548","potions_obtained":[{"floor":5,"key":"Milkshake"},{"floor":6,"key":"SteroidPotion"},{"floor":7,"key":"PowerPotion"},{"floor":11,"key":"Strength Potion"},{"floor":16,"key":"Dexterity Potion"}],"is_trial":false,"path_per_floor":["M","M","?","$","M","E","M","R","T","E","M","R","M","E","R","B",null,"M","?","$","M","$","E","?","R","T","E"],"character_chosen":"THE_SILENT","items_purchased":["Poisoned Stab","Question Card","Specialist","Lee\u0027s Waffle"],"campfire_rested":2,"item_purchase_floors":[0,0,20,22],"current_hp_per_floor":[50,48,48,48,48,16,14,35,35,34,30,30,27,13,34,28,60,25,25,25,25,77,33,33,33,33,0,0],"gold":47,"neow_bonus":"","is_daily":false,"chose_seed":false,"campfire_upgraded":2,"win_rate":0.0,"timestamp":1607950276,"path_taken":["M","M","?","$","M","E","M","R","T","E","?","R","?","E","R","BOSS","M","?","$","M","$","E","?","R","T","E"],"items_purchased_type":["Card","Relic","Card","Relic"],"build_version":"2020-12-13","purchased_purges":2,"victory":false,"max_hp_per_floor":[70,70,70,70,70,70,70,70,70,70,70,70,70,70,70,70,70,70,70,70,70,77,77,53,53,53,53,53],"card_choices":[{"not_picked":["Slice","ReplayTheSpireMod:Exploit Weakness","Cloak And Dagger"],"picked":"Prepared","floor":1},{"not_picked":["Finisher","Outmaneuver","Bullet Time"],"picked":"Poisoned Stab","floor":2},{"not_picked":["Predator","hubris:TrickCloak","Choke"],"picked":"Escape Plan","floor":5},{"not_picked":["Riddle With Holes","Quick Slash","hubris:SlightOfHand","All Out Attack"],"picked":"SKIP","floor":6},{"not_picked":["Quick Slash","Blade Dance","hubris:Counter","Slice"],"picked":"SKIP","floor":7},{"not_picked":["Endless Agony","Acrobatics","Tactician"],"picked":"Tools of the Trade","floor":10},{"not_picked":["Backflip","Backstab","Blur"],"picked":"Deadly Poison","floor":11},{"not_picked":["Backflip","Dagger Spray","Acrobatics","hubris:Counter"],"picked":"SKIP","floor":13},{"not_picked":["Hidden Blade","Replay:Bag of Tricks","All Out Attack"],"picked":"Bouncing Flask","floor":14},{"not_picked":["Tools of the Trade","Phantasmal Killer","Doppelganger"],"picked":"ReplayTheSpireMod:Necrosis","floor":16},{"not_picked":["Eviscerate","Slice+1","Dagger Throw"],"picked":"Deadly Poison","floor":18},{"not_picked":["Slice+1","Acrobatics","Quick Slash","Deflect"],"picked":"SKIP","floor":21},{"not_picked":["ReplayTheSpireMod:Necrosis","Flying Knee","Quick Slash+1"],"picked":"Prepared+1","floor":23}],"player_experience":193399,"relics_obtained":[{"floor":6,"key":"Unceasing Top"},{"floor":9,"key":"hubris:OldNail"},{"floor":10,"key":"InkBottle"},{"floor":14,"key":"ReplayTheSpireMod:Shallot"},{"floor":23,"key":"Bottled Lightning"},{"floor":26,"key":"Gremlin Horn"}],"event_choices":[{"cards_removed":["Strike_G"],"damage_healed":0,"gold_gain":0,"player_choice":"Purged","damage_taken":0,"max_hp_gain":0,"max_hp_loss":0,"event_name":"Purifier","floor":3,"gold_loss":0},{"damage_healed":0,"gold_gain":0,"player_choice":"Became a vampire","damage_taken":0,"max_hp_gain":0,"max_hp_loss":24,"event_name":"Vampires","floor":24,"gold_loss":0,"cards_obtained":["Bite","Bite","Bite","Bite","Bite"]}],"is_beta":false,"boss_relics":[{"not_picked":["hubris:GrandSneckoEye","hubris:BlackHole"],"picked":"Empty Cage"}],"items_purged_floors":[4,20],"is_endless":false,"potions_floor_spawned":[5,6,7,11,16,21],"killed_by":"Replay:Snechameleon","ascension_level":6}}