{"host":"wfuprrvhjp4xs686","time":1607980524,"event":{"mods":["BaseMod","Better Match","Better Skull","Better Third Choice","Minty Spire (QoL Compilation)","Quick Restart","Replay The Spire","Spicy Shops","StSLib","Uncapped","Unceasing Turn Reminder"],"gold_per_floor":[112,46,65,254,267,299,299,329,329,344,376,376,392,426,426,426,426],"floor_reached":16,"playtime":1034,"items_purged":[],"score":260,"play_id":"0bd28306-9221-4b47-91d8-31d214e75e69","local_time":"20201214161524","daily_mods":["SealedDeck","DeadlyEvents","Elite Swarm","Uncertain Future"],"is_ascension_mode":true,"campfire_choices":[{"data":"ReplayTheSpireMod:Strike From Hell","floor":7,"key":"SMITH"},{"data":"Abandon","floor":12,"key":"SMITH"},{"data":"Dropkick","floor":15,"key":"SMITH"}],"circlet_count":0,"master_deck":["AscendersBane","Cleave","Disarm","Disarm","Dropkick+1","Abandon+1","Thunderclap","Evolve","Feel No Pain","Feel No Pain","Fire Breathing","ReplayTheSpireMod:Strike From Hell+1"],"relics":["Burning Blood","Shuriken","Quantum Egg","Bottled Flame","Ornamental Fan","Red Skull"],"acts_visited":[],"potions_floor_usage":[6,6,11],"damage_taken":[{"damage":11,"enemies":"Jaw Worm","floor":1,"turns":5},{"damage":0,"enemies":"Cultist","floor":3,"turns":5},{"damage":4,"enemies":"2 Louse","floor":5,"turns":3},{"damage":8,"enemies":"Gremlin Nob","floor":6,"turns":5},{"damage":26,"enemies":"3 Sentries","floor":8,"turns":3},{"damage":15,"enemies":"Gremlin Gang","floor":10,"turns":3},{"damage":6,"enemies":"Gremlin Nob","floor":11,"turns":4},{"damage":0,"enemies":"Large Slime","floor":13,"turns":3},{"damage":14,"enemies":"3 Sentries","floor":14,"turns":3},{"damage":20,"enemies":"The Guardian","floor":16,"turns":2}],"seed_played":"6107211150458228984","potions_obtained":[{"floor":1,"key":"HeartOfIron"},{"floor":3,"key":"SteroidPotion"},{"floor":5,"key":"AttackPotion"},{"floor":10,"key":"FearPotion"}],"is_trial":true,"path_per_floor":["M","$","M","?","M","E","R","E","T","M","E","R","M","E","R","B"],"character_chosen":"IRONCLAD","items_purchased":["ReplayTheSpireMod:Strike From Hell"],"campfire_rested":0,"item_purchase_floors":[2],"current_hp_per_floor":[63,63,69,51,53,51,51,31,31,22,22,22,28,20,20,0,0],"gold":426,"neow_bonus":"","is_daily":false,"chose_seed":false,"campfire_upgraded":3,"win_rate":0.0,"timestamp":1607980524,"path_taken":["M","$","M","?","?","E","R","E","T","M","?","R","M","E","R","BOSS"],"items_purchased_type":["Card"],"build_version":"2020-12-13","purchased_purges":0,"victory":false,"max_hp_per_floor":[75,75,75,75,75,75,75,75,75,75,75,75,75,75,75,75,75],"card_choices":[{"not_picked":["Warcry","Body Slam","True Grit"],"picked":"SKIP","floor":1},{"not_picked":["Rampage","Second Wind","Clash"],"picked":"SKIP","floor":3},{"not_picked":["Pommel Strike","Clothesline","Iron Wave"],"picked":"SKIP","floor":5},{"not_picked":["Hemogenesis","Brutality","Eclipse"],"picked":"SKIP","floor":6},{"not_picked":["Eclipse","Barricade","Immolate"],"picked":"SKIP","floor":8},{"not_picked":["Headbutt","Second Wind","Massacre"],"picked":"SKIP","floor":10},{"not_picked":["Exhume","Berserk","Immolate"],"picked":"SKIP","floor":11},{"not_picked":["Spot Weakness","Havoc","Clash"],"picked":"SKIP","floor":13},{"not_picked":["Immolate","Double Tap","Eclipse"],"picked":"SKIP","floor":14}],"player_experience":2292369,"relics_obtained":[{"floor":6,"key":"Shuriken"},{"floor":8,"key":"Quantum Egg"},{"floor":9,"key":"Bottled Flame"},{"floor":11,"key":"Ornamental Fan"},{"floor":14,"key":"Red Skull"}],"event_choices":[{"damage_healed":0,"gold_gain":189,"player_choice":"GO GO ","damage_taken":20,"relics_obtained":[],"max_hp_gain":0,"max_hp_loss":0,"event_name":"betterSkull:BetterSkull","floor":4,"gold_loss":0,"cards_upgraded":[]}],"is_beta":false,"boss_relics":[],"items_purged_floors":[],"is_endless":true,"potions_floor_spawned":[1,3,5,10,13],"killed_by":"The Guardian","ascension_level":20}}