{"host":"5f8ute538gzudddu","time":1607931280,"event":{"mods":["BaseMod","Highlight Path","Minty Spire (QoL Compilation)","Relic Stats","StSLib"],"gold_per_floor":[109,123,123,137,152,184,184,216,216,216,286,320,102,20,20,95,95,131,148,148,148,33,33,61,61,61,61,87,12,12,49,49,126,126,169,169,4,23,23,23,73,92,92,92,142,65,75,129,129,154,154,154],"floor_reached":51,"playtime":3041,"items_purged":["Eruption"],"score":1614,"play_id":"14db2686-9752-4fd5-b1b2-40ffde3f3373","local_time":"20201213233440","is_ascension_mode":true,"campfire_choices":[{"data":"Blasphemy","floor":7.0,"key":"SMITH"},{"floor":10.0,"key":"REST"},{"data":"TalkToTheHand","floor":15.0,"key":"SMITH"},{"data":"Worship","floor":23.0,"key":"SMITH"},{"data":"Devotion","floor":25.0,"key":"SMITH"},{"data":"BattleHymn","floor":27.0,"key":"SMITH"},{"data":"Meditate","floor":30.0,"key":"SMITH"},{"data":"Pray","floor":32.0,"key":"SMITH"},{"data":"Establishment","floor":40.0,"key":"SMITH"},{"data":"Meditate","floor":44.0,"key":"SMITH"},{"floor":49.0,"key":"RECALL"}],"circlet_count":0,"master_deck":["AscendersBane","Vigilance","Blasphemy+1","DeceiveReality","Meditate+1","Vault","CutThroughFate","EmptyFist","TalkToTheHand+1","Pray+1","TalkToTheHand","Prostrate","FlyingSleeves","ThirdEye","Devotion+1","Brilliance","Wish","Weave","BattleHymn+1","Weave","LikeWater","Meditate+1","Worship+1","Establishment+1","EmptyMind","WaveOfTheHand","ThirdEye","Wallop","CutThroughFate+1","InnerPeace"],"relics":["PureWater","Eternal Feather","Letter Opener","Thread and Needle","HornCleat","TungstenRod","DollysMirror","Pandora\u0027s Box","CloakClasp","Singing Bowl","Boot","Coffee Dripper","Sling","Pocketwatch","Turnip","TeardropLocket"],"acts_visited":["Exordium","TheCity","TheBeyond"],"potions_floor_usage":[51],"damage_taken":[{"damage":0.0,"enemies":"2 Louse","floor":1.0,"turns":2.0},{"damage":1.0,"enemies":"Cultist","floor":2.0,"turns":4.0},{"damage":2.0,"enemies":"Small Slimes","floor":4.0,"turns":5.0},{"damage":6.0,"enemies":"Blue Slaver","floor":5.0,"turns":3.0},{"damage":41.0,"enemies":"3 Sentries","floor":6.0,"turns":16.0},{"damage":11.0,"enemies":"Lagavulin","floor":8.0,"turns":8.0},{"damage":20.0,"enemies":"Gremlin Nob","floor":12.0,"turns":4.0},{"damage":6.0,"enemies":"The Guardian","floor":16.0,"turns":19.0},{"damage":9.0,"enemies":"2 Thieves","floor":18.0,"turns":4.0},{"damage":3.0,"enemies":"Chosen","floor":19.0,"turns":5.0},{"damage":17.0,"enemies":"Slavers","floor":24.0,"turns":5.0},{"damage":0.0,"enemies":"Book of Stabbing","floor":28.0,"turns":4.0},{"damage":0.0,"enemies":"Sentry and Sphere","floor":31.0,"turns":5.0},{"damage":28.0,"enemies":"Collector","floor":33.0,"turns":10.0},{"damage":3.0,"enemies":"Orb Walker","floor":35.0,"turns":3.0},{"damage":0.0,"enemies":"3 Shapes","floor":38.0,"turns":4.0},{"damage":0.0,"enemies":"Giant Head","floor":41.0,"turns":5.0},{"damage":0.0,"enemies":"3 Darklings","floor":42.0,"turns":3.0},{"damage":0.0,"enemies":"Mind Bloom Boss Battle","floor":45.0,"turns":5.0},{"damage":0.0,"enemies":"Spire Growth","floor":47.0,"turns":5.0},{"damage":0.0,"enemies":"Nemesis","floor":48.0,"turns":5.0},{"damage":32.0,"enemies":"Donu and Deca","floor":50.0,"turns":11.0},{"damage":43,"enemies":"Time Eater","floor":51,"turns":11}],"seed_played":"-3203578338687782238","potions_obtained":[{"floor":1.0,"key":"ColorlessPotion"},{"floor":16.0,"key":"DuplicationPotion"},{"floor":18.0,"key":"Ancient Potion"},{"floor":24.0,"key":"Weak Potion"},{"floor":38.0,"key":"PowerPotion"}],"is_trial":false,"path_per_floor":["M","M","?","M","M","E","R","E","T","R","T","E","$","$","R","B",null,"M","M","?","?","$","R","E","R","T","R","E","?","R","M","R","B",null,"M","?","$","M","$","R","E","M","T","R","?","$","M","E","R","B","B"],"character_chosen":"WATCHER","items_purchased":["DollysMirror","Prostrate","FlyingSleeves","ThirdEye","Worship","Sling","Wallop"],"campfire_rested":1,"item_purchase_floors":[13,13,14,14,22,37,46],"current_hp_per_floor":[61,60,60,58,52,11,20,9,9,36,36,16,16,16,28,22,52,43,40,40,40,40,52,35,47,47,59,61,61,64,66,66,38,59,58,58,58,58,58,65,65,67,67,67,67,67,67,67,67,35,0,0],"gold":154,"neow_bonus":"THREE_RARE_CARDS","is_daily":false,"chose_seed":false,"campfire_upgraded":9,"win_rate":0.0,"timestamp":1607931280,"path_taken":["M","M","?","?","M","E","R","E","T","R","?","E","?","$","R","BOSS","M","M","?","?","$","R","E","R","T","R","E","?","R","M","R","BOSS","M","?","$","M","$","R","E","M","T","R","?","?","?","E","R","BOSS","BOSS"],"items_purchased_type":["Relic","Card","Card","Card","Card","Relic","Card"],"build_version":"2020-12-13","purchased_purges":1,"victory":false,"max_hp_per_floor":[62,62,62,62,62,62,62,62,62,62,62,62,62,62,62,62,62,62,62,62,62,62,62,62,62,62,62,64,64,64,66,66,66,66,68,65,65,65,65,65,65,67,67,67,67,67,67,67,67,67,67,67],"relic_stats":{"Singing Bowl":8,"counters":[23,146],"Eternal Feather":76,"Pandora\u0027s Box":["Brilliance","Wish","Weave","BattleHymn","Halt","Weave","LikeWater","Meditate"],"Turnip":[1],"CloakClasp":[273],"Letter Opener":[201],"Boot":[86],"obtain_stats":[{"Singing Bowl":26,"Eternal Feather":6,"Thread and Needle":9,"CloakClasp":24,"Letter Opener":8,"TeardropLocket":48,"Boot":28,"Sling":37,"HornCleat":11,"DollysMirror":13,"Pandora\u0027s Box":17,"Turnip":45,"Coffee Dripper":34,"PureWater":0,"TungstenRod":12,"Pocketwatch":41},{"Singing Bowl":11,"Eternal Feather":5,"Thread and Needle":6,"CloakClasp":11,"Letter Opener":6,"TeardropLocket":21,"Boot":12,"Sling":15,"HornCleat":6,"DollysMirror":7,"Pandora\u0027s Box":8,"Turnip":19,"Coffee Dripper":14,"PureWater":0,"TungstenRod":7,"Pocketwatch":17},{"Singing Bowl":75,"Eternal Feather":30,"Thread and Needle":38,"CloakClasp":75,"Letter Opener":38,"TeardropLocket":124,"Boot":79,"Sling":97,"HornCleat":38,"DollysMirror":42,"Pandora\u0027s Box":61,"Turnip":114,"Coffee Dripper":94,"PureWater":0,"TungstenRod":42,"Pocketwatch":106}],"TungstenRod":19,"Pocketwatch":[14]},"card_choices":[{"not_picked":["MasterReality","Wish"],"picked":"Blasphemy","floor":0.0},{"not_picked":["Pray","Protect"],"picked":"DeceiveReality","floor":1.0},{"not_picked":["Swivel","EmptyFist"],"picked":"Meditate","floor":2.0},{"not_picked":["LikeWater","ThirdEye","Protect"],"picked":"SKIP","floor":4.0},{"not_picked":["Collect","JustLucky"],"picked":"CutThroughFate","floor":5.0},{"not_picked":["Prostrate","CrushJoints"],"picked":"EmptyFist","floor":6.0},{"not_picked":["Worship","CarveReality"],"picked":"TalkToTheHand","floor":8.0},{"not_picked":["Vengeance","SignatureMove"],"picked":"Pray","floor":12.0},{"not_picked":["Alpha","Ragnarok"],"picked":"Devotion","floor":16.0},{"not_picked":["CrushJoints","LikeWater","FlyingSleeves"],"picked":"SKIP","floor":18.0},{"not_picked":["Perseverance","Protect","Consecrate"],"picked":"SKIP","floor":19.0},{"not_picked":["Evaluate","EmptyBody","Omniscience"],"picked":"SKIP","floor":24.0},{"not_picked":["BowlingBash","WheelKick","DeceiveReality"],"picked":"Singing Bowl","floor":28.0},{"not_picked":["Wireheading+1","Halt","CutThroughFate"],"picked":"Singing Bowl","floor":31.0},{"not_picked":["LessonLearned","DevaForm"],"picked":"Establishment","floor":33.0},{"not_picked":["CutThroughFate","BattleHymn","FollowUp+1"],"picked":"Singing Bowl","floor":35.0},{"not_picked":["Adaptation+1","Conclude"],"picked":"EmptyMind","floor":38.0},{"not_picked":["Study","Consecrate"],"picked":"WaveOfTheHand","floor":41.0},{"not_picked":["SignatureMove","EmptyFist+1","FollowUp"],"picked":"Singing Bowl","floor":42.0},{"not_picked":["CrushJoints+1","Protect"],"picked":"ThirdEye","floor":45.0},{"not_picked":["Halt","Indignation"],"picked":"CutThroughFate+1","floor":47.0},{"not_picked":["Wish","MentalFortress+1"],"picked":"InnerPeace","floor":48.0}],"player_experience":877493,"relics_obtained":[{"floor":6.0,"key":"Eternal Feather"},{"floor":8.0,"key":"Letter Opener"},{"floor":9.0,"key":"Thread and Needle"},{"floor":11.0,"key":"HornCleat"},{"floor":12.0,"key":"TungstenRod"},{"floor":24.0,"key":"CloakClasp"},{"floor":26.0,"key":"Singing Bowl"},{"floor":28.0,"key":"Boot"},{"floor":41.0,"key":"Pocketwatch"},{"floor":45.0,"key":"Turnip"},{"floor":48.0,"key":"TeardropLocket"}],"event_choices":[{"damage_healed":0.0,"max_hp_gain":0.0,"max_hp_loss":0.0,"gold_gain":0.0,"event_name":"Match and Keep!","player_choice":"1 cards matched","floor":3.0,"gold_loss":0.0,"damage_taken":0.0,"cards_obtained":["Vault"]},{"damage_healed":0.0,"max_hp_gain":0.0,"max_hp_loss":0.0,"gold_gain":0.0,"event_name":"Cursed Tome","player_choice":"Ignored","floor":20.0,"gold_loss":0.0,"damage_taken":0.0},{"damage_healed":0.0,"max_hp_gain":0.0,"max_hp_loss":0.0,"gold_gain":0.0,"event_name":"Ghosts","player_choice":"Ignored","floor":21.0,"gold_loss":0.0,"damage_taken":0.0},{"cards_removed":["Halt"],"damage_healed":0.0,"max_hp_gain":0.0,"max_hp_loss":0.0,"gold_gain":0.0,"event_name":"Beggar","player_choice":"Gave Gold","floor":29.0,"gold_loss":75.0,"damage_taken":0.0},{"damage_healed":0.0,"max_hp_gain":0.0,"max_hp_loss":3.0,"gold_gain":0.0,"event_name":"Winding Halls","player_choice":"Max HP","floor":36.0,"gold_loss":0.0,"damage_taken":0.0},{"damage_healed":0.0,"max_hp_gain":0.0,"max_hp_loss":0.0,"gold_gain":0.0,"event_name":"MindBloom","player_choice":"Fight","floor":45.0,"gold_loss":0.0,"damage_taken":0.0}],"is_beta":false,"boss_relics":[{"not_picked":["Velvet Choker","Fusion Hammer"],"picked":"Pandora\u0027s Box"},{"not_picked":["Sozu","Runic Dome"],"picked":"Coffee Dripper"}],"items_purged_floors":[22],"is_endless":false,"potions_floor_spawned":[1,16,18,24,28,38,42,47],"killed_by":"Time Eater","ascension_level":20}}