{"host":"q9718omregw4er46","time":1607983495,"event":{"mods":["BaseMod","Bestiary","Colored Powertips","Custom Start","Highlight Path","Minty Spire (QoL Compilation)","Practice Mode","Quick Restart","Relic Stats"],"gold_per_floor":[112,128,203,203,14,49,64,64,137,147,147,179,234,245,245,319,319,332,332,352,162,177,204,204,230,302,333,345,355,389,489,489,563,563,576,576,586,666,372,399,399,399,399,428,349,362,379,710,710,710],"floor_reached":51,"playtime":2799,"items_purged":["Strike_B","Strike_B","Writhe","Zap"],"score":1656,"play_id":"eb18db8a-3ab4-4201-867e-13828eb5d9d4","local_time":"20201215030455","is_ascension_mode":true,"campfire_choices":[{"floor":8,"key":"REST"},{"data":"Static Discharge","floor":11,"key":"SMITH"},{"data":"Capacitor","floor":15,"key":"SMITH"},{"floor":24,"key":"REST"},{"data":"Biased Cognition","floor":32,"key":"SMITH"},{"data":"Heatsinks","floor":41,"key":"SMITH"},{"floor":49,"key":"REST"}],"circlet_count":0,"master_deck":["AscendersBane","Strike_B","Defend_B","Defend_B","Dualcast","Steam","Ball Lightning","Static Discharge+1","Coolheaded","Biased Cognition+1","BootSequence","Capacitor+1","Core Surge","Hologram","Compile Driver","Loop","Capacitor+1","Heatsinks+1","Skim","Biased Cognition+1","Meteor Strike","Chill+1","Static Discharge+1","Coolheaded","Turbo+1","Tempest+1","Heatsinks+1"],"relics":["Black Star","Regal Pillow","DataDisk","Nunchaku","Meat on the Bone","Bronze Scales","Bag of Preparation","White Beast Statue","Nuclear Battery","PreservedInsect","Tiny Chest","Akabeko","Bottled Tornado","Torii","Lantern","Frozen Egg 2","Smiling Mask","Thread and Needle","Bottled Flame","Cursed Key","Letter Opener","Medical Kit","Boot","Sundial","TungstenRod","Emotion Chip","Anchor","Old Coin"],"acts_visited":["Exordium","TheCity","TheBeyond"],"potions_floor_usage":[6,13,16,22,23,23,23,25,29,31,31,31,40,48],"damage_taken":[{"damage":2,"enemies":"Small Slimes","floor":1,"turns":4},{"damage":17,"enemies":"Cultist","floor":2,"turns":5},{"damage":10,"enemies":"3 Sentries","floor":6,"turns":7},{"damage":2,"enemies":"2 Louse","floor":7,"turns":3},{"damage":8,"enemies":"Blue Slaver","floor":10,"turns":4},{"damage":13,"enemies":"Lagavulin","floor":12,"turns":5},{"damage":8,"enemies":"Lagavulin Event","floor":13,"turns":5},{"damage":10,"enemies":"Gremlin Gang","floor":14,"turns":3},{"damage":29,"enemies":"The Guardian","floor":16,"turns":8},{"damage":8,"enemies":"Shell Parasite","floor":18,"turns":4},{"damage":16,"enemies":"3 Byrds","floor":20,"turns":3},{"damage":12,"enemies":"3 Cultists","floor":22,"turns":5},{"damage":17,"enemies":"Gremlin Leader","floor":23,"turns":5},{"damage":19,"enemies":"Slavers","floor":25,"turns":4},{"damage":15,"enemies":"Book of Stabbing","floor":27,"turns":4},{"damage":23,"enemies":"Centurion and Healer","floor":28,"turns":6},{"damage":9,"enemies":"Snake Plant","floor":29,"turns":3},{"damage":17,"enemies":"Gremlin Leader","floor":30,"turns":5},{"damage":13,"enemies":"Colosseum Slavers","floor":31,"turns":3},{"damage":8,"enemies":"Colosseum Nobs","floor":31,"turns":3},{"damage":32,"enemies":"Automaton","floor":33,"turns":7},{"damage":2,"enemies":"3 Shapes","floor":35,"turns":4},{"damage":6,"enemies":"3 Darklings","floor":37,"turns":5},{"damage":2,"enemies":"Nemesis","floor":40,"turns":5},{"damage":11,"enemies":"Giant Head","floor":44,"turns":6},{"damage":0,"enemies":"Jaw Worm Horde","floor":46,"turns":4},{"damage":1,"enemies":"Sphere and 2 Shapes","floor":47,"turns":5},{"damage":27,"enemies":"Nemesis","floor":48,"turns":3},{"damage":39,"enemies":"Awakened One","floor":50,"turns":8}],"seed_played":"8955359239631697853","potions_obtained":[{"floor":1,"key":"Weak Potion"},{"floor":7,"key":"Block Potion"},{"floor":14,"key":"Swift Potion"},{"floor":16,"key":"Strength Potion"},{"floor":18,"key":"Block Potion"},{"floor":22,"key":"EntropicBrew"},{"floor":23,"key":"ColorlessPotion"},{"floor":25,"key":"BlessingOfTheForge"},{"floor":27,"key":"EntropicBrew"},{"floor":28,"key":"Fire Potion"},{"floor":29,"key":"SkillPotion"},{"floor":31,"key":"Ancient Potion"},{"floor":33,"key":"Energy Potion"},{"floor":40,"key":"AttackPotion"},{"floor":48,"key":"PotionOfCapacity"}],"is_trial":false,"path_per_floor":["M","M","?","?","$","E","M","R","T","M","R","E","?","M","R","B",null,"M","?","M","$","M","E","R","E","T","E","M","M","E","?","R","B",null,"M","?","M","T","$","E","R","?","T","E","$","M","M","E","R","B",null],"character_chosen":"DEFECT","items_purchased":["Fire Potion","Ball Lightning","Loop","Medical Kit","Static Discharge+1","Coolheaded"],"campfire_rested":3,"item_purchase_floors":[5,5,21,39,39,45],"current_hp_per_floor":[62,45,34,34,34,24,22,58,58,50,50,37,41,43,43,26,60,52,52,36,36,36,31,67,48,48,45,34,37,32,35,35,15,57,55,55,49,49,49,47,47,47,47,36,36,36,47,32,68,41],"gold":710,"neow_bonus":"BOSS_RELIC","is_daily":false,"chose_seed":false,"campfire_upgraded":4,"win_rate":0.0,"timestamp":1607983495,"path_taken":["M","M","?","?","$","E","M","R","T","?","R","E","?","M","R","BOSS","M","?","M","$","?","E","R","E","T","E","M","M","E","?","R","BOSS","M","?","?","?","?","E","R","?","T","E","$","?","M","E","R","BOSS"],"items_purchased_type":["Potion","Card","Card","Relic","Card","Card"],"build_version":"2020-12-13","purchased_purges":4,"victory":true,"max_hp_per_floor":[71,71,71,71,71,71,71,71,71,71,71,71,71,71,71,71,71,71,71,71,71,71,71,71,71,71,71,71,71,71,71,71,71,71,71,71,71,71,71,71,71,71,71,71,71,71,71,71,71,71],"relic_stats":{"Regal Pillow":45,"Torii":25,"counters":[29,136],"PreservedInsect":395,"Bag of Preparation":[46],"Letter Opener":[91],"Smiling Mask":175,"Cursed Key":1,"Medical Kit":[10],"Boot":[15],"Nunchaku":[15],"Emotion Chip":[29,13,5,0,11],"Sundial":[8],"Bronze Scales":[369],"Tiny Chest":1,"Black Star":9,"obtain_stats":[{"Regal Pillow":4,"Lantern":27,"Torii":27,"Bag of Preparation":12,"Bottled Tornado":25,"Smiling Mask":30,"Cursed Key":34,"Boot":40,"Old Coin":48,"Nunchaku":6,"Emotion Chip":44,"Sundial":40,"Tiny Chest":23,"Cracked Core":0,"Thread and Needle":31,"PreservedInsect":23,"Letter Opener":38,"Frozen Egg 2":30,"Medical Kit":39,"White Beast Statue":13,"Akabeko":25,"Nuclear Battery":17,"DataDisk":6,"Bottled Flame":31,"Anchor":48,"Bronze Scales":12,"Black Star":0,"TungstenRod":44,"Meat on the Bone":9},{"Regal Pillow":2,"Lantern":15,"Torii":15,"Bag of Preparation":6,"Bottled Tornado":14,"Smiling Mask":18,"Cursed Key":21,"Boot":24,"Old Coin":28,"Nunchaku":3,"Emotion Chip":25,"Sundial":24,"Tiny Chest":13,"Cracked Core":0,"Thread and Needle":20,"PreservedInsect":13,"Letter Opener":23,"Frozen Egg 2":18,"Medical Kit":23,"White Beast Statue":7,"Akabeko":14,"Nuclear Battery":9,"DataDisk":3,"Bottled Flame":20,"Anchor":28,"Bronze Scales":6,"Black Star":0,"TungstenRod":25,"Meat on the Bone":4},{"Regal Pillow":9,"Lantern":69,"Torii":69,"Bag of Preparation":28,"Bottled Tornado":65,"Smiling Mask":83,"Cursed Key":96,"Boot":110,"Old Coin":128,"Nunchaku":16,"Emotion Chip":116,"Sundial":110,"Tiny Chest":61,"Cracked Core":0,"Thread and Needle":89,"PreservedInsect":61,"Letter Opener":105,"Frozen Egg 2":83,"Medical Kit":105,"White Beast Statue":33,"Akabeko":65,"Nuclear Battery":44,"DataDisk":16,"Bottled Flame":89,"Anchor":128,"Bronze Scales":28,"Black Star":0,"TungstenRod":116,"Meat on the Bone":19}],"TungstenRod":8,"Meat on the Bone":180},"card_choices":[{"not_picked":["Compile Driver","Coolheaded"],"picked":"Static Discharge","floor":1},{"not_picked":["Storm","Hologram"],"picked":"Steam","floor":2},{"not_picked":["Stack","Auto Shields","Barrage"],"picked":"SKIP","floor":6},{"not_picked":["Coolheaded","Beam Cell"],"picked":"Static Discharge","floor":7},{"not_picked":["Hello World","Streamline"],"picked":"Coolheaded","floor":10},{"not_picked":["Steam","Turbo"],"picked":"Biased Cognition","floor":12},{"not_picked":["Rebound","Leap"],"picked":"BootSequence","floor":13},{"not_picked":["Blizzard","BootSequence"],"picked":"Capacitor","floor":14},{"not_picked":["Rainbow","Buffer"],"picked":"Core Surge","floor":16},{"not_picked":["Ball Lightning","Rebound+1"],"picked":"Hologram","floor":18},{"not_picked":["Sweeping Beam","Storm"],"picked":"Compile Driver","floor":20},{"not_picked":["Redo","Conserve Battery","Gash+1"],"picked":"SKIP","floor":22},{"not_picked":["Seek","Skim"],"picked":"Capacitor+1","floor":23},{"not_picked":["Reinforced Body","Ball Lightning","Conserve Battery"],"picked":"SKIP","floor":25},{"not_picked":["Storm","Aggregate"],"picked":"Heatsinks","floor":27},{"not_picked":["Compile Driver","Hologram","Ball Lightning"],"picked":"SKIP","floor":28},{"not_picked":["Gash","Recycle"],"picked":"Skim","floor":29},{"not_picked":["Barrage","Go for the Eyes"],"picked":"Biased Cognition+1","floor":30},{"not_picked":["Seek","Amplify"],"picked":"Meteor Strike","floor":33},{"not_picked":["Compile Driver","Reprogram"],"picked":"Chill+1","floor":35},{"not_picked":["Steam Power","Capacitor+1","Undo"],"picked":"SKIP","floor":37},{"not_picked":["Turbo","Hello World+1","Steam"],"picked":"SKIP","floor":40},{"not_picked":["Steam","Ball Lightning","Redo"],"picked":"SKIP","floor":44},{"not_picked":["Tempest","Scrape"],"picked":"Turbo+1","floor":46},{"not_picked":["Darkness+1","Conserve Battery"],"picked":"Tempest+1","floor":47},{"not_picked":["Sweeping Beam","Undo"],"picked":"Heatsinks+1","floor":48}],"player_experience":1015690,"relics_obtained":[{"floor":6,"key":"DataDisk"},{"floor":6,"key":"Nunchaku"},{"floor":9,"key":"Meat on the Bone"},{"floor":12,"key":"Bronze Scales"},{"floor":12,"key":"Bag of Preparation"},{"floor":13,"key":"White Beast Statue"},{"floor":23,"key":"PreservedInsect"},{"floor":23,"key":"Tiny Chest"},{"floor":25,"key":"Akabeko"},{"floor":25,"key":"Bottled Tornado"},{"floor":27,"key":"Torii"},{"floor":27,"key":"Lantern"},{"floor":30,"key":"Frozen Egg 2"},{"floor":30,"key":"Smiling Mask"},{"floor":31,"key":"Thread and Needle"},{"floor":31,"key":"Bottled Flame"},{"floor":38,"key":"Letter Opener"},{"floor":40,"key":"Boot"},{"floor":40,"key":"Sundial"},{"floor":44,"key":"TungstenRod"},{"floor":44,"key":"Emotion Chip"},{"floor":48,"key":"Anchor"},{"floor":48,"key":"Old Coin"}],"event_choices":[{"damage_healed":0,"gold_gain":75,"player_choice":"Gather Gold","damage_taken":11,"max_hp_gain":0,"max_hp_loss":0,"event_name":"World of Goop","floor":3,"gold_loss":0},{"cards_removed":["Static Discharge"],"damage_healed":0,"gold_gain":0,"player_choice":"Gave Card","damage_taken":0,"relics_obtained":["Regal Pillow"],"max_hp_gain":0,"max_hp_loss":0,"event_name":"WeMeetAgain","floor":4,"gold_loss":0},{"damage_healed":0,"gold_gain":30,"player_choice":"Searched \u00272\u0027 times","damage_taken":0,"max_hp_gain":0,"max_hp_loss":0,"event_name":"Dead Adventurer","floor":13,"gold_loss":0},{"cards_removed":["Strike_B"],"damage_healed":0,"gold_gain":0,"player_choice":"Purged","damage_taken":0,"max_hp_gain":0,"max_hp_loss":0,"event_name":"Purifier","floor":19,"gold_loss":0},{"damage_healed":0,"gold_gain":0,"player_choice":"Fight","damage_taken":0,"max_hp_gain":0,"max_hp_loss":0,"event_name":"Colosseum","floor":31,"gold_loss":0},{"damage_healed":0,"gold_gain":0,"player_choice":"Fought Nobs","damage_taken":0,"max_hp_gain":0,"max_hp_loss":0,"event_name":"Colosseum","floor":31,"gold_loss":0},{"cards_removed":["Defend_B"],"damage_healed":0,"gold_gain":0,"player_choice":"Card Removal","damage_taken":0,"max_hp_gain":0,"max_hp_loss":0,"event_name":"Wheel of Change","floor":36,"gold_loss":0},{"cards_removed":["Defend_B"],"damage_healed":0,"gold_gain":0,"player_choice":"Offered Basic","damage_taken":0,"max_hp_gain":0,"max_hp_loss":0,"event_name":"Bonfire Elementals","floor":42,"gold_loss":0}],"is_beta":false,"boss_relics":[{"not_picked":["Fusion Hammer","SacredBark"],"picked":"Nuclear Battery"},{"not_picked":["Pandora\u0027s Box","Busted Crown"],"picked":"Cursed Key"}],"items_purged_floors":[5,21,39,45],"is_endless":false,"potions_floor_spawned":[1,7,10,12,14,16,18,20,22,23,25,27,28,29,30,31,31,33,35,37,40,46,47,48],"ascension_level":19}}