{"host":"qrt7o4dq2qslzw13","time":1607936964,"event":{"mods":["AchievementEnabler","BaseMod","Colored Map","Colored Powertips","Minty Spire (QoL Compilation)","Quick Restart","Rare Cards Sparkle","StSLib","SuperFastMode"],"gold_per_floor":[110,120,120,130,130,130,280,280,280,303,40,40,40,63,63,153,153,178,199,124,34,34,34,57,57,57,88,88,101,101,126,126,126,126],"floor_reached":33,"playtime":803,"items_purged":[],"score":531,"play_id":"c8edfee2-3ae9-4461-a5c5-a957401dde50","local_time":"20201214040924","is_ascension_mode":true,"campfire_choices":[{"data":"Magnetism","floor":6.0,"key":"SMITH"},{"data":"Havoc","floor":8.0,"key":"SMITH"},{"data":"Warcry","floor":12.0,"key":"SMITH"},{"data":"Fire Breathing","floor":15.0,"key":"SMITH"},{"floor":23.0,"key":"REST"},{"floor":30,"key":"REST"},{"floor":32,"key":"REST"}],"circlet_count":0,"master_deck":["AscendersBane","Strike_R","Strike_R","Defend_R","Defend_R","Defend_R","Defend_R","Bash","Magnetism+1","Havoc+1","Warcry+1","Immolate","Fire Breathing+1","Warcry","Injury","Warcry","Fiend Fire","Pummel+1","Spot Weakness+1","Sword Boomerang+1","Flame Barrier","Feel No Pain+1","Shrug It Off","Cleave","RitualDagger","Wild Strike","Warcry+1","Anger"],"relics":["Burning Blood","Lizard Tail","PreservedInsect","Medical Kit","Golden Idol","Astrolabe","Ornamental Fan","Happy Flower"],"acts_visited":["Exordium","TheCity"],"potions_floor_usage":[29],"damage_taken":[{"damage":15.0,"enemies":"2 Louse","floor":1.0,"turns":3.0},{"damage":10.0,"enemies":"Small Slimes","floor":2.0,"turns":4.0},{"damage":11.0,"enemies":"Jaw Worm","floor":4.0,"turns":5.0},{"damage":0.0,"enemies":"Lots of Slimes","floor":14.0,"turns":1.0},{"damage":65.0,"enemies":"Hexaghost","floor":16.0,"turns":8.0},{"damage":26.0,"enemies":"Chosen","floor":18.0,"turns":5.0},{"damage":40.0,"enemies":"2 Thieves","floor":19.0,"turns":4.0},{"damage":24,"enemies":"3 Cultists","floor":24,"turns":5},{"damage":23,"enemies":"Gremlin Leader","floor":27,"turns":6},{"damage":20,"enemies":"Chosen and Byrds","floor":29,"turns":8},{"damage":13,"enemies":"Snecko","floor":31,"turns":6},{"damage":47,"enemies":"Champ","floor":33,"turns":10}],"seed_played":"3261964182681480174","potions_obtained":[{"floor":1.0,"key":"ElixirPotion"},{"floor":16.0,"key":"GamblersBrew"},{"floor":27,"key":"Explosive Potion"},{"floor":29,"key":"Explosive Potion"},{"floor":31,"key":"Energy Potion"}],"is_trial":false,"path_per_floor":["M","M","?","M","?","R","?","R","T","T","$","R","?","M","R","B",null,"M","M","?","$","?","R","M","?","T","E","?","M","R","M","R","B"],"character_chosen":"IRONCLAD","items_purchased":["Medical Kit","Fire Breathing","Warcry","Feel No Pain","Shrug It Off"],"campfire_rested":3,"item_purchase_floors":[11,11,11,21,21],"current_hp_per_floor":[59,55,48,43,68,68,68,68,68,68,68,68,68,74,74,15,60,40,43,43,43,43,65,47,41,41,24,24,10,32,25,47,0,0],"gold":126,"neow_bonus":"RANDOM_COLORLESS_2","is_daily":false,"chose_seed":false,"campfire_upgraded":4,"win_rate":0.0,"timestamp":1607936964,"path_taken":["M","M","?","M","?","R","?","R","T","?","$","R","?","M","R","BOSS","M","M","?","$","?","R","?","?","T","E","?","M","R","M","R","BOSS"],"items_purchased_type":["Relic","Card","Card","Card","Card"],"build_version":"2020-12-13","purchased_purges":0,"victory":false,"max_hp_per_floor":[75,75,75,75,75,75,75,75,75,75,75,75,75,75,75,75,75,75,75,75,75,75,75,75,75,75,75,75,75,75,75,75,75,75],"card_choices":[{"not_picked":["Secret Technique","Metamorphosis"],"picked":"Magnetism","floor":0.0},{"not_picked":["Pommel Strike","Iron Wave"],"picked":"Havoc","floor":1.0},{"not_picked":["Twin Strike","Body Slam"],"picked":"Warcry","floor":2.0},{"not_picked":["Wild Strike","Anger"],"picked":"Immolate","floor":4.0},{"not_picked":["Pommel Strike","Entrench"],"picked":"Warcry","floor":14.0},{"not_picked":["Brutality","Feed"],"picked":"Fiend Fire","floor":16.0},{"not_picked":["Body Slam+1","Disarm"],"picked":"Flame Barrier","floor":18.0},{"not_picked":["Pommel Strike","Perfected Strike","Sword Boomerang"],"picked":"SKIP","floor":19.0},{"not_picked":["Iron Wave","Pommel Strike"],"picked":"Cleave","floor":24},{"not_picked":["Pommel Strike","Perfected Strike","Heavy Blade"],"picked":"SKIP","floor":27},{"not_picked":["Iron Wave","Perfected Strike"],"picked":"Warcry+1","floor":29},{"not_picked":["Clothesline","Warcry"],"picked":"Anger","floor":31}],"player_experience":449926,"relics_obtained":[{"floor":9.0,"key":"Lizard Tail"},{"floor":10.0,"key":"PreservedInsect"},{"floor":26,"key":"Ornamental Fan"},{"floor":27,"key":"Happy Flower"}],"event_choices":[{"cards_removed":["Decay"],"damage_healed":0.0,"max_hp_gain":0.0,"max_hp_loss":0.0,"gold_gain":0.0,"event_name":"Golden Wing","player_choice":"Card Removal","floor":3.0,"gold_loss":0.0,"damage_taken":7.0},{"damage_healed":25.0,"max_hp_gain":0.0,"max_hp_loss":0.0,"gold_gain":0.0,"event_name":"Big Fish","player_choice":"Banana","floor":5.0,"gold_loss":0.0,"damage_taken":0.0},{"damage_healed":0.0,"max_hp_gain":0.0,"max_hp_loss":0.0,"gold_gain":150.0,"event_name":"Liars Game","player_choice":"AGREE","floor":7.0,"gold_loss":0.0,"damage_taken":0.0,"cards_obtained":["Doubt"]},{"damage_healed":0.0,"max_hp_gain":0.0,"max_hp_loss":0.0,"gold_gain":0.0,"event_name":"Golden Idol","player_choice":"Take Wound","floor":13.0,"gold_loss":0.0,"damage_taken":0.0,"relics_obtained":["Golden Idol"],"cards_obtained":["Injury"]},{"cards_removed":["Doubt"],"damage_healed":0.0,"max_hp_gain":0.0,"max_hp_loss":0.0,"gold_gain":0.0,"event_name":"Beggar","player_choice":"Gave Gold","floor":20.0,"gold_loss":75.0,"damage_taken":0.0},{"damage_healed":0.0,"max_hp_gain":0.0,"max_hp_loss":0.0,"gold_gain":0.0,"event_name":"Upgrade Shrine","player_choice":"Upgraded","floor":22.0,"gold_loss":0.0,"damage_taken":0.0,"cards_upgraded":["Feel No Pain"]},{"damage_healed":0,"gold_gain":0,"player_choice":"Joined the Cult","damage_taken":6,"max_hp_gain":0,"max_hp_loss":0,"event_name":"Nest","floor":25,"gold_loss":0,"cards_obtained":["RitualDagger"]},{"damage_healed":0,"gold_gain":0,"player_choice":"Read","damage_taken":0,"max_hp_gain":0,"max_hp_loss":0,"event_name":"The Library","floor":28,"gold_loss":0,"cards_obtained":["Wild Strike"]}],"is_beta":false,"boss_relics":[{"not_picked":["Sozu","Velvet Choker"],"picked":"Astrolabe"}],"items_purged_floors":[],"is_endless":false,"potions_floor_spawned":[1,16,27,29,31],"killed_by":"Champ","ascension_level":20}}