{"host":"o3b7ow6d1xe49css","time":1607933534,"event":{"mods":["2.2 Compatiblity","Act Like it!","Aspiration","BaseMod","Bestiary","Better Altar","Better Match","Better Note","Better Sensory Stone","Better Skull","Better Third Choice","Colored Powertips","Conspire","Elementarium","Energized Spire","GifTheSpireLib","Halation","Hermit","Hubris","Infinite Spire","Minty Spire (QoL Compilation)","Quick Restart","Replay The Spire","Spicy Shops","Spikes Relics","StSLib","Stuff the Spire","The Blue Laboratory","The Jungle","Wandering Minibosses","vexMod"],"gold_per_floor":[117,128,147,157,157,157,157],"floor_reached":6,"playtime":197,"items_purged":[],"score":48,"play_id":"53bee37e-f157-4156-8c94-ccd0e3a44e96","local_time":"20201213231214","daily_mods":["Heirloom","Flight"],"is_ascension_mode":true,"campfire_choices":[],"circlet_count":0,"master_deck":["Strike_G","Strike_G","Strike_G","Strike_G","Strike_G","Defend_G","Defend_G","Defend_G","Defend_G","Defend_G","Survivor","Neutralize","Poisoned Stab","Deadly Poison","Backflip"],"relics":["Ring of the Snake","Ring of Chaos","ZombieTooth","Replay:Accelerometer"],"acts_visited":["Exordium"],"potions_floor_usage":[4,6],"damage_taken":[{"damage":0,"enemies":"2 Louse","floor":1,"turns":3},{"damage":0,"enemies":"Small Slimes","floor":2,"turns":3},{"damage":0,"enemies":"Jaw Worm","floor":3,"turns":4},{"damage":7,"enemies":"Lots of Slimes","floor":4,"turns":5},{"damage":10,"enemies":"3 Sentries","floor":6,"turns":3}],"seed_played":"6868912757091243630","potions_obtained":[{"floor":1,"key":"blueLaboratory:HorrorPotion"},{"floor":3,"key":"GhostInAJar"}],"is_trial":true,"path_per_floor":["M","M","M","M","?","E"],"character_chosen":"THE_SILENT","items_purchased":[],"campfire_rested":0,"item_purchase_floors":[],"current_hp_per_floor":[70,70,70,63,63,53,53],"gold":157,"neow_bonus":"","is_daily":false,"chose_seed":false,"campfire_upgraded":0,"win_rate":0.0,"timestamp":1607933534,"path_taken":["M","M","M","M","?","E"],"items_purchased_type":[],"build_version":"2020-12-13","purchased_purges":0,"victory":false,"max_hp_per_floor":[70,70,70,70,70,70,70],"card_choices":[{"not_picked":["Hidden Blade","StuffTheSpire:ClusterCrunch"],"picked":"Poisoned Stab","floor":1},{"not_picked":["Slice","Prepared"],"picked":"Deadly Poison","floor":2},{"not_picked":["Quick Slash","Prepared"],"picked":"Backflip","floor":3},{"not_picked":["Dodge and Roll","Deflect","Concentrate"],"picked":"SKIP","floor":4}],"player_experience":1699339,"relics_obtained":[{"floor":5,"key":"Replay:Accelerometer"}],"event_choices":[],"is_beta":false,"boss_relics":[],"items_purged_floors":[],"is_endless":false,"potions_floor_spawned":[1,3],"killed_by":"3 Sentries","ascension_level":5}}