{"host":"hyrsuayny3efwwum","time":1607969483,"event":{"mods":["BaseMod","Bestiary","Colored Map","Highlight Path","Minty Spire (QoL Compilation)","Relic Stats","StSLib"],"gold_per_floor":[115,40,40,59,70,101,101,114,114,140,160,160,15,15,15,89,89,99,112,112,112,32,63,73,104,104,130,141,141,152,132,132,203,203,220,220,220],"floor_reached":36,"playtime":2192,"items_purged":["Pain","Writhe"],"score":889,"play_id":"10a6687a-aa72-4fb8-90aa-6ae8300bf637","local_time":"20201214131123","is_ascension_mode":true,"campfire_choices":[{"data":"Flex","floor":7.0,"key":"SMITH"},{"data":"Inflame","floor":15.0,"key":"SMITH"},{"data":"Inflame","floor":29,"key":"SMITH"},{"floor":32,"key":"REST"}],"circlet_count":0,"master_deck":["AscendersBane","Defend_R","Defend_R","Defend_R","Defend_R","Bash","Reaper","Sword Boomerang","Anger","Flex+1","Limit Break","Feel No Pain","Feed","Second Wind","Inflame+1","True Grit","Regret","Corruption","Cleave+1","Disarm","Bite","Bite","Bite","Bite","Bite","Thunderclap","Ghostly Armor+1","Inflame+1","Dark Embrace+1","Clothesline+1","Exhume","Dual Wield"],"relics":["Burning Blood","WarpedTongs","Akabeko","Bag of Marbles","The Courier","Paper Frog","Black Star","Nunchaku","Lantern","Happy Flower","Ornamental Fan","Unceasing Top","Frozen Egg 2","Smiling Mask","PreservedInsect","SlaversCollar"],"acts_visited":["Exordium","TheCity","TheBeyond"],"potions_floor_usage":[19,24,25,25,30,33,35],"damage_taken":[{"damage":15.0,"enemies":"Small Slimes","floor":1.0,"turns":4.0},{"damage":3.0,"enemies":"Cultist","floor":4.0,"turns":3.0},{"damage":3.0,"enemies":"2 Louse","floor":5.0,"turns":3.0},{"damage":15.0,"enemies":"Gremlin Nob","floor":6.0,"turns":3.0},{"damage":0.0,"enemies":"Exordium Wildlife","floor":8.0,"turns":2.0},{"damage":16.0,"enemies":"Lagavulin","floor":10.0,"turns":5.0},{"damage":2.0,"enemies":"2 Fungi Beasts","floor":11.0,"turns":3.0},{"damage":33.0,"enemies":"Hexaghost","floor":16.0,"turns":7.0},{"damage":0,"enemies":"Shell Parasite","floor":18,"turns":1},{"damage":34,"enemies":"3 Byrds","floor":19,"turns":6},{"damage":62,"enemies":"Book of Stabbing","floor":23,"turns":6},{"damage":25,"enemies":"Snake Plant","floor":24,"turns":2},{"damage":14,"enemies":"Slavers","floor":25,"turns":4},{"damage":8,"enemies":"Book of Stabbing","floor":27,"turns":3},{"damage":0,"enemies":"Centurion and Healer","floor":28,"turns":1},{"damage":39,"enemies":"Shelled Parasite and Fungi","floor":30,"turns":5},{"damage":16,"enemies":"Automaton","floor":33,"turns":6},{"damage":25,"enemies":"3 Darklings","floor":35,"turns":2},{"damage":59,"enemies":"Orb Walker","floor":36,"turns":5}],"seed_played":"805410264035434091","potions_obtained":[{"floor":4.0,"key":"EssenceOfSteel"},{"floor":5.0,"key":"PowerPotion"},{"floor":10.0,"key":"AttackPotion"},{"floor":11.0,"key":"SkillPotion"},{"floor":16.0,"key":"Strength Potion"},{"floor":23,"key":"Swift Potion"},{"floor":24,"key":"Fire Potion"},{"floor":25,"key":"Block Potion"},{"floor":27,"key":"Swift Potion"},{"floor":31,"key":"AttackPotion"}],"is_trial":false,"path_per_floor":["M","?","?","M","M","E","R","M","T","E","M","?","$","?","R","B",null,"M","M","?","?","$","E","M","E","T","E","M","R","M","?","R","B",null,"M","M"],"character_chosen":"IRONCLAD","items_purchased":["Inflame","True Grit"],"campfire_rested":1,"item_purchase_floors":[13,13],"current_hp_per_floor":[65,65,65,74,75,75,75,75,75,70,75,52,52,52,52,29,67,76,63,59,59,59,25,10,18,18,55,63,63,35,35,53,53,61,42,0,0],"gold":220,"neow_bonus":"ONE_RANDOM_RARE_CARD","is_daily":false,"chose_seed":false,"campfire_upgraded":3,"win_rate":0.0,"timestamp":1607969483,"path_taken":["M","?","?","?","M","E","R","M","T","E","M","?","$","?","R","BOSS","M","M","?","?","?","E","M","E","T","E","?","R","M","?","R","BOSS","M","M"],"items_purchased_type":["Card","Card"],"build_version":"2020-12-13","purchased_purges":2,"victory":false,"max_hp_per_floor":[75,75,75,75,75,75,75,75,75,75,75,75,75,75,75,79,79,82,85,59,59,59,63,63,63,63,63,63,63,63,63,63,63,63,63,63,63],"relic_stats":{"Nunchaku":[6],"Happy Flower":[9],"counters":[19,71],"Ornamental Fan":[20],"PreservedInsect":0,"Black Star":3,"Smiling Mask":0,"obtain_stats":[{"Lantern":23,"Happy Flower":23,"The Courier":10,"PreservedInsect":27,"Frozen Egg 2":26,"Smiling Mask":27,"Burning Blood":0,"Akabeko":6,"WarpedTongs":3,"SlaversCollar":34,"Nunchaku":21,"Ornamental Fan":25,"Bag of Marbles":9,"Black Star":17,"Unceasing Top":25,"Paper Frog":14},{"Lantern":11,"Happy Flower":11,"The Courier":6,"PreservedInsect":14,"Frozen Egg 2":13,"Smiling Mask":14,"Burning Blood":0,"Akabeko":4,"WarpedTongs":1,"SlaversCollar":17,"Nunchaku":10,"Ornamental Fan":13,"Bag of Marbles":5,"Black Star":8,"Unceasing Top":13,"Paper Frog":7},{"Lantern":43,"Happy Flower":43,"The Courier":20,"PreservedInsect":52,"Frozen Egg 2":49,"Smiling Mask":52,"Burning Blood":0,"Akabeko":13,"WarpedTongs":4,"SlaversCollar":64,"Nunchaku":37,"Ornamental Fan":49,"Bag of Marbles":15,"Black Star":30,"Unceasing Top":49,"Paper Frog":23}],"Burning Blood":85,"Unceasing Top":[9],"WarpedTongs":[67]},"card_choices":[{"not_picked":["Warcry","Perfected Strike"],"picked":"Sword Boomerang","floor":1.0},{"not_picked":["Sword Boomerang","Battle Trance"],"picked":"Anger","floor":4.0},{"not_picked":["Warcry","Sword Boomerang"],"picked":"Flex","floor":5.0},{"not_picked":["Cleave","Clash"],"picked":"Limit Break","floor":6.0},{"not_picked":["Twin Strike","Wild Strike"],"picked":"Feel No Pain","floor":8.0},{"not_picked":["Havoc","Power Through"],"picked":"Feed","floor":10.0},{"not_picked":["Metallicize","Sword Boomerang"],"picked":"Second Wind","floor":11.0},{"not_picked":["Offering","Demon Form"],"picked":"Corruption","floor":16.0},{"not_picked":["Fire Breathing","Iron Wave"],"picked":"Cleave+1","floor":18},{"not_picked":["Havoc","Burning Pact"],"picked":"Disarm","floor":19},{"not_picked":["Combust+1","Blood for Blood"],"picked":"Thunderclap","floor":23},{"not_picked":["Warcry","Anger"],"picked":"Ghostly Armor+1","floor":24},{"not_picked":["Shrug It Off","Dropkick"],"picked":"Inflame","floor":25},{"not_picked":["Cleave","Blood for Blood","Bloodletting"],"picked":"SKIP","floor":27},{"not_picked":["Feed","Havoc"],"picked":"Dark Embrace+1","floor":28},{"not_picked":["True Grit","Flex"],"picked":"Clothesline+1","floor":30},{"not_picked":["Corruption+1","Fiend Fire"],"picked":"Exhume","floor":33},{"not_picked":["Headbutt","Clash"],"picked":"Dual Wield","floor":35}],"player_experience":744807,"relics_obtained":[{"floor":6.0,"key":"Akabeko"},{"floor":9.0,"key":"Bag of Marbles"},{"floor":10.0,"key":"The Courier"},{"floor":23,"key":"Lantern"},{"floor":23,"key":"Happy Flower"},{"floor":25,"key":"Ornamental Fan"},{"floor":25,"key":"Unceasing Top"},{"floor":26,"key":"Frozen Egg 2"},{"floor":27,"key":"Smiling Mask"},{"floor":27,"key":"PreservedInsect"}],"event_choices":[{"cards_removed":["Strike_R"],"damage_healed":0.0,"max_hp_gain":0.0,"max_hp_loss":0.0,"gold_gain":0.0,"event_name":"The Cleric","player_choice":"Card Removal","floor":2.0,"gold_loss":75.0,"damage_taken":0.0},{"damage_healed":0.0,"max_hp_gain":0.0,"max_hp_loss":0.0,"gold_gain":0.0,"event_name":"Accursed Blacksmith","player_choice":"Rummage","floor":3.0,"gold_loss":0.0,"damage_taken":0.0,"relics_obtained":["WarpedTongs"],"cards_obtained":["Pain"]},{"damage_healed":0.0,"max_hp_gain":0.0,"max_hp_loss":0.0,"gold_gain":0.0,"event_name":"Shining Light","player_choice":"Entered Light","floor":12.0,"gold_loss":0.0,"damage_taken":23.0,"cards_upgraded":["Strike_R","Strike_R"]},{"damage_healed":0.0,"max_hp_gain":0.0,"max_hp_loss":0.0,"gold_gain":0.0,"event_name":"Big Fish","player_choice":"Box","floor":14.0,"gold_loss":0.0,"damage_taken":0.0,"relics_obtained":["Paper Frog"],"cards_obtained":["Regret"]},{"damage_healed":0,"gold_gain":0,"player_choice":"Became a vampire","damage_taken":0,"max_hp_gain":0,"max_hp_loss":26,"event_name":"Vampires","floor":20,"gold_loss":0,"cards_obtained":["Bite","Bite","Bite","Bite","Bite"]},{"damage_healed":0,"gold_gain":0,"player_choice":"Opened","damage_taken":0,"relics_obtained":["Nunchaku"],"max_hp_gain":0,"max_hp_loss":0,"event_name":"The Mausoleum","floor":21,"gold_loss":0,"cards_obtained":["Writhe"]},{"damage_healed":0,"gold_gain":0,"player_choice":"Bought 1 Potion","damage_taken":0,"max_hp_gain":0,"max_hp_loss":0,"event_name":"The Woman in Blue","floor":31,"gold_loss":0}],"is_beta":false,"boss_relics":[{"not_picked":["Black Blood","Runic Cube"],"picked":"Black Star"},{"not_picked":["Philosopher\u0027s Stone","SacredBark"],"picked":"SlaversCollar"}],"items_purged_floors":[13,22],"is_endless":false,"potions_floor_spawned":[4,5,10,11,16,23,24,25,27],"killed_by":"Orb Walker","ascension_level":20}}