{"host":"ormi09wwzv7sq47a","time":1607966370,"event":{"mods":["2.2 Compatiblity","AchievementEnabler","Act Like it!","BaseMod","Better Note","Better Vampires","Colored Map","Colored Powertips","DeckTracker","Downfall","Hermit","Highlight Path","Jorbs\u0027s Wanderer Trilogy","Minty Spire (QoL Compilation)","Permanent Neow","Quick Restart","Rare Cards Sparkle","Relic Stats","Shop Mod","StSLib","The Cursed","The Hierophant","The Jungle","The Servant 0.9.4"],"gold_per_floor":[109,127,147,158,68,68,83,83,83,97,97,109,109,122,122,196,196,211,227,227,237,162,192,192,192,219,219,219,238,238,270,270,343,343,357,11,11,23,33,33,46,46,73,106,2,2,16,31,31,31,31],"floor_reached":50,"playtime":3356,"items_purged":["Dualcast"],"score":851,"play_id":"62fcde00-6b40-46a7-99db-c1e7f0ad38d4","local_time":"20201214141930","is_ascension_mode":true,"campfire_choices":[{"data":"Scrape","floor":6,"key":"SMITH"},{"data":"Sweeping Beam","floor":8,"key":"SMITH"},{"data":"Streamline","floor":13,"key":"SMITH"},{"data":"Defragment","floor":15,"key":"SMITH"},{"data":"Electrodynamics","floor":24,"key":"SMITH"},{"data":"Electrodynamics","floor":28,"key":"SMITH"},{"data":"Hologram","floor":30,"key":"SMITH"},{"data":"Reinforced Body","floor":32,"key":"SMITH"},{"data":"Defragment","floor":40,"key":"SMITH"},{"floor":42,"key":"REST"},{"data":"Seek","floor":46,"key":"SMITH"},{"data":"Reboot","floor":49,"key":"SMITH"}],"circlet_count":0,"master_deck":["AscendersBane","Zap","Gash+1","Genetic Algorithm","Beam Cell","Stack","Reinforced Body+1","Hologram","Scrape+1","Sweeping Beam+1","Turbo","Streamline+1","Defragment+1","Electrodynamics+1","Reinforced Body","Electrodynamics+1","All For One","White Noise","Hologram+1","Auto Shields","Glacier","Steam","Reinforced Body","Gash","Seek+1","Coolheaded+1","Defragment+1","Go for the Eyes","Barrage","Reboot+1"],"relics":["Cracked Core","Question Card","Pandora\u0027s Box","Blue Candle","MutagenicStrength","Red Mask","Philosopher\u0027s Stone","Medical Kit","Omamori","Bottled Lightning"],"acts_visited":["Exordium","TheCity","TheBeyond"],"potions_floor_usage":[12,16,16,18,23,33,38,39,50],"damage_taken":[{"damage":7,"enemies":"Jaw Worm","floor":1,"turns":3},{"damage":1,"enemies":"2 Louse","floor":2,"turns":2},{"damage":0,"enemies":"Small Slimes","floor":3,"turns":3},{"damage":16,"enemies":"3 Louse","floor":4,"turns":4},{"damage":4,"enemies":"Large Slime","floor":7,"turns":6},{"damage":5,"enemies":"Red Slaver","floor":10,"turns":4},{"damage":0,"enemies":"2 Fungi Beasts","floor":12,"turns":3},{"damage":0,"enemies":"Exordium Thugs","floor":14,"turns":2},{"damage":23,"enemies":"Hexaghost","floor":16,"turns":8},{"damage":0,"enemies":"3 Byrds","floor":18,"turns":2},{"damage":0,"enemies":"Chosen","floor":19,"turns":6},{"damage":0,"enemies":"Centurion and Healer","floor":21,"turns":4},{"damage":9,"enemies":"Book of Stabbing","floor":23,"turns":8},{"damage":3,"enemies":"Snake Plant","floor":29,"turns":4},{"damage":20,"enemies":"Masked Bandits","floor":31,"turns":3},{"damage":24,"enemies":"Automaton","floor":33,"turns":8},{"damage":6,"enemies":"Orb Walker","floor":35,"turns":3},{"damage":13,"enemies":"3 Darklings","floor":38,"turns":3},{"damage":21,"enemies":"Writhing Mass","floor":39,"turns":4},{"damage":4,"enemies":"Transient","floor":41,"turns":5},{"damage":40,"enemies":"Giant Head","floor":44,"turns":11},{"damage":11,"enemies":"Spire Growth","floor":47,"turns":6},{"damage":0,"enemies":"4 Shapes","floor":48,"turns":4},{"damage":50,"enemies":"Awakened One","floor":50,"turns":5}],"seed_played":"2388652251002641797","potions_obtained":[{"floor":4,"key":"ColorlessPotion"},{"floor":7,"key":"Dexterity Potion"},{"floor":10,"key":"CultistPotion"},{"floor":14,"key":"Regen Potion"},{"floor":16,"key":"Energy Potion"},{"floor":19,"key":"PowerPotion"},{"floor":31,"key":"hexamod:EctoCoolerPotion"},{"floor":33,"key":"champ:CounterPotion"},{"floor":35,"key":"Regen Potion"},{"floor":39,"key":"FairyPotion"},{"floor":47,"key":"Strength Potion"}],"is_trial":false,"path_per_floor":["M","M","M","M","$","R","M","R","T","M","?","M","R","M","R","B",null,"M","M","?","M","?","E","R","?","T","?","R","M","R","?","R","B",null,"M","$","?","M","M","R","M","R","T","E","$","R","M","M","R","B"],"character_chosen":"DEFECT","items_purchased":["Hologram","Scrape","Medical Kit","Defragment","Go for the Eyes","FairyPotion"],"campfire_rested":1,"item_purchase_floors":[5,5,36,36,36,45],"current_hp_per_floor":[57,56,56,40,40,40,36,36,36,31,10,10,10,10,10,2,54,54,54,54,54,54,45,45,59,59,59,59,56,56,36,36,12,56,50,50,50,46,25,25,21,42,42,2,2,2,18,18,18,0,0],"gold":31,"neow_bonus":"THREE_CARDS","is_daily":false,"chose_seed":false,"campfire_upgraded":11,"win_rate":0.0,"timestamp":1607966370,"path_taken":["M","M","M","M","$","R","M","R","T","M","?","M","R","M","R","BOSS","M","M","?","M","?","E","R","?","T","?","R","M","R","?","R","BOSS","M","$","?","M","M","R","M","R","T","E","$","R","?","M","R","BOSS"],"items_purchased_type":["Card","Card","Relic","Card","Card","Potion"],"build_version":"2020-12-13","purchased_purges":1,"victory":false,"max_hp_per_floor":[71,71,71,71,71,71,71,71,71,71,71,71,71,71,71,71,71,71,71,71,71,71,71,71,71,71,71,71,71,71,71,71,71,71,71,71,71,71,71,71,71,71,71,71,71,71,71,71,71,71,71],"relic_stats":{"counters":[24,111],"Blue Candle":[0],"Pandora\u0027s Box":["Meteor Strike","Reinforced Body","Electrodynamics","All For One","White Noise","Reprogram","Hologram","Auto Shields"],"Question Card":18,"Medical Kit":[0],"obtain_stats":[{"Blue Candle":23,"MutagenicStrength":27,"Pandora\u0027s Box":17,"Philosopher\u0027s Stone":34,"Red Mask":31,"Omamori":43,"Bottled Lightning":44,"Cracked Core":0,"Question Card":9,"Medical Kit":36},{"Blue Candle":13,"MutagenicStrength":13,"Pandora\u0027s Box":9,"Philosopher\u0027s Stone":16,"Red Mask":15,"Omamori":20,"Bottled Lightning":21,"Cracked Core":0,"Question Card":5,"Medical Kit":17},{"Blue Candle":55,"MutagenicStrength":55,"Pandora\u0027s Box":35,"Philosopher\u0027s Stone":70,"Red Mask":62,"Omamori":85,"Bottled Lightning":96,"Cracked Core":0,"Question Card":18,"Medical Kit":73}]},"card_choices":[{"not_picked":["FTL","Undo"],"picked":"Gash","floor":0},{"not_picked":["Conserve Battery","Cold Snap"],"picked":"Genetic Algorithm","floor":1},{"not_picked":["Compile Driver","Rebound"],"picked":"Beam Cell","floor":2},{"not_picked":["Go for the Eyes","Redo"],"picked":"Stack","floor":3},{"not_picked":["Hello World","Doom and Gloom"],"picked":"Reinforced Body","floor":4},{"not_picked":["Aggregate","Hello World"],"picked":"Sweeping Beam","floor":7},{"not_picked":["Cold Snap","Darkness","Rebound"],"picked":"Turbo","floor":10},{"not_picked":["Barrage","Self Repair","Blizzard"],"picked":"Streamline","floor":12},{"not_picked":["Redo","Stack","Turbo"],"picked":"Defragment","floor":14},{"not_picked":["Creative AI","Thunder Strike","Machine Learning"],"picked":"Electrodynamics","floor":16},{"not_picked":["Self Repair","Coolheaded","Double Energy"],"picked":"Glacier","floor":18},{"not_picked":["Cold Snap","Rebound","Glacier"],"picked":"Steam","floor":19},{"not_picked":["Barrage","Sweeping Beam+1","Redo","Conserve Battery"],"picked":"SKIP","floor":21},{"not_picked":["Chaos","Cold Snap","Turbo"],"picked":"Reinforced Body","floor":23},{"not_picked":["Hologram","Conserve Battery","Sweeping Beam","Auto Shields"],"picked":"SKIP","floor":29},{"not_picked":["Compile Driver","Sweeping Beam","Steam"],"picked":"Gash","floor":31},{"not_picked":["Meteor Strike","Multi-Cast","Amplify"],"picked":"Seek","floor":33},{"not_picked":["Cold Snap","Compile Driver","Heatsinks"],"picked":"Coolheaded+1","floor":35},{"not_picked":["Hologram","Steam","Barrage","Beam Cell"],"picked":"SKIP","floor":38},{"not_picked":["Cold Snap+1","Turbo","Melter+1","Steam"],"picked":"SKIP","floor":39},{"not_picked":["Leap","Rebound","Cold Snap","Beam Cell"],"picked":"SKIP","floor":41},{"not_picked":["Hologram","Streamline","Aggregate","Hello World"],"picked":"SKIP","floor":44},{"not_picked":["Streamline","Leap+1","Reprogram"],"picked":"Reboot","floor":47},{"not_picked":["Rebound","Recycle","Redo","Cold Snap"],"picked":"SKIP","floor":48}],"player_experience":746161,"relics_obtained":[{"floor":9,"key":"Question Card"},{"floor":23,"key":"Blue Candle"},{"floor":31,"key":"Red Mask"},{"floor":43,"key":"Omamori"},{"floor":44,"key":"Bottled Lightning"}],"event_choices":[{"damage_healed":0,"gold_gain":0,"player_choice":"Entered Light","damage_taken":21,"max_hp_gain":0,"max_hp_loss":0,"event_name":"Shining Light","floor":11,"gold_loss":0,"cards_upgraded":["Gash","Strike_B"]},{"damage_healed":0,"gold_gain":0,"player_choice":"Ignored","damage_taken":0,"max_hp_gain":0,"max_hp_loss":0,"event_name":"The Mausoleum","floor":20,"gold_loss":0},{"cards_removed":["Meteor Strike"],"damage_healed":0,"gold_gain":0,"player_choice":"Gave Gold","damage_taken":0,"max_hp_gain":0,"max_hp_loss":0,"event_name":"Beggar","floor":22,"gold_loss":75},{"damage_healed":14,"gold_gain":0,"player_choice":"Heal","damage_taken":0,"max_hp_gain":0,"max_hp_loss":0,"event_name":"The Library","floor":25,"gold_loss":0},{"damage_healed":0,"gold_gain":0,"player_choice":"Inject Mutagens","damage_taken":0,"relics_obtained":["MutagenicStrength"],"max_hp_gain":0,"max_hp_loss":0,"event_name":"Drug Dealer","floor":27,"gold_loss":0},{"damage_healed":0,"gold_gain":0,"player_choice":"Fought Bandits","damage_taken":0,"max_hp_gain":0,"max_hp_loss":0,"event_name":"Masked Bandits","floor":31,"gold_loss":0},{"damage_healed":0,"gold_gain":0,"cards_transformed":["Reprogram"],"player_choice":"Transformed","damage_taken":0,"max_hp_gain":0,"max_hp_loss":0,"event_name":"Transmorgrifier","floor":37,"gold_loss":0,"cards_obtained":["Barrage"]}],"is_beta":false,"boss_relics":[{"not_picked":["Snecko Eye","Sozu"],"picked":"Pandora\u0027s Box"},{"not_picked":["Runic Dome","SlaversCollar"],"picked":"Philosopher\u0027s Stone"}],"items_purged_floors":[36],"is_endless":false,"potions_floor_spawned":[4,7,10,14,16,19,31,33,35,39,47,48],"killed_by":"Awakened One","ascension_level":15}}