{"host":"rtq35k3rt1qs984b","time":1607958137,"event":{"mods":["2.2 Compatiblity","AchievementEnabler","Act Like it!","Aspiration","BaseMod","Better Note","BetterRewards","Card Forge","Clawfect","Colored Map","Colored Powertips","Conspire","Downfall","Energized Spire","Friendly Minions","Gensokyo","GifTheSpireLib","Grow up Mod","Halation","Hallownest","Highlight Path","Hubris","Infinite Spire","Marked Mod","Minty Spire (QoL Compilation)","Permanent Neow","Rare Cards Sparkle","Replay The Spire","Shop Mod","StSLib","Steal the Spire","Stuff the Spire","SuperFastMode","The Runesmith","vexMod"],"gold_per_floor":[117,137,137,137,150,185,185,211,211,211,125,125,155,175,175,280,280,291,279,293,293,307,332,347,377,377,394,394,412,412,440,440,540,540,552,552,552,568,568,568,599,620,671,698,727,765,765,765,765,883,883,883],"floor_reached":51,"playtime":1574,"items_purged":[],"score":1088,"play_id":"39ea5edd-fde4-4a2d-95c9-67dd5fd6bfaa","local_time":"20201214150217","is_ascension_mode":true,"campfire_choices":[{"data":"Clawfect:Clawrage","floor":7.0,"key":"SMITH"},{"data":"Coolheaded","floor":10.0,"key":"SMITH"},{"data":"Clawfect:ClawAndGloom","floor":15.0,"key":"SMITH"},{"data":"Clawfect:ScrapingClaw","floor":30.0,"key":"SMITH"},{"data":"Clawfect:Clawrage","floor":32.0,"key":"SMITH"},{"data":"Echo Form","floor":40,"key":"SMITH"},{"data":"Echo Form","floor":47,"key":"SMITH"}],"circlet_count":0,"master_deck":["Gash","Gash","Gash","Gash","Gash","Defend_B+1","Defend_B+1","Defend_B+1","Defend_B+1","Defend_B+1","Coolheaded+1","Hologram","StuffTheSpire:Coldhearted","Clawfect:Clawrage+1","Clawfect:Clawline","Clawfect:ClawAndGloom+1","Heatsinks","Echo Form+1","Clawfect:ClawCell","Clawfect:ClawForTheEyes","Clawfect:ClawCell","Clawfect:ClawSnap+1","Clawfect:ScrapingClaw+1","Clawfect:ClawLightning","Clawfect:Clawrage+1","Echo Form+1","ReplayGash","Gash","Turbo+1","hubris:Disease","Clawfect:ClawSnap+1","Hallucinations","Echo Form"],"relics":["Clawfect:DRClaw","Hammer of Thor","Seething Fire","Anvil of the Gods","aspiration:Nostalgia","StuffTheSpire:OccultApparatus","aspiration:ChemicalBlood","vexMod:MemoryStick","infinitespire:Joker Card","Thread and Needle","conspire:TopHat","Art of War","energizedSpire:MagnifyingGlass","Nunchaku","infinitespire:Broken Mirror","Replay:Towering Pillar of Hats","hubris:CuriousFeather","Garlic","vexMod:CursedCompass","infinitespire:Bottled Soul","Cursed Key","hubris:Icosahedron","infinitespire:Midas Blood","StuffTheSpire:GrapeVine","halation:IllGainedPizza","Ring of Fury","ReplayTheSpireMod:Ring of Challenge","Black Star"],"acts_visited":["Exordium","TheCity","TheBeyond","Exordium"],"potions_floor_usage":[],"damage_taken":[{"damage":0.0,"enemies":"Cultist","floor":1.0,"turns":4.0},{"damage":13.0,"enemies":"Small Slimes","floor":2.0,"turns":4.0},{"damage":2.0,"enemies":"Jaw Worm","floor":5.0,"turns":4.0},{"damage":52.0,"enemies":"Gremlin Nob","floor":6.0,"turns":6.0},{"damage":10.0,"enemies":"Lagavulin","floor":8.0,"turns":5.0},{"damage":0.0,"enemies":"Gremlin Nob","floor":13.0,"turns":3.0},{"damage":7.0,"enemies":"Looter","floor":14.0,"turns":3.0},{"damage":13.0,"enemies":"Slime Boss","floor":16.0,"turns":5.0},{"damage":5.0,"enemies":"Chosen","floor":18.0,"turns":4.0},{"damage":16.0,"enemies":"2 Thieves","floor":19.0,"turns":2.0},{"damage":14.0,"enemies":"Chosen and Byrds","floor":20.0,"turns":4.0},{"damage":41.0,"enemies":"3 Cultists","floor":22.0,"turns":5.0},{"damage":32.0,"enemies":"Replay:Snechameleon","floor":23.0,"turns":4.0},{"damage":21.0,"enemies":"Shelled Parasite and Fungi","floor":24.0,"turns":4.0},{"damage":83.0,"enemies":"Nightmare","floor":25.0,"turns":7.0},{"damage":8.0,"enemies":"Centurion and Healer","floor":27.0,"turns":4.0},{"damage":26.0,"enemies":"Snake Plant","floor":29.0,"turns":4.0},{"damage":65.0,"enemies":"Slavers","floor":31.0,"turns":5.0},{"damage":0.0,"enemies":"Automaton","floor":33.0,"turns":5.0},{"damage":19.0,"enemies":"3 Darklings","floor":35.0,"turns":3.0},{"damage":1,"enemies":"Orb Walker","floor":38,"turns":4},{"damage":131,"enemies":"Nightmare","floor":41,"turns":7},{"damage":14,"enemies":"4 Shapes","floor":42,"turns":4},{"damage":0,"enemies":"Giant Head","floor":44,"turns":3},{"damage":31,"enemies":"Transient","floor":45,"turns":5},{"damage":36,"enemies":"3 Darklings","floor":46,"turns":5},{"damage":173,"enemies":"conspire:OrnateMirror","floor":50,"turns":5}],"seed_played":"-5015465293847750702","potions_obtained":[{"floor":1.0,"key":"sneckomod:MuddlingPotion"},{"floor":2.0,"key":"Swift Potion"},{"floor":19.0,"key":"infinitespire:BlackPotion"},{"floor":19.0,"key":"Explosive Potion"},{"floor":23.0,"key":"FearPotion"}],"is_trial":false,"path_per_floor":["M","M","?","?","M","E","R","E","T","R","$","?","E","M","R","B",null,"M","M","M","?","M","E","M","NM","T","M","?","M","R","E","R_BF","B",null,"M","AVR","?","M","?","R","NM","M","T","E","M","M","R","?","R_BF","B",null],"character_chosen":"DEFECT","items_purchased":["Clawfect:Clawline","Clawfect:ClawAndGloom"],"campfire_rested":0,"item_purchase_floors":[11,11],"current_hp_per_floor":[99,100,107,117,125,83,93,93,103,113,123,133,143,146,156,153,259,264,258,254,264,233,211,200,127,137,139,149,133,143,88,98,108,429,420,430,440,449,459,469,348,344,354,364,343,317,327,337,517,354,589,589],"gold":883,"neow_bonus":"NOSTALGIA","is_daily":false,"chose_seed":false,"campfire_upgraded":7,"win_rate":0.0,"timestamp":1607958137,"path_taken":["M","M","?","?","M","E","R","E","T","R","$","?","E","M","R","BOSS","M","M","M","?","M","E","M","NM","T","M","?","?","R","E","R_BF","BOSS","M","AVR","?","M","?","R","NM","M","T","E","M","M","R","?","R_BF","BOSS"],"items_purchased_type":["Card","Card"],"build_version":"2020-12-13","purchased_purges":0,"victory":false,"max_hp_per_floor":[99,109,119,129,139,149,159,169,179,189,199,209,219,229,239,249,259,269,279,289,299,309,319,329,339,349,359,369,379,389,399,409,419,429,439,449,459,469,479,489,499,509,519,529,539,549,559,569,579,589,589,589],"card_choices":[{"not_picked":["Capacitor","FTL"],"picked":"Coolheaded","floor":1.0},{"not_picked":["Clawfect:Clawrage","ReplaySolidLightProjector"],"picked":"Hologram","floor":2.0},{"not_picked":["Clawfect:ClawSnap","BasicCrystalCard"],"picked":"StuffTheSpire:Coldhearted","floor":5.0},{"not_picked":["BasicCrystalCard","Reprogram"],"picked":"Clawfect:Clawrage","floor":6.0},{"not_picked":["Crystallizer","Hello World","FTL"],"picked":"SKIP","floor":8.0},{"not_picked":["ReplayTheSpireMod:Dual Polarity","FTL","Crystallizer"],"picked":"SKIP","floor":13.0},{"not_picked":["Coolheaded","FTL"],"picked":"Heatsinks","floor":14.0},{"not_picked":["hubris:SpecializedCircuitry","Multi-Cast"],"picked":"Echo Form","floor":16.0},{"not_picked":["StuffTheSpire:LoadUp","conspire:SharedLibrary","Redo"],"picked":"SKIP","floor":18.0},{"not_picked":["Clawfect:ClawAndTear+1","BootSequence"],"picked":"Clawfect:ClawCell","floor":19.0},{"not_picked":["Aggregate+1","Double Energy","Chaos"],"picked":"SKIP","floor":20.0},{"not_picked":["Clawfect:Clawline+1","Leap"],"picked":"Clawfect:ClawForTheEyes","floor":22.0},{"not_picked":["StuffTheSpire:LoadUp","Consume","StuffTheSpire:LaunchingStrike"],"picked":"SKIP","floor":23.0},{"not_picked":["Coolheaded","Rebound"],"picked":"Clawfect:ClawCell","floor":24.0},{"not_picked":["StuffTheSpire:GlassShard","Blizzard"],"picked":"Clawfect:ClawSnap","floor":25.0},{"not_picked":["StuffTheSpire:ShieldGenerator+1","StuffTheSpire:LoadUp+1"],"picked":"Clawfect:ScrapingClaw","floor":27.0},{"not_picked":["Stack","hubris:Ukulele"],"picked":"Clawfect:ClawLightning","floor":29.0},{"not_picked":["StuffTheSpire:Purify","Clawfect:ClawingBeam"],"picked":"Clawfect:Clawrage","floor":31.0},{"not_picked":["ReplayTheSpireMod:Fabricate Wheel","Reboot"],"picked":"Echo Form","floor":33.0},{"not_picked":["Crystallizer","Skim"],"picked":"ReplayGash","floor":35.0},{"not_picked":["Coolheaded","Hologram+1"],"picked":"Gash","floor":38},{"not_picked":["Amplify","StuffTheSpire:LoadUp+1","Rebound+1"],"picked":"SKIP","floor":41},{"not_picked":["Clawfect:Clawline+1","BootSequence"],"picked":"Turbo+1","floor":42},{"not_picked":["Clawfect:ClawingBeam","Heatsinks","Storm+1"],"picked":"SKIP","floor":44},{"not_picked":["Auto Shields","Clawfect:ClawLightning"],"picked":"Clawfect:ClawSnap+1","floor":45},{"not_picked":["Rebound","FTL","BasicCrystalCard"],"picked":"SKIP","floor":46},{"not_picked":["Fission","hubris:DoWhile"],"picked":"Echo Form","floor":50}],"player_experience":119115,"relics_obtained":[{"floor":6.0,"key":"vexMod:MemoryStick"},{"floor":8.0,"key":"infinitespire:Joker Card"},{"floor":9.0,"key":"Thread and Needle"},{"floor":13.0,"key":"Art of War"},{"floor":23.0,"key":"Nunchaku"},{"floor":25.0,"key":"infinitespire:Broken Mirror"},{"floor":26.0,"key":"Replay:Towering Pillar of Hats"},{"floor":28.0,"key":"hubris:CuriousFeather"},{"floor":31.0,"key":"Garlic"},{"floor":41,"key":"infinitespire:Midas Blood"},{"floor":43,"key":"StuffTheSpire:GrapeVine"},{"floor":44,"key":"halation:IllGainedPizza"},{"floor":48,"key":"Ring of Fury"},{"floor":48,"key":"ReplayTheSpireMod:Ring of Challenge"}],"event_choices":[{"damage_healed":0.0,"max_hp_gain":0.0,"max_hp_loss":0.0,"gold_gain":0.0,"event_name":"Scrap Ooze","player_choice":"Success","floor":3.0,"gold_loss":0.0,"damage_taken":3.0,"relics_obtained":["aspiration:ChemicalBlood"]},{"damage_healed":0.0,"max_hp_gain":0.0,"max_hp_loss":0.0,"gold_gain":0.0,"event_name":"Big Fish","player_choice":"Box","floor":12.0,"gold_loss":0.0,"damage_taken":0.0,"relics_obtained":["conspire:TopHat"],"cards_obtained":["Regret"]},{"damage_healed":0.0,"max_hp_gain":0.0,"max_hp_loss":0.0,"gold_gain":0.0,"event_name":"Back to Basics","player_choice":"Simplicity","floor":21.0,"gold_loss":0.0,"damage_taken":0.0,"cards_upgraded":["Defend_B","Defend_B","Defend_B","Defend_B","Defend_B"]},{"damage_healed":0.0,"max_hp_gain":0.0,"max_hp_loss":0.0,"gold_gain":0.0,"event_name":"Wheel of Change","player_choice":"Relic","floor":28.0,"gold_loss":0.0,"damage_taken":0.0}],"is_beta":false,"boss_relics":[{"not_picked":["Pandora\u0027s Box","hubris:GrandSneckoEye"],"picked":"energizedSpire:MagnifyingGlass"},{"not_picked":["energizedSpire:SpiderWeb","conspire:SeveredTorchhead"],"picked":"vexMod:CursedCompass"},{"not_picked":["Runic Pyramid","vexMod:MysteryBossChallenge"],"picked":"Black Star"}],"items_purged_floors":[],"is_endless":true,"potions_floor_spawned":[1,2,6,14,18,19,20,24,29,41,42,44,50],"ascension_level":3}}