{"host":"cvdbfwtypahr1w62","time":1607990044,"event":{"mods":["AchievementEnabler","Act Like it!","BaseMod","BetterRewards","Card Forge","Colored Map","Filter the Spire","Hallownest","Highlight Path","Jorbs\u0027s Wanderer Trilogy","Marisa????????","Minty Spire (QoL Compilation)","Rare Cards Sparkle","Relic Stats","Shop Mod","StSLib","The Bug Knight","The Cursed"],"gold_per_floor":[115,115,115,128,140,140,157,187,213,213,233,251,251,71,71,144,144,161,76,76,126,24,24,24,43,43,43,43,57,57,74,74,152,152,169,169,169,179,190,190,200,200,200,215,215,33,33,63,63,63,63,63],"floor_reached":51,"playtime":1921,"items_purged":["Strike_G","Strike_G","Strike_G","Strike_G","Strike_G","Defend_G"],"score":1715,"play_id":"4292dc1b-dff5-43d3-a1c5-7c9671a57e48","local_time":"20201215005404","is_ascension_mode":true,"campfire_choices":[{"data":"Cloak And Dagger","floor":6,"key":"SMITH"},{"data":"Terror","floor":13,"key":"SMITH"},{"data":"Accuracy","floor":15,"key":"SMITH"},{"data":"Accuracy","floor":23,"key":"SMITH"},{"data":"1","floor":30,"key":"LIFT"},{"data":"2","floor":32,"key":"LIFT"},{"data":"Burst","floor":40,"key":"SMITH"},{"data":"Madness","floor":42,"key":"SMITH"},{"data":"Madness","floor":45,"key":"SMITH"},{"data":"3","floor":47,"key":"LIFT"},{"data":"Footwork","floor":49,"key":"SMITH"}],"circlet_count":0,"master_deck":["AscendersBane","Defend_G","Survivor","Neutralize","Blade Dance","Accuracy+1","Cloak And Dagger+1","Infinite Blades","Infinite Blades","Accuracy+1","Backflip","Terror+1","Footwork+1","Backstab","Footwork","Burst+1","Madness+1","Madness+1","Footwork+1","Backflip","Panacea"],"relics":["Ring of the Serpent","Hammer of Thor","Seething Fire","Anvil of the Gods","HollowMod:QueensCombRelic","Membership Card","Ninja Scroll","Ice Cream","Hallownest:DreamNailRelic","Bag of Preparation","Nunchaku","Anchor","Blood Vial","Oddly Smooth Stone","Girya","Bronze Scales","HornCleat","Boot"],"acts_visited":["Exordium","TheCity","TheBeyond"],"potions_floor_usage":[5,8,29,33],"damage_taken":[{"damage":0,"enemies":"2_ Uuma","floor":1,"turns":2},{"damage":1,"enemies":"Hallownest:monsterHuskGuard","floor":4,"turns":3},{"damage":0,"enemies":"Hallownest:2_Tiktiks_and_1_Crawlid","floor":5,"turns":4},{"damage":0,"enemies":"Hallownest:Guard_and_Warrior","floor":7,"turns":3},{"damage":2,"enemies":"Hallownest:eliteCrystalGuardian","floor":8,"turns":4},{"damage":0,"enemies":"Hallownest:monsterMossCharger","floor":11,"turns":1},{"damage":0,"enemies":"Hallownest:Wandering_and_Horned","floor":12,"turns":4},{"damage":11,"enemies":"Hallownest:BossFalseKnight","floor":16,"turns":4},{"damage":0,"enemies":"3 Byrds","floor":18,"turns":3},{"damage":2,"enemies":"Shell Parasite","floor":25,"turns":3},{"damage":9,"enemies":"Shelled Parasite and Fungi","floor":29,"turns":4},{"damage":2,"enemies":"Snake Plant","floor":31,"turns":3},{"damage":11,"enemies":"Collector","floor":33,"turns":4},{"damage":29,"enemies":"3 Darklings","floor":35,"turns":4},{"damage":0,"enemies":"Orb Walker","floor":38,"turns":3},{"damage":9,"enemies":"4 Shapes","floor":39,"turns":5},{"damage":8,"enemies":"3 Darklings","floor":41,"turns":5},{"damage":2,"enemies":"Sphere and 2 Shapes","floor":44,"turns":3},{"damage":0,"enemies":"Giant Head","floor":48,"turns":4},{"damage":37,"enemies":"Donu and Deca","floor":50,"turns":6},{"damage":33,"enemies":"Time Eater","floor":51,"turns":4}],"seed_played":"-2613865661539549294","potions_obtained":[{"floor":4,"key":"DuplicationPotion"},{"floor":5,"key":"Block Potion"},{"floor":8,"key":"FearPotion"},{"floor":29,"key":"SteroidPotion"},{"floor":35,"key":"CultistPotion"},{"floor":44,"key":"FairyPotion"}],"is_trial":false,"path_per_floor":["M","?","?","M","M","R","M","E","T","?","M","M","R","$","R","B",null,"M","?","?","?","$","R","$","M","T","?","?","M","R","M","R","B",null,"M","?","?","M","M","R","M","R","T","M","R","$","R","E","R","B","B"],"character_chosen":"THE_SILENT","items_purchased":["Blade Dance","Accuracy","Membership Card","Cloak And Dagger","Infinite Blades","Ninja Scroll","Infinite Blades","Accuracy","Ice Cream","FairyPotion","Anchor","Oddly Smooth Stone","Footwork","HornCleat","Panacea"],"campfire_rested":0,"item_purchase_floors":[0,0,0,0,0,0,0,0,0,0,14,22,22,46,46],"current_hp_per_floor":[26,26,26,33,44,44,44,42,42,36,36,36,36,36,36,25,33,36,36,36,36,36,36,36,34,34,34,13,14,14,22,22,21,32,7,1,1,15,24,24,26,26,26,34,34,34,34,36,36,10,0,0],"gold":63,"neow_bonus":"","is_daily":false,"chose_seed":false,"campfire_upgraded":8,"win_rate":0.0,"timestamp":1607990044,"path_taken":["M","?","?","M","?","R","M","E","T","?","M","?","R","$","R","BOSS","M","?","?","?","$","R","?","?","T","?","?","M","R","M","R","BOSS","M","?","?","M","?","R","M","R","T","M","R","$","R","E","R","BOSS","BOSS"],"items_purchased_type":["Card","Card","Relic","Card","Card","Relic","Card","Card","Relic","Potion","Relic","Relic","Card","Relic","Card"],"build_version":"2020-12-13","purchased_purges":6,"victory":false,"max_hp_per_floor":[44,44,44,44,44,44,44,44,44,36,36,36,36,36,36,36,36,36,36,36,36,36,36,36,36,36,36,36,36,36,36,36,36,36,36,36,36,36,36,36,36,36,36,36,36,36,36,36,36,36,36,36],"relic_stats":{"Blood Vial":20,"Nunchaku":[25],"counters":[54,116],"Bronze Scales":[30],"Bag of Preparation":[13],"Boot":[8],"obtain_stats":[{"TwistedFunnel":21,"Ice Cream":0,"Calipers":48,"Hammer of Thor":0,"Snake Skull":6,"Hallownest:DreamNailRelic":3,"Bag of Preparation":8,"Boot":48,"Blood Vial":19,"Nunchaku":9,"HornCleat":46,"Sundial":42,"Ninja Scroll":0,"Philosopher\u0027s Stone":17,"Ring of the Snake":0,"HollowMod:QueensCombRelic":28,"Girya":26,"Lee\u0027s Waffle":53,"Oddly Smooth Stone":22,"Tingsha":40,"Omamori":20,"Seething Fire":0,"Orichalcum":53,"Question Card":25,"Mercury Hourglass":54,"CaptainsWheel":37,"Anchor":14,"Busted Crown":34,"Anvil of the Gods":0,"Shuriken":28,"Bronze Scales":43,"Bag of Marbles":26,"Membership Card":0,"Unceasing Top":43,"Ring of the Serpent":17},{"TwistedFunnel":11,"Ice Cream":33,"Calipers":30,"Hammer of Thor":0,"Snake Skull":3,"Hallownest:DreamNailRelic":34,"Bag of Preparation":38,"Boot":52,"Blood Vial":42,"Nunchaku":38,"HornCleat":51,"Sundial":28,"Ninja Scroll":33,"Philosopher\u0027s Stone":9,"Ring of the Snake":0,"HollowMod:QueensCombRelic":17,"Girya":43,"Lee\u0027s Waffle":31,"Oddly Smooth Stone":42,"Tingsha":26,"Omamori":11,"Seething Fire":0,"Orichalcum":31,"Question Card":14,"Mercury Hourglass":32,"CaptainsWheel":24,"Anchor":40,"Busted Crown":21,"Anvil of the Gods":0,"Shuriken":17,"Bronze Scales":50,"Bag of Marbles":14,"Membership Card":33,"Unceasing Top":28,"Ring of the Serpent":41},{"TwistedFunnel":12,"Ice Cream":40,"Calipers":32,"Hammer of Thor":0,"Snake Skull":3,"Hallownest:DreamNailRelic":42,"Bag of Preparation":56,"Boot":106,"Blood Vial":68,"Nunchaku":56,"HornCleat":102,"Sundial":30,"Ninja Scroll":40,"Philosopher\u0027s Stone":10,"Ring of the Snake":0,"HollowMod:QueensCombRelic":19,"Girya":71,"Lee\u0027s Waffle":33,"Oddly Smooth Stone":68,"Tingsha":28,"Omamori":12,"Seething Fire":0,"Orichalcum":33,"Question Card":16,"Mercury Hourglass":37,"CaptainsWheel":26,"Anchor":61,"Busted Crown":23,"Anvil of the Gods":0,"Shuriken":19,"Bronze Scales":99,"Bag of Marbles":16,"Membership Card":40,"Unceasing Top":30,"Ring of the Serpent":65}]},"card_choices":[{"not_picked":["Noxious Fumes","Bane"],"picked":"Backflip","floor":1},{"not_picked":["Flying Knee","Skewer","Backflip"],"picked":"SKIP","floor":4},{"not_picked":["Dagger Spray","Backflip","Outmaneuver"],"picked":"SKIP","floor":5},{"not_picked":["Prepared","Endless Agony"],"picked":"Terror","floor":7},{"not_picked":["Sucker Punch","Choke"],"picked":"Footwork","floor":8},{"not_picked":["Cloak And Dagger","Setup","Dodge and Roll"],"picked":"SKIP","floor":11},{"not_picked":["Backflip","Crippling Poison","Dagger Throw"],"picked":"SKIP","floor":12},{"not_picked":["Quick Slash","Escape Plan"],"picked":"Backstab","floor":18},{"not_picked":["Setup","Bouncing Flask+1","Flying Knee"],"picked":"SKIP","floor":25},{"not_picked":["Underhanded Strike","Prepared","Dagger Throw"],"picked":"SKIP","floor":29},{"not_picked":["Acrobatics","Crippling Poison","Backflip"],"picked":"SKIP","floor":31},{"not_picked":["Glass Knife","Corpse Explosion"],"picked":"Burst","floor":33},{"not_picked":["Deflect","Endless Agony","Dash"],"picked":"SKIP","floor":35},{"not_picked":["Bane+1","Riddle With Holes"],"picked":"Footwork+1","floor":38},{"not_picked":["Poisoned Stab","PiercingWail+1","Calculated Gamble+1"],"picked":"SKIP","floor":39},{"not_picked":["Quick Slash","Endless Agony+1","Dodge and Roll+1"],"picked":"SKIP","floor":41},{"not_picked":["Dagger Throw","All Out Attack"],"picked":"Backflip","floor":44},{"not_picked":["Outmaneuver","Die Die Die","Deflect"],"picked":"SKIP","floor":48}],"player_experience":788622,"relics_obtained":[{"floor":8,"key":"Bag of Preparation"},{"floor":9,"key":"Nunchaku"},{"floor":26,"key":"Girya"},{"floor":43,"key":"Bronze Scales"},{"floor":48,"key":"Boot"}],"event_choices":[{"damage_healed":0,"gold_gain":0,"player_choice":"Obtained Relic","damage_taken":0,"relics_obtained":["Blood Vial"],"max_hp_gain":0,"max_hp_loss":0,"event_name":"Addict","floor":19,"gold_loss":85},{"damage_healed":0,"gold_gain":0,"player_choice":"Ignored","damage_taken":0,"max_hp_gain":0,"max_hp_loss":0,"event_name":"Vampires","floor":20,"gold_loss":0},{"damage_healed":0,"gold_gain":50,"player_choice":"Stole From Cult","damage_taken":0,"max_hp_gain":0,"max_hp_loss":0,"event_name":"Nest","floor":21,"gold_loss":0},{"damage_healed":0,"gold_gain":0,"player_choice":"Ignored","damage_taken":0,"max_hp_gain":0,"max_hp_loss":0,"event_name":"The Mausoleum","floor":27,"gold_loss":0},{"damage_healed":0,"gold_gain":0,"player_choice":"Obtained Book","damage_taken":21,"max_hp_gain":0,"max_hp_loss":0,"event_name":"Cursed Tome","floor":28,"gold_loss":0},{"damage_healed":0,"gold_gain":0,"player_choice":"Embrace Madness","damage_taken":6,"max_hp_gain":0,"max_hp_loss":0,"event_name":"Winding Halls","floor":36,"gold_loss":0,"cards_obtained":["Madness","Madness"]},{"cards_removed":["Defend_G"],"damage_healed":0,"gold_gain":0,"player_choice":"Purged","damage_taken":0,"max_hp_gain":0,"max_hp_loss":0,"event_name":"Purifier","floor":37,"gold_loss":0}],"is_beta":false,"boss_relics":[{"not_picked":["Empty Cage","Black Star"],"picked":"Ring of the Serpent"},{"not_picked":["Snecko Eye","Calling Bell","Fusion Hammer"]}],"items_purged_floors":[0,0,0,0,0,14],"is_endless":false,"potions_floor_spawned":[4,5,8,12,18,29,35,39,44],"killed_by":"Time Eater","ascension_level":20}}