{"host":"turdyikuxcak11ni","time":1607937304,"event":{"mods":["AchievementEnabler","BaseMod","Better Altar","Better Match","Better Note","Better Sensory Stone","Better Skull","Better Third Choice","Better Vampires","Colored Map","Conspire","Downfall","Hubris","Minty Spire (QoL Compilation)","Quick Restart","Relic Stats","Replay The Spire","Spicy Shops","StSLib","SuperFastMode"],"gold_per_floor":[115,115,131,131,131,162,162,174,174,194,0,27,27,61,61,164,164,182,192,192,205,205,205,216,216,216,248,261,1,1,36,36,136,136,153,153,153,153,153,153,153,153],"floor_reached":41,"playtime":2038,"items_purged":["Burn"],"score":479,"play_id":"dc7ee06e-d209-465e-a16a-1bbb35642329","local_time":"20201214011504","is_ascension_mode":true,"campfire_choices":[{"floor":7,"key":"REST"},{"floor":13,"key":"REST"},{"floor":15,"key":"REST"},{"floor":23,"key":"REST"},{"floor":25,"key":"REST"},{"floor":30,"key":"REST"},{"floor":32,"key":"REST"},{"floor":40,"key":"REST"}],"circlet_count":0,"master_deck":["Strike_P","Strike_P","Strike_P","Strike_P","Defend_P","Defend_P","Defend_P","Defend_P","Eruption","Vigilance","Replay:AtTheReady","SandsOfTime","Enlightenment+1","FlurryOfBlows","expansioncontent:DashGenerateEvil","ReplayTheSpireMod:Private Reserves+1","expansioncontent:CaCaw","Replay:AllIn","DeusExMachina","CurseOfTheBell","Replay:Anticipation+1","Replay:DivineShield+1","Perseverance","Wish","Study"],"relics":["PureWater","hubris:BottledRain","Juzu Bracelet","Replay:Wax Seal","ReplayTheSpireMod:ShopPack","PreservedInsect","Bag of Marbles","Calling Bell","Bronze Scales","Shovel","conspire:BottledYoYo","Replay:Bottled Snecko","Peace Pipe","Membership Card","Mirror","ReplayTheSpireMod:Lightbulb","conspire:SlowCooker","Ring of Panic","Ring of Searing","hubris:Icosahedron","FossilizedHelix"],"acts_visited":["Exordium","TheCity","TheBeyond"],"potions_floor_usage":[6,16,16,24,28,28,33,33,41],"damage_taken":[{"damage":13,"enemies":"Jaw Worm","floor":1,"turns":6},{"damage":1,"enemies":"2 Louse","floor":3,"turns":2},{"damage":32,"enemies":"3 Sentries","floor":6,"turns":8},{"damage":2,"enemies":"Small Slimes","floor":8,"turns":3},{"damage":5,"enemies":"Blue Slaver","floor":10,"turns":4},{"damage":14,"enemies":"Replay:BlueRogue","floor":14,"turns":3},{"damage":56,"enemies":"The Guardian","floor":16,"turns":6},{"damage":21,"enemies":"2 Thieves","floor":18,"turns":4},{"damage":4,"enemies":"3 Byrds","floor":19,"turns":3},{"damage":30,"enemies":"Snake Plant","floor":21,"turns":4},{"damage":0,"enemies":"Shelled Parasite and Fungi","floor":24,"turns":3},{"damage":12,"enemies":"conspire:SneckoGhost","floor":27,"turns":6},{"damage":0,"enemies":"Snecko","floor":28,"turns":4},{"damage":21,"enemies":"Slavers","floor":31,"turns":4},{"damage":64,"enemies":"Collector","floor":33,"turns":7},{"damage":21,"enemies":"Orb Walker","floor":35,"turns":3},{"damage":62,"enemies":"Reptomancer","floor":41,"turns":3}],"seed_played":"1956843428821331891","potions_obtained":[{"floor":1,"key":"SkillPotion"},{"floor":3,"key":"sneckomod:MuddlingPotion"},{"floor":6,"key":"Explosive Potion"},{"floor":14,"key":"Weak Potion"},{"floor":21,"key":"LiquidMemories"},{"floor":24,"key":"Guardian:BlockOnCardUsePotion"},{"floor":27,"key":"Flashbang"},{"floor":28,"key":"SpeedPotion"},{"floor":35,"key":"BottledMiracle"}],"is_trial":false,"path_per_floor":["M","?","M","?","?","E","R","M","T","M","$","T","R","E","R","B",null,"M","M","?","M","?","R","M","R","T","E","M","$","R","E","R","B",null,"M","?","?","?","$","R","E"],"character_chosen":"WATCHER","items_purchased":["ReplayTheSpireMod:ShopPack","Membership Card","Ambrosia","Mirror","FossilizedHelix"],"campfire_rested":8,"item_purchase_floors":[11,29,29,29,39],"current_hp_per_floor":[59,59,58,58,58,26,47,45,45,40,40,40,61,47,68,12,72,51,47,47,17,17,38,38,59,59,47,47,47,68,47,68,4,72,51,51,51,51,31,52,0,0],"gold":153,"neow_bonus":"RANDOM_EVENT","is_daily":false,"chose_seed":false,"campfire_upgraded":0,"win_rate":0.0,"timestamp":1607937304,"path_taken":["M","?","M","?","?","E","R","M","T","M","$","?","R","E","R","BOSS","M","M","?","M","?","R","M","R","T","E","M","$","R","E","R","BOSS","M","?","?","?","?","R","E"],"items_purchased_type":["Relic","Relic","Potion","Relic","Relic"],"build_version":"2020-12-13","purchased_purges":1,"victory":false,"max_hp_per_floor":[72,72,72,72,72,72,72,72,72,72,72,72,72,72,72,72,72,72,72,72,72,72,72,72,72,72,72,72,72,72,72,72,72,72,72,72,72,72,72,72,72,72],"relic_stats":{"Peace Pipe":0,"Shovel":0,"counters":[17,72],"Bronze Scales":[158],"PreservedInsect":155,"Juzu Bracelet":0,"obtain_stats":[{"PreservedInsect":12,"conspire:SlowCooker":34,"Juzu Bracelet":6,"Ring of Searing":37,"Calling Bell":17,"Peace Pipe":27,"Shovel":17,"hubris:Icosahedron":38,"Bronze Scales":17,"Bag of Marbles":14,"conspire:BottledYoYo":17,"Replay:Bottled Snecko":26,"Membership Card":29,"PureWater":0,"Replay:Wax Seal":9,"Ring of Panic":37,"Mirror":29,"ReplayTheSpireMod:Lightbulb":31,"FossilizedHelix":39,"hubris:BottledRain":0,"ReplayTheSpireMod:ShopPack":11},{"PreservedInsect":5,"conspire:SlowCooker":15,"Juzu Bracelet":3,"Ring of Searing":16,"Calling Bell":7,"Peace Pipe":12,"Shovel":7,"hubris:Icosahedron":16,"Bronze Scales":7,"Bag of Marbles":6,"conspire:BottledYoYo":7,"Replay:Bottled Snecko":11,"Membership Card":13,"PureWater":0,"Replay:Wax Seal":4,"Ring of Panic":16,"Mirror":13,"ReplayTheSpireMod:Lightbulb":14,"FossilizedHelix":16,"hubris:BottledRain":0,"ReplayTheSpireMod:ShopPack":5},{"PreservedInsect":23,"conspire:SlowCooker":67,"Juzu Bracelet":16,"Ring of Searing":69,"Calling Bell":32,"Peace Pipe":52,"Shovel":32,"hubris:Icosahedron":69,"Bronze Scales":32,"Bag of Marbles":26,"conspire:BottledYoYo":32,"Replay:Bottled Snecko":46,"Membership Card":56,"PureWater":0,"Replay:Wax Seal":19,"Ring of Panic":69,"Mirror":56,"ReplayTheSpireMod:Lightbulb":60,"FossilizedHelix":69,"hubris:BottledRain":0,"ReplayTheSpireMod:ShopPack":23}]},"card_choices":[{"not_picked":["Worship","Pray"],"picked":"Replay:AtTheReady","floor":1},{"not_picked":["CrushJoints","Halt"],"picked":"SandsOfTime","floor":3},{"not_picked":["Pray","Consecrate"],"picked":"FlurryOfBlows","floor":6},{"not_picked":["PathToVictory","JustLucky","Replay:Battleflow"],"picked":"SKIP","floor":8},{"not_picked":["Wallop","Sanctity","CutThroughFate"],"picked":"SKIP","floor":10},{"not_picked":["Violence","expansioncontent:Corrupt"],"picked":"expansioncontent:DashGenerateEvil","floor":11},{"not_picked":["Forethought","expansioncontent:DarkVoid"],"picked":"ReplayTheSpireMod:Private Reserves","floor":11},{"not_picked":["Panache","Replay:SS_fish_3"],"picked":"expansioncontent:CaCaw","floor":11},{"not_picked":["BowlingBash","Pray"],"picked":"Replay:AllIn","floor":14},{"not_picked":["Scrawl","DevaForm"],"picked":"DeusExMachina","floor":16},{"not_picked":["Evaluate+1","Meditate","Consecrate+1"],"picked":"SKIP","floor":18},{"not_picked":["Prostrate+1","CrushJoints","CarveReality+1"],"picked":"SKIP","floor":19},{"not_picked":["DeceiveReality","Tantrum","Collect"],"picked":"SKIP","floor":21},{"not_picked":["Replay:AtTheReady","ClearTheMind+1"],"picked":"Replay:Anticipation+1","floor":24},{"not_picked":["Evaluate+1","Consecrate"],"picked":"Replay:DivineShield+1","floor":27},{"not_picked":["EmptyFist","BowlingBash"],"picked":"Perseverance","floor":28},{"not_picked":["Brilliance","ReachHeaven","Prostrate"],"picked":"SKIP","floor":31},{"not_picked":["Scrawl","DevaForm"],"picked":"Wish","floor":33},{"not_picked":["SashWhip","Perseverance+1"],"picked":"Study","floor":35}],"player_experience":233231,"relics_obtained":[{"floor":6,"key":"Juzu Bracelet"},{"floor":9,"key":"Replay:Wax Seal"},{"floor":12,"key":"PreservedInsect"},{"floor":14,"key":"Bag of Marbles"},{"floor":17,"key":"Bronze Scales"},{"floor":17,"key":"Shovel"},{"floor":17,"key":"conspire:BottledYoYo"},{"floor":26,"key":"Replay:Bottled Snecko"},{"floor":27,"key":"Peace Pipe"},{"floor":31,"key":"ReplayTheSpireMod:Lightbulb"},{"floor":37,"key":"Ring of Panic"},{"floor":37,"key":"Ring of Searing"}],"event_choices":[{"damage_healed":0,"gold_gain":0,"player_choice":"Box","damage_taken":0,"relics_obtained":["hubris:BottledRain"],"max_hp_gain":0,"max_hp_loss":0,"event_name":"Big Fish","floor":0,"gold_loss":0,"cards_obtained":["Regret"]},{"damage_healed":59,"gold_gain":0,"player_choice":"Embrace Burn","damage_taken":0,"max_hp_gain":0,"max_hp_loss":72,"event_name":"betterThird:BetterShining","floor":2,"gold_loss":0},{"damage_healed":0,"gold_gain":1,"player_choice":"4","damage_taken":0,"max_hp_gain":0,"max_hp_loss":0,"event_name":"betterStone:BetterStone","floor":4,"gold_loss":0,"cards_obtained":["Enlightenment"]},{"damage_healed":0,"gold_gain":0,"player_choice":"Leave","damage_taken":0,"max_hp_gain":0,"max_hp_loss":0,"event_name":"conspire:Investor","floor":5,"gold_loss":0},{"damage_healed":0,"gold_gain":0,"player_choice":"Ignored","damage_taken":0,"max_hp_gain":0,"max_hp_loss":0,"event_name":"Ghosts","floor":20,"gold_loss":0},{"cards_removed":["Regret"],"damage_healed":0,"gold_gain":0,"player_choice":"Elegance","damage_taken":0,"max_hp_gain":0,"max_hp_loss":0,"event_name":"betterThird:BetterWriting","floor":22,"gold_loss":0}],"is_beta":false,"boss_relics":[{"not_picked":["Busted Crown","Replay:Wanted Poster"],"picked":"Calling Bell"},{"not_picked":["Replay:Bronze Core","hubris:TerracottaHorce"],"picked":"conspire:SlowCooker"}],"items_purged_floors":[11],"is_endless":false,"potions_floor_spawned":[1,3,6,14,21,24,27,28,35],"killed_by":"Reptomancer","ascension_level":2}}