{"host":"mf58uor1qetkfeep","time":1607983853,"event":{"mods":["AchievementEnabler","Aspiration","BaseMod","Better Altar","Better Match","Better Note","Better Sensory Stone","Better Skull","Better Third Choice","BetterRewards","Colored Map","Colored Powertips","Conspire","Downfall","Hubris","Infinite Spire","Mimic Mod","Minty Spire (QoL Compilation)","Relic Sorter","StSLib"],"gold_per_floor":[109,120,120,120,131,156,156,156,156,170,95,130,147,162,162,257,257,271,271,271,284,53,82,82,107,107,107,107,107,107,107],"floor_reached":30,"playtime":1454,"items_purged":["Adaptation"],"score":301,"play_id":"7868b356-1063-401a-b822-7a063049c24e","local_time":"20201214171053","is_ascension_mode":false,"campfire_choices":[{"data":"Establishment","floor":7,"key":"SMITH"},{"data":"Eruption","floor":15,"key":"SMITH"},{"data":"Vigilance","floor":24,"key":"SMITH"},{"floor":27,"key":"REST"}],"circlet_count":0,"master_deck":["Strike_P","Strike_P","Strike_P","Strike_P","Defend_P","Defend_P","Defend_P","Defend_P","Eruption+1","Vigilance+1","Establishment+1","ConjureBlade+1","Vengeance+1","Vault+1","Vault+1","ConjureBlade+1"],"relics":["PureWater","hubris:Reverence","NeowsBlessing","aspiration:HiddenCompartment","Toxic Egg 2","infinitespire:WardingShard","aspiration:Lifesprig","aspiration:SilentSkillbook","aspiration:ChemicalBlood","DollysMirror","Happy Flower","hubris:MobiusCoin","Pantograph"],"acts_visited":["Exordium","TheCity"],"potions_floor_usage":[4,4,6,6,16,16,18,23,25,25,25,25,30,30,30],"damage_taken":[{"damage":0,"enemies":"2 Louse","floor":1,"turns":3},{"damage":0,"enemies":"Cultist","floor":2,"turns":3},{"damage":0,"enemies":"Small Slimes","floor":5,"turns":3},{"damage":13,"enemies":"3 Sentries","floor":6,"turns":6},{"damage":0,"enemies":"Red Slaver","floor":10,"turns":5},{"damage":12,"enemies":"Lagavulin","floor":12,"turns":6},{"damage":7,"enemies":"Gremlin Gang","floor":13,"turns":6},{"damage":18,"enemies":"Blue Slaver","floor":14,"turns":5},{"damage":9,"enemies":"Hexaghost","floor":16,"turns":6},{"damage":10,"enemies":"3 Byrds","floor":18,"turns":7},{"damage":6,"enemies":"2 Thieves","floor":21,"turns":5},{"damage":0,"enemies":"conspire:Head Lice","floor":23,"turns":6},{"damage":41,"enemies":"Book of Stabbing","floor":25,"turns":9},{"damage":91,"enemies":"Nightmare","floor":30,"turns":8}],"seed_played":"4213047873726414446","potions_obtained":[{"floor":2,"key":"EssenceOfSteel"},{"floor":4,"key":"Fruit Juice"},{"floor":4,"key":"EntropicBrew"},{"floor":12,"key":"champ:CounterPotion"},{"floor":14,"key":"PowerPotion"},{"floor":16,"key":"BlessingOfTheForge"},{"floor":18,"key":"Guardian:BlockOnCardUsePotion"},{"floor":23,"key":"Block Potion"}],"is_trial":false,"path_per_floor":["M","M","?","?","M","E","R","$","T","M","?","E","M","M","R","B",null,"M","?","AVR","M","$","E","R","E","T","R","?","?","NM"],"character_chosen":"WATCHER","items_purchased":["Happy Flower"],"campfire_rested":1,"item_purchase_floors":[22],"current_hp_per_floor":[72,72,72,77,77,77,77,77,77,77,77,77,70,52,52,43,77,67,67,67,61,61,61,61,20,20,77,77,77,0,0],"gold":107,"neow_bonus":"THREE_ENEMY_KILL","is_daily":false,"chose_seed":false,"campfire_upgraded":3,"win_rate":0.0,"timestamp":1607983853,"path_taken":["M","M","?","?","M","E","R","$","T","?","?","E","?","M","R","BOSS","M","?","AVR","M","$","E","R","E","T","R","?","?","NM"],"items_purchased_type":["Relic"],"build_version":"2020-12-13","purchased_purges":1,"victory":false,"max_hp_per_floor":[72,72,72,77,77,77,77,77,77,77,77,77,77,77,77,77,77,77,77,77,77,77,77,77,77,77,77,77,77,77,77],"card_choices":[{"not_picked":["FollowUp","EmptyBody","ClearTheMind"],"picked":"SKIP","floor":1},{"not_picked":["Evaluate","Indignation","Sanctity"],"picked":"SKIP","floor":2},{"not_picked":["EmptyMind","FlurryOfBlows"],"picked":"Establishment","floor":5},{"not_picked":["Consecrate","EmptyMind+1"],"picked":"ConjureBlade+1","floor":6},{"not_picked":["SandsOfTime","EmptyFist"],"picked":"Vengeance+1","floor":10},{"not_picked":["CutThroughFate","WaveOfTheHand+1","InnerPeace+1"],"picked":"SKIP","floor":12},{"not_picked":["JustLucky","Evaluate+1","FearNoEvil"],"picked":"SKIP","floor":13},{"not_picked":["Evaluate+1","InnerPeace+1"],"picked":"Vault+1","floor":14},{"not_picked":["Scrawl+1","MasterReality"],"picked":"Vault+1","floor":16},{"not_picked":["Indignation+1","Dagger Spray","hubris:SlightOfHand+1"],"picked":"Adaptation","floor":18},{"not_picked":["Halt+1","Flechettes","Wallop","Dagger Throw+1"],"picked":"SKIP","floor":21},{"not_picked":["Dagger Spray","hubris:SlightOfHand+1","Tantrum","hubris:Sniper+1"],"picked":"SKIP","floor":23},{"not_picked":["Dodge and Roll+1","hubris:SlightOfHand+1","Poisoned Stab+1","Blur+1"],"picked":"SKIP","floor":25}],"player_experience":118710,"relics_obtained":[{"floor":3,"key":"aspiration:HiddenCompartment"},{"floor":6,"key":"Toxic Egg 2"},{"floor":9,"key":"infinitespire:WardingShard"},{"floor":12,"key":"aspiration:Lifesprig"},{"floor":19,"key":"aspiration:ChemicalBlood"},{"floor":23,"key":"hubris:MobiusCoin"},{"floor":25,"key":"Pantograph"},{"floor":26,"key":"hubris:Reverence"}],"event_choices":[{"damage_healed":0,"gold_gain":0,"player_choice":"Got Potions","damage_taken":0,"max_hp_gain":0,"max_hp_loss":0,"event_name":"Lab","floor":4,"gold_loss":0},{"damage_healed":0,"gold_gain":0,"player_choice":"3","damage_taken":0,"max_hp_gain":0,"max_hp_loss":0,"event_name":"betterMatch:BetterMatch","floor":11,"gold_loss":0,"cards_obtained":[]},{"damage_healed":0,"gold_gain":0,"player_choice":"Relic","damage_taken":0,"max_hp_gain":0,"max_hp_loss":0,"event_name":"Wheel of Change","floor":19,"gold_loss":0},{"cards_removed":["ConjureBlade"],"damage_healed":0,"gold_gain":0,"player_choice":"Give","damage_taken":0,"max_hp_gain":0,"max_hp_loss":0,"event_name":"betterNote:BetterNote","floor":28,"gold_loss":0,"cards_obtained":["None"]},{"damage_healed":0,"gold_gain":0,"player_choice":"Ignored","damage_taken":0,"max_hp_gain":0,"max_hp_loss":0,"event_name":"Vampires","floor":29,"gold_loss":0}],"is_beta":false,"boss_relics":[{"not_picked":["hubris:Stopwatch","hubris:RunicObelisk"],"picked":"aspiration:SilentSkillbook"}],"items_purged_floors":[22],"is_endless":false,"potions_floor_spawned":[2,5,12,14,16,18,23],"killed_by":"Nightmare","ascension_level":0}}