{"host":"rcanb95qz4o6v6pp","time":1607949263,"event":{"mods":["AchievementEnabler","BaseMod","Better Third Choice","Colored Map","Downfall","Minty Spire (QoL Compilation)","Replay The Spire","Spicy Shops","StSLib"],"gold_per_floor":[114,114,114,41,56,86,86,51,76,106,121,121,396,411,411,511,511,526,541,481,481,331,331,361,36,36,66,81,6,36,36,36,136,136,151,166,166,166,191,191,206,221,246,261,111,126,126,141,141,141],"floor_reached":51,"playtime":9839,"items_purged":[],"score":838,"play_id":"0927b0c9-7136-4918-9e94-03b2105490ea","local_time":"20201214073423","daily_mods":["Draft","Hoarder","downfall:Hexed"],"is_ascension_mode":false,"campfire_choices":[{"data":"Catalyst","floor":7,"key":"SMITH"},{"data":"Catalyst","floor":12,"key":"SMITH"},{"floor":15,"key":"REST"},{"floor":23,"key":"REST"},{"floor":32,"key":"REST"},{"floor":40,"key":"REST"},{"floor":49,"key":"REST"}],"circlet_count":0,"master_deck":["Quick Slash","Quick Slash","Quick Slash","Quick Slash","Quick Slash","Dodge and Roll","Dodge and Roll","Dodge and Roll","Catalyst+1","Catalyst+1","Catalyst","Fluid Movement","Fluid Movement","Fluid Movement","Quick Slash","Quick Slash","Quick Slash","Calculated Gamble","Calculated Gamble","Calculated Gamble","Draining Mist","Draining Mist","Draining Mist","Noxious Fumes","Noxious Fumes","Noxious Fumes","Sucker Punch","Sucker Punch","Sucker Punch","Bouncing Flask","Bouncing Flask","Bouncing Flask","Footwork","Footwork","Footwork","Flying Knee","Flying Knee","Flying Knee","Quick Slash","Quick Slash","Quick Slash","PiercingWail","PiercingWail","PiercingWail","Bullet Time","Bullet Time","Bullet Time","Leg Sweep","Leg Sweep","Leg Sweep","Deflect","Deflect","Deflect","Poisoned Stab","Poisoned Stab","Poisoned Stab","Deadly Poison","Deadly Poison","Deadly Poison","Poison Darts","Poison Darts","Poison Darts","Deadly Poison","Deadly Poison","Deadly Poison","Caltrops+1","Caltrops+1","Caltrops+1","Noxious Fumes","Noxious Fumes","Noxious Fumes","Deflect","Deflect","Deflect","Bouncing Flask","Bouncing Flask","Bouncing Flask","Prepared","Prepared","Prepared","Envenom","Envenom","Envenom","Backflip+1","Backflip+1","Backflip+1","Dark Shackles","Dark Shackles","Dark Shackles","Apotheosis","Apotheosis","Apotheosis","expansioncontent:CaCaw","expansioncontent:CaCaw","expansioncontent:CaCaw","Madness","Madness","Madness","Madness","Madness","Madness","Sickly","Sickly","Sickly","ReplayTheSpireMod:Restless Dread","ReplayTheSpireMod:Restless Dread","ReplayTheSpireMod:Restless Dread","Deadly Poison+1","Deadly Poison+1","Deadly Poison+1"],"relics":["Ring of the Snake","Velvet Choker","PreservedInsect","Dream Catcher","Regal Pillow","Fusion Hammer","Enchiridion","Guardian:PocketSentry","Onion Ring","Lee\u0027s Waffle","Orrery","Anchor","Lantern","Sling","Replay:Mystery Machine","Cursed Key","Nunchaku","Replay:Baseball"],"acts_visited":["Exordium","TheCity","TheBeyond"],"potions_floor_usage":[6,11,16,33,41,46,50],"damage_taken":[{"damage":0,"enemies":"Cultist","floor":1,"turns":3},{"damage":1,"enemies":"Small Slimes","floor":5,"turns":2},{"damage":15,"enemies":"Gremlin Nob","floor":6,"turns":3},{"damage":18,"enemies":"Lagavulin","floor":10,"turns":3},{"damage":0,"enemies":"2 Louse","floor":11,"turns":2},{"damage":18,"enemies":"Gremlin Gang","floor":14,"turns":4},{"damage":3,"enemies":"The Guardian","floor":16,"turns":6},{"damage":18,"enemies":"Shell Parasite","floor":18,"turns":3},{"damage":0,"enemies":"Spheric Guardian","floor":19,"turns":2},{"damage":5,"enemies":"Replay:Snechameleon","floor":24,"turns":3},{"damage":22,"enemies":"Slavers","floor":27,"turns":4},{"damage":14,"enemies":"Shelled Parasite and Fungi","floor":28,"turns":4},{"damage":22,"enemies":"Book of Stabbing","floor":30,"turns":3},{"damage":50,"enemies":"Collector","floor":33,"turns":7},{"damage":25,"enemies":"3 Darklings","floor":35,"turns":4},{"damage":1,"enemies":"Orb Walker","floor":36,"turns":3},{"damage":7,"enemies":"Jaw Worm Horde","floor":41,"turns":5},{"damage":14,"enemies":"3 Darklings","floor":42,"turns":3},{"damage":0,"enemies":"Transient","floor":44,"turns":5},{"damage":17,"enemies":"Spire Growth","floor":46,"turns":5},{"damage":3,"enemies":"Writhing Mass","floor":48,"turns":3},{"damage":28,"enemies":"Replay:Hell Engine","floor":50,"turns":6}],"seed_played":"1880613833527945180","potions_obtained":[{"floor":5,"key":"Poison Potion"},{"floor":6,"key":"Elixir"},{"floor":10,"key":"Energy Potion"},{"floor":16,"key":"Dexterity Potion"},{"floor":18,"key":"Reflective Coating"},{"floor":33,"key":"Swift Potion"},{"floor":46,"key":"CunningPotion"},{"floor":47,"key":"Poison Potion"}],"is_trial":false,"path_per_floor":["M","$","?","$","M","E","R","?","T","E","M","R","?","M","R","B",null,"M","M","?","?","$","R","E","$","T","E","M","$","E","?","R","B",null,"M","M","?","?","T","R","M","M","T","M","$","M","?","M","R","B",null],"character_chosen":"THE_SILENT","items_purchased":["Leg Sweep","Guardian:PocketSentry","Deadly Poison","Lee\u0027s Waffle","Orrery","Sling","Guardian:BlockOnCardUsePotion","LifebloodPotion"],"campfire_rested":5,"item_purchase_floors":[4,22,25,25,25,29,45,45],"current_hp_per_floor":[70,70,70,70,69,54,54,70,70,52,52,52,52,34,70,67,70,52,52,52,36,36,70,65,77,77,55,41,41,19,19,57,7,77,52,51,41,31,31,69,62,48,48,48,48,31,31,28,66,38],"gold":141,"neow_bonus":"","is_daily":true,"chose_seed":false,"campfire_upgraded":2,"win_rate":0.0,"timestamp":1607949263,"path_taken":["M","?","?","$","M","E","R","?","T","E","M","R","?","M","R","BOSS","M","?","?","?","$","R","E","$","T","E","M","$","E","?","R","BOSS","M","?","?","?","?","R","M","M","T","M","$","M","?","?","R","BOSS"],"items_purchased_type":["Card","Relic","Card","Relic","Relic","Relic","Potion","Potion"],"build_version":"2020-12-13","purchased_purges":0,"victory":true,"max_hp_per_floor":[70,70,70,70,70,70,70,70,70,70,70,70,70,70,70,70,70,70,70,70,70,70,70,70,77,77,77,77,77,77,77,77,77,77,77,77,77,77,77,77,77,77,77,77,77,77,77,77,77,77],"card_choices":[{"not_picked":["Outmaneuver","Expertise"],"picked":"Quick Slash","floor":0},{"not_picked":["Slice","Expertise"],"picked":"Quick Slash","floor":0},{"not_picked":["All Out Attack","Toxin Wave"],"picked":"Dodge and Roll","floor":0},{"not_picked":["Dagger Spray","Quick Slash"],"picked":"Catalyst","floor":0},{"not_picked":["Expertise","Masterful Stab"],"picked":"Fluid Movement","floor":0},{"not_picked":["ReplayTheSpireMod:Exploit Weakness","Slice"],"picked":"Quick Slash","floor":0},{"not_picked":["Acrobatics","Underhanded Strike"],"picked":"Calculated Gamble","floor":0},{"not_picked":["Calculated Gamble","Outmaneuver"],"picked":"Draining Mist","floor":0},{"not_picked":["Infinite Blades","Blade Dance"],"picked":"Noxious Fumes","floor":0},{"not_picked":["Slice","ReplayTheSpireMod:Tripwire"],"picked":"Sucker Punch","floor":0},{"not_picked":["Dagger Spray","Flechettes"],"picked":"Bouncing Flask","floor":0},{"not_picked":["Prepared","Dagger Spray"],"picked":"Footwork","floor":0},{"not_picked":["Slice","Blade Dance"],"picked":"Flying Knee","floor":0},{"not_picked":["Backstab","Outmaneuver"],"picked":"Quick Slash","floor":0},{"not_picked":["Footwork","Poisoned Stab"],"picked":"PiercingWail","floor":0},{"not_picked":["Sucker Punch","Acrobatics","PiercingWail"],"picked":"SKIP","floor":1},{"not_picked":["Slice","Footwork","Sucker Punch"],"picked":"SKIP","floor":5},{"not_picked":["Outmaneuver","Slice","Flying Knee"],"picked":"SKIP","floor":6},{"not_picked":["ReplayTheSpireMod:Shiv Toss","Slice","All Out Attack"],"picked":"SKIP","floor":10},{"not_picked":["Dodge and Roll","Tactician"],"picked":"Deflect","floor":11},{"not_picked":["Finisher","Calculated Gamble"],"picked":"Poisoned Stab","floor":14},{"not_picked":["Slice","Quick Slash"],"picked":"Deadly Poison","floor":15},{"not_picked":["Bullet Time","After Image"],"picked":"Poison Darts","floor":16},{"not_picked":["Sucker Punch+1","Bane","Underhanded Strike"],"picked":"SKIP","floor":18},{"not_picked":["Hidden Blade","Toxin Wave","Endless Agony"],"picked":"SKIP","floor":19},{"not_picked":["Footwork+1","Underhanded Strike","Predator"],"picked":"SKIP","floor":24},{"not_picked":["Slice","Blur"],"picked":"Caltrops+1","floor":25},{"not_picked":["Poisoned Stab+1","Hidden Blade"],"picked":"Noxious Fumes","floor":25},{"not_picked":["Infinite Blades","Masterful Stab"],"picked":"Deflect","floor":25},{"not_picked":["Tools of the Trade","Dagger Spray+1"],"picked":"Bouncing Flask","floor":25},{"not_picked":["Blade Dance","Cloak And Dagger"],"picked":"Prepared","floor":25},{"not_picked":["ReplayTheSpireMod:Tripwire","Slice"],"picked":"Envenom","floor":27},{"not_picked":["Infinite Blades","Blade Dance","Underhanded Strike"],"picked":"SKIP","floor":28},{"not_picked":["Glass Knife","ReplayTheSpireMod:The Works+1","Cloak And Dagger"],"picked":"SKIP","floor":30},{"not_picked":["Footwork+1","ReplayTheSpireMod:Exploit Weakness+1","ReplayTheSpireMod:Scrap Shanks"],"picked":"SKIP","floor":35},{"not_picked":["Eviscerate+1","Infinite Blades+1"],"picked":"Backflip+1","floor":36},{"not_picked":["Replay:Parry","Master of Strategy"],"picked":"Dark Shackles","floor":37},{"not_picked":["expansioncontent:HyperBeam","expansioncontent:FaceSlap"],"picked":"Apotheosis","floor":37},{"not_picked":["Crow Ritual","Good Instincts"],"picked":"expansioncontent:CaCaw","floor":37},{"not_picked":["Cloak And Dagger+1","ReplayTheSpireMod:The Works","Bane"],"picked":"SKIP","floor":41},{"not_picked":["Bane+1","ReplayTheSpireMod:Exploit Weakness+1","PiercingWail+1"],"picked":"SKIP","floor":42},{"not_picked":["Acrobatics","Slice+1"],"picked":"Deadly Poison+1","floor":44},{"not_picked":["Bane+1","ReplayTheSpireMod:Exploit Weakness","ReplayTheSpireMod:The Works+1"],"picked":"SKIP","floor":46},{"not_picked":["Quick Slash","Outmaneuver+1","Choke+1"],"picked":"SKIP","floor":48}],"player_experience":1180024,"relics_obtained":[{"floor":6,"key":"PreservedInsect"},{"floor":9,"key":"Dream Catcher"},{"floor":10,"key":"Regal Pillow"},{"floor":21,"key":"Enchiridion"},{"floor":24,"key":"Onion Ring"},{"floor":26,"key":"Anchor"},{"floor":27,"key":"Lantern"},{"floor":30,"key":"Replay:Mystery Machine"},{"floor":39,"key":"Nunchaku"},{"floor":43,"key":"Replay:Baseball"}],"event_choices":[{"damage_healed":0,"gold_gain":0,"cards_transformed":["Quick Slash"],"player_choice":"Change","damage_taken":0,"max_hp_gain":0,"max_hp_loss":0,"event_name":"Living Wall","floor":3,"gold_loss":0,"cards_obtained":["Bullet Time"]},{"damage_healed":17,"gold_gain":0,"player_choice":"Healed","damage_taken":0,"max_hp_gain":0,"max_hp_loss":0,"event_name":"The Cleric","floor":8,"gold_loss":35},{"damage_healed":0,"gold_gain":275,"player_choice":"Desecrate","damage_taken":0,"max_hp_gain":0,"max_hp_loss":0,"event_name":"Golden Shrine","floor":13,"gold_loss":0,"cards_obtained":["Regret"]},{"damage_healed":0,"gold_gain":0,"player_choice":"Obtained Book","damage_taken":16,"max_hp_gain":0,"max_hp_loss":0,"event_name":"Cursed Tome","floor":21,"gold_loss":0},{"cards_removed":["Regret","Regret","Regret"],"damage_healed":0,"gold_gain":0,"player_choice":"Removed Curses","damage_taken":0,"max_hp_gain":0,"max_hp_loss":0,"event_name":"Fountain of Cleansing","floor":31,"gold_loss":0},{"damage_healed":0,"gold_gain":0,"player_choice":"Memory 3","damage_taken":10,"max_hp_gain":0,"max_hp_loss":0,"event_name":"SensoryStone","floor":37,"gold_loss":0},{"damage_healed":0,"gold_gain":0,"player_choice":"Embrace Madness","damage_taken":10,"max_hp_gain":0,"max_hp_loss":0,"event_name":"Winding Halls","floor":38,"gold_loss":0,"cards_obtained":["Madness","Madness"]},{"damage_healed":0,"gold_gain":0,"player_choice":"Got Potions","damage_taken":0,"max_hp_gain":0,"max_hp_loss":0,"event_name":"Lab","floor":47,"gold_loss":0}],"is_beta":false,"boss_relics":[{"not_picked":["Snecko Heart","Snecko Scales"],"picked":"Fusion Hammer"},{"not_picked":["Replay:Bronze Core","Snecko Eye"],"picked":"Cursed Key"}],"items_purged_floors":[],"is_endless":false,"potions_floor_spawned":[5,6,10,16,18,33,46,48],"ascension_level":0}}