{"host":"ic9317ukwhbfzb3y","time":1607985915,"event":{"mods":["BaseMod","Colored Powertips","Downfall","Highlight Path","Minty Spire (QoL Compilation)","StSLib"],"gold_per_floor":[99,99,99,99,18,18,95,124,124,156,156,170,170,620,632,727,777,627,642,673,683,715,726,726,104,119,119,135,147,147,147],"floor_reached":30,"playtime":1631,"items_purged":["Slimebound:Icky"],"score":351,"play_id":"abe94cbc-57ea-41ec-ae46-df6b736422aa","local_time":"20201214224515","is_ascension_mode":false,"campfire_choices":[{"floor":1,"key":"RECALL"},{"data":"Dramatic Entrance","floor":6,"key":"SMITH"},{"data":"Guardian:SpikerProtocol","floor":18,"key":"SMITH"},{"floor":27,"key":"REST"}],"circlet_count":0,"master_deck":["Guardian:Strike_Guardian","Guardian:Strike_Guardian+1","Guardian:Defend_Guardian+1","Guardian:Defend_Guardian","Guardian:Defend_Guardian","Guardian:Defend_Guardian","Guardian:CurlUp","Guardian:TwinSlam+1","Slimebound:Strike_Slimebound","Guardian:SpikerProtocol+1","Dramatic Entrance+1","Guardian:ArmoredProtocol","Guardian:BronzeArmor","Guardian:Gem_Crimson","Slimebound:Icky","Slimebound:Icky","Guardian:SpikerProtocol","Guardian:RevengeProtocol+1","Guardian:SpikerProtocol","Guardian:RollAttack","Guardian:TemporalShield+1","Guardian:RollAttack","Guardian:SpikerProtocol","Guardian:Gem_Fragmented","Guardian:CrystalBeam","Guardian:Recover","Guardian:ShieldSpikes","Guardian:BronzeArmor"],"relics":["Guardian:ModeShifter","downfall:HeartsMalice","Bronze Scales","Toy Ornithopter","Tiny House","downfall:HeartBlessingRed","downfall:HeartBlessingBlue","Whetstone","Pen Nib","War Paint","Happy Flower","Omamori"],"acts_visited":["Exordium","TheCity"],"potions_floor_usage":[16,16,20,20,22,26,28],"damage_taken":[{"damage":0,"enemies":"downfall:FleeingMerchant","floor":5,"turns":1},{"damage":0,"enemies":"Gremlin Nob","floor":8,"turns":1},{"damage":0,"enemies":"2 Louse","floor":9,"turns":1},{"damage":43,"enemies":"Lagavulin","floor":10,"turns":9},{"damage":0,"enemies":"Jaw Worm","floor":12,"turns":2},{"damage":0,"enemies":"Cultist","floor":13,"turns":1},{"damage":2,"enemies":"Blue Slaver","floor":15,"turns":3},{"damage":36,"enemies":"downfall:Silent","floor":16,"turns":9},{"damage":9,"enemies":"Chosen","floor":19,"turns":4},{"damage":13,"enemies":"Gremlin Leader","floor":20,"turns":6},{"damage":5,"enemies":"Shell Parasite","floor":21,"turns":3},{"damage":34,"enemies":"Slavers","floor":22,"turns":3},{"damage":28,"enemies":"Centurion and Healer","floor":23,"turns":9},{"damage":8,"enemies":"downfall:FleeingMerchant","floor":25,"turns":4},{"damage":17,"enemies":"Snake Plant","floor":26,"turns":3},{"damage":10,"enemies":"Snecko","floor":28,"turns":4},{"damage":23,"enemies":"Centurion and Healer","floor":29,"turns":4},{"damage":13,"enemies":"Snake Plant","floor":30,"turns":1}],"seed_played":"1078505379769309724","potions_obtained":[{"floor":10,"key":"Guardian:AcceleratePotion"},{"floor":15,"key":"Block Potion"},{"floor":16,"key":"Explosive Potion"},{"floor":17,"key":"AttackPotion"},{"floor":21,"key":"SpeedPotion"},{"floor":23,"key":"SpeedPotion"},{"floor":26,"key":"AttackPotion"},{"floor":28,"key":"sneckomod:MuddlingPotion"}],"is_trial":false,"path_per_floor":["R","?","?","?","$","R","T","E","M","E","?","M","M","?","M","B",null,"R","M","E","M","E","M","T","$","M","R","M","M","M"],"character_chosen":"GUARDIAN","items_purchased":["Dramatic Entrance","Happy Flower","Omamori","Guardian:CrystalBeam","Guardian:Gem_Red","Guardian:Gem_Synthetic"],"campfire_rested":1,"item_purchase_floors":[5,25,25,25,25,25],"current_hp_per_floor":[80,85,85,85,85,85,85,85,85,42,42,42,42,42,40,14,90,100,91,87,82,53,25,25,17,5,35,30,7,0,0],"gold":147,"neow_bonus":"THREE_ENEMY_KILL","is_daily":false,"chose_seed":false,"campfire_upgraded":2,"win_rate":0.0,"timestamp":1607985915,"path_taken":["R","?","?","?","$","R","T","E","?","E","?","M","M","?","M","BOSS","R","M","E","M","E","M","T","$","M","R","M","M","M"],"items_purchased_type":["Card","Relic","Relic","Card","Card","Card"],"build_version":"2020-12-13","purchased_purges":1,"victory":false,"max_hp_per_floor":[80,85,85,85,85,85,85,85,85,85,85,85,85,85,85,85,90,100,100,100,100,100,100,100,100,100,100,100,100,100,100],"card_choices":[{"not_picked":["Guardian:Harden","Guardian:TemporalStrike"],"picked":"Guardian:SpikerProtocol","floor":5},{"not_picked":["Guardian:Reroute","Guardian:ChargeUp"],"picked":"Guardian:ArmoredProtocol","floor":8},{"not_picked":["Guardian:RollAttack","Guardian:DecasProtection"],"picked":"Guardian:BronzeArmor","floor":9},{"not_picked":["Guardian:TemporalStrike","Guardian:SentryBeam"],"picked":"Guardian:Gem_Fragmented","floor":10},{"not_picked":["Guardian:ChargeCore","Guardian:TemporalShield"],"picked":"Guardian:Gem_White","floor":12},{"not_picked":["Guardian:VentSteam","Guardian:ShieldCharger"],"picked":"Guardian:Gem_Crimson","floor":13},{"not_picked":["Guardian:Planning","Guardian:Incinerate"],"picked":"Guardian:SpikerProtocol","floor":15},{"not_picked":["Guardian:TimeSifter","Guardian:SphericShield"],"picked":"Guardian:RevengeProtocol","floor":16},{"not_picked":["Guardian:Reroute","Guardian:RollAttack"],"picked":"Guardian:SpikerProtocol","floor":17},{"not_picked":["Guardian:VentSteam","Guardian:PrimingBeam","Guardian:PrismaticBarrier"],"picked":"SKIP","floor":19},{"not_picked":["Guardian:BaubleBeam","Guardian:DecasProtection"],"picked":"Guardian:RollAttack","floor":20},{"not_picked":["Guardian:ChargeCore","Guardian:Gem_Crimson"],"picked":"Guardian:TemporalShield","floor":21},{"not_picked":["Guardian:Recover","Guardian:Reroute"],"picked":"Guardian:RollAttack","floor":22},{"not_picked":["Guardian:Gem_Cyan","Guardian:RollAttack"],"picked":"Guardian:SpikerProtocol","floor":23},{"not_picked":["Guardian:SentryBeam","Guardian:Planning+1"],"picked":"Guardian:Gem_Fragmented","floor":25},{"not_picked":["Guardian:WalkerClaw","Guardian:ArmoredProtocol"],"picked":"Guardian:Recover","floor":26},{"not_picked":["Guardian:ChargeCore","Guardian:TemporalShield"],"picked":"Guardian:ShieldSpikes","floor":28},{"not_picked":["Guardian:Gem_Cyan","Guardian:PiercingHide"],"picked":"Guardian:BronzeArmor","floor":29}],"player_experience":52658,"relics_obtained":[{"floor":8,"key":"Bronze Scales"},{"floor":10,"key":"Toy Ornithopter"},{"floor":20,"key":"Whetstone"},{"floor":22,"key":"Pen Nib"},{"floor":24,"key":"War Paint"}],"event_choices":[{"damage_healed":0,"gold_gain":0,"player_choice":"Donut","damage_taken":0,"max_hp_gain":5,"max_hp_loss":0,"event_name":"Big Fish","floor":2,"gold_loss":0},{"cards_removed":["Guardian:Strike_Guardian"],"damage_healed":0,"gold_gain":0,"player_choice":"Took Card","damage_taken":0,"max_hp_gain":0,"max_hp_loss":0,"event_name":"NoteForYourself","floor":4,"gold_loss":0,"cards_obtained":["Slimebound:Strike_Slimebound"]}],"is_beta":false,"boss_relics":[{"not_picked":["SacredBark","Astrolabe"],"picked":"Tiny House"}],"items_purged_floors":[25],"is_endless":false,"potions_floor_spawned":[10,15,16,21,23,26,28],"killed_by":"Snake Plant","ascension_level":0}}