{"host":"6o1vh5lr98s0jjq7","time":1607987150,"event":{"mods":["2.2 Compatiblity","Act Like it!","Aspiration","BaseMod","Better Altar","Better Match","Better Note","Better Third Choice","Conspire","Downfall","Gensokyo","Hallownest","Infinite Spire","Marisa????????","Minty Spire (QoL Compilation)","Replay The Spire","StSLib","The Alterego","WarShipGirlsR/????R mod"],"gold_per_floor":[113,113,133,149,169,10,10,37,37,50,64,64,144,179,179,275,275,294,294,294,308,1,1,18,34,34,60,60,60,74,88,88,192,192,205,219,9,22,72,72,119,134,134,134,134,134,163,163,163,163,163,163,16,50,50,50],"floor_reached":55,"playtime":3248,"items_purged":["Pain"],"score":777,"play_id":"46846306-c17f-4e8b-a659-0c3eeb2adc0f","local_time":"20201214170550","is_ascension_mode":false,"campfire_choices":[{"floor":7,"key":"REST"},{"floor":15,"key":"REST"},{"floor":23,"key":"RECALL"},{"data":"expansioncontent:CaCaw","floor":29,"key":"SMITH"},{"floor":40,"key":"REST"},{"data":"1","floor":44,"key":"LIFT"},{"data":"2","floor":46,"key":"LIFT"},{"data":"3","floor":49,"key":"LIFT"},{"data":"DC","floor":52,"key":"SMITH"}],"circlet_count":0,"master_deck":["Strike_MRS","Strike_MRS","Strike_MRS","Defend_MRS","Defend_MRS","MasterSpark","UpSweep","MagicChant","EarthLightRay+1","ShootingEcho","ShootTheMoon+1","NonDirectionalLaser","PulseMagic","Dramatic Entrance","SporeBomb","PowerUp","FairyDestructionRay","DeepEcoloBomb","SatelliteIllusion","MachineGunSpark+1","MysteriousBeam+1","PropBag+1","PropBag+1","DC+1","BlazeAway","NonDirectionalLaser+1","Slimebound:Tackle","BlazingStar","expansioncontent:CaCaw+1","infinitespire:FutureSight","6A","Orbital","ManaRampage","DoubleSpark","ShootTheMoon","expansioncontent:DecasProtection","UnstableBomb+1","DeepEcoloBomb+1","MaximisePower","NonDirectionalLaser","PropBag+1"],"relics":["MiniHakkero","WarpedTongs","Omamori","Snack Pack","ExperimentalFamiliar","Vajra","Replay:Bottled Eggs","Calipers","ReplayTheSpireMod:SealedPack","conspire:SlowCooker","BargainBundle","Girya","CatCart","Eternal Feather","Medical Kit","Pet Ghost","StrikeDummy","Boot","Oddly Smooth Stone","Sundial","Gremlin Horn","Blue Candle"],"acts_visited":["Exordium","TheCity","TheBeyond","TheEnding"],"potions_floor_usage":[8,14,16,16,24,27,33,33,33,35,38,38,39,39,41,50],"damage_taken":[{"damage":0,"enemies":"Small Slimes","floor":1,"turns":3},{"damage":11,"enemies":"Cultist","floor":3,"turns":3},{"damage":0,"enemies":"2 Louse","floor":4,"turns":2},{"damage":8,"enemies":"Blue Slaver","floor":5,"turns":3},{"damage":22,"enemies":"3 Sentries","floor":8,"turns":3},{"damage":8,"enemies":"Large Slime","floor":10,"turns":3},{"damage":0,"enemies":"3 Louse","floor":11,"turns":1},{"damage":23,"enemies":"Lagavulin","floor":14,"turns":4},{"damage":0,"enemies":"Slime Boss","floor":16,"turns":6},{"damage":0,"enemies":"Spheric Guardian","floor":18,"turns":1},{"damage":5,"enemies":"Chosen","floor":21,"turns":3},{"damage":0,"enemies":"Snake Plant","floor":24,"turns":2},{"damage":0,"enemies":"Sentry and Sphere","floor":25,"turns":2},{"damage":0,"enemies":"Gremlin Leader","floor":27,"turns":3},{"damage":10,"enemies":"Cultist and Chosen","floor":30,"turns":2},{"damage":10,"enemies":"Shelled Parasite and Fungi","floor":31,"turns":2},{"damage":33,"enemies":"Collector","floor":33,"turns":6},{"damage":0,"enemies":"3 Darklings","floor":35,"turns":1},{"damage":6,"enemies":"3 Shapes","floor":36,"turns":1},{"damage":0,"enemies":"3 Darklings","floor":38,"turns":2},{"damage":44,"enemies":"Mind Bloom Boss Battle","floor":39,"turns":4},{"damage":4,"enemies":"Orin","floor":41,"turns":6},{"damage":8,"enemies":"Maw","floor":42,"turns":5},{"damage":9,"enemies":"Reptomancer","floor":47,"turns":3},{"damage":140,"enemies":"Time Eater","floor":50,"turns":9},{"damage":71,"enemies":"Shield and Spear","floor":54,"turns":5},{"damage":73,"enemies":"The Heart","floor":55,"turns":3}],"seed_played":"-3384822520064468098","potions_obtained":[{"floor":3,"key":"Weak Potion"},{"floor":5,"key":"Fire Potion"},{"floor":10,"key":"Milkshake"},{"floor":14,"key":"SkillPotion"},{"floor":18,"key":"ShroomBrew"},{"floor":30,"key":"SpeedPotion"},{"floor":31,"key":"Weak Potion"},{"floor":33,"key":"Adrenaline Potion"},{"floor":35,"key":"LifebloodPotion"},{"floor":38,"key":"EssenceOfSteel"},{"floor":39,"key":"Energy Potion"},{"floor":47,"key":"Energy Potion"}],"is_trial":false,"path_per_floor":["M","?","M","M","M","$","R","E","T","M","M","?","?","E","R","B",null,"M","?","?","M","$","R","M","M","T","E","AVR","R","M","M","R","B",null,"M","M","$","M","?","R","?","M","T","R","AVR","R","E","T","R","B",null,"R","$","E","B"],"character_chosen":"MARISA","items_purchased":["Dramatic Entrance","Vajra","PropBag","Fire Potion","Explosive Potion","BargainBundle","AttackPotion","PowerPotion","expansioncontent:DecasProtection","Boot"],"campfire_rested":3,"item_purchase_floors":[6,22,22,22,22,37,37,37,37,53],"current_hp_per_floor":[58,58,51,51,47,47,69,53,53,49,49,49,49,32,54,64,75,75,75,75,72,72,72,75,75,75,75,75,75,65,65,75,52,75,75,69,69,73,33,55,63,63,63,75,75,75,72,72,75,7,75,75,75,10,0,0],"gold":50,"neow_bonus":"TRANSFORM_TWO_CARDS","is_daily":false,"chose_seed":false,"campfire_upgraded":2,"win_rate":0.0,"timestamp":1607987150,"path_taken":["M","?","M","?","M","$","R","E","T","M","M","?","?","E","R","BOSS","M","?","?","M","$","R","M","M","T","E","AVR","R","M","?","R","BOSS","M","M","$","M","?","R","?","M","T","R","AVR","R","E","?","R","BOSS","R","$","E","BOSS"],"items_purchased_type":["Card","Relic","Card","Potion","Potion","Relic","Potion","Potion","Card","Relic"],"build_version":"2020-12-13","purchased_purges":1,"victory":false,"max_hp_per_floor":[75,75,75,75,75,75,75,75,75,75,75,75,75,75,75,75,75,75,75,75,75,75,75,75,75,75,75,75,75,75,75,75,75,75,75,75,75,75,75,75,75,75,75,75,75,75,75,75,75,75,75,75,75,75,75,75],"card_choices":[{"not_picked":["LuminesStrike","GravityBeat"],"picked":"ShootingEcho","floor":1},{"not_picked":["Singularity","LuminesStrike"],"picked":"ShootTheMoon","floor":3},{"not_picked":["MilkyWay","MysteriousBeam"],"picked":"NonDirectionalLaser","floor":4},{"not_picked":["DarkMatter","EventHorizon"],"picked":"PulseMagic","floor":5},{"not_picked":["IllusionStar","6A"],"picked":"SporeBomb","floor":8},{"not_picked":["EventHorizon","AsteroidBelt"],"picked":"PowerUp","floor":10},{"not_picked":["Occultation","SprinkleStarSeal"],"picked":"FairyDestructionRay","floor":11},{"not_picked":["6A","ShootingEcho"],"picked":"DeepEcoloBomb","floor":14},{"not_picked":["MaximisePower","StarDustReverie"],"picked":"SatelliteIllusion","floor":16},{"not_picked":["UnstableBomb","GalacticHalo"],"picked":"MachineGunSpark+1","floor":18},{"not_picked":["PowerUp","GalacticHalo"],"picked":"MysteriousBeam+1","floor":21},{"not_picked":["BinaryStars","MilkyWay"],"picked":"DC","floor":24},{"not_picked":["WitchLeyline","AsteroidBelt+1"],"picked":"BlazeAway","floor":25},{"not_picked":["EnergyRecoil","ChargingUp"],"picked":"NonDirectionalLaser+1","floor":27},{"not_picked":["alterego_mod:BrynhildrsRune","champ:Taunt"],"picked":"Slimebound:Tackle","floor":28},{"not_picked":["MaximisePower","CasketOfStar"],"picked":"BlazingStar","floor":28},{"not_picked":["Deep Breath","Jack Of All Trades"],"picked":"expansioncontent:CaCaw","floor":28},{"not_picked":["ReplayTheSpireMod:Book of Names","infinitespire:NeuralNetwork"],"picked":"infinitespire:FutureSight","floor":28},{"not_picked":["WitchLeyline","MeteoricShower"],"picked":"6A","floor":30},{"not_picked":["MeteoricShower","WitchOfGreed+1"],"picked":"Orbital","floor":31},{"not_picked":["AbsoluteMagnitude","MillisecondPulsars"],"picked":"ManaRampage","floor":33},{"not_picked":["ShootingEcho","OortCloud"],"picked":"DoubleSpark","floor":35},{"not_picked":["AsteroidBelt+1","IllusionStar"],"picked":"ShootTheMoon","floor":36},{"not_picked":["StarBarrage+1","OneTimeOff+1"],"picked":"UnstableBomb+1","floor":38},{"not_picked":["PowerUp","WitchLeyline"],"picked":"DeepEcoloBomb+1","floor":39},{"not_picked":["UnstableBomb+1","Acceleration"],"picked":"MaximisePower","floor":41},{"not_picked":["MilkyWay","GrandCross+1","NonDirectionalLaser+1"],"picked":"SKIP","floor":42},{"not_picked":["SporeBomb","BigCrunch"],"picked":"NonDirectionalLaser","floor":47},{"not_picked":["MilkyWay","6A"],"picked":"PropBag","floor":54}],"player_experience":213442,"relics_obtained":[{"floor":8,"key":"Omamori"},{"floor":14,"key":"Snack Pack"},{"floor":26,"key":"Replay:Bottled Eggs"},{"floor":27,"key":"Calipers"},{"floor":39,"key":"Girya"},{"floor":41,"key":"CatCart"},{"floor":43,"key":"Eternal Feather"},{"floor":47,"key":"Pet Ghost"},{"floor":48,"key":"StrikeDummy"},{"floor":54,"key":"Oddly Smooth Stone"}],"event_choices":[{"damage_healed":0,"gold_gain":0,"player_choice":"Rummage","damage_taken":0,"relics_obtained":["WarpedTongs"],"max_hp_gain":0,"max_hp_loss":0,"event_name":"Accursed Blacksmith","floor":2,"gold_loss":0,"cards_obtained":["Pain"]},{"damage_healed":0,"gold_gain":80,"player_choice":"Gained Gold","damage_taken":0,"max_hp_gain":0,"max_hp_loss":0,"event_name":"Golden Wing","floor":13,"gold_loss":0},{"damage_healed":0,"gold_gain":0,"player_choice":"Ignored","damage_taken":0,"max_hp_gain":0,"max_hp_loss":0,"event_name":"Purifier","floor":19,"gold_loss":0},{"cards_removed":["Defend_MRS"],"damage_healed":0,"gold_gain":0,"player_choice":"Offered Basic","damage_taken":0,"max_hp_gain":0,"max_hp_loss":0,"event_name":"Bonfire Elementals","floor":20,"gold_loss":0},{"damage_healed":0,"gold_gain":0,"player_choice":"Fight","damage_taken":0,"max_hp_gain":0,"max_hp_loss":0,"event_name":"MindBloom","floor":39,"gold_loss":0},{"damage_healed":0,"gold_gain":0,"player_choice":"Fight","damage_taken":0,"max_hp_gain":0,"max_hp_loss":0,"event_name":"OrinTheCat","floor":41,"gold_loss":0}],"is_beta":false,"boss_relics":[{"not_picked":["Velvet Choker","aspiration:PoetsPen_weak"],"picked":"ExperimentalFamiliar"},{"not_picked":["conspire:RunicOctahedron","SacredBark"],"picked":"conspire:SlowCooker"}],"items_purged_floors":[6],"is_endless":false,"potions_floor_spawned":[3,5,10,14,18,30,31,33,35,38,39,47],"killed_by":"The Heart","ascension_level":0}}