{"host":"kag8mfq4or8nkqb2","time":1607912112,"event":{"mods":["2.2 Compatiblity","BaseMod","Downfall","Minty Spire (QoL Compilation)","StSLib"],"gold_per_floor":[99,115,40,0,0,0,52,83,121,133,159,187,209,233,259,271,271],"floor_reached":16,"playtime":6058,"items_purged":[],"score":130,"play_id":"3d94fb34-5fd2-4acd-8929-59fabcf815e1","local_time":"20201214021512","is_ascension_mode":true,"campfire_choices":[{"floor":1,"key":"RECALL"},{"data":"hexamod:Float","floor":3,"key":"SMITH"},{"data":"hexamod:FastForward","floor":5,"key":"SMITH"},{"data":"hexamod:RadiantFlame","floor":10,"key":"SMITH"}],"circlet_count":0,"master_deck":["hexamod:Strike","hexamod:Strike","hexamod:Strike","hexamod:Defend","hexamod:Defend","hexamod:Defend","hexamod:Defend","hexamod:Sear","hexamod:Float+1","hexamod:RadiantFlame+1","hexamod:FastForward+1","hexamod:HauntingEcho","hexamod:SwordOfDarkness","hexamod:GhostShield","hexamod:Hexaguard","hexamod:GhostShield"],"relics":["hexamod:SpiritBrand","downfall:HeartBlessingRed","MawBank","Art of War"],"acts_visited":["Exordium"],"potions_floor_usage":[16,16],"damage_taken":[{"damage":0,"enemies":"Cultist","floor":2,"turns":3},{"damage":0,"enemies":"downfall:FleeingMerchant","floor":4,"turns":4},{"damage":2,"enemies":"2 Louse","floor":8,"turns":2},{"damage":14,"enemies":"Lagavulin","floor":9,"turns":6},{"damage":0,"enemies":"Small Slimes","floor":11,"turns":3},{"damage":2,"enemies":"Blue Slaver","floor":12,"turns":4},{"damage":8,"enemies":"3 Louse","floor":13,"turns":3},{"damage":1,"enemies":"Exordium Wildlife","floor":14,"turns":6},{"damage":1,"enemies":"2 Fungi Beasts","floor":15,"turns":3},{"damage":52,"enemies":"downfall:Ironclad","floor":16,"turns":10}],"seed_played":"-1129423779020660267","potions_obtained":[{"floor":9,"key":"SpeedPotion"},{"floor":13,"key":"PowerPotion"},{"floor":14,"key":"champ:CounterPotion"}],"is_trial":false,"path_per_floor":["R","M","R","$","R","?","T","M","E","R","M","M","M","M","M","B"],"character_chosen":"THE_SPIRIT","items_purchased":["hexamod:HauntingEcho"],"campfire_rested":0,"item_purchase_floors":[4],"current_hp_per_floor":[70,70,70,70,70,70,70,68,54,54,54,52,44,43,42,0,0],"gold":271,"neow_bonus":"REMOVE_CARD","is_daily":false,"chose_seed":false,"campfire_upgraded":3,"win_rate":0.0,"timestamp":1607912112,"path_taken":["R","M","R","$","R","?","T","M","E","R","M","?","?","M","M","BOSS"],"items_purchased_type":["Card"],"build_version":"2020-12-13","purchased_purges":0,"victory":false,"max_hp_per_floor":[70,70,70,70,70,70,70,70,70,70,70,70,70,70,70,70,70],"card_choices":[{"not_picked":["hexamod:InspiringFlames","hexamod:SuperheatedStrike"],"picked":"hexamod:RadiantFlame","floor":2},{"not_picked":["hexamod:HeatMetal","hexamod:ThermalTransfer"],"picked":"hexamod:FastForward","floor":4},{"not_picked":["hexamod:CatchUp","hexamod:EtherealExpedition"],"picked":"hexamod:SwordOfDarkness","floor":8},{"not_picked":["hexamod:InspiringFlames","hexamod:RecurringNightmare","hexamod:FlamesFromBeyond"],"picked":"SKIP","floor":9},{"not_picked":["hexamod:ThermalTransfer","hexamod:NightmareGuise"],"picked":"hexamod:GhostShield","floor":11},{"not_picked":["hexamod:Again","hexamod:SecondSeal","hexamod:HauntingEcho"],"picked":"SKIP","floor":12},{"not_picked":["hexamod:HeatCrush","hexamod:NightmareGuise"],"picked":"hexamod:Hexaguard","floor":13},{"not_picked":["hexamod:HeatCrush","hexamod:TurnItUp","hexamod:InspiringFlames"],"picked":"SKIP","floor":14},{"not_picked":["hexamod:HeatCrush","hexamod:TurnItUp","hexamod:InspiringFlames"],"picked":"SKIP","floor":14},{"not_picked":["hexamod:AdvancingGuard","hexamod:BacktrackSmack"],"picked":"hexamod:GhostShield","floor":15}],"player_experience":987411,"relics_obtained":[{"floor":7,"key":"MawBank"},{"floor":9,"key":"Art of War"}],"event_choices":[],"is_beta":false,"boss_relics":[],"items_purged_floors":[],"is_endless":false,"potions_floor_spawned":[9,13,14,15],"killed_by":"downfall:Ironclad","ascension_level":5}}