{"host":"t9zjxed0utvsfjwc","time":1607951530,"event":{"mods":["2.2 Compatiblity","Aspiration","BaseMod","Block Reminder","Colored Map","Colored Powertips","Downfall","Highlight Path","Hubris","Minty Spire (QoL Compilation)","Quick Restart","Replay The Spire","StSLib","Unceasing Turn Reminder","everything is the same but u backflip on backflip"],"gold_per_floor":[109,109,109,164,182,182,182],"floor_reached":6,"playtime":339,"items_purged":[],"score":41,"play_id":"94b62a23-d501-4c28-a9a2-3a06a4d7c735","local_time":"20201214131210","is_ascension_mode":true,"campfire_choices":[],"circlet_count":0,"master_deck":["Strike_R","Strike_R","Strike_R","Strike_R","Strike_R","Defend_R+1","Defend_R","Defend_R","Defend_R","Bash","Regret","Cleave","True Grit+1","Sword Boomerang","hubris:ReadiedAction","Clothesline"],"relics":["Burning Blood","Replay:Rubber Ducky","Golden Idol","War Paint"],"acts_visited":["Exordium"],"potions_floor_usage":[5],"damage_taken":[{"damage":26,"enemies":"Jaw Worm","floor":1,"turns":5},{"damage":0,"enemies":"2 Louse","floor":5,"turns":1},{"damage":35,"enemies":"3 Sentries","floor":6,"turns":7}],"seed_played":"4803832230753595350","potions_obtained":[{"floor":4,"key":"Toxic Potion"}],"is_trial":false,"path_per_floor":["M","?","?","?","M","E"],"character_chosen":"IRONCLAD","items_purchased":[],"campfire_rested":0,"item_purchase_floors":[],"current_hp_per_floor":[60,40,40,20,26,0,0],"gold":182,"neow_bonus":"RANDOM_EVENT","is_daily":false,"chose_seed":false,"campfire_upgraded":0,"win_rate":0.0,"timestamp":1607951530,"path_taken":["M","?","?","?","M","E"],"items_purchased_type":[],"build_version":"2020-12-13","purchased_purges":0,"victory":false,"max_hp_per_floor":[80,80,80,80,80,80,80],"card_choices":[{"not_picked":["Twin Strike","Clothesline"],"picked":"Cleave","floor":1},{"not_picked":["Perfected Strike","Body Slam"],"picked":"Sword Boomerang","floor":4},{"not_picked":["ReplayTheSpireMod:Corrosion Curse","Perfected Strike"],"picked":"hubris:ReadiedAction","floor":4},{"not_picked":["Reckless Charge","Hemogenesis"],"picked":"Clothesline","floor":5}],"player_experience":228478,"relics_obtained":[{"floor":4,"key":"War Paint"}],"event_choices":[{"damage_healed":0,"gold_gain":0,"player_choice":"Box","damage_taken":0,"relics_obtained":["Replay:Rubber Ducky"],"max_hp_gain":0,"max_hp_loss":0,"event_name":"Big Fish","floor":0,"gold_loss":0,"cards_obtained":["Regret"]},{"damage_healed":0,"gold_gain":0,"player_choice":"Take Damage","damage_taken":20,"relics_obtained":["Golden Idol"],"max_hp_gain":0,"max_hp_loss":0,"event_name":"Golden Idol","floor":2,"gold_loss":0}],"is_beta":false,"boss_relics":[],"items_purged_floors":[],"is_endless":false,"potions_floor_spawned":[],"killed_by":"3 Sentries","ascension_level":4}}