{"host":"rtq35k3rt1qs984b","time":1607956528,"event":{"mods":["2.2 Compatiblity","AchievementEnabler","Act Like it!","Aspiration","BaseMod","Better Note","BetterRewards","Card Forge","Clawfect","Colored Map","Colored Powertips","Conspire","Downfall","Energized Spire","Friendly Minions","Gensokyo","GifTheSpireLib","Grow up Mod","Halation","Hallownest","Highlight Path","Hubris","Infinite Spire","Marked Mod","Minty Spire (QoL Compilation)","Permanent Neow","Rare Cards Sparkle","Replay The Spire","Shop Mod","StSLib","Steal the Spire","Stuff the Spire","SuperFastMode","The Runesmith","vexMod"],"gold_per_floor":[118,118,193,142,142,142,154,180,205,205,216,236,254,284,284,381,431,444,460,474,491,491,491,517,517,540,573,588,599,569,585,585,681,681,696,711,726,290,302,302,327,327,352,386,403,434,434,434,434,535,535,535],"floor_reached":51,"playtime":1628,"items_purged":[],"score":877,"play_id":"2ce69e95-e603-4d59-b751-bd60e8d64ee4","local_time":"20201214143528","is_ascension_mode":true,"campfire_choices":[{"data":"Consecrate","floor":6,"key":"SMITH"},{"data":"ClearTheMind","floor":10,"key":"SMITH"},{"data":"WindmillStrike","floor":15,"key":"SMITH"},{"data":"Devotion","floor":23,"key":"SMITH"},{"data":"hubris:InfiniteBlow+10","floor":25,"key":"SMITH"},{"data":"hubris:InfiniteBlow+11","floor":32,"key":"SMITH"},{"data":"Mayhem","floor":40,"key":"SMITH"},{"data":"hubris:InfiniteBlow+12","floor":42,"key":"SMITH"},{"data":"hubris:InfiniteBlow+13","floor":49,"key":"SMITH"}],"circlet_count":0,"master_deck":["Strike_P+1","Strike_P+1","Strike_P+1","Strike_P+1","Defend_P+1","Defend_P+1","Defend_P+1","Defend_P+1","Eruption+1","Vigilance+1","Consecrate+1","MarkedMod:FirstStrike+1","ThirdEye+1","ClearTheMind+1","Tantrum+1","FollowUp+1","WindmillStrike+1","JustLucky+1","Devotion+1","Pray+1","MarkedMod:Acupuncture+1","Crescendo+1","Replay:Cycle+1","LikeWater+1","hubris:InfiniteBlow+14","PathToVictory+1","MarkedMod:SlowDance+1","MarkedMod:GracefulMovements+1","Adaptation+1","Mayhem+1","MarkedMod:PinPointDefense+1","MarkedMod:GentlePulse+1","Devotion"],"relics":["PureWater","Hammer of Thor","Seething Fire","Anvil of the Gods","Oddly Smooth Stone","Blood Vial","Replay:WaspNest","StuffTheSpire:Gunfinga","aspiration:TomeofQuesting","Tiny House","aspiration:RitualStick","Strawberry","StuffTheSpire:Experiment12","halation:VictoryRuler","aspiration:MobileForge","StuffTheSpire:ForceGauntlet","Replay:Bottled Flurry","vexMod:FocusSash","Bag of Preparation","conspire:TopHat","halation:PapillonHeart","ChewingGum"],"acts_visited":["Exordium","TheCity","TheBeyond","Exordium"],"potions_floor_usage":[],"damage_taken":[{"damage":0,"enemies":"Small Slimes","floor":1,"turns":3},{"damage":0,"enemies":"2 Louse","floor":7,"turns":2},{"damage":27,"enemies":"Lagavulin","floor":8,"turns":5},{"damage":0,"enemies":"Cultist","floor":11,"turns":3},{"damage":0,"enemies":"Large Slime","floor":12,"turns":3},{"damage":1,"enemies":"Looter","floor":13,"turns":3},{"damage":3,"enemies":"3 Sentries","floor":14,"turns":4},{"damage":53,"enemies":"The Guardian","floor":16,"turns":9},{"damage":10,"enemies":"3 Byrds","floor":18,"turns":3},{"damage":23,"enemies":"2 Thieves","floor":19,"turns":3},{"damage":6,"enemies":"Centurion and Healer","floor":20,"turns":5},{"damage":1,"enemies":"Chosen and Byrds","floor":21,"turns":3},{"damage":34,"enemies":"Nightmare","floor":24,"turns":7},{"damage":23,"enemies":"Replay:Snechameleon","floor":27,"turns":3},{"damage":0,"enemies":"Snake Plant","floor":28,"turns":1},{"damage":0,"enemies":"Snecko","floor":29,"turns":2},{"damage":15,"enemies":"Centurion and Healer","floor":31,"turns":5},{"damage":66,"enemies":"Automaton","floor":33,"turns":4},{"damage":44,"enemies":"Orb Walker","floor":35,"turns":3},{"damage":1,"enemies":"3 Shapes","floor":36,"turns":3},{"damage":15,"enemies":"Transient","floor":37,"turns":5},{"damage":57,"enemies":"Writhing Mass","floor":39,"turns":5},{"damage":44,"enemies":"R_Hoarder","floor":41,"turns":5},{"damage":70,"enemies":"Reptomancer","floor":44,"turns":3},{"damage":9,"enemies":"3 Darklings","floor":45,"turns":4},{"damage":54,"enemies":"R_Hoarder","floor":46,"turns":5},{"damage":30,"enemies":"hubris:GrandSnecko","floor":50,"turns":4}],"seed_played":"3802975738086766844","potions_obtained":[{"floor":1,"key":"conspire:TimeTravelPotion"},{"floor":11,"key":"BlessingOfTheForge"},{"floor":12,"key":"Block Potion"},{"floor":30,"key":"StancePotion"},{"floor":30,"key":"StancePotion"},{"floor":33,"key":"Weak Potion"}],"is_trial":false,"path_per_floor":["M","?","?","$","?","R","M","E","T","R","M","M","M","E","R","B",null,"M","M","M","M","?","R","NM","R","T","E","M","M","?","M","R","B",null,"M","M","M","$","M","R","E","R","T","E","M","E","?","?","R","B",null],"character_chosen":"WATCHER","items_purchased":["MarkedMod:FirstStrike","Mayhem","StuffTheSpire:ForceGauntlet"],"campfire_rested":0,"item_purchase_floors":[4,38,38],"current_hp_per_floor":[92,102,101,111,121,131,143,128,138,148,160,172,183,192,202,161,257,257,246,252,263,214,224,209,219,229,218,230,242,252,249,259,205,434,400,411,408,418,373,383,351,361,371,313,316,274,284,294,304,286,563,563],"gold":535,"neow_bonus":"RANDOM_COMMON_RELIC","is_daily":false,"chose_seed":false,"campfire_upgraded":9,"win_rate":0.0,"timestamp":1607956528,"path_taken":["M","?","?","$","?","R","M","E","T","R","M","M","M","E","R","BOSS","M","M","M","?","?","R","NM","R","T","E","M","M","?","M","R","BOSS","M","M","M","$","M","R","E","R","T","E","?","E","?","?","R","BOSS"],"items_purchased_type":["Card","Card","Relic"],"build_version":"2020-12-13","purchased_purges":0,"victory":false,"max_hp_per_floor":[92,102,112,122,132,142,152,162,172,182,192,202,212,222,232,242,257,267,277,287,297,307,317,334,344,354,364,374,384,394,404,414,424,434,444,454,464,474,484,494,504,511,521,531,541,551,561,543,553,563,563,563],"card_choices":[{"not_picked":["Replay:BluntJabs","WaveOfTheHand"],"picked":"Consecrate","floor":1},{"not_picked":["Replay:BluntJabs","FlurryOfBlows"],"picked":"ThirdEye","floor":7},{"not_picked":["CutThroughFate","Replay:Hum"],"picked":"ClearTheMind","floor":8},{"not_picked":["CrushJoints","Fasting2"],"picked":"Tantrum","floor":11},{"not_picked":["Fasting2","Crescendo"],"picked":"FollowUp","floor":12},{"not_picked":["Replay:ManipulateFuture","CutThroughFate"],"picked":"WindmillStrike","floor":13},{"not_picked":["ForeignInfluence","Replay:Battleflow"],"picked":"JustLucky","floor":14},{"not_picked":["DeusExMachina","Brilliance"],"picked":"Devotion","floor":16},{"not_picked":["Perseverance","LikeWater"],"picked":"Pray","floor":17},{"not_picked":["FlurryOfBlows","EmptyBody"],"picked":"MarkedMod:Acupuncture+1","floor":18},{"not_picked":["MarkedMod:OneThousandNeedles","BattleHymn+1"],"picked":"Crescendo","floor":19},{"not_picked":["CutThroughFate","FlyingSleeves"],"picked":"Replay:Cycle","floor":20},{"not_picked":["BattleHymn","MarkedMod:FirstStrike"],"picked":"LikeWater","floor":21},{"not_picked":["infinitespire:Fortify","infinitespire:Collect"],"picked":"hubris:InfiniteBlow+10","floor":24},{"not_picked":["Consecrate","CrushJoints","Perseverance+1"],"picked":"SKIP","floor":24},{"not_picked":["FearNoEvil","Brilliance","Protect"],"picked":"SKIP","floor":27},{"not_picked":["Wallop+1","MarkedMod:FirstStrike","SashWhip+1"],"picked":"SKIP","floor":28},{"not_picked":["LikeWater","FollowUp","FlurryOfBlows"],"picked":"SKIP","floor":29},{"not_picked":["Evaluate+1","Prostrate+1"],"picked":"PathToVictory+1","floor":31},{"not_picked":["Omniscience","ConjureBlade"],"picked":"MarkedMod:SlowDance","floor":33},{"not_picked":["Crescendo","FollowUp","Prostrate+1"],"picked":"SKIP","floor":35},{"not_picked":["Prostrate","WreathOfFlame+1"],"picked":"MarkedMod:GracefulMovements+1","floor":36},{"not_picked":["Worship+1","Brilliance"],"picked":"Adaptation+1","floor":37},{"not_picked":["Vengeance+1","Fasting2+1","Sanctity+1"],"picked":"SKIP","floor":39},{"not_picked":["Pray","MarkedMod:PinPointDefense","FlurryOfBlows+1"],"picked":"SKIP","floor":41},{"not_picked":["Pray","FlurryOfBlows+1"],"picked":"MarkedMod:PinPointDefense","floor":41},{"not_picked":["CutThroughFate","Halt+1","Collect"],"picked":"SKIP","floor":44},{"not_picked":["Replay:Anticipation+1","FlyingSleeves+1","MarkedMod:FirstStrike"],"picked":"SKIP","floor":45},{"not_picked":["Worship+1","Protect"],"picked":"MarkedMod:GentlePulse+1","floor":46},{"not_picked":["ConjureBlade","Blasphemy"],"picked":"Devotion","floor":50}],"player_experience":117487,"relics_obtained":[{"floor":8,"key":"Replay:WaspNest"},{"floor":9,"key":"StuffTheSpire:Gunfinga"},{"floor":14,"key":"aspiration:TomeofQuesting"},{"floor":24,"key":"Strawberry"},{"floor":26,"key":"StuffTheSpire:Experiment12"},{"floor":27,"key":"halation:VictoryRuler"},{"floor":41,"key":"Replay:Bottled Flurry"},{"floor":43,"key":"vexMod:FocusSash"},{"floor":44,"key":"Bag of Preparation"},{"floor":46,"key":"conspire:TopHat"}],"event_choices":[{"damage_healed":0,"gold_gain":0,"player_choice":"Box","damage_taken":0,"relics_obtained":["Blood Vial"],"max_hp_gain":0,"max_hp_loss":0,"event_name":"Big Fish","floor":2,"gold_loss":0,"cards_obtained":["Regret"]},{"damage_healed":0,"gold_gain":75,"player_choice":"Gather Gold","damage_taken":11,"max_hp_gain":0,"max_hp_loss":0,"event_name":"World of Goop","floor":3,"gold_loss":0},{"damage_healed":0,"gold_gain":0,"player_choice":"Forge","damage_taken":0,"max_hp_gain":0,"max_hp_loss":0,"event_name":"Accursed Blacksmith","floor":5,"gold_loss":0,"cards_upgraded":["MarkedMod:FirstStrike"]},{"damage_healed":0,"gold_gain":0,"player_choice":"Bought 2 Potions","damage_taken":0,"max_hp_gain":0,"max_hp_loss":0,"event_name":"The Woman in Blue","floor":30,"gold_loss":0},{"damage_healed":0,"gold_gain":0,"player_choice":"Ignored","damage_taken":0,"max_hp_gain":0,"max_hp_loss":0,"event_name":"Tomb of Lord Red Mask","floor":47,"gold_loss":0}],"is_beta":false,"boss_relics":[{"not_picked":["vexMod:EndlessSickness","vexMod:NewClearReactor"],"picked":"Tiny House"},{"not_picked":["energizedSpire:SpiderWeb","aspiration:IroncladSkillbook"],"picked":"aspiration:MobileForge"},{"not_picked":["StuffTheSpire:RunicConfusion","Velvet Choker"],"picked":"ChewingGum"}],"items_purged_floors":[],"is_endless":true,"potions_floor_spawned":[1,11,12,18,19,27,33,36,37,39,45,50],"ascension_level":1}}