{"host":"jm9833yuloeli2yd","time":1607981743,"event":{"mods":["AchievementEnabler","BaseMod","Better Altar","Better Match","Better Note","Better Sensory Stone","Better Skull","Better Vampires","Colored Map","Colored Powertips","DeckTracker","Minty Spire (QoL Compilation)","Permanent Neow","Quick Restart","Replay The Spire","StSLib","SuperFastMode"],"gold_per_floor":[119,132,147,158,138,138,166,184,263,297,297,310,310,321,321,392,392,403,403,194,210,230,230,150,164,164,10,45,63,95,111,111,185,185,199,219,219,219,229,229,256,256,332,332,338,338],"floor_reached":45,"playtime":1394,"items_purged":["Voices","Strike_B"],"score":1594,"play_id":"2f758350-4c7a-44b3-8c99-07c5a39127c1","local_time":"20201214163543","is_ascension_mode":true,"campfire_choices":[{"floor":6.0,"key":"REST"},{"data":"Zap","floor":11.0,"key":"SMITH"},{"data":"Rip and Tear","floor":13.0,"key":"SMITH"},{"floor":15.0,"key":"REST"},{"data":"Hologram","floor":23.0,"key":"SMITH"},{"data":"Defragment","floor":32.0,"key":"SMITH"},{"data":"Defragment","floor":40,"key":"SMITH"},{"data":"ReplayTheSpireMod:Calculation Training","floor":42,"key":"SMITH"}],"circlet_count":0,"master_deck":["AscendersBane","Defend_B","Defend_B","Defend_B","Defend_B","Zap+1","Dualcast","Compile Driver","Rip and Tear+1","Compile Driver","Hologram+1","Hologram+1","Leap","Sweeping Beam","Cold Snap","Rainbow","Electrodynamics","Turbo","FTL+1","Conserve Battery","Self Repair","Crystallizer+1","Consume","Gash","Chill","White Noise+1","Defragment+1","Biased Cognition","ReplayTheSpireMod:Calculation Training+1","Double Energy+1","Defragment+1","Echo Form"],"relics":["Cracked Core","Replay:Antivirus Software","Onion Ring","Incense Burner","Replay:Drink Me","ReplayTheSpireMod:CursedCoin","Replay:Mystery Machine","Replay:Baseball","MealTicket","Gremlin Horn","Black Star","Ring of Fury","Singing Bowl","Replay:Bandana"],"acts_visited":["Exordium","TheCity","TheBeyond"],"potions_floor_usage":[41,45],"damage_taken":[{"damage":4.0,"enemies":"2 Louse","floor":1.0,"turns":3.0},{"damage":0.0,"enemies":"Cultist","floor":2.0,"turns":2.0},{"damage":2.0,"enemies":"Jaw Worm","floor":3.0,"turns":3.0},{"damage":23.0,"enemies":"Lots of Slimes","floor":4.0,"turns":5.0},{"damage":22.0,"enemies":"Lagavulin","floor":7.0,"turns":5.0},{"damage":5.0,"enemies":"Blue Slaver","floor":8.0,"turns":4.0},{"damage":0.0,"enemies":"Gremlin Nob","floor":10.0,"turns":2.0},{"damage":13.0,"enemies":"Exordium Wildlife","floor":12.0,"turns":2.0},{"damage":10.0,"enemies":"3 Louse","floor":14.0,"turns":3.0},{"damage":20.0,"enemies":"Slime Boss","floor":16.0,"turns":7.0},{"damage":18.0,"enemies":"3 Byrds","floor":18.0,"turns":2.0},{"damage":0.0,"enemies":"Shell Parasite","floor":21.0,"turns":3.0},{"damage":2.0,"enemies":"Cultist and Chosen","floor":22.0,"turns":4.0},{"damage":1.0,"enemies":"Shelled Parasite and Fungi","floor":25.0,"turns":3.0},{"damage":0.0,"enemies":"Book of Stabbing","floor":28.0,"turns":5.0},{"damage":16.0,"enemies":"Snecko","floor":29.0,"turns":4.0},{"damage":3.0,"enemies":"Slavers","floor":30.0,"turns":7.0},{"damage":2.0,"enemies":"Centurion and Healer","floor":31.0,"turns":6.0},{"damage":3.0,"enemies":"Pondfish","floor":33.0,"turns":13.0},{"damage":2.0,"enemies":"3 Shapes","floor":35.0,"turns":3.0},{"damage":34,"enemies":"3 Darklings","floor":36,"turns":5},{"damage":0,"enemies":"Sphere and 2 Shapes","floor":39,"turns":4},{"damage":3,"enemies":"Giant Head","floor":41,"turns":8},{"damage":24,"enemies":"2 Orb Walkers","floor":45,"turns":2}],"seed_played":"2914447112424405986","potions_obtained":[{"floor":1.0,"key":"Strength Potion"},{"floor":3.0,"key":"Weak Potion"},{"floor":4.0,"key":"LiquidMemories"},{"floor":7.0,"key":"LiquidMemories"},{"floor":16.0,"key":"Elixir"},{"floor":25.0,"key":"Energy Potion"},{"floor":28.0,"key":"FocusPotion"},{"floor":36,"key":"Weak Potion"}],"is_trial":false,"path_per_floor":["M","M","M","M","?","R","E","M","T","E","R","M","R","M","R","B",null,"M","?","$","M","M","R","?","M","T","$","E","M","E","M","R","B",null,"M","M","?","?","M","R","E","R","T","?","?"],"character_chosen":"DEFECT","items_purchased":["ReplayTheSpireMod:CursedCoin","Replay:Mystery Machine","FTL+1","Conserve Battery","Gash"],"campfire_rested":2,"item_purchase_floors":[20,20,20,20,27],"current_hp_per_floor":[60,60,58,35,35,56,34,29,29,29,29,16,16,6,27,7,42,24,24,24,24,22,22,22,28,28,28,28,12,16,21,21,25,47,52,25,25,25,32,32,38,38,38,24,0,0],"gold":338,"neow_bonus":"THREE_CARDS","is_daily":false,"chose_seed":false,"campfire_upgraded":6,"win_rate":0.0,"timestamp":1607981743,"path_taken":["M","M","M","M","?","R","E","M","T","E","R","M","R","?","R","BOSS","M","?","$","?","M","R","?","M","T","?","E","M","E","M","R","BOSS","M","M","?","?","M","R","E","R","T","?","?"],"items_purchased_type":["Relic","Relic","Card","Card","Card"],"build_version":"2020-12-13","purchased_purges":2,"victory":false,"max_hp_per_floor":[71,71,71,71,71,71,71,71,71,71,71,71,71,71,71,71,54,54,54,54,54,54,54,54,54,54,54,54,54,54,54,54,54,54,54,54,54,54,54,54,56,56,56,56,56,56],"card_choices":[{"not_picked":["Blizzard","Barrage"],"picked":"Compile Driver","floor":0.0},{"not_picked":["Skim","Sweeping Beam"],"picked":"Rip and Tear","floor":1.0},{"not_picked":["Aggregate","Melter"],"picked":"Compile Driver","floor":2.0},{"not_picked":["ReplayTheSpireMod:GoodbyeWorld","Leap"],"picked":"Hologram","floor":3.0},{"not_picked":["BootSequence","Steam"],"picked":"Hologram","floor":4.0},{"not_picked":["Panic Button","Force Field"],"picked":"Leap","floor":7.0},{"not_picked":["Hologram","Leap"],"picked":"Sweeping Beam","floor":8.0},{"not_picked":["ReplayTheSpireMod:System Scan","Melter","Skim"],"picked":"SKIP","floor":10.0},{"not_picked":["Chill","Melter"],"picked":"Cold Snap","floor":12.0},{"not_picked":["Panic Button","Stack"],"picked":"Rainbow","floor":14.0},{"not_picked":["ReplayRNGCard","Creative AI"],"picked":"Electrodynamics","floor":16.0},{"not_picked":["ReplayTheSpireMod:GoodbyeWorld","Reinforced Body"],"picked":"Turbo","floor":18.0},{"not_picked":["ReplayTheSpireMod:Repulse","Go for the Eyes"],"picked":"Self Repair","floor":21.0},{"not_picked":["Streamline","Conserve Battery"],"picked":"Crystallizer+1","floor":22.0},{"not_picked":["Ball Lightning","BasicCrystalCard"],"picked":"Consume","floor":25.0},{"not_picked":["Stack+1","Redo","Conserve Battery"],"picked":"SKIP","floor":28.0},{"not_picked":["Go for the Eyes","Beam Cell"],"picked":"Chill","floor":29.0},{"not_picked":["Hologram","Cold Snap"],"picked":"White Noise+1","floor":30.0},{"not_picked":["Reinforced Body","Crystallizer"],"picked":"Defragment","floor":31.0},{"not_picked":["ReplayTheSpireMod:Omega Cannon","Seek"],"picked":"Biased Cognition","floor":33.0},{"not_picked":["ReplayTheSpireMod:Repulse","Beam Cell"],"picked":"ReplayTheSpireMod:Calculation Training","floor":35.0},{"not_picked":["Cold Snap","Streamline"],"picked":"Double Energy+1","floor":36},{"not_picked":["Stack+1","Sweeping Beam"],"picked":"Defragment","floor":39},{"not_picked":["Genetic Algorithm+1","Rebound","Heatsinks"],"picked":"Singing Bowl","floor":41}],"player_experience":1057534,"relics_obtained":[{"floor":7.0,"key":"Replay:Antivirus Software"},{"floor":9.0,"key":"Onion Ring"},{"floor":10.0,"key":"Incense Burner"},{"floor":26.0,"key":"Replay:Baseball"},{"floor":28.0,"key":"MealTicket"},{"floor":30.0,"key":"Gremlin Horn"},{"floor":37,"key":"Ring of Fury"},{"floor":41,"key":"Singing Bowl"},{"floor":41,"key":"Replay:Bandana"}],"event_choices":[{"damage_healed":0.0,"max_hp_gain":0.0,"max_hp_loss":0.0,"gold_gain":0.0,"event_name":"The Woman in Blue","player_choice":"Bought 1 Potion","floor":5.0,"gold_loss":0.0,"damage_taken":0.0},{"damage_healed":0.0,"max_hp_gain":0.0,"max_hp_loss":0.0,"gold_gain":0.0,"event_name":"Upgrade Shrine","player_choice":"Upgraded","floor":19.0,"gold_loss":0.0,"damage_taken":0.0,"cards_upgraded":["Hologram"]},{"damage_healed":0,"gold_gain":0,"player_choice":"Ignored","damage_taken":0,"max_hp_gain":0,"max_hp_loss":0,"event_name":"Tomb of Lord Red Mask","floor":38,"gold_loss":0},{"damage_healed":0,"gold_gain":3,"player_choice":"2","damage_taken":0,"max_hp_gain":0,"max_hp_loss":14,"event_name":"betterStone:BetterStone","floor":44,"gold_loss":0},{"damage_healed":0,"gold_gain":0,"player_choice":"Fight","damage_taken":0,"max_hp_gain":0,"max_hp_loss":0,"event_name":"Mysterious Sphere","floor":45,"gold_loss":0}],"is_beta":false,"boss_relics":[{"not_picked":["Velvet Choker","Kintsugi"],"picked":"Replay:Drink Me"},{"not_picked":["Calling Bell","Abe\u0027s Treasure"],"picked":"Black Star"}],"items_purged_floors":[20,27],"is_endless":false,"potions_floor_spawned":[1,3,4,7,16,25,28,29,36,39],"killed_by":"2 Orb Walkers","ascension_level":20}}