{"host":"wghdsg8ym2wc7ov9","time":1607981360,"event":{"mods":["AchievementEnabler","BaseMod","Better Altar","Better Note","Colored Map","Highlight Path","Minty Spire (QoL Compilation)","Random Character Button","Relic Stats","Shop Mod","StSLib"],"gold_per_floor":[109,123,123,141,141,141,176,176,176,176,188,202,48,76,76,175,175,193,193,203,203,215,250,250,263,287,321,334,354,368,5,5,103,103,119,129,1128,373,383,383,399,399,451,451,471,471,481,3,3,3,3,3,3,32,32,32],"floor_reached":55,"playtime":8442,"items_purged":["Normality"],"score":721,"play_id":"d5e30541-5081-4ae7-aae7-dff289d74c17","local_time":"20201214132920","is_ascension_mode":false,"campfire_choices":[{"floor":6.0,"key":"RECALL"},{"data":"Eruption","floor":8.0,"key":"SMITH"},{"floor":10.0,"key":"REST"},{"floor":15.0,"key":"REST"},{"floor":24,"key":"REST"},{"floor":32,"key":"REST"},{"floor":40,"key":"REST"},{"floor":42,"key":"REST"},{"floor":44,"key":"REST"},{"floor":49,"key":"REST"},{"data":"DevaForm","floor":52,"key":"SMITH"}],"circlet_count":0,"master_deck":["Strike_P","Strike_P","Strike_P","Strike_P","Defend_P","Defend_P","Defend_P","Defend_P","Eruption+1","Vigilance","Wireheading","PathToVictory","Tantrum","EmptyMind","EmptyBody","ClearTheMind","Brilliance","Judgement+1","Halt+1","Magnetism+1","ForeignInfluence+1","TalkToTheHand","PathToVictory+1","CarveReality","Sanctity+1","SpiritShield+1","ThirdEye+1","Evaluate+1","Nirvana","DevaForm+1","Sanctity+1","WheelKick+1","Normality","Panache","JustLucky","FlurryOfBlows","Sanctity+1","ForeignInfluence+1","DeceiveReality+1","Panache","Protect+1","WheelKick","EmptyBody+1"],"relics":["PureWater","Incense Burner","TeardropLocket","Strange Spoon","Toxic Egg 2","SlaversCollar","Kunai","Bottled Flame","Thread and Needle","VioletLotus","PreservedInsect","Matryoshka","TheAbacus","Smiling Mask","Orichalcum","Bronze Scales","Anchor"],"acts_visited":["Exordium","TheCity","TheBeyond","TheEnding"],"potions_floor_usage":[22,23,28,41,41,50,50,50],"damage_taken":[{"damage":0.0,"enemies":"2 Louse","floor":1.0,"turns":3.0},{"damage":5.0,"enemies":"Small Slimes","floor":2.0,"turns":5.0},{"damage":7.0,"enemies":"Jaw Worm","floor":4.0,"turns":4.0},{"damage":10.0,"enemies":"Gremlin Nob","floor":7.0,"turns":3.0},{"damage":3.0,"enemies":"Gremlin Gang","floor":11.0,"turns":4.0},{"damage":2.0,"enemies":"2 Fungi Beasts","floor":12.0,"turns":2.0},{"damage":25.0,"enemies":"Lagavulin","floor":14.0,"turns":5.0},{"damage":51.0,"enemies":"Hexaghost","floor":16.0,"turns":9.0},{"damage":0,"enemies":"3 Byrds","floor":18,"turns":3},{"damage":2,"enemies":"Chosen","floor":20,"turns":4},{"damage":11,"enemies":"Centurion and Healer","floor":22,"turns":4},{"damage":22,"enemies":"Book of Stabbing","floor":23,"turns":5},{"damage":0,"enemies":"3 Cultists","floor":25,"turns":2},{"damage":9,"enemies":"Gremlin Leader","floor":27,"turns":5},{"damage":0,"enemies":"Sentry and Sphere","floor":28,"turns":2},{"damage":12,"enemies":"Snake Plant","floor":29,"turns":3},{"damage":35,"enemies":"Snecko","floor":30,"turns":4},{"damage":7,"enemies":"Champ","floor":33,"turns":11},{"damage":9,"enemies":"Orb Walker","floor":35,"turns":5},{"damage":34,"enemies":"3 Darklings","floor":36,"turns":7},{"damage":29,"enemies":"4 Shapes","floor":39,"turns":5},{"damage":22,"enemies":"Jaw Worm Horde","floor":41,"turns":6},{"damage":29,"enemies":"3 Darklings","floor":45,"turns":5},{"damage":0,"enemies":"Maw","floor":47,"turns":7},{"damage":24,"enemies":"Awakened One","floor":50,"turns":13},{"damage":25,"enemies":"Shield and Spear","floor":54,"turns":6},{"damage":66,"enemies":"The Heart","floor":55,"turns":6}],"seed_played":"1089050284089745813","potions_obtained":[{"floor":1.0,"key":"Fire Potion"},{"floor":14.0,"key":"EssenceOfSteel"},{"floor":18,"key":"SpeedPotion"},{"floor":20,"key":"Weak Potion"},{"floor":25,"key":"SkillPotion"},{"floor":28,"key":"BlessingOfTheForge"},{"floor":29,"key":"CultistPotion"},{"floor":36,"key":"LiquidMemories"},{"floor":45,"key":"SteroidPotion"},{"floor":46,"key":"Ambrosia"},{"floor":46,"key":"SkillPotion"},{"floor":46,"key":"ColorlessPotion"}],"is_trial":false,"path_per_floor":["M","M","?","M","?","R","E","R","T","R","M","M","$","E","R","B",null,"M","?","M","?","M","E","R","M","T","E","M","M","M","$","R","B",null,"M","M","?","$","M","R","M","R","T","R","M","?","M","$","R","B",null,"R","$","E","B"],"character_chosen":"WATCHER","items_purchased":["Strange Spoon","Thread and Needle","Nirvana","PreservedInsect","Panache","Matryoshka","TheAbacus","JustLucky","Bronze Scales","Panache","Protect+1","WheelKick"],"campfire_rested":8,"item_purchase_floors":[13,31,31,38,38,38,38,38,48,48,48,48],"current_hp_per_floor":[79,74,79,72,72,72,62,62,62,84,81,79,79,54,79,28,84,84,84,82,82,71,49,74,74,74,65,65,53,18,18,43,36,84,75,41,41,41,12,37,15,40,40,65,36,36,36,36,61,37,84,84,84,59,0,0],"gold":32,"neow_bonus":"TEN_PERCENT_HP_BONUS","is_daily":false,"chose_seed":false,"campfire_upgraded":2,"win_rate":0.0,"timestamp":1607981360,"path_taken":["M","M","?","M","?","R","E","R","T","R","M","M","$","E","R","BOSS","M","?","M","?","M","E","R","M","T","E","?","M","M","$","R","BOSS","M","M","?","$","M","R","M","R","T","R","M","?","M","$","R","BOSS","R","$","E","BOSS"],"items_purchased_type":["Relic","Relic","Card","Relic","Card","Relic","Relic","Card","Relic","Card","Card","Card"],"build_version":"2020-12-13","purchased_purges":1,"victory":false,"max_hp_per_floor":[79,79,84,84,84,84,84,84,84,84,84,84,84,84,84,84,84,84,84,84,84,84,84,84,84,84,84,84,84,84,84,84,84,84,84,84,84,84,84,84,84,84,84,84,84,84,84,84,84,84,84,84,84,84,84,84],"relic_stats":{"Strange Spoon":[52],"TheAbacus":[12],"counters":[27,138],"Bronze Scales":[162],"VioletLotus":[14],"PreservedInsect":68,"Kunai":[23],"Orichalcum":[12],"Smiling Mask":25,"obtain_stats":[{"Thread and Needle":31,"PreservedInsect":38,"Incense Burner":7,"TeardropLocket":9,"Orichalcum":43,"Smiling Mask":43,"Strange Spoon":13,"SlaversCollar":17,"Bottled Flame":27,"Anchor":54,"Matryoshka":38,"TheAbacus":38,"Bronze Scales":48,"VioletLotus":34,"Kunai":23,"PureWater":0,"Toxic Egg 2":14},{"Thread and Needle":17,"PreservedInsect":20,"Incense Burner":4,"TeardropLocket":4,"Orichalcum":22,"Smiling Mask":22,"Strange Spoon":6,"SlaversCollar":8,"Bottled Flame":14,"Anchor":26,"Matryoshka":20,"TheAbacus":20,"Bronze Scales":24,"VioletLotus":18,"Kunai":12,"PureWater":0,"Toxic Egg 2":7},{"Thread and Needle":67,"PreservedInsect":90,"Incense Burner":15,"TeardropLocket":15,"Orichalcum":101,"Smiling Mask":101,"Strange Spoon":21,"SlaversCollar":35,"Bottled Flame":58,"Anchor":132,"Matryoshka":90,"TheAbacus":90,"Bronze Scales":113,"VioletLotus":78,"Kunai":51,"PureWater":0,"Toxic Egg 2":26}]},"card_choices":[{"not_picked":["Adaptation","JustLucky"],"picked":"Wireheading","floor":1.0},{"not_picked":["CutThroughFate","Prostrate"],"picked":"PathToVictory","floor":2.0},{"not_picked":["CutThroughFate","PathToVictory"],"picked":"Tantrum","floor":4.0},{"not_picked":["SignatureMove","Adaptation"],"picked":"EmptyMind","floor":7.0},{"not_picked":["Swivel","Crescendo"],"picked":"EmptyBody","floor":11.0},{"not_picked":["CrushJoints","JustLucky"],"picked":"ClearTheMind","floor":12.0},{"not_picked":["FlyingSleeves","Crescendo+1"],"picked":"Brilliance","floor":14.0},{"not_picked":["SpiritShield+1","Brilliance"],"picked":"Judgement+1","floor":16.0},{"not_picked":["SashWhip","ClearTheMind+1"],"picked":"Halt+1","floor":18},{"not_picked":["JustLucky","PathToVictory+1"],"picked":"ForeignInfluence+1","floor":20},{"not_picked":["EmptyFist","Protect+1"],"picked":"TalkToTheHand","floor":22},{"not_picked":["JustLucky","EmptyMind+1"],"picked":"PathToVictory+1","floor":23},{"not_picked":["EmptyBody+1","FlyingSleeves"],"picked":"CarveReality","floor":25},{"not_picked":["FollowUp","Halt+1"],"picked":"Sanctity+1","floor":27},{"not_picked":["Sanctity+1","Protect+1"],"picked":"SpiritShield+1","floor":28},{"not_picked":["JustLucky+1","ClearTheMind+1"],"picked":"ThirdEye+1","floor":29},{"not_picked":["FlyingSleeves","Crescendo+1"],"picked":"Evaluate+1","floor":30},{"not_picked":["Scrawl+1","DeusExMachina+1"],"picked":"DevaForm","floor":33},{"not_picked":["Evaluate+1","ClearTheMind+1"],"picked":"Sanctity+1","floor":35},{"not_picked":["FlyingSleeves+1","CrushJoints+1"],"picked":"WheelKick+1","floor":36},{"not_picked":["JustLucky+1","WreathOfFlame+1"],"picked":"FlurryOfBlows","floor":39},{"not_picked":["CutThroughFate","Meditate+1"],"picked":"Sanctity+1","floor":41},{"not_picked":["Prostrate+1","FlyingSleeves+1"],"picked":"ForeignInfluence+1","floor":45},{"not_picked":["Halt+1","EmptyBody+1"],"picked":"DeceiveReality+1","floor":47},{"not_picked":["Study+1","EmptyMind+1"],"picked":"EmptyBody+1","floor":54}],"player_experience":397185,"relics_obtained":[{"floor":7.0,"key":"Incense Burner"},{"floor":9.0,"key":"TeardropLocket"},{"floor":14.0,"key":"Toxic Egg 2"},{"floor":23,"key":"Kunai"},{"floor":27,"key":"Bottled Flame"},{"floor":43,"key":"Smiling Mask"},{"floor":43,"key":"Orichalcum"},{"floor":54,"key":"Anchor"}],"event_choices":[{"damage_healed":0.0,"max_hp_gain":5.0,"max_hp_loss":0.0,"gold_gain":0.0,"event_name":"Big Fish","player_choice":"Donut","floor":3.0,"gold_loss":0.0,"damage_taken":0.0},{"damage_healed":0.0,"max_hp_gain":0.0,"max_hp_loss":0.0,"gold_gain":0.0,"event_name":"The Cleric","player_choice":"Leave","floor":5.0,"gold_loss":0.0,"damage_taken":0.0},{"cards_removed":["Judgement"],"damage_healed":0,"gold_gain":0,"player_choice":"Take \u0026 Give","damage_taken":0,"max_hp_gain":0,"max_hp_loss":0,"event_name":"betterNote:BetterNote","floor":19,"gold_loss":0,"cards_obtained":["Magnetism"]},{"damage_healed":0,"gold_gain":0,"player_choice":"Ignored","damage_taken":0,"max_hp_gain":0,"max_hp_loss":0,"event_name":"Ghosts","floor":21,"gold_loss":0},{"damage_healed":0,"gold_gain":999,"player_choice":"Gold","damage_taken":0,"max_hp_gain":0,"max_hp_loss":0,"event_name":"MindBloom","floor":37,"gold_loss":0,"cards_obtained":["Normality","Normality"]},{"damage_healed":0,"gold_gain":0,"player_choice":"Got Potions","damage_taken":0,"max_hp_gain":0,"max_hp_loss":0,"event_name":"Lab","floor":46,"gold_loss":0}],"is_beta":false,"boss_relics":[{"not_picked":["Pandora\u0027s Box","Tiny House"],"picked":"SlaversCollar"},{"not_picked":["Coffee Dripper","Sozu"],"picked":"VioletLotus"}],"items_purged_floors":[48],"is_endless":false,"potions_floor_spawned":[1,14,18,20,25,28,29,36,45,47],"killed_by":"The Heart","ascension_level":0}}