{"host":"aplcfi4424y88z9j","time":1607976758,"event":{"mods":["BaseMod","Better Third Choice","Colored Map","Downfall","Highlight Path","Minty Spire (QoL Compilation)","Replay The Spire","StSLib"],"gold_per_floor":[99,129,129,129,129,129,129,157,157,157,177,210,225,135,155,167,180,180,180],"floor_reached":18,"playtime":1321,"items_purged":["Regret"],"score":155,"play_id":"5e915fb0-7a18-4b67-9954-aba4389fdef9","local_time":"20201214201238","is_ascension_mode":false,"campfire_choices":[{"data":"champ:Taunt","floor":1.0,"key":"SMITH"}],"circlet_count":0,"master_deck":["champ:Strike","champ:Strike","champ:Strike","champ:Strike","champ:Defend+1","champ:Defend","champ:Defend","champ:Defend","champ:Execute","champ:Taunt+1","champ:StanceDance+1","champ:FanOfKnives+1","Sickly","champ:AdrenalArmor","champ:RapidStrikes","champ:ShieldThrow","champ:DefensiveStyle","champ:FaceSlap"],"relics":["champ:ChampionCrown","downfall:HeartsMalice","Replay:Accelerometer","ReplayTheSpireMod:Ring of Collecting","HornCleat","Orichalcum","Toy Ornithopter"],"acts_visited":["Exordium"],"potions_floor_usage":[18,18,18],"damage_taken":[{"damage":0.0,"enemies":"3 Sentries","floor":2.0,"turns":1.0},{"damage":0.0,"enemies":"Small Slimes","floor":3.0,"turns":1.0},{"damage":0.0,"enemies":"2 Louse","floor":4.0,"turns":1.0},{"damage":54.0,"enemies":"Gremlin Nob","floor":8.0,"turns":6.0},{"damage":18.0,"enemies":"Jaw Worm","floor":11.0,"turns":3.0},{"damage":40.0,"enemies":"3 Sentries","floor":12.0,"turns":8.0},{"damage":0.0,"enemies":"3 Louse","floor":13.0,"turns":1.0},{"damage":10.0,"enemies":"downfall:FleeingMerchant","floor":14.0,"turns":4.0},{"damage":13.0,"enemies":"Exordium Thugs","floor":15.0,"turns":4.0},{"damage":7.0,"enemies":"3 Louse","floor":16.0,"turns":3.0},{"damage":2.0,"enemies":"2 Fungi Beasts","floor":17.0,"turns":3.0},{"damage":38,"enemies":"downfall:Defect","floor":18,"turns":6}],"seed_played":"-1385122211349485922","potions_obtained":[{"floor":8.0,"key":"PowerPotion"},{"floor":11.0,"key":"Strength Potion"},{"floor":13.0,"key":"Adrenaline Potion"},{"floor":16.0,"key":"Flashbang"}],"is_trial":false,"path_per_floor":["R","E","M","M","?","?","T","E","PTL","PTL","M","E","M","$","M","M","M","B"],"character_chosen":"THE_CHAMP","items_purchased":[],"campfire_rested":0,"item_purchase_floors":[],"current_hp_per_floor":[90,90,90,90,90,90,90,46,46,46,35,16,16,14,13,18,18,0,0],"gold":180,"neow_bonus":"THREE_ENEMY_KILL","is_daily":false,"chose_seed":false,"campfire_upgraded":1,"win_rate":0.0,"timestamp":1607976758,"path_taken":["R","E","M","M","?","?","T","E","PTL","PTL","M","E","M","$","M","M","M","BOSS"],"items_purchased_type":[],"build_version":"2020-12-13","purchased_purges":1,"victory":false,"max_hp_per_floor":[90,90,90,90,90,90,90,90,90,90,90,90,90,90,90,90,90,90,90],"card_choices":[{"not_picked":["champ:Haymaker","champ:IronFortress"],"picked":"champ:StanceDance","floor":2.0},{"not_picked":["champ:EndlessRage","champ:AdrenalArmor"],"picked":"champ:FanOfKnives","floor":3.0},{"not_picked":["champ:Duel","champ:PerfectedStrike","champ:HeartStrike"],"picked":"SKIP","floor":4.0},{"not_picked":["champ:IgnorePain","champ:FlashCut"],"picked":"champ:AdrenalArmor","floor":8.0},{"not_picked":["champ:Haymaker","champ:ViciousMockery","champ:CrookedStrike"],"picked":"SKIP","floor":11.0},{"not_picked":["champ:BringItOn","champ:EnragedBash"],"picked":"champ:RapidStrikes","floor":12.0},{"not_picked":["champ:BringItOn","champ:Haymaker","champ:DeathBlow"],"picked":"SKIP","floor":13.0},{"not_picked":["champ:CalledShot","champ:BringItOn","champ:Encircle"],"picked":"SKIP","floor":14.0},{"not_picked":["champ:Haymaker","champ:RecklessLeap"],"picked":"champ:ShieldThrow","floor":15.0},{"not_picked":["champ:BerserkerStyle","champ:StanceDance"],"picked":"champ:DefensiveStyle","floor":16.0},{"not_picked":["champ:Backstep","champ:ShieldWall"],"picked":"champ:FaceSlap","floor":17.0}],"player_experience":346707,"relics_obtained":[{"floor":2.0,"key":"Replay:Accelerometer"},{"floor":5.0,"key":"ReplayTheSpireMod:Ring of Collecting"},{"floor":7.0,"key":"HornCleat"},{"floor":8.0,"key":"Orichalcum"},{"floor":12.0,"key":"Toy Ornithopter"}],"event_choices":[],"is_beta":false,"boss_relics":[],"items_purged_floors":[14],"is_endless":false,"potions_floor_spawned":[8,11,13,15,16,17],"killed_by":"downfall:Defect","ascension_level":0}}