{"host":"bux1pdxjwq4dkad9","time":1607934154,"event":{"mods":["BaseMod","Colored Map","Minty Spire (QoL Compilation)","Quick Restart","Robot Space Explorer","Shop Mod","Spicy Shops","StSLib","SuperFastMode","The Alterego","Thieving Mod","Uncapped","【人物mod】游戏王New YuGiOh mod","【遗物Mod】简单游戏"],"gold_per_floor":[32,61,91,91,120,169,169,217,243,268,311,340,374,424,424,540,540,567,477,502,537,562,612,612,652,652,652,701,626,626,626,626,744,744,770,798,831,865,896,896,942,976,1031,1059,1102,1102,1102,1144,1144,1159,1159,1159,382,426,441],"floor_reached":56,"playtime":1710,"items_purged":["Regret"],"score":2138,"play_id":"6b1e699c-ca54-45f4-8354-4e838935de3c","local_time":"20201214162234","is_ascension_mode":true,"campfire_choices":[{"data":"alterego_mod:1TonWallop","floor":7,"key":"SMITH"},{"data":"alterego_mod:Strike","floor":15,"key":"PURGE"},{"data":"alterego_mod:Strike","floor":24,"key":"PURGE"},{"data":"alterego_mod:Impale","floor":30,"key":"PURGE"},{"data":"alterego_mod:Schoolgirl","floor":32,"key":"SMITH"},{"floor":40,"key":"RECALL"},{"data":"alterego_mod:Clones","floor":46,"key":"SMITH"},{"data":"alterego_mod:Venus","floor":49,"key":"SMITH"},{"data":"Regret","floor":52,"key":"PURGE"}],"circlet_count":0,"master_deck":["alterego_mod:Defend","alterego_mod:Defend+1","alterego_mod:BigMeatyClaws","alterego_mod:BrynhildrsRune+1","alterego_mod:Birthday","alterego_mod:1TonWallop+1","alterego_mod:IndependentAction","alterego_mod:TrashNCrash","alterego_mod:Pet+1","Clumsy","alterego_mod:Schoolgirl+1","alterego_mod:Venus+1","alterego_mod:TrashNCrash+1","alterego_mod:Cushion+1","alterego_mod:Pet","alterego_mod:Pet+1","alterego_mod:PresenceConcealment+1","alterego_mod:Clones+1","alterego_mod:Weigh","Impatience"],"relics":["alterego_mod:MasochisticConstitution","TimeKeys","Toy Ornithopter","Bag of Preparation","Happy Flower","Anchor","Nunchaku","Cursed Key","Blood Vial","Pear","Sundial","Gremlin Horn","Mercury Hourglass","Philosopher\u0027s Stone","Ancient Tea Set","Singing Bowl","Art of War","War Paint","Vajra","Strawberry","Frozen Eye","alterego_mod:SistersRibbon","Oddly Smooth Stone"],"acts_visited":["Exordium","TheCity","TheBeyond","TheEnding"],"potions_floor_usage":[55],"damage_taken":[{"damage":10,"enemies":"Cultist","floor":1,"turns":3},{"damage":0,"enemies":"Small Slimes","floor":2,"turns":2},{"damage":0,"enemies":"2 Louse","floor":3,"turns":5},{"damage":21,"enemies":"Blue Slaver","floor":5,"turns":3},{"damage":0,"enemies":"3 Sentries","floor":6,"turns":1},{"damage":8,"enemies":"Lagavulin","floor":8,"turns":5},{"damage":10,"enemies":"Looter","floor":10,"turns":3},{"damage":0,"enemies":"3 Sentries","floor":11,"turns":1},{"damage":8,"enemies":"Exordium Wildlife","floor":12,"turns":2},{"damage":8,"enemies":"2 Fungi Beasts","floor":13,"turns":2},{"damage":0,"enemies":"Gremlin Nob","floor":14,"turns":2},{"damage":8,"enemies":"Slime Boss","floor":16,"turns":5},{"damage":8,"enemies":"3 Byrds","floor":18,"turns":2},{"damage":8,"enemies":"Shell Parasite","floor":20,"turns":3},{"damage":16,"enemies":"Centurion and Healer","floor":21,"turns":3},{"damage":39,"enemies":"Snake Plant","floor":22,"turns":3},{"damage":0,"enemies":"Slavers","floor":23,"turns":2},{"damage":8,"enemies":"Book of Stabbing","floor":25,"turns":6},{"damage":0,"enemies":"Slavers","floor":28,"turns":2},{"damage":2,"enemies":"Automaton","floor":33,"turns":5},{"damage":0,"enemies":"3 Shapes","floor":35,"turns":2},{"damage":2,"enemies":"Orb Walker","floor":36,"turns":3},{"damage":10,"enemies":"Sphere and 2 Shapes","floor":37,"turns":3},{"damage":12,"enemies":"3 Darklings","floor":38,"turns":4},{"damage":0,"enemies":"Jaw Worm Horde","floor":39,"turns":2},{"damage":4,"enemies":"Giant Head","floor":41,"turns":4},{"damage":12,"enemies":"Writhing Mass","floor":42,"turns":5},{"damage":0,"enemies":"3 Darklings","floor":44,"turns":2},{"damage":0,"enemies":"Reptomancer","floor":45,"turns":3},{"damage":2,"enemies":"Giant Head","floor":48,"turns":3},{"damage":0,"enemies":"Awakened One","floor":50,"turns":5},{"damage":0,"enemies":"Shield and Spear","floor":54,"turns":5},{"damage":0,"enemies":"The Heart","floor":55,"turns":5}],"seed_played":"-4469419455372522405","potions_obtained":[{"floor":2,"key":"FearPotion"},{"floor":3,"key":"BlessingOfTheForge"},{"floor":10,"key":"Block Potion"},{"floor":13,"key":"Swift Potion"},{"floor":21,"key":"GamblersBrew"},{"floor":28,"key":"DistilledChaos"}],"is_trial":false,"path_per_floor":["M","M","M","?","M","E","R","E","T","M","E","M","M","E","R","B",null,"M","?","M","M","M","E","R","E","T","?","E","?","R","?","R","B",null,"M","M","M","M","M","R","E","M","T","M","E","R","?","E","R","B",null,"R","$","E","B",null],"character_chosen":"The_Alterego","items_purchased":["War Paint","Vajra","Strawberry","Frozen Eye","Impatience","alterego_mod:SistersRibbon"],"campfire_rested":0,"item_purchase_floors":[53,53,53,53,53,53],"current_hp_per_floor":[58,71,71,71,51,55,55,61,61,58,62,61,60,66,66,65,74,70,70,69,67,35,41,41,52,52,52,60,60,60,60,60,67,87,93,92,85,82,90,90,93,93,93,98,98,98,98,97,97,99,99,99,106,108,108],"gold":441,"neow_bonus":"REMOVE_TWO","is_daily":false,"chose_seed":false,"campfire_upgraded":4,"win_rate":0.0,"timestamp":1607934154,"path_taken":["M","?","M","?","?","E","R","E","T","M","E","M","M","E","R","BOSS","M","?","?","?","M","E","R","E","T","?","E","?","R","?","R","BOSS","M","M","M","M","M","R","E","M","T","M","E","R","?","E","R","BOSS","R","$","E","BOSS"],"items_purchased_type":["Relic","Relic","Relic","Relic","Card","Relic"],"build_version":"2020-12-13","purchased_purges":1,"victory":true,"max_hp_per_floor":[71,71,71,71,72,72,72,73,73,74,74,75,76,76,76,77,77,78,78,79,80,81,81,81,92,92,92,92,92,92,92,92,93,93,93,94,95,96,96,96,97,98,98,98,98,98,98,99,99,99,99,99,106,108,108],"card_choices":[{"not_picked":["alterego_mod:IndependentAction","alterego_mod:Rip"],"picked":"alterego_mod:Birthday","floor":1},{"not_picked":["alterego_mod:Jiggle","alterego_mod:SakuraPetals"],"picked":"alterego_mod:Schoolgirl","floor":2},{"not_picked":["alterego_mod:DestructionOfProperty","alterego_mod:Cooking"],"picked":"alterego_mod:1TonWallop","floor":3},{"not_picked":["alterego_mod:Undulate","alterego_mod:Valentines","alterego_mod:SuperDuperMasochism"],"picked":"SKIP","floor":5},{"not_picked":["alterego_mod:Stockings","alterego_mod:MagicResistance","alterego_mod:HighServant"],"picked":"SKIP","floor":6},{"not_picked":["alterego_mod:DeftHands","alterego_mod:Birthday","alterego_mod:BreastValley"],"picked":"SKIP","floor":8},{"not_picked":["alterego_mod:Skirt","alterego_mod:Complex","alterego_mod:DeftHands"],"picked":"SKIP","floor":10},{"not_picked":["alterego_mod:DiscoLights","alterego_mod:SideboobHour","alterego_mod:DeftHands"],"picked":"SKIP","floor":11},{"not_picked":["alterego_mod:Bounce","alterego_mod:Birthday","alterego_mod:BiFurious"],"picked":"SKIP","floor":12},{"not_picked":["alterego_mod:Jiggle","alterego_mod:Maid"],"picked":"alterego_mod:IndependentAction","floor":13},{"not_picked":["alterego_mod:Collar","alterego_mod:Lingerie","alterego_mod:Swimsuit"],"picked":"SKIP","floor":14},{"not_picked":["alterego_mod:Valentines+1","alterego_mod:BreastValley","alterego_mod:SakuraFive"],"picked":"SKIP","floor":18},{"not_picked":["alterego_mod:Rip+1","alterego_mod:GoddessCore","alterego_mod:Punishment+1"],"picked":"SKIP","floor":20},{"not_picked":["alterego_mod:Pet","alterego_mod:GachaTicket"],"picked":"alterego_mod:TrashNCrash","floor":21},{"not_picked":["alterego_mod:Punishment+1","alterego_mod:MagicResistance","alterego_mod:SakuraFive"],"picked":"SKIP","floor":22},{"not_picked":["alterego_mod:Rip","alterego_mod:Bounce"],"picked":"alterego_mod:Pet+1","floor":23},{"not_picked":["alterego_mod:Valentines","alterego_mod:SuperDuperMasochism+1","alterego_mod:BoobPocket"],"picked":"SKIP","floor":25},{"not_picked":["alterego_mod:ChallengeComplete","alterego_mod:Rip+1"],"picked":"alterego_mod:Schoolgirl","floor":28},{"not_picked":["alterego_mod:Vow","alterego_mod:SideboobHour"],"picked":"alterego_mod:Venus","floor":33},{"not_picked":["alterego_mod:Punishment","alterego_mod:Cycle"],"picked":"alterego_mod:TrashNCrash+1","floor":35},{"not_picked":["alterego_mod:Alter","alterego_mod:SakuraFive"],"picked":"alterego_mod:Cushion","floor":36},{"not_picked":["alterego_mod:Punishment","alterego_mod:1TonWallop"],"picked":"alterego_mod:Pet","floor":37},{"not_picked":["alterego_mod:Complex","alterego_mod:BoobPocket","alterego_mod:Exercise"],"picked":"SKIP","floor":38},{"not_picked":["alterego_mod:DestructionOfProperty+1","alterego_mod:Santa","alterego_mod:Cycle+1"],"picked":"SKIP","floor":39},{"not_picked":["alterego_mod:TrashNCrash+1","alterego_mod:Cushion"],"picked":"alterego_mod:Pet+1","floor":41},{"not_picked":["alterego_mod:Clap+1","alterego_mod:MagicResistance+1","alterego_mod:BreastValley"],"picked":"SKIP","floor":42},{"not_picked":["alterego_mod:RocketPunch","alterego_mod:PresenceConcealment+1","alterego_mod:HighServant"],"picked":"SKIP","floor":44},{"not_picked":["alterego_mod:RocketPunch","alterego_mod:HighServant"],"picked":"alterego_mod:PresenceConcealment+1","floor":44},{"not_picked":["alterego_mod:SuperDuperMasochism","alterego_mod:Bounce"],"picked":"alterego_mod:Clones","floor":45},{"not_picked":["alterego_mod:Santa","alterego_mod:MagicResistance"],"picked":"alterego_mod:Weigh","floor":48},{"not_picked":["alterego_mod:SuperDuperMasochism+1","alterego_mod:Undulate+1","alterego_mod:PresenceConcealment+1"],"picked":"Singing Bowl","floor":54}],"player_experience":2363776,"relics_obtained":[{"floor":6,"key":"Toy Ornithopter"},{"floor":8,"key":"Bag of Preparation"},{"floor":9,"key":"Happy Flower"},{"floor":11,"key":"Anchor"},{"floor":14,"key":"Nunchaku"},{"floor":23,"key":"Blood Vial"},{"floor":25,"key":"Pear"},{"floor":26,"key":"Sundial"},{"floor":28,"key":"Mercury Hourglass"},{"floor":41,"key":"Ancient Tea Set"},{"floor":45,"key":"Singing Bowl"},{"floor":48,"key":"Art of War"},{"floor":54,"key":"Oddly Smooth Stone"}],"event_choices":[{"cards_removed":["alterego_mod:Schoolgirl"],"damage_healed":0,"gold_gain":0,"player_choice":"Offered Uncommon","damage_taken":0,"max_hp_gain":0,"max_hp_loss":0,"event_name":"Bonfire Elementals","floor":4,"gold_loss":0},{"cards_removed":["alterego_mod:Strike"],"damage_healed":0,"gold_gain":0,"player_choice":"Upgrade and Remove","damage_taken":0,"max_hp_gain":0,"max_hp_loss":0,"event_name":"Designer","floor":19,"gold_loss":90,"cards_upgraded":["alterego_mod:Defend"]},{"damage_healed":0,"gold_gain":0,"player_choice":"Opened","damage_taken":0,"relics_obtained":["Gremlin Horn"],"max_hp_gain":0,"max_hp_loss":0,"event_name":"The Mausoleum","floor":27,"gold_loss":0,"cards_obtained":["Writhe"]},{"cards_removed":["Writhe"],"damage_healed":0,"gold_gain":0,"player_choice":"Gave Gold","damage_taken":0,"max_hp_gain":0,"max_hp_loss":0,"event_name":"Beggar","floor":29,"gold_loss":75},{"cards_removed":["alterego_mod:Defend"],"damage_healed":0,"gold_gain":0,"player_choice":"Elegance","damage_taken":0,"max_hp_gain":0,"max_hp_loss":0,"event_name":"Back to Basics","floor":31,"gold_loss":0},{"damage_healed":0,"gold_gain":0,"player_choice":"Ignored","damage_taken":0,"max_hp_gain":0,"max_hp_loss":0,"event_name":"Tomb of Lord Red Mask","floor":47,"gold_loss":0}],"is_beta":false,"boss_relics":[{"not_picked":["Astrolabe","Fusion Hammer"],"picked":"Cursed Key"},{"not_picked":["Snecko Eye","Calling Bell"],"picked":"Philosopher\u0027s Stone"}],"items_purged_floors":[53],"is_endless":false,"potions_floor_spawned":[2,3,10,12,13,18,21,28,33,37,42,45],"ascension_level":7}}