{"host":"v0dnu0zs4qo0v13s","time":1607976655,"event":{"mods":["BaseMod","Colored Map","Colored Powertips","Minty Spire (QoL Compilation)","Relic Stats","StSLib","SuperFastMode","everything is the same but u backflip on backflip"],"gold_per_floor":[113,129,129,142,67,94,94,57,57,67,102,102,122,22,22,123,123,138,150,25,300,65,65,91,91,173,190,190,206,221,252,252,349,349,367,367,367,23,23,23,48,48,75,75,103,0,0,12,12,12],"floor_reached":51,"playtime":2968,"items_purged":["Strike_B","Strike_B","Strike_B","Regret"],"score":899,"play_id":"ff7381b5-4c16-4c69-8fb1-d03344086c88","local_time":"20201214151055","is_ascension_mode":true,"campfire_choices":[{"data":"Self Repair","floor":7.0,"key":"SMITH"},{"data":"Storm","floor":12.0,"key":"SMITH"},{"data":"Consume","floor":15.0,"key":"SMITH"},{"floor":23.0,"key":"REST"},{"floor":25.0,"key":"REST"},{"data":"Capacitor","floor":28.0,"key":"SMITH"},{"floor":32.0,"key":"REST"},{"data":"Biased Cognition","floor":40.0,"key":"SMITH"},{"data":"Buffer","floor":42.0,"key":"SMITH"},{"data":"Defragment","floor":44.0,"key":"SMITH"},{"data":"Loop","floor":47,"key":"SMITH"},{"floor":49,"key":"REST"}],"circlet_count":0,"master_deck":["Defend_B","Zap","Dualcast","Consume+1","BootSequence","Self Repair+1","Storm+1","Loop+1","Hologram","Capacitor+1","Biased Cognition+1","Steam","Auto Shields+1","Storm","Defragment+1","Streamline+1","Doom and Gloom+1","Core Surge","Buffer+1","All For One+1","Turbo+1","Streamline+1","BootSequence+1","PanicButton","Self Repair+1","BootSequence+1","Leap"],"relics":["Cracked Core","NeowsBlessing","Calipers","Gambling Chip","Bottled Lightning","Runic Pyramid","Juzu Bracelet","Kunai","Bottled Tornado","Astrolabe","Ice Cream","Oddly Smooth Stone","InkBottle","Bag of Marbles","Omamori","Red Mask"],"acts_visited":["Exordium","TheCity","TheBeyond"],"potions_floor_usage":[50],"damage_taken":[{"damage":0.0,"enemies":"Jaw Worm","floor":1.0,"turns":1.0},{"damage":0.0,"enemies":"Cultist","floor":2.0,"turns":1.0},{"damage":0.0,"enemies":"Small Slimes","floor":4.0,"turns":1.0},{"damage":44.0,"enemies":"3 Sentries","floor":6.0,"turns":7.0},{"damage":4.0,"enemies":"Red Slaver","floor":10.0,"turns":3.0},{"damage":22.0,"enemies":"Gremlin Nob","floor":11.0,"turns":4.0},{"damage":11.0,"enemies":"2 Fungi Beasts","floor":13.0,"turns":3.0},{"damage":17.0,"enemies":"The Guardian","floor":16.0,"turns":8.0},{"damage":34.0,"enemies":"2 Thieves","floor":18.0,"turns":3.0},{"damage":12.0,"enemies":"3 Byrds","floor":19.0,"turns":3.0},{"damage":56.0,"enemies":"Slavers","floor":24.0,"turns":4.0},{"damage":2.0,"enemies":"3 Cultists","floor":27.0,"turns":4.0},{"damage":28.0,"enemies":"Shelled Parasite and Fungi","floor":29.0,"turns":5.0},{"damage":11.0,"enemies":"Chosen and Byrds","floor":30.0,"turns":4.0},{"damage":24.0,"enemies":"Book of Stabbing","floor":31.0,"turns":5.0},{"damage":48.0,"enemies":"Automaton","floor":33.0,"turns":7.0},{"damage":5.0,"enemies":"Orb Walker","floor":35.0,"turns":3.0},{"damage":15.0,"enemies":"Giant Head","floor":41.0,"turns":6.0},{"damage":19,"enemies":"Nemesis","floor":45,"turns":5},{"damage":15,"enemies":"3 Darklings","floor":48,"turns":3},{"damage":38,"enemies":"Donu and Deca","floor":50,"turns":7}],"seed_played":"-3470074295273659549","potions_obtained":[{"floor":1.0,"key":"BlessingOfTheForge"},{"floor":6.0,"key":"FairyPotion"},{"floor":11.0,"key":"EssenceOfDarkness"},{"floor":18.0,"key":"Block Potion"},{"floor":27.0,"key":"SkillPotion"},{"floor":30.0,"key":"BlessingOfTheForge"},{"floor":31.0,"key":"ColorlessPotion"},{"floor":45,"key":"Explosive Potion"},{"floor":48,"key":"SpeedPotion"}],"is_trial":false,"path_per_floor":["M","M","?","M","$","E","R","$","T","M","E","R","M","$","R","B",null,"M","M","$","?","$","R","E","R","T","M","R","M","M","E","R","B",null,"M","?","?","$","?","R","E","R","T","R","E","?","R","M","R","B",null],"character_chosen":"DEFECT","items_purchased":["Storm","Storm","Block Potion","Ice Cream","Energy Potion"],"campfire_rested":4,"item_purchase_floors":[8,22,22,38,38],"current_hp_per_floor":[75,75,75,75,75,31,31,31,31,37,25,25,24,24,24,17,61,37,35,35,35,35,57,11,33,33,41,41,13,12,32,54,16,60,55,55,55,55,55,55,50,50,50,50,41,41,41,36,58,40],"gold":12,"neow_bonus":"THREE_ENEMY_KILL","is_daily":false,"chose_seed":false,"campfire_upgraded":8,"win_rate":0.0,"timestamp":1607976655,"path_taken":["M","M","?","M","$","E","R","?","T","M","E","R","M","$","R","BOSS","M","M","$","?","?","R","E","R","T","M","R","M","M","E","R","BOSS","M","?","?","$","?","R","E","R","T","R","E","?","R","M","R","BOSS"],"items_purchased_type":["Card","Card","Potion","Relic","Potion"],"build_version":"2020-12-13","purchased_purges":4,"victory":true,"max_hp_per_floor":[75,75,75,75,75,75,75,75,75,75,75,75,75,75,75,75,75,75,75,75,75,75,75,75,75,75,75,75,75,75,75,75,75,75,75,75,75,75,75,75,75,75,75,75,75,75,75,75,75,75],"relic_stats":{"counters":[21,86],"Gambling Chip":[16],"Astrolabe":["All For One","Turbo","Streamline"],"Juzu Bracelet":1,"Kunai":[1],"obtain_stats":[{"Ice Cream":38,"Calipers":6,"NeowsBlessing":0,"Astrolabe":34,"Oddly Smooth Stone":39,"Juzu Bracelet":24,"Omamori":45,"Bottled Tornado":31,"Gambling Chip":9,"Bag of Marbles":43,"Red Mask":46,"Bottled Lightning":11,"Kunai":26,"Cracked Core":0,"InkBottle":41,"Runic Pyramid":17},{"Ice Cream":17,"Calipers":4,"NeowsBlessing":0,"Astrolabe":16,"Oddly Smooth Stone":17,"Juzu Bracelet":11,"Omamori":19,"Bottled Tornado":15,"Gambling Chip":4,"Bag of Marbles":18,"Red Mask":19,"Bottled Lightning":6,"Kunai":11,"Cracked Core":0,"InkBottle":18,"Runic Pyramid":8},{"Ice Cream":65,"Calipers":10,"NeowsBlessing":0,"Astrolabe":62,"Oddly Smooth Stone":65,"Juzu Bracelet":37,"Omamori":76,"Bottled Tornado":55,"Gambling Chip":10,"Bag of Marbles":71,"Red Mask":76,"Bottled Lightning":17,"Kunai":37,"Cracked Core":0,"InkBottle":71,"Runic Pyramid":27}],"InkBottle":[6]},"card_choices":[{"not_picked":["Doom and Gloom","Gash"],"picked":"Consume","floor":1.0},{"not_picked":["Darkness","Skim","Gash"],"picked":"SKIP","floor":2.0},{"not_picked":["Leap","Recycle"],"picked":"BootSequence","floor":4.0},{"not_picked":["Force Field","Beam Cell"],"picked":"Self Repair","floor":6.0},{"not_picked":["Ball Lightning","Sweeping Beam"],"picked":"Loop","floor":10.0},{"not_picked":["Sunder","Beam Cell"],"picked":"Hologram","floor":11.0},{"not_picked":["Streamline","BootSequence"],"picked":"Capacitor","floor":13.0},{"not_picked":["All For One","Rainbow"],"picked":"Biased Cognition","floor":16.0},{"not_picked":["Skim+1","Leap"],"picked":"Steam","floor":18.0},{"not_picked":["Leap","Gash"],"picked":"Auto Shields+1","floor":19.0},{"not_picked":["Redo","Coolheaded"],"picked":"Defragment","floor":24.0},{"not_picked":["Compile Driver","Turbo+1"],"picked":"Streamline+1","floor":27.0},{"not_picked":["Turbo","Sweeping Beam"],"picked":"Doom and Gloom+1","floor":29.0},{"not_picked":["Biased Cognition","Barrage","Steam"],"picked":"SKIP","floor":30.0},{"not_picked":["Heatsinks","Beam Cell"],"picked":"Core Surge","floor":31.0},{"not_picked":["Hyperbeam","Rainbow"],"picked":"Buffer","floor":33.0},{"not_picked":["Redo+1","Turbo+1"],"picked":"BootSequence+1","floor":35.0},{"not_picked":["Enlightenment","The Bomb"],"picked":"PanicButton","floor":37.0},{"not_picked":["Go for the Eyes+1","Chaos+1"],"picked":"Self Repair+1","floor":41.0},{"not_picked":["Conserve Battery","Darkness+1"],"picked":"BootSequence+1","floor":45},{"not_picked":["Steam+1","Compile Driver"],"picked":"Leap","floor":48}],"player_experience":586493,"relics_obtained":[{"floor":6.0,"key":"Calipers"},{"floor":9.0,"key":"Gambling Chip"},{"floor":11.0,"key":"Bottled Lightning"},{"floor":24.0,"key":"Juzu Bracelet"},{"floor":26.0,"key":"Kunai"},{"floor":31.0,"key":"Bottled Tornado"},{"floor":41.0,"key":"InkBottle"},{"floor":43.0,"key":"Bag of Marbles"},{"floor":45,"key":"Omamori"}],"event_choices":[{"cards_removed":["Defend_B"],"damage_healed":0.0,"max_hp_gain":0.0,"max_hp_loss":0.0,"gold_gain":0.0,"event_name":"Bonfire Elementals","player_choice":"Offered Basic","floor":3.0,"gold_loss":0.0,"damage_taken":0.0},{"damage_healed":0.0,"max_hp_gain":0.0,"max_hp_loss":0.0,"gold_gain":275.0,"event_name":"Golden Shrine","player_choice":"Desecrate","floor":21.0,"gold_loss":0.0,"damage_taken":0.0,"cards_obtained":["Regret"]},{"damage_healed":0.0,"max_hp_gain":0.0,"max_hp_loss":0.0,"gold_gain":0.0,"event_name":"Mysterious Sphere","player_choice":"Ignored","floor":36.0,"gold_loss":0.0,"damage_taken":0.0},{"damage_healed":0.0,"max_hp_gain":0.0,"max_hp_loss":0.0,"gold_gain":0.0,"event_name":"SensoryStone","player_choice":"Memory 1","floor":37.0,"gold_loss":0.0,"damage_taken":0.0},{"damage_healed":0.0,"max_hp_gain":0.0,"max_hp_loss":0.0,"gold_gain":0.0,"event_name":"WeMeetAgain","player_choice":"Gave Potion","floor":39.0,"gold_loss":0.0,"damage_taken":0.0,"relics_obtained":["Oddly Smooth Stone"]},{"damage_healed":0,"gold_gain":0,"player_choice":"Paid","damage_taken":0,"relics_obtained":["Red Mask"],"max_hp_gain":0,"max_hp_loss":0,"event_name":"Tomb of Lord Red Mask","floor":46,"gold_loss":103}],"is_beta":false,"boss_relics":[{"not_picked":["Busted Crown","Philosopher\u0027s Stone"],"picked":"Runic Pyramid"},{"not_picked":["Sozu","SlaversCollar"],"picked":"Astrolabe"}],"items_purged_floors":[5,14,20,22],"is_endless":false,"potions_floor_spawned":[1,6,11,18,27,30,31,45,48],"ascension_level":5}}