{"host":"lreod2rejfd0az5i","time":1607989894,"event":{"mods":["AchievementEnabler","Aspiration","BaseMod","Colored Powertips","Conspire","Downfall","Highlight Path","Hubris","Infinite Spire","Mad Scientist","Minty Spire (QoL Compilation)","Rare Cards Sparkle","Relic Stats","Replay The Spire","StSLib","The Bug Knight","The Jungle"],"gold_per_floor":[110,110,130,153,153,153,153],"floor_reached":6,"playtime":259,"items_purged":[],"score":65,"play_id":"5bc03adf-6164-4daa-8dcc-1bb2bb68e3dc","local_time":"20201214165134","is_ascension_mode":true,"campfire_choices":[],"circlet_count":0,"master_deck":["AscendersBane","Strike_P","Strike_P","Strike_P","Strike_P","Defend_P","Defend_P","Defend_P","Defend_P","Eruption","Vigilance"],"relics":["PureWater","aspiration:Nostalgia","Guardian:ModeShifter","CeramicFish"],"acts_visited":["Exordium"],"potions_floor_usage":[],"damage_taken":[{"damage":12,"enemies":"Cultist","floor":1,"turns":4},{"damage":2,"enemies":"2 Louse","floor":3,"turns":3},{"damage":47,"enemies":"HollowMod:MossKnight","floor":6,"turns":14}],"seed_played":"7324104288567529027","potions_obtained":[],"is_trial":false,"path_per_floor":["M","$","M","T","?","E"],"character_chosen":"WATCHER","items_purchased":[],"campfire_rested":0,"item_purchase_floors":[],"current_hp_per_floor":[49,49,47,47,47,0,0],"gold":153,"neow_bonus":"NOSTALGIA","is_daily":false,"chose_seed":false,"campfire_upgraded":0,"win_rate":0.0,"timestamp":1607989894,"path_taken":["M","$","M","?","?","E"],"items_purchased_type":[],"build_version":"2020-12-13","purchased_purges":0,"victory":false,"max_hp_per_floor":[68,68,68,68,68,68,68],"relic_stats":{"counters":[3,21],"CeramicFish":0,"obtain_stats":[{"aspiration:Nostalgia":0,"CeramicFish":4,"Guardian:ModeShifter":0,"PureWater":0},{"aspiration:Nostalgia":0,"CeramicFish":2,"Guardian:ModeShifter":0,"PureWater":0},{"aspiration:Nostalgia":0,"CeramicFish":7,"Guardian:ModeShifter":0,"PureWater":0}]},"card_choices":[{"not_picked":["EmptyBody","Prostrate","Replay:ManipulateFuture"],"picked":"SKIP","floor":1},{"not_picked":["FlyingSleeves","ThirdEye","ClearTheMind"],"picked":"SKIP","floor":3}],"player_experience":841751,"relics_obtained":[{"floor":4,"key":"CeramicFish"}],"event_choices":[{"damage_healed":0,"gold_gain":0,"player_choice":"Ignored","damage_taken":0,"max_hp_gain":0,"max_hp_loss":0,"event_name":"Liars Game","floor":5,"gold_loss":0}],"is_beta":false,"boss_relics":[],"items_purged_floors":[],"is_endless":false,"potions_floor_spawned":[],"killed_by":"HollowMod:MossKnight","ascension_level":18}}