{"host":"voynvaosqxulty6e","time":1607960114,"event":{"mods":["BaseMod","Downfall","Minty Spire (QoL Compilation)","StSLib"],"gold_per_floor":[99,99,99,549,649,683,683,858,858,884,897,913,913,928,945,945,945],"floor_reached":16,"playtime":554,"items_purged":[],"score":133,"play_id":"00d50dab-4c64-41be-aebe-476077bcb0b1","local_time":"20201214163514","is_ascension_mode":false,"campfire_choices":[{"data":"sneckomod:Unknown","floor":1,"key":"SMITH"},{"data":"sneckomod:CheapStock","floor":9,"key":"SMITH"}],"circlet_count":0,"master_deck":["sneckomod:Strike","sneckomod:Strike+1","sneckomod:Strike","sneckomod:Defend","sneckomod:Defend","sneckomod:Defend","sneckomod:TailWhip","sneckomod:SnekBite+1","sneckomod:Unknown","sneckomod:Unknown+1","sneckomod:UnknownVulnerable","sneckomod:CheapStock+1","Slimebound:Icky","Slimebound:Icky","Slimebound:Icky","sneckomod:UnknownUncommonSkill","sneckomod:UnknownBlock","sneckomod:QuickMove","sneckomod:UnknownClassTHE_CHAMP_GRAY","sneckomod:DiceCrush","sneckomod:UnknownCommonAttack"],"relics":["sneckomod:SneckoSoul","downfall:HeartsMalice","Omamori","The Courier","PreservedInsect","Whetstone"],"acts_visited":["Exordium"],"potions_floor_usage":[16,16,16],"damage_taken":[{"damage":0,"enemies":"Small Slimes","floor":2,"turns":1},{"damage":0,"enemies":"2 Louse","floor":3,"turns":1},{"damage":0,"enemies":"Gremlin Nob","floor":6,"turns":1},{"damage":53,"enemies":"Lagavulin","floor":10,"turns":7},{"damage":2,"enemies":"Jaw Worm","floor":11,"turns":4},{"damage":6,"enemies":"3 Louse","floor":12,"turns":6},{"damage":18,"enemies":"Red Slaver","floor":14,"turns":6},{"damage":8,"enemies":"Large Slime","floor":15,"turns":6},{"damage":17,"enemies":"downfall:Ironclad","floor":16,"turns":3}],"seed_played":"-1906567270050040928","potions_obtained":[{"floor":10,"key":"DistilledChaos"},{"floor":11,"key":"Energy Potion"},{"floor":14,"key":"Swift Potion"},{"floor":15,"key":"champ:CounterPotion"}],"is_trial":false,"path_per_floor":["R","M","M","?","?","E","T","?","R","E","M","M","T","M","M","B"],"character_chosen":"THE_SNECKO","items_purchased":[],"campfire_rested":0,"item_purchase_floors":[],"current_hp_per_floor":[90,91,91,91,91,92,92,92,92,40,38,33,33,25,18,1,1],"gold":945,"neow_bonus":"THREE_ENEMY_KILL","is_daily":false,"chose_seed":false,"campfire_upgraded":2,"win_rate":0.0,"timestamp":1607960114,"path_taken":["R","M","M","?","?","E","T","?","R","E","M","M","?","?","M","BOSS"],"items_purchased_type":[],"build_version":"2020-12-13","purchased_purges":0,"victory":false,"max_hp_per_floor":[90,91,91,91,91,92,92,92,92,93,93,94,94,94,95,95,95],"card_choices":[{"not_picked":["sneckomod:DiceCrush","sneckomod:UnknownWeak"],"picked":"sneckomod:UnknownVulnerable","floor":2},{"not_picked":["sneckomod:DiceCrush","sneckomod:UnknownVulnerable"],"picked":"sneckomod:CheapStock","floor":3},{"not_picked":["sneckomod:UnknownWeak","sneckomod:Restock"],"picked":"sneckomod:UnknownUncommonSkill","floor":6},{"not_picked":["sneckomod:DiceBoulder","sneckomod:UnknownClassPURPLE"],"picked":"sneckomod:UnknownBlock","floor":10},{"not_picked":["sneckomod:DiceBlock","sneckomod:IronFang"],"picked":"sneckomod:QuickMove","floor":11},{"not_picked":["sneckomod:Unknown1Cost","sneckomod:UnknownBlock"],"picked":"sneckomod:UnknownClassTHE_CHAMP_GRAY","floor":12},{"not_picked":["sneckomod:Nope","sneckomod:UnknownStrike"],"picked":"sneckomod:DiceCrush","floor":14},{"not_picked":["sneckomod:SoulRoll","sneckomod:UnknownWeak"],"picked":"sneckomod:UnknownCommonAttack","floor":15}],"player_experience":202298,"relics_obtained":[{"floor":6,"key":"Omamori"},{"floor":7,"key":"The Courier"},{"floor":10,"key":"PreservedInsect"},{"floor":13,"key":"Whetstone"}],"event_choices":[],"is_beta":false,"boss_relics":[],"items_purged_floors":[],"is_endless":false,"potions_floor_spawned":[10,11,14,15],"killed_by":"downfall:Ironclad","ascension_level":0}}