{"host":"15dd7v8o90xso62x","time":1607970334,"event":{"mods":["BaseMod","Minty Spire (QoL Compilation)","Quick Restart","StSLib"],"gold_per_floor":[110,126,126,51,51,84,84,109,132,157,174,199,149,164,164,237,237,237,237],"floor_reached":18,"playtime":463,"items_purged":["Strike_P","Defend_P"],"score":576,"play_id":"ac43b5bd-35f4-40e7-9fb9-d750d5469549","local_time":"20201215032534","is_ascension_mode":true,"campfire_choices":[{"data":"WheelKick","floor":7.0,"key":"SMITH"},{"data":"TalkToTheHand","floor":15.0,"key":"SMITH"}],"circlet_count":0,"master_deck":["AscendersBane","Strike_P","Strike_P","Strike_P+1","Defend_P","Defend_P","Eruption+1","Vigilance","WheelKick+1","CutThroughFate+1","TalkToTheHand+1","Adaptation","Adaptation","LessonLearned"],"relics":["PureWater","NeowsBlessing","Smiling Mask","Whetstone","Lantern","Toy Ornithopter","Pantograph","Black Star"],"acts_visited":["Exordium","TheCity"],"potions_floor_usage":[18],"damage_taken":[{"damage":0.0,"enemies":"Cultist","floor":1.0,"turns":1.0},{"damage":0.0,"enemies":"Small Slimes","floor":2.0,"turns":1.0},{"damage":0.0,"enemies":"Lagavulin","floor":6.0,"turns":1.0},{"damage":0.0,"enemies":"Gremlin Nob","floor":8.0,"turns":2.0},{"damage":0.0,"enemies":"Lagavulin","floor":10.0,"turns":4.0},{"damage":0.0,"enemies":"2 Louse","floor":11.0,"turns":2.0},{"damage":0.0,"enemies":"Gremlin Nob","floor":12.0,"turns":2.0},{"damage":33.0,"enemies":"Blue Slaver","floor":14.0,"turns":5.0},{"damage":66.0,"enemies":"Hexaghost","floor":16.0,"turns":9.0},{"damage":3,"enemies":"3 Byrds","floor":18,"turns":2}],"seed_played":"-7826663379708331696","potions_obtained":[{"floor":1.0,"key":"Regen Potion"},{"floor":8.0,"key":"Swift Potion"},{"floor":16.0,"key":"ColorlessPotion"}],"is_trial":false,"path_per_floor":["M","M","?","$","?","E","R","E","T","E","M","E","$","M","R","B",null,"M"],"character_chosen":"WATCHER","items_purchased":[],"campfire_rested":0,"item_purchase_floors":[],"current_hp_per_floor":[61,61,54,54,54,54,54,54,54,54,54,54,54,21,21,5,52,54,54],"gold":237,"neow_bonus":"THREE_ENEMY_KILL","is_daily":false,"chose_seed":false,"campfire_upgraded":2,"win_rate":0.0,"timestamp":1607970334,"path_taken":["M","?","?","$","?","E","R","E","T","E","M","E","$","M","R","BOSS","M"],"items_purchased_type":[],"build_version":"2020-12-13","purchased_purges":2,"victory":false,"max_hp_per_floor":[68,68,68,68,68,68,68,68,68,68,68,68,68,68,68,68,68,68,68],"card_choices":[{"not_picked":["Nirvana","Swivel"],"picked":"WheelKick","floor":1.0},{"not_picked":["Crescendo","JustLucky","Prostrate"],"picked":"SKIP","floor":2.0},{"not_picked":["ForeignInfluence","FlurryOfBlows"],"picked":"CutThroughFate","floor":6.0},{"not_picked":["ReachHeaven","WheelKick","Indignation"],"picked":"SKIP","floor":8.0},{"not_picked":["EmptyBody","Evaluate","Omniscience"],"picked":"SKIP","floor":10.0},{"not_picked":["Meditate","CrushJoints"],"picked":"TalkToTheHand","floor":11.0},{"not_picked":["Collect","Crescendo"],"picked":"Adaptation","floor":12.0},{"not_picked":["Vengeance","LikeWater"],"picked":"Adaptation","floor":14.0},{"not_picked":["Alpha","Blasphemy"],"picked":"LessonLearned","floor":16.0}],"player_experience":905338,"relics_obtained":[{"floor":6.0,"key":"Smiling Mask"},{"floor":8.0,"key":"Whetstone"},{"floor":9.0,"key":"Lantern"},{"floor":10.0,"key":"Toy Ornithopter"},{"floor":12.0,"key":"Pantograph"}],"event_choices":[{"cards_removed":["Defend_P"],"damage_healed":0.0,"max_hp_gain":0.0,"max_hp_loss":0.0,"gold_gain":0.0,"event_name":"Golden Wing","player_choice":"Card Removal","floor":3.0,"gold_loss":0.0,"damage_taken":7.0},{"damage_healed":0.0,"max_hp_gain":0.0,"max_hp_loss":0.0,"gold_gain":0.0,"event_name":"Living Wall","player_choice":"Grow","floor":5.0,"gold_loss":0.0,"damage_taken":0.0,"cards_upgraded":["Eruption"]}],"is_beta":false,"boss_relics":[{"not_picked":["Fusion Hammer","SacredBark"],"picked":"Black Star"}],"items_purged_floors":[4,13],"is_endless":false,"potions_floor_spawned":[1,8,11,12,16],"killed_by":"3 Byrds","ascension_level":20}}