{"host":"2461dio7vetlq1z3","time":1607953123,"event":{"mods":["AchievementEnabler","Aspiration","BaseMod","Hermit","Lobotomy","Minty Spire (QoL Compilation)","Relic Stats","Spicy Shops","StSLib","Waifu the Spire"],"gold_per_floor":[109,109,109,34,51,86,86,105,131,131,151,151,51,78,78,156,156],"floor_reached":16,"playtime":579,"items_purged":["Doubt","Strike_G"],"score":259,"play_id":"340da7f1-c3b9-4226-9657-c4f225603b6f","local_time":"20201214143843","is_ascension_mode":true,"campfire_choices":[{"floor":7,"key":"REST"},{"data":"Neutralize","floor":10,"key":"SMITH"},{"data":"Sucker Punch","floor":12,"key":"SMITH"},{"data":"Predator","floor":15,"key":"SMITH"}],"circlet_count":0,"master_deck":["AscendersBane","Strike_G","Strike_G","Strike_G","Defend_G","Defend_G","Defend_G","Defend_G","Survivor","Neutralize+1","Backstab","Venomology","Sucker Punch+1","Predator+1","Cloak And Dagger"],"relics":["Empty Cage","Nunchaku","Ancient Tea Set","Odd Mushroom"],"acts_visited":["Exordium"],"potions_floor_usage":[6,6,14,16,16,16],"damage_taken":[{"damage":5,"enemies":"Jaw Worm","floor":1,"turns":6},{"damage":6,"enemies":"Cultist","floor":5,"turns":5},{"damage":37,"enemies":"3 Sentries","floor":6,"turns":17},{"damage":0,"enemies":"2 Louse","floor":8,"turns":2},{"damage":12,"enemies":"Exordium Wildlife","floor":11,"turns":4},{"damage":5,"enemies":"The Mushroom Lair","floor":14,"turns":4},{"damage":8,"enemies":"Slime Boss","floor":16,"turns":9}],"seed_played":"8084295249298846642","potions_obtained":[{"floor":1,"key":"Swift Potion"},{"floor":11,"key":"Fire Potion"},{"floor":14,"key":"DistilledChaos"}],"is_trial":false,"path_per_floor":["M","$","?","$","M","E","R","M","T","R","M","R","$","?","R","B"],"character_chosen":"THE_SILENT","items_purchased":[],"campfire_rested":1,"item_purchase_floors":[],"current_hp_per_floor":[54,54,54,54,48,11,30,30,30,30,18,18,18,13,13,5,5],"gold":156,"neow_bonus":"BOSS_RELIC","is_daily":false,"chose_seed":false,"campfire_upgraded":3,"win_rate":0.0,"timestamp":1607953123,"path_taken":["M","$","?","$","M","E","R","M","T","R","M","R","?","?","R","BOSS"],"items_purchased_type":[],"build_version":"2020-12-13","purchased_purges":2,"victory":false,"max_hp_per_floor":[66,66,66,66,66,66,66,66,66,66,66,66,66,66,66,66,66],"relic_stats":{"Nunchaku":[4],"counters":[7,47],"obtain_stats":[{"Nunchaku":6,"Odd Mushroom":14,"Empty Cage":0,"Ancient Tea Set":9,"Ring of the Snake":0},{"Nunchaku":3,"Odd Mushroom":6,"Empty Cage":0,"Ancient Tea Set":4,"Ring of the Snake":0},{"Nunchaku":28,"Odd Mushroom":38,"Empty Cage":0,"Ancient Tea Set":30,"Ring of the Snake":0}]},"card_choices":[{"not_picked":["Bouncing Flask","Predator"],"picked":"Backstab","floor":1},{"not_picked":["Prepared","Calculated Gamble"],"picked":"Sucker Punch","floor":5},{"not_picked":["Dagger Spray","Choke"],"picked":"Predator","floor":6},{"not_picked":["Underhanded Strike","Endless Agony","Eviscerate"],"picked":"SKIP","floor":8},{"not_picked":["Backflip","Sucker Punch"],"picked":"Cloak And Dagger","floor":11}],"player_experience":717221,"relics_obtained":[{"floor":6,"key":"Nunchaku"},{"floor":9,"key":"Ancient Tea Set"},{"floor":14,"key":"Odd Mushroom"}],"event_choices":[{"damage_healed":0,"gold_gain":0,"player_choice":"2 cards matched","damage_taken":0,"max_hp_gain":0,"max_hp_loss":0,"event_name":"Match and Keep!","floor":3,"gold_loss":0,"cards_obtained":["Doubt","Venomology"]},{"damage_healed":0,"gold_gain":0,"player_choice":"Fought Mushrooms","damage_taken":0,"max_hp_gain":0,"max_hp_loss":0,"event_name":"Mushrooms","floor":14,"gold_loss":0}],"is_beta":false,"boss_relics":[],"items_purged_floors":[4,13],"is_endless":false,"potions_floor_spawned":[1,11,14],"killed_by":"Slime Boss","ascension_level":15}}