{"host":"1c52r9kaxdyo25eq","time":1607944575,"event":{"mods":["AchievementEnabler","BaseMod","Minty Spire (QoL Compilation)","Rare Cards Sparkle","SuperFastMode","everything is the same but u backflip on backflip"],"gold_per_floor":[369,369,385,403,430,430,195,175,175,187,187,204,222,232,232,306,306,325,325,325,344,152,152,162,162,162],"floor_reached":25,"playtime":901,"items_purged":["Defend_G","Writhe"],"score":390,"play_id":"582e6245-8e60-4cb9-83b2-29b7042d5d50","local_time":"20201214201615","is_ascension_mode":true,"campfire_choices":[{"floor":6.0,"key":"REST"},{"data":"Dagger Spray","floor":11.0,"key":"SMITH"},{"data":"Cloak And Dagger","floor":15.0,"key":"SMITH"},{"data":"Infinite Blades","floor":23.0,"key":"SMITH"}],"circlet_count":0,"master_deck":["AscendersBane","Strike_G","Strike_G","Strike_G","Strike_G","Defend_G","Defend_G","Defend_G","Survivor","Neutralize","Masterful Stab","Cloak And Dagger+1","Dagger Spray+1","Backstab","Infinite Blades+1","Corpse Explosion","Calculated Gamble","Dodge and Roll","Bullet Time","Dagger Throw","Deflect"],"relics":["Ring of the Snake","Ninja Scroll","Art of War","Membership Card","Happy Flower","SlaversCollar","Vajra","Meat on the Bone"],"acts_visited":["Exordium","TheCity"],"potions_floor_usage":[24,24,25],"damage_taken":[{"damage":11.0,"enemies":"Small Slimes","floor":1.0,"turns":5.0},{"damage":0.0,"enemies":"Jaw Worm","floor":3.0,"turns":2.0},{"damage":4.0,"enemies":"2 Louse","floor":4.0,"turns":3.0},{"damage":8.0,"enemies":"Exordium Thugs","floor":10.0,"turns":5.0},{"damage":0.0,"enemies":"Red Slaver","floor":12.0,"turns":3.0},{"damage":3.0,"enemies":"3 Louse","floor":13.0,"turns":3.0},{"damage":0.0,"enemies":"2 Fungi Beasts","floor":14.0,"turns":2.0},{"damage":4.0,"enemies":"Slime Boss","floor":16.0,"turns":8.0},{"damage":6.0,"enemies":"3 Byrds","floor":18.0,"turns":3.0},{"damage":10.0,"enemies":"Chosen","floor":21.0,"turns":4.0},{"damage":16,"enemies":"Shelled Parasite and Fungi","floor":24,"turns":2},{"damage":28,"enemies":"Slavers","floor":25,"turns":3}],"seed_played":"-646366644319693316","potions_obtained":[{"floor":1.0,"key":"PowerPotion"},{"floor":3.0,"key":"SkillPotion"},{"floor":21.0,"key":"EntropicBrew"}],"is_trial":false,"path_per_floor":["M","?","M","M","T","R","$","?","T","M","R","M","M","M","R","B",null,"M","?","?","M","$","R","M","E"],"character_chosen":"THE_SILENT","items_purchased":["Membership Card","Dagger Spray","Meat on the Bone"],"campfire_rested":1,"item_purchase_floors":[7,7,22],"current_hp_per_floor":[33,7,7,3,3,22,22,22,22,14,14,14,11,11,11,7,51,45,45,45,35,35,35,31,3,3],"gold":162,"neow_bonus":"TWO_FIFTY_GOLD","is_daily":false,"chose_seed":false,"campfire_upgraded":3,"win_rate":0.0,"timestamp":1607944575,"path_taken":["M","?","M","M","?","R","$","?","T","M","R","M","M","?","R","BOSS","M","?","?","M","$","R","M","E"],"items_purchased_type":["Relic","Card","Relic"],"build_version":"2020-12-13","purchased_purges":2,"victory":false,"max_hp_per_floor":[66,66,66,66,66,66,66,66,66,66,66,66,66,66,66,66,66,66,66,66,66,66,66,66,66,66],"card_choices":[{"not_picked":["Accuracy","Finisher"],"picked":"Masterful Stab","floor":1.0},{"not_picked":["Deflect","Dash"],"picked":"Cloak And Dagger","floor":3.0},{"not_picked":["Endless Agony","Flying Knee","All Out Attack"],"picked":"SKIP","floor":4.0},{"not_picked":["Underhanded Strike","Dash","Slice"],"picked":"SKIP","floor":10.0},{"not_picked":["Heel Hook","Deadly Poison"],"picked":"Backstab","floor":12.0},{"not_picked":["Caltrops","Acrobatics"],"picked":"Infinite Blades","floor":13.0},{"not_picked":["Expertise","Riddle With Holes","Dagger Throw"],"picked":"SKIP","floor":14.0},{"not_picked":["Malaise","Storm of Steel"],"picked":"Corpse Explosion","floor":16.0},{"not_picked":["Poisoned Stab","Deflect"],"picked":"Calculated Gamble","floor":18.0},{"not_picked":["Acrobatics","Underhanded Strike"],"picked":"Dagger Throw","floor":21.0},{"not_picked":["Flechettes","Poisoned Stab"],"picked":"Deflect","floor":24}],"player_experience":473363,"relics_obtained":[{"floor":5.0,"key":"Art of War"},{"floor":9.0,"key":"Happy Flower"}],"event_choices":[{"damage_healed":0.0,"max_hp_gain":0.0,"max_hp_loss":0.0,"gold_gain":0.0,"event_name":"Scrap Ooze","player_choice":"Success","floor":2.0,"gold_loss":0.0,"damage_taken":26.0,"relics_obtained":["Ninja Scroll"]},{"damage_healed":0.0,"max_hp_gain":0.0,"max_hp_loss":0.0,"gold_gain":0.0,"event_name":"The Woman in Blue","player_choice":"Bought 1 Potion","floor":8.0,"gold_loss":0.0,"damage_taken":0.0},{"damage_healed":0.0,"max_hp_gain":0.0,"max_hp_loss":0.0,"gold_gain":0.0,"cards_transformed":["Strike_G","Defend_G"],"event_name":"Drug Dealer","player_choice":"Became Test Subject","floor":19.0,"gold_loss":0.0,"damage_taken":0.0,"cards_obtained":["Dodge and Roll","Bullet Time"]},{"damage_healed":0.0,"max_hp_gain":0.0,"max_hp_loss":0.0,"gold_gain":0.0,"event_name":"The Mausoleum","player_choice":"Opened","floor":20.0,"gold_loss":0.0,"damage_taken":0.0,"relics_obtained":["Vajra"],"cards_obtained":["Writhe"]}],"is_beta":false,"boss_relics":[{"not_picked":["Calling Bell","Runic Dome"],"picked":"SlaversCollar"}],"items_purged_floors":[7,22],"is_endless":false,"potions_floor_spawned":[1,3,12,13,21],"killed_by":"Slavers","ascension_level":20}}