{"host":"69bph6yxyxosrorh","time":1607947091,"event":{"mods":["Act Like it!","BaseMod","Gensokyo","Minty Spire (QoL Compilation)","MostiFishMod","Permanent Neow","Quick Restart","Spicy Shops","StSLib","【东方二次创作】八云紫mod","【遗物卡牌】REMEMod"],"gold_per_floor":[139,62,62,62,74,74,74,74,74,74,74,74,74,105,105,183,183,194,70,0,15,27,27,59,59,108,108,120,127,127,132,132,171,171,183,28,41,51,103,134,134,161,161,173,184,184,184,199,199,179,179,179,179,212,311],"floor_reached":56,"playtime":2512,"items_purged":["Defend_purpleEX","AT_purpleEX"],"score":1484,"play_id":"3f1e1201-1bfa-4830-9910-fb21f43257aa","local_time":"20201214195811","is_ascension_mode":false,"campfire_choices":[{"floor":6,"key":"RECALL"},{"floor":11,"key":"REST"},{"data":"Worldmountain_purple","floor":13,"key":"SMITH"},{"floor":15,"key":"REST"},{"data":"Monsters_DoubleDeathButterfly_purple","floor":23,"key":"SMITH"},{"floor":27,"key":"REST"},{"floor":32,"key":"REST"},{"data":"WasteWire_Metro_purple","floor":41,"key":"SMITH"},{"floor":49,"key":"REST"},{"floor":52,"key":"REST"}],"circlet_count":0,"master_deck":["AT_purpleEX+1","AT_purpleEX+1","Defend_purpleEX+1","Observe_purple_2+1","MagicEyes_LaplaceDemon_purple+1","CommonSense_AntiCommonSense_purple+1","Worldmountain_purple+1","OmniscientAndOmnipotent_Monster_purple+1","Monsters_DoubleDeathButterfly_purple+1","Nest_LightFlightworm_purple+1","ExternalForce_HighSpeedFlying_purple+1","LoveAcrossDimensions_purple+1","DimensionStaggered_purple+1","WasteWire_Metro_purple+1","MNeedle_purple+1","Theboundaryofcreation_purpleEX+1","REME_TheoryOfElimination+1","Boundary_LightAndDark_purple+1","Metamorphosis+1","REME_MagicPocketWatch+1","REME_FirmDetermination+1","D_release_purple+1"],"relics":["Boundary_crack","Memoryfragments_purpleEX","REME_ComplimentaryCards","DaveBox","ShadowXiaoBlade","Question Card","REME_OnlineShoppingPlatform","Mango","Gensokyo:Mercy","Sundial","Ginger","ImportantClient","Black Star","Mummified Hand","Toy Ornithopter","Bag of Preparation","REME_HourglassOfDeath","Bottled Tornado","Happy Flower","Centennial Puzzle","RhineSuit","TungstenRod","StoneCalendar","Meat on the Bone","Ancient Tea Set","Smiling Mask","Gremlin Horn","REME_ArchaeologicalTools","Eternal Feather"],"acts_visited":["Exordium","Gensokyo:Gensokyo","TheBeyond","TheEnding"],"potions_floor_usage":[16,29,31,33,33,33,50],"damage_taken":[{"damage":0,"enemies":"Gensokyo:3_Fairies","floor":1,"turns":3},{"damage":0,"enemies":"Gensokyo:2_Kodama","floor":5,"turns":3},{"damage":27,"enemies":"Gensokyo:Aya","floor":14,"turns":4},{"damage":8,"enemies":"Gensokyo:Yukari","floor":16,"turns":6},{"damage":0,"enemies":"Gensokyo:2_Gloops","floor":18,"turns":3},{"damage":0,"enemies":"Gensokyo:Chomper","floor":21,"turns":2},{"damage":17,"enemies":"Gensokyo:Wraith","floor":22,"turns":4},{"damage":35,"enemies":"Gensokyo:Koishi","floor":24,"turns":4},{"damage":7,"enemies":"Gensokyo:Chomper_and_Gloop","floor":28,"turns":3},{"damage":25,"enemies":"Gensokyo:Reisen","floor":29,"turns":2},{"damage":32,"enemies":"Gensokyo:Tenshi","floor":31,"turns":3},{"damage":0,"enemies":"Gensokyo:Eternal_Rivals","floor":33,"turns":3},{"damage":12,"enemies":"Orb Walker","floor":35,"turns":3},{"damage":0,"enemies":"3 Darklings","floor":37,"turns":2},{"damage":0,"enemies":"Sphere and 2 Shapes","floor":38,"turns":2},{"damage":17,"enemies":"2 Orb Walkers","floor":39,"turns":2},{"damage":7,"enemies":"Reptomancer","floor":40,"turns":3},{"damage":11,"enemies":"Giant Head","floor":42,"turns":3},{"damage":3,"enemies":"Spire Growth","floor":44,"turns":3},{"damage":0,"enemies":"Maw","floor":45,"turns":4},{"damage":3,"enemies":"Maw","floor":47,"turns":6},{"damage":0,"enemies":"Writhing Mass","floor":48,"turns":2},{"damage":9,"enemies":"Time Eater","floor":50,"turns":4},{"damage":32,"enemies":"Shield and Spear","floor":54,"turns":3},{"damage":16,"enemies":"The Heart","floor":55,"turns":4}],"seed_played":"-7003428551028428222","potions_obtained":[],"is_trial":false,"path_per_floor":["M","$","?","?","M","R","$","?","T","T","R","$","R","E","R","B",null,"M","$","?","M","M","R","E","$","T","R","M","E","?","E","R","B",null,"M","$","M","M","?","E","R","E","T","M","M","?","?","M","R","B",null,"R","$","E","B",null],"character_chosen":"Youkari","items_purchased":["REME_OnlineShoppingPlatform","ExternalForce_HighSpeedFlying_purple","REME_TheoryOfElimination"],"campfire_rested":6,"item_purchase_floors":[2,19,36],"current_hp_per_floor":[70,70,63,63,64,64,64,32,32,32,57,57,57,34,59,56,84,84,84,84,84,69,69,39,39,39,64,59,49,49,32,57,77,89,81,81,85,89,74,69,69,61,61,59,62,53,89,89,89,80,89,89,89,62,47],"gold":311,"neow_bonus":"UPGRADE_CARD","is_daily":false,"chose_seed":false,"campfire_upgraded":3,"win_rate":0.0,"timestamp":1607947091,"path_taken":["M","$","?","?","M","R","$","?","T","?","R","?","R","E","R","BOSS","M","$","?","?","M","R","E","?","T","R","M","E","?","E","R","BOSS","M","$","M","M","?","E","R","E","T","M","M","?","?","M","R","BOSS","R","$","E","BOSS"],"items_purchased_type":["Relic","Card","Card"],"build_version":"2020-12-13","purchased_purges":2,"victory":true,"max_hp_per_floor":[70,70,84,84,84,84,84,84,84,84,84,84,84,84,84,84,84,84,84,84,84,84,84,84,84,84,84,84,84,84,84,84,89,89,89,89,89,89,89,89,89,89,89,89,89,89,89,89,89,89,89,89,89,89,89],"card_choices":[{"not_picked":["Mirror_FormAndEmptin_purple","ExistenceContinue_purple"],"picked":"CommonSense_AntiCommonSense_purple","floor":1},{"not_picked":["Mirror_FourBoundary_purple","ExistenceContinue_purple","PositiveMatter_Antimatter_Universe_purple"],"picked":"Worldmountain_purple","floor":5},{"not_picked":["Worldmountain_purple","Know_ledgeAbilityRealm_purple","SfantasyHide_purple"],"picked":"OmniscientAndOmnipotent_Monster_purple","floor":14},{"not_picked":["Computing_the_future_purpleEX","D_absorption_purple","Mirror_TwoAndThreeElementRealm_purple"],"picked":"Monsters_DoubleDeathButterfly_purple","floor":16},{"not_picked":["Umbrella_purple","RuptureOfTimeAndSpace_purple+1","OpenedBox_purple"],"picked":"Nest_LightFlightworm_purple","floor":18},{"not_picked":["Worldmountain_purple+1","WeekHit_purple","WingOfChimera_purple","SfantasyHide_purple"],"picked":"SKIP","floor":21},{"not_picked":["Erosivefilter_purple","Shallow_ocean_purpleEX","Charmbait_purple+1","PositiveMatter_Antimatter_Universe_purple"],"picked":"SKIP","floor":22},{"not_picked":["StateErode_purple","StateDuplicate_purple","AdvanceAttack_purple+1"],"picked":"LoveAcrossDimensions_purple","floor":24},{"not_picked":["Mirror_WaveAndshot_purple","SfantasyHide_purple","MeetDecomposer_purple"],"picked":"DimensionStaggered_purple","floor":28},{"not_picked":["Boundary_ObjectiveBoundary_purple","StateDuplicate_purple","Realm_recovery_purpleEX"],"picked":"BarrageBoundary_PipeDream_purple","floor":29},{"not_picked":["Mirror_FormAndEmptin_purple","StretchesForeverDream_purple","Boundary_DynamicStaticEquilibrium_purple"],"picked":"MNeedle_purple","floor":31},{"not_picked":["LoveAcrossDimensions_purple","Fancifulhole_purple","UniverseChoice_purple"],"picked":"Theboundaryofcreation_purpleEX","floor":33},{"not_picked":["ButterflyHabitatTemple_purple+1","AdvanceAttack_purple","Mirror_FourBoundary_purple","Mirror_FormAndEmptin_purple"],"picked":"SKIP","floor":35},{"not_picked":["MonsterNeedle_purple","DimensionStaggered_purple+1","Umbrella_purple+1"],"picked":"Boundary_LightAndDark_purple","floor":37},{"not_picked":["StateErode_purple","Extrememeaning_purpleEX","SharpContractionReality_purple+1","Nest_LightFlightworm_purple"],"picked":"SKIP","floor":38},{"not_picked":["AdvanceAttack_purple+1","Charmbait_purple+1","MagicEyes_LaplaceDemon_purple","ExistenceContinue_purple"],"picked":"SKIP","floor":40},{"not_picked":["StateDuplicate_purple","FragmentationRealm_purple","StateErode_purple+1","ExistenceContinue_purple+1"],"picked":"SKIP","floor":42},{"not_picked":["Mirror_FormAndEmptin_purple","OmniscientAndOmnipotent_Monster_purple+1","Charmbait_purple","StateDuplicate_purple+1"],"picked":"SKIP","floor":44},{"not_picked":["Umbrella_purple+1","Shallow_ocean_purpleEX+1","OmniscientAndOmnipotent_Monster_purple","Bait_Toxicbait_purple+1"],"picked":"SKIP","floor":45},{"not_picked":["Good Instincts","REME_TwoStrings","Blind"],"picked":"Metamorphosis","floor":46},{"not_picked":["REME_ShortnessOfBreath","PanicButton","Good Instincts"],"picked":"REME_MagicPocketWatch","floor":46},{"not_picked":["Jack Of All Trades","HandOfGreed","Good Instincts"],"picked":"REME_FirmDetermination","floor":46},{"not_picked":["StateErode_purple+1","DimensionStaggered_purple+1","ExternalForce_HighSpeedFlying_purple","Erosivefilter_purple"],"picked":"SKIP","floor":48},{"not_picked":["StateDuplicate_purple","StateErode_purple","WeekHit_purple","Boundary_LightAndDark_purple+1"],"picked":"SKIP","floor":54}],"player_experience":18304,"relics_obtained":[{"floor":1,"key":"Question Card"},{"floor":10,"key":"Sundial"},{"floor":14,"key":"Ginger"},{"floor":16,"key":"ImportantClient"},{"floor":24,"key":"Mummified Hand"},{"floor":24,"key":"Toy Ornithopter"},{"floor":26,"key":"Bag of Preparation"},{"floor":29,"key":"REME_HourglassOfDeath"},{"floor":29,"key":"Bottled Tornado"},{"floor":31,"key":"Happy Flower"},{"floor":31,"key":"Centennial Puzzle"},{"floor":39,"key":"TungstenRod"},{"floor":40,"key":"StoneCalendar"},{"floor":40,"key":"Meat on the Bone"},{"floor":42,"key":"Ancient Tea Set"},{"floor":42,"key":"Smiling Mask"},{"floor":43,"key":"Gremlin Horn"},{"floor":54,"key":"REME_ArchaeologicalTools"},{"floor":54,"key":"Eternal Feather"}],"event_choices":[{"damage_healed":0,"gold_gain":0,"player_choice":"Fight","damage_taken":0,"max_hp_gain":0,"max_hp_loss":0,"event_name":"Mysterious Sphere","floor":39,"gold_loss":0},{"damage_healed":0,"gold_gain":0,"player_choice":"Memory 3","damage_taken":10,"max_hp_gain":0,"max_hp_loss":0,"event_name":"SensoryStone","floor":46,"gold_loss":0}],"is_beta":false,"boss_relics":[{"not_picked":["TimeKeys","Runic Dome"],"picked":"Black Star"},{"not_picked":["RhineCircuit","Sozu"],"picked":"RhineSuit"}],"items_purged_floors":[19,36],"is_endless":false,"potions_floor_spawned":[14,18,21,22,31,33,38,40,42,45,54],"ascension_level":0}}