{"host":"i3w38rq1z4slkels","time":1607943370,"event":{"mods":["2.2 Compatiblity","Act Like it!","BaseMod","Better Match","Better Vampires","BetterRewards","Conspire","Downfall","Minty Spire (QoL Compilation)","Rare Cards Sparkle","Replay The Spire","StSLib"],"gold_per_floor":[99,126,142,67,52,69,146,160,180,215,228,328,328,342,355,456,556,406,421,349,362,347,347,347,347,373,373,386,398,398,408,418,517,517,517,552,564,576,698,710,749,761,773,810,696,600,617,665,683,683,683],"floor_reached":50,"playtime":4566,"items_purged":["ReplayTheSpireMod:Splinters"],"score":647,"play_id":"19645007-fa37-412b-b719-e4b6a9007ee7","local_time":"20201214175610","is_ascension_mode":true,"campfire_choices":[{"floor":1,"key":"RECALL"},{"data":"champ:Haymaker","floor":4,"key":"SMITH"},{"data":"champ:StrikeOfGenius","floor":18,"key":"SMITH"},{"data":"champ:Encircle","floor":23,"key":"SMITH"},{"data":"champ:Backstep","floor":25,"key":"SMITH"},{"floor":27,"key":"REST"},{"data":"champ:Improvising","floor":35,"key":"SMITH"},{"data":"champ:Control","floor":37,"key":"SMITH"},{"data":"champ:ShieldThrow","floor":40,"key":"SMITH"},{"data":"champ:EnGarde","floor":42,"key":"SMITH"}],"circlet_count":0,"master_deck":["champ:Strike","champ:Strike","champ:Strike","champ:Defend","champ:Defend","champ:Defend","champ:Defend","champ:Execute","champ:Taunt","champ:Haymaker+1","champ:GladiatorStyle","champ:PreciseThrust","champ:BladeFlurry","champ:ShieldThrow+1","champ:StrikeOfGenius+1","champ:Backstep+1","champ:FocusedDefense+1","champ:DefensiveStyle+1","champ:DefensiveStyle","champ:TornadoPunch+1","champ:Encircle+1","champ:FanOfKnives","champ:Control+1","champ:StanceDance+1","champ:EnGarde+1","champ:Improvising+1","champ:Haymaker+1","champ:EnGarde+1","champ:IronFortress","champ:IgnorePain","champ:IgnorePain","champ:MurderStrike+1","champ:MurderStrike+1"],"relics":["Replay:Bronze Core","Vajra","downfall:HeartBlessingRed","Incense Burner","CloakClasp","Replay:Grab Bag","conspire:RoyalGoblet","Replay:Wanted Poster","Black Star","SacredBark","downfall:HeartBlessingGreen","downfall:HeartBlessingBlue","HornCleat","Regal Pillow","Mango","conspire:SpecialSausage","Molten Egg 2","MawBank","champ:FightingForDummies","ReplayTheSpireMod:TigerMarble","The Courier","Replay:Bottled Flurry","Strawberry","Replay:Wax Seal"],"acts_visited":["Exordium","TheCity","TheBeyond"],"potions_floor_usage":[10,16,16,16,26,33,33,44,47,50,50],"damage_taken":[{"damage":5,"enemies":"Cultist","floor":3,"turns":3},{"damage":5,"enemies":"downfall:FleeingMerchant","floor":5,"turns":5},{"damage":8,"enemies":"Jaw Worm","floor":6,"turns":2},{"damage":5,"enemies":"conspire:RoseBush","floor":8,"turns":2},{"damage":11,"enemies":"Gremlin Gang","floor":9,"turns":4},{"damage":13,"enemies":"Lagavulin","floor":10,"turns":6},{"damage":6,"enemies":"Red Slaver","floor":11,"turns":3},{"damage":11,"enemies":"Red Slaver","floor":12,"turns":5},{"damage":5,"enemies":"Large Slime","floor":14,"turns":4},{"damage":7,"enemies":"conspire:2 RoseBushes","floor":15,"turns":4},{"damage":32,"enemies":"downfall:Defect","floor":16,"turns":5},{"damage":17,"enemies":"Chosen","floor":19,"turns":5},{"damage":5,"enemies":"downfall:FleeingMerchant","floor":20,"turns":5},{"damage":37,"enemies":"3 Byrds","floor":21,"turns":6},{"damage":11,"enemies":"downfall:FleeingMerchant","floor":22,"turns":5},{"damage":24,"enemies":"Slavers","floor":26,"turns":4},{"damage":14,"enemies":"Snake Plant","floor":28,"turns":4},{"damage":7,"enemies":"Snecko","floor":29,"turns":4},{"damage":5,"enemies":"Centurion and Healer","floor":31,"turns":4},{"damage":16,"enemies":"Shelled Parasite and Fungi","floor":32,"turns":3},{"damage":74,"enemies":"downfall:Ironclad","floor":33,"turns":12},{"damage":59,"enemies":"Reptomancer","floor":36,"turns":9},{"damage":48,"enemies":"Giant Head","floor":44,"turns":8},{"damage":21,"enemies":"downfall:FleeingMerchant","floor":45,"turns":4},{"damage":13,"enemies":"3 Darklings","floor":47,"turns":6},{"damage":6,"enemies":"Orb Walker","floor":49,"turns":4},{"damage":93,"enemies":"downfall:Silent","floor":50,"turns":9}],"seed_played":"4796438922174321445","potions_obtained":[{"floor":6,"key":"Adrenaline Potion"},{"floor":11,"key":"Ancient Potion"},{"floor":12,"key":"DistilledChaos"},{"floor":15,"key":"Ancient Potion"},{"floor":16,"key":"GamblersBrew"},{"floor":21,"key":"DistilledChaos"},{"floor":26,"key":"Elixir"},{"floor":28,"key":"Adrenaline Potion"},{"floor":32,"key":"Weak Potion"},{"floor":33,"key":"GamblersBrew"},{"floor":36,"key":"PowerPotion"},{"floor":44,"key":"SkillPotion"},{"floor":47,"key":"FearPotion"}],"is_trial":false,"path_per_floor":["R","T","M","R","$","M","T","M","M","E","M","?","?","M","M","B",null,"R","M","$","M","$","R","T","R","E","R","M","M","?","M","M","B",null,"R","E","R","?","?","R","T","R","?","E","$","$","M","?","M","B"],"character_chosen":"THE_CHAMP","items_purchased":["champ:DefensiveStyle","champ:IronFortress","Strawberry","champ:IgnorePain","champ:IgnorePain","champ:MurderStrike+1"],"campfire_rested":1,"item_purchase_floors":[20,45,45,45,45,46],"current_hp_per_floor":[90,90,90,90,90,87,87,87,86,73,72,61,90,90,88,56,90,100,88,88,56,70,70,70,70,67,114,105,105,105,105,114,53,114,114,80,80,80,80,80,80,80,80,69,89,89,95,95,89,0,0],"gold":683,"neow_bonus":"BOSS_RELIC","is_daily":false,"chose_seed":false,"campfire_upgraded":8,"win_rate":0.0,"timestamp":1607943370,"path_taken":["R","?","M","R","?","M","T","M","M","E","M","?","?","M","M","BOSS","R","M","$","?","?","R","T","R","E","R","M","M","?","M","M","BOSS","R","E","R","?","?","R","T","R","?","E","$","$","?","?","M","BOSS"],"items_purchased_type":["Card","Card","Relic","Card","Card","Card"],"build_version":"2020-12-13","purchased_purges":1,"victory":false,"max_hp_per_floor":[90,90,90,90,90,90,90,90,90,90,90,90,90,90,90,90,90,100,100,100,100,100,100,100,100,114,114,114,114,114,114,114,114,114,114,114,114,114,114,114,114,114,114,114,121,121,121,121,121,121,121],"card_choices":[{"not_picked":["champ:Backstep","champ:DefensiveShout"],"picked":"champ:Haymaker","floor":3},{"not_picked":["champ:HeartStrike","champ:BladeFlurry","champ:ViciousMockery"],"picked":"SKIP","floor":5},{"not_picked":["champ:Haymaker","champ:TornadoPunch","champ:BringItOn"],"picked":"SKIP","floor":6},{"not_picked":["champ:FaceSlap","champ:BringItOn","champ:GutPunch"],"picked":"SKIP","floor":8},{"not_picked":["champ:FlashCut","champ:Haymaker"],"picked":"champ:GladiatorStyle","floor":9},{"not_picked":["champ:GladiatorStyle","champ:PerfectedStrike"],"picked":"champ:PreciseThrust","floor":10},{"not_picked":["champ:GladiatorsShout","champ:BringItOn","champ:Haymaker"],"picked":"SKIP","floor":11},{"not_picked":["champ:TornadoPunch","champ:Circumvent"],"picked":"champ:BladeFlurry","floor":12},{"not_picked":["champ:StanceDance","champ:TornadoPunch"],"picked":"champ:ShieldThrow","floor":14},{"not_picked":["champ:DeathBlow","champ:Haymaker","champ:GutPunch"],"picked":"SKIP","floor":15},{"not_picked":["champ:MurderStrike","champ:DancingMaster"],"picked":"champ:StrikeOfGenius","floor":16},{"not_picked":["champ:FlashCut","champ:Circumvent+1"],"picked":"champ:Backstep","floor":19},{"not_picked":["champ:Balance","champ:DeathBlow"],"picked":"champ:FocusedDefense+1","floor":20},{"not_picked":["champ:BladeFlurry+1","champ:BringItOn"],"picked":"champ:TornadoPunch+1","floor":21},{"not_picked":["champ:Haymaker+1","champ:TornadoPunch"],"picked":"champ:Encircle","floor":22},{"not_picked":["champ:GladiatorStyle","champ:Backstep+1"],"picked":"champ:FanOfKnives","floor":26},{"not_picked":["champ:DefensiveStyle","champ:AdrenalArmor","champ:RapidStrikes+1"],"picked":"SKIP","floor":28},{"not_picked":["champ:BladeFlurry","champ:GladiatorsShout"],"picked":"champ:Control","floor":29},{"not_picked":["champ:DefensiveShout","champ:PerfectedStrike"],"picked":"champ:StanceDance+1","floor":31},{"not_picked":["champ:BringItOn","champ:GutPunch"],"picked":"champ:EnGarde","floor":32},{"not_picked":["champ:CrownThrow","champ:SteelEdge"],"picked":"champ:Improvising","floor":33},{"not_picked":["champ:PerfectedStrike+1","champ:GladiatorsShout+1","champ:Backstep"],"picked":"SKIP","floor":36},{"not_picked":["champ:PerfectedStrike+1","champ:GladiatorsShout"],"picked":"champ:Haymaker+1","floor":39},{"not_picked":["champ:StanceDance+1","champ:Duel+1","champ:DefensiveStyle"],"picked":"SKIP","floor":44},{"not_picked":["champ:Circumvent","champ:AdrenalArmor"],"picked":"champ:EnGarde+1","floor":45},{"not_picked":["champ:BladeFlurry+1","champ:DancingMaster","champ:TornadoPunch+1"],"picked":"SKIP","floor":47},{"not_picked":["champ:BringItOn","champ:StanceDance+1","champ:Backstep"],"picked":"SKIP","floor":49}],"player_experience":409978,"relics_obtained":[{"floor":2,"key":"Vajra"},{"floor":10,"key":"Incense Burner"},{"floor":12,"key":"CloakClasp"},{"floor":24,"key":"HornCleat"},{"floor":26,"key":"Regal Pillow"},{"floor":26,"key":"Mango"},{"floor":36,"key":"Molten Egg 2"},{"floor":36,"key":"MawBank"},{"floor":39,"key":"champ:FightingForDummies"},{"floor":41,"key":"ReplayTheSpireMod:TigerMarble"},{"floor":44,"key":"The Courier"},{"floor":44,"key":"Replay:Bottled Flurry"},{"floor":48,"key":"Replay:Wax Seal"}],"event_choices":[{"damage_healed":29,"gold_gain":0,"player_choice":"Full Heal","damage_taken":0,"max_hp_gain":0,"max_hp_loss":0,"event_name":"Wheel of Change","floor":13,"gold_loss":0},{"damage_healed":0,"gold_gain":0,"player_choice":"Ignored","damage_taken":0,"max_hp_gain":0,"max_hp_loss":0,"event_name":"Mysterious Sphere","floor":38,"gold_loss":0},{"damage_healed":0,"gold_gain":0,"player_choice":"Upgraded","damage_taken":0,"max_hp_gain":0,"max_hp_loss":0,"event_name":"Upgrade Shrine","floor":43,"gold_loss":0,"cards_upgraded":["champ:DefensiveStyle"]}],"is_beta":false,"boss_relics":[{"not_picked":["conspire:SlowCooker","conspire:RunicOctahedron"],"picked":"Replay:Grab Bag"},{"not_picked":["ReplayTheSpireMod:Onyx Gauntlets","Fusion Hammer"],"picked":"conspire:RoyalGoblet"},{"not_picked":["Painkiller Herb","Runic Dome"],"picked":"Replay:Wanted Poster"},{"not_picked":["Calling Bell","SlaversCollar"],"picked":"Black Star"},{"not_picked":["Kintsugi","Ring of Chaos"],"picked":"SacredBark"},{"not_picked":["Honey Jar","ChewingGum"],"picked":"conspire:SpecialSausage"}],"items_purged_floors":[45],"is_endless":false,"potions_floor_spawned":[6,11,12,15,16,21,26,28,32,33,36,44,47,49],"killed_by":"downfall:Silent","ascension_level":1}}