{"host":"63sioh49uueqzogg","time":1607905394,"event":{"mods":["BaseMod","Card Forge","Colored Map","Colored Powertips","Minty Spire (QoL Compilation)","StSLib","The Animator"],"gold_per_floor":[116,116,116,141,183,183,73,86,112,112,112],"floor_reached":10,"playtime":328,"items_purged":["Injury"],"score":76,"play_id":"9ec31485-85c4-448a-b245-e4dc8f4425d6","local_time":"20201213162314","is_ascension_mode":true,"campfire_choices":[{"floor":6,"key":"RECALL"}],"circlet_count":0,"master_deck":["animator:Defend_OwariNoSeraph","animator:Strike","animator:Strike","animator:Strike","animator:Defend","animator:Defend","animator:Defend","animator:Shinoa+1","animator:Mikaela+1","animator:Chung","animator:Hitei","animator:Shinoa"],"relics":["animator:LivingPicture","animator:TheMissingPiece","Hammer of Thor","Seething Fire","Anvil of the Gods","animator:EngravedStaff","Golden Idol"],"acts_visited":["Exordium"],"potions_floor_usage":[10],"damage_taken":[{"damage":0,"enemies":"Small Slimes","floor":1,"turns":3},{"damage":0,"enemies":"2 Louse","floor":4,"turns":2},{"damage":0,"enemies":"Jaw Worm","floor":8,"turns":4},{"damage":0,"enemies":"Lagavulin","floor":10,"turns":6}],"seed_played":"-6702082696048173612","potions_obtained":[{"floor":8,"key":"Block Potion"}],"is_trial":false,"path_per_floor":["M","?","?","M","?","R","$","M","T","E"],"character_chosen":"THE_ANIMATOR","items_purchased":["animator:Hitei"],"campfire_rested":0,"item_purchase_floors":[7],"current_hp_per_floor":[59,47,47,47,47,47,47,47,47,47,47],"gold":112,"neow_bonus":"ONE_RARE_RELIC","is_daily":false,"chose_seed":false,"campfire_upgraded":0,"win_rate":0.0,"timestamp":1607905394,"path_taken":["M","?","?","M","?","R","$","M","T","E"],"items_purchased_type":["Card"],"build_version":"2020-12-13","purchased_purges":1,"victory":false,"max_hp_per_floor":[60,60,60,60,60,60,60,60,60,60,60],"card_choices":[{"not_picked":["animator:Kazuma","animator:Witch","animator:Emonzaemon"],"picked":"SKIP","floor":1},{"not_picked":["animator:FielNirvalen","animator:IzunaHatsuse"],"picked":"animator:Chung","floor":4},{"not_picked":["animator:Raven","animator:Verdia"],"picked":"animator:Shinoa","floor":8}],"player_experience":559838,"relics_obtained":[],"event_choices":[{"damage_healed":0,"gold_gain":0,"player_choice":"Entered Light","damage_taken":12,"max_hp_gain":0,"max_hp_loss":0,"event_name":"Shining Light","floor":2,"gold_loss":0,"cards_upgraded":["animator:Mikaela","animator:Shinoa"]},{"damage_healed":0,"gold_gain":0,"player_choice":"Take Wound","damage_taken":0,"relics_obtained":["Golden Idol"],"max_hp_gain":0,"max_hp_loss":0,"event_name":"Golden Idol","floor":3,"gold_loss":0,"cards_obtained":["Injury"]}],"is_beta":false,"boss_relics":[],"items_purged_floors":[7],"is_endless":false,"potions_floor_spawned":[8],"killed_by":"Lagavulin","ascension_level":7}}