{"host":"y89x8uui45kcjy42","time":1607922710,"event":{"mods":["2.2 Compatiblity","BaseMod","Colored Map","Colored Powertips","Friendly Minions","Highlight Path","Keyboard Shortcuts","Minty Spire (QoL Compilation)","StSLib","SuperFastMode","Waifu the Spire","WarShipGirlsR/??á´Ò³R mod"],"gold_per_floor":[113,113,127,139,139,172,172,205,256,290,308,308,328,308,308,409,409,422,422,337,355,355,355,389,76,76,104,104,119,135,145,145,249,249,262,276,289,289,302,302,302],"floor_reached":40,"playtime":1729,"items_purged":["Writhe"],"score":600,"play_id":"f0826605-4b35-42f0-a3e3-d0fcf5d76ff4","local_time":"20201214141150","is_ascension_mode":true,"campfire_choices":[{"data":"rmod:royalracing","floor":7,"key":"SMITH"},{"data":"rmod:basicallowance","floor":12,"key":"SMITH"},{"data":"rmod:fuelsupply","floor":15,"key":"SMITH"},{"data":"rmod:chargemoney","floor":23,"key":"SMITH"},{"data":"rmod:diaomin","floor":28,"key":"SMITH"},{"data":"rmod:expedition","floor":32,"key":"SMITH"}],"circlet_count":0,"master_deck":["rmod:basicallowance+1","rmod:maingunfire","rmod:tearstotiara","rmod:rockthrower","rmod:royalracing+1","rmod:fuelsupply+1","rmod:diaomin+1","rmod:royalracing","rmod:luckystar","rmod:lastglory","rmod:gendarmerie","rmod:overbreakdown","rmod:chargemoney+1","rmod:advancebysurprise","rmod:shuttlebombing","rmod:maintain+1","rmod:expedition+1","rmod:ridicule","rmod:robin+1"],"relics":["rmod:firstchargereward","White Beast Statue","Bronze Scales","StrikeDummy","Oddly Smooth Stone","Dream Catcher","Odd Mushroom","Pandora\u0027s Box","Nilry\u0027s Codex","MealTicket","Sundial","Lantern","Matryoshka","The Courier","Toy Ornithopter","rmod:monthlycard","WingedGreaves"],"acts_visited":["Exordium","TheCity","TheBeyond"],"potions_floor_usage":[6,10,10,13,13,16,24,24,29,33,33,37,40,40,40],"damage_taken":[{"damage":4,"enemies":"Jaw Worm","floor":1,"turns":3},{"damage":0,"enemies":"2 Louse","floor":3,"turns":2},{"damage":0,"enemies":"Cultist","floor":4,"turns":3},{"damage":9,"enemies":"Lagavulin","floor":6,"turns":4},{"damage":0,"enemies":"Gremlin Nob","floor":8,"turns":2},{"damage":0,"enemies":"3 Sentries","floor":10,"turns":4},{"damage":0,"enemies":"3 Louse","floor":11,"turns":2},{"damage":5,"enemies":"The Mushroom Lair","floor":13,"turns":3},{"damage":0,"enemies":"Slime Boss","floor":16,"turns":7},{"damage":10,"enemies":"2 Thieves","floor":18,"turns":3},{"damage":6,"enemies":"3 Byrds","floor":21,"turns":3},{"damage":0,"enemies":"Slavers","floor":24,"turns":2},{"damage":9,"enemies":"Gremlin Leader","floor":27,"turns":4},{"damage":0,"enemies":"Snake Plant","floor":29,"turns":2},{"damage":0,"enemies":"Cultist and Chosen","floor":30,"turns":7},{"damage":0,"enemies":"Snecko","floor":31,"turns":2},{"damage":14,"enemies":"Automaton","floor":33,"turns":7},{"damage":0,"enemies":"3 Shapes","floor":35,"turns":4},{"damage":0,"enemies":"Orb Walker","floor":36,"turns":2},{"damage":37,"enemies":"Transient","floor":37,"turns":6},{"damage":31,"enemies":"Maw","floor":39,"turns":5},{"damage":34,"enemies":"Nemesis","floor":40,"turns":3}],"seed_played":"-456787727905640569","potions_obtained":[{"floor":3,"key":"Dexterity Potion"},{"floor":4,"key":"Regen Potion"},{"floor":6,"key":"FearPotion"},{"floor":8,"key":"Dexterity Potion"},{"floor":10,"key":"DistilledChaos"},{"floor":11,"key":"GamblersBrew"},{"floor":13,"key":"SpeedPotion"},{"floor":14,"key":"EssenceOfSteel"},{"floor":16,"key":"DistilledChaos"},{"floor":21,"key":"Fire Potion"},{"floor":24,"key":"Energy Potion"},{"floor":27,"key":"Swift Potion"},{"floor":29,"key":"Dexterity Potion"},{"floor":33,"key":"SkillPotion"},{"floor":35,"key":"Weak Potion"},{"floor":36,"key":"Dexterity Potion"},{"floor":37,"key":"SkillPotion"}],"is_trial":false,"path_per_floor":["M","?","M","M","?","E","R","E","T","E","M","R","?","?","R","B",null,"M","?","?","M","?","R","E","$","T","E","R","M","M","M","R","B",null,"M","M","M","?","M","E"],"character_chosen":"PRAEFECT","items_purchased":["Matryoshka"],"campfire_rested":0,"item_purchase_floors":[25],"current_hp_per_floor":[71,53,53,53,85,76,76,76,76,85,85,85,80,80,80,80,85,75,59,59,53,53,53,53,68,68,59,59,64,64,64,64,60,85,85,85,48,48,17,0,0],"gold":302,"neow_bonus":"ONE_RANDOM_RARE_CARD","is_daily":false,"chose_seed":false,"campfire_upgraded":6,"win_rate":0.0,"timestamp":1607922710,"path_taken":["M","?","M","M","?","E","R","E","T","E","?","R","?","?","R","BOSS","M","?","?","M","?","R","E","?","T","E","R","?","?","M","R","BOSS","M","M","?","?","M","E"],"items_purchased_type":["Relic"],"build_version":"2020-12-13","purchased_purges":1,"victory":false,"max_hp_per_floor":[75,75,75,75,85,85,85,85,85,85,85,85,85,85,85,85,85,85,85,85,85,85,85,85,85,85,85,85,85,85,85,85,85,85,85,85,85,85,85,85,85],"card_choices":[{"not_picked":["rmod:unsinkable","rmod:ammunitionsupply"],"picked":"rmod:tearstotiara","floor":1},{"not_picked":["rmod:bulid","rmod:generalist"],"picked":"rmod:rockthrower","floor":3},{"not_picked":["rmod:smokecover","rmod:circuitoustactics"],"picked":"rmod:royalracing","floor":4},{"not_picked":["rmod:aluminumsupply","rmod:gendarmerie","rmod:aviationdawn"],"picked":"SKIP","floor":6},{"not_picked":["rmod:ring","rmod:desperatesituation","rmod:overbreakdown"],"picked":"SKIP","floor":8},{"not_picked":["rmod:ring","rmod:rockthrower","rmod:overbreakdown"],"picked":"SKIP","floor":10},{"not_picked":["rmod:launchingtorpedo","rmod:fletcher"],"picked":"rmod:fuelsupply","floor":11},{"not_picked":["rmod:circuitoustactics","rmod:smokecover"],"picked":"rmod:diaomin","floor":13},{"not_picked":["rmod:circuitoustactics","rmod:lonelyqueen","rmod:chargemoney+1"],"picked":"SKIP","floor":18},{"not_picked":["rmod:guardianhero","rmod:punchline","rmod:circuitoustactics"],"picked":"SKIP","floor":21},{"not_picked":["rmod:gendarmerie","rmod:fuelsupply","rmod:aviationdawn"],"picked":"SKIP","floor":24},{"not_picked":["rmod:fletcherpendant","rmod:seals"],"picked":"rmod:maintain+1","floor":27},{"not_picked":["rmod:capitalist","rmod:tearstotiara","rmod:firesupport"],"picked":"SKIP","floor":29},{"not_picked":["rmod:rockthrower","rmod:fletcherpendant+1","rmod:openingtorpedo+1"],"picked":"SKIP","floor":30},{"not_picked":["rmod:combined","rmod:ammunitionsupply"],"picked":"rmod:expedition","floor":31},{"not_picked":["rmod:acesubmarine","rmod:expeditionaryescort"],"picked":"rmod:ridicule","floor":33},{"not_picked":["rmod:diamondstrike+1","rmod:circuitoustactics+1","rmod:tearstotiara"],"picked":"SKIP","floor":35},{"not_picked":["rmod:wolves+1","rmod:intelligenceanalysis","rmod:secretscript"],"picked":"SKIP","floor":36},{"not_picked":["rmod:diamondstrike+1","rmod:steelsupply"],"picked":"rmod:robin+1","floor":37},{"not_picked":["rmod:smokecover+1","rmod:aviationdawn","rmod:combined+1"],"picked":"SKIP","floor":39}],"player_experience":496600,"relics_obtained":[{"floor":6,"key":"Bronze Scales"},{"floor":8,"key":"StrikeDummy"},{"floor":9,"key":"Oddly Smooth Stone"},{"floor":10,"key":"Dream Catcher"},{"floor":13,"key":"Odd Mushroom"},{"floor":19,"key":"Nilry\u0027s Codex"},{"floor":24,"key":"Lantern"},{"floor":26,"key":"The Courier"},{"floor":27,"key":"Toy Ornithopter"}],"event_choices":[{"damage_healed":0,"gold_gain":0,"player_choice":"Success","damage_taken":18,"relics_obtained":["White Beast Statue"],"max_hp_gain":0,"max_hp_loss":0,"event_name":"Scrap Ooze","floor":2,"gold_loss":0},{"cards_removed":["rmod:saltedfish"],"damage_healed":22,"gold_gain":0,"player_choice":"Offered Rare","damage_taken":0,"max_hp_gain":10,"max_hp_loss":0,"event_name":"Bonfire Elementals","floor":5,"gold_loss":0},{"damage_healed":0,"gold_gain":0,"player_choice":"Fought Mushrooms","damage_taken":0,"max_hp_gain":0,"max_hp_loss":0,"event_name":"Mushrooms","floor":13,"gold_loss":0},{"damage_healed":0,"gold_gain":0,"player_choice":"Bought 1 Potion","damage_taken":0,"max_hp_gain":0,"max_hp_loss":0,"event_name":"The Woman in Blue","floor":14,"gold_loss":0},{"damage_healed":0,"gold_gain":0,"player_choice":"Obtained Book","damage_taken":16,"max_hp_gain":0,"max_hp_loss":0,"event_name":"Cursed Tome","floor":19,"gold_loss":0},{"damage_healed":0,"gold_gain":0,"player_choice":"Obtained Relic","damage_taken":0,"relics_obtained":["MealTicket"],"max_hp_gain":0,"max_hp_loss":0,"event_name":"Addict","floor":20,"gold_loss":85},{"damage_healed":0,"gold_gain":0,"player_choice":"Opened","damage_taken":0,"relics_obtained":["Sundial"],"max_hp_gain":0,"max_hp_loss":0,"event_name":"The Mausoleum","floor":22,"gold_loss":0,"cards_obtained":["Writhe"]},{"damage_healed":0,"gold_gain":0,"player_choice":"Ignored","damage_taken":0,"max_hp_gain":0,"max_hp_loss":0,"event_name":"Tomb of Lord Red Mask","floor":38,"gold_loss":0}],"is_beta":false,"boss_relics":[{"not_picked":["Velvet Choker","Sozu"],"picked":"Pandora\u0027s Box"},{"not_picked":["Runic Dome","Runic Pyramid"],"picked":"rmod:monthlycard"}],"items_purged_floors":[25],"is_endless":false,"potions_floor_spawned":[3,4,6,8,10,11,13,16,18,21,24,27,29,30,31,33,35,36,37,39],"killed_by":"Nemesis","ascension_level":1}}