{"host":"cxizwatl5v7zq6a5","time":1607926859,"event":{"mods":["AchievementEnabler","Act Like it!","BaseMod","Colored Map","Colored Powertips","Downfall","Friendly Minions","Gensokyo","Hermit","HololiveMod","Hubris","Infinite Spire","Marisa????????","Minty Spire (QoL Compilation)","Quick Restart","READ ME - Guardian Mod","Rare Cards Sparkle","Remilia??????","Replay The Spire","StSLib","The Cursed","The Jungle","The Servant 0.9.4"],"gold_per_floor":[115,390,403,413,413,413,444,456,456,456,456],"floor_reached":10,"playtime":300,"items_purged":[],"score":71,"play_id":"ec995707-b8af-4682-b379-aca503a15ce2","local_time":"20201214142059","is_ascension_mode":true,"campfire_choices":[],"circlet_count":0,"master_deck":["Strike_G","Strike_G","Strike_G","Strike_G","Strike_G","Defend_G","Defend_G","Defend_G","Defend_G","Defend_G","Survivor","Neutralize","Hidden Blade","Regret","Deflect","Blade Dance","Regret","Backstab","Wraith Form v2"],"relics":["Ring of the Snake","NeowsBlessing","CaptainsWheel","hubris:BottledRain","Girya"],"acts_visited":["Exordium"],"potions_floor_usage":[],"damage_taken":[{"damage":0,"enemies":"2 Louse","floor":1,"turns":1},{"damage":0,"enemies":"Cultist","floor":3,"turns":1},{"damage":0,"enemies":"Jaw Worm","floor":4,"turns":1},{"damage":53,"enemies":"Lagavulin","floor":7,"turns":10},{"damage":12,"enemies":"3 Louse","floor":8,"turns":4},{"damage":2,"enemies":"Gremlin Nob","floor":10,"turns":4}],"seed_played":"3687520764714860269","potions_obtained":[{"floor":1,"key":"Elixir"},{"floor":7,"key":"Dexterity Potion"},{"floor":8,"key":"GhostInAJar"}],"is_trial":false,"path_per_floor":["M","?","M","M","$","?","E","M","T","E"],"character_chosen":"THE_SILENT","items_purchased":[],"campfire_rested":0,"item_purchase_floors":[],"current_hp_per_floor":[70,70,70,70,70,70,17,5,5,3,3],"gold":456,"neow_bonus":"THREE_ENEMY_KILL","is_daily":false,"chose_seed":false,"campfire_upgraded":0,"win_rate":0.0,"timestamp":1607926859,"path_taken":["M","?","M","?","?","?","E","M","T","E"],"items_purchased_type":[],"build_version":"2020-12-13","purchased_purges":0,"victory":false,"max_hp_per_floor":[70,70,70,70,70,70,70,70,70,70,70],"card_choices":[{"not_picked":["Quick Slash","Finisher"],"picked":"Hidden Blade","floor":1},{"not_picked":["Sucker Punch","Prepared"],"picked":"Deflect","floor":3},{"not_picked":["Poisoned Stab","Cloak And Dagger"],"picked":"Blade Dance","floor":4},{"not_picked":["hubris:SlightOfHand","Bane"],"picked":"Backstab","floor":7},{"not_picked":["hubris:SlightOfHand","Poisoned Stab"],"picked":"Wraith Form v2","floor":8}],"player_experience":109566,"relics_obtained":[{"floor":7,"key":"hubris:BottledRain"},{"floor":9,"key":"Girya"}],"event_choices":[{"damage_healed":0,"gold_gain":275,"player_choice":"Desecrate","damage_taken":0,"max_hp_gain":0,"max_hp_loss":0,"event_name":"Golden Shrine","floor":2,"gold_loss":0,"cards_obtained":["Regret"]},{"damage_healed":0,"gold_gain":0,"player_choice":"Box","damage_taken":0,"relics_obtained":["CaptainsWheel"],"max_hp_gain":0,"max_hp_loss":0,"event_name":"Big Fish","floor":6,"gold_loss":0,"cards_obtained":["Regret"]}],"is_beta":false,"boss_relics":[],"items_purged_floors":[],"is_endless":false,"potions_floor_spawned":[1,7,8],"killed_by":"Gremlin Nob","ascension_level":1}}