{"host":"mfgjat5rctdaqztb","time":1607904251,"event":{"mods":["AchievementEnabler","Act Like it!","BaseMod","Better Altar","Better Match","Better Note","Better Sensory Stone","Better Skull","Better Third Choice","Better Vampires","CapriCore","CatGirl Mod","ChefMod","Elementarium","Energized Spire","Fireblade Mod","Friendly Minions","Gensokyo","Halation","Hermit","HololiveMod","Infinite Spire","JesterMod","Koishi","Marisa????????","Menagerie","Minty Spire (QoL Compilation)","QueenMod","Quick Restart","Random Character Button","Robot Space Explorer","Shade Mod","Shop Mod","Spicy Shops","StSLib","The Alterego","The Blackbeard","The Bladedancer","The Clintock","The Cursed","The Druid","The Elementalist","The Hayseed","The Hierophant","The Juggle","The Mystic","The Poker Player","The Runesmith","TheVelvet","Uncapped","UnlockEverythingMod","Waifu the Spire","Wandering Minibosses","Yohane!","Yuri Mod","thorton"],"gold_per_floor":[113,113,129,141,151,181,181,181,227,227,240,254,273,273,273,373,373,386,311,344,344,423,423,450,469,469,475,475],"floor_reached":27,"playtime":2293,"items_purged":[],"score":215,"play_id":"d8d47551-fb9b-4288-b0dd-65523f01da5c","local_time":"20201213190411","is_ascension_mode":false,"campfire_choices":[{"data":"RobotSpaceExplorer:StarLightning","floor":7,"key":"SMITH"},{"data":"RobotSpaceExplorer:ToxicBomb","floor":10,"key":"SMITH"},{"data":"RobotSpaceExplorer:FreezeRay","floor":15,"key":"SMITH"},{"data":"RobotSpaceExplorer:Comet","floor":23,"key":"SMITH"}],"circlet_count":0,"master_deck":["RobotSpaceExplorer:Strike","RobotSpaceExplorer:Strike","RobotSpaceExplorer:Strike","RobotSpaceExplorer:Strike","RobotSpaceExplorer:Defend","RobotSpaceExplorer:Defend","RobotSpaceExplorer:Defend","RobotSpaceExplorer:Defend","RobotSpaceExplorer:Scan","RobotSpaceExplorer:MiniLasers","RobotSpaceExplorer:Pulsar+1","RobotSpaceExplorer:Electropulse","RobotSpaceExplorer:FreezeRay+1","RobotSpaceExplorer:StarLightning+1","RobotSpaceExplorer:ToxicBomb+1","RobotSpaceExplorer:FranticSearch","RobotSpaceExplorer:StarLightning","RobotSpaceExplorer:Fix","RobotSpaceExplorer:Comet+1","RobotSpaceExplorer:BigMissile","RobotSpaceExplorer:Autoloader+1","RobotSpaceExplorer:SurgingStrike","RobotSpaceExplorer:LaserBurst+1","RobotSpaceExplorer:Calculate"],"relics":["RobotSpaceExplorer:RoboCore","Boot","Dream Catcher","Pantograph","RobotSpaceExplorer:SearchSpecs","Calipers","infinitespire:Midas Blood","Question Card"],"acts_visited":["Exordium","Elementarium:Elementarium"],"potions_floor_usage":[25,27],"damage_taken":[{"damage":0,"enemies":"2 Louse","floor":1,"turns":2},{"damage":7,"enemies":"infinitespire:Voidling","floor":3,"turns":4},{"damage":0,"enemies":"Cultist","floor":4,"turns":3},{"damage":3,"enemies":"3 Louse","floor":5,"turns":3},{"damage":14,"enemies":"3 Sentries","floor":6,"turns":8},{"damage":0,"enemies":"Exordium Thugs","floor":11,"turns":3},{"damage":15,"enemies":"Red Slaver","floor":12,"turns":3},{"damage":0,"enemies":"Blue Slaver","floor":13,"turns":3},{"damage":35,"enemies":"Hexaghost","floor":16,"turns":9},{"damage":8,"enemies":"Elementarium:2_ELEMENTALS","floor":18,"turns":3},{"damage":33,"enemies":"Menagerie:Suneater","floor":20,"turns":6},{"damage":17,"enemies":"Elementarium:Cyclone","floor":24,"turns":5},{"damage":18,"enemies":"Elementarium:VOID_CORRUPTION_AND_ORB_OF_FIRE","floor":25,"turns":5},{"damage":11,"enemies":"Elementarium:VoidBeast","floor":27,"turns":3}],"seed_played":"2487053629268803156","potions_obtained":[{"floor":5,"key":"Fire Potion"},{"floor":6,"key":"Dexterity Potion"},{"floor":11,"key":"FearPotion"},{"floor":24,"key":"RobotSpaceExplorer:PlasmaFlask"}],"is_trial":false,"path_per_floor":["M","?","M","M","M","E","R","T","T","R","M","M","M","?","R","B",null,"M","?","?","?","T","R","M","M","T","M"],"character_chosen":"RobotSpaceExplorer","items_purchased":[],"campfire_rested":0,"item_purchase_floors":[],"current_hp_per_floor":[82,82,79,79,76,62,62,62,62,62,62,47,47,47,47,41,82,74,74,53,38,38,38,25,11,11,0,0],"gold":475,"neow_bonus":"TEN_PERCENT_HP_BONUS","is_daily":false,"chose_seed":false,"campfire_upgraded":4,"win_rate":0.0,"timestamp":1607904251,"path_taken":["M","?","?","M","M","E","R","?","T","R","M","M","M","?","R","BOSS","M","?","?","?","?","R","M","M","T","M"],"items_purchased_type":[],"build_version":"2020-11-30","purchased_purges":0,"victory":false,"max_hp_per_floor":[82,82,82,82,82,82,82,82,82,82,82,82,82,82,82,82,82,82,82,82,87,87,87,87,87,87,87,87],"card_choices":[{"not_picked":["RobotSpaceExplorer:FranticSearch","RobotSpaceExplorer:GlueShot"],"picked":"RobotSpaceExplorer:Pulsar","floor":1},{"not_picked":["RobotSpaceExplorer:GlueShot","RobotSpaceExplorer:FrostMissile"],"picked":"RobotSpaceExplorer:Electropulse","floor":3},{"not_picked":["RobotSpaceExplorer:StunGrenade","RobotSpaceExplorer:MakeshiftVolley"],"picked":"RobotSpaceExplorer:FreezeRay","floor":4},{"not_picked":["RobotSpaceExplorer:SurgingStrike","RobotSpaceExplorer:MakeshiftVolley"],"picked":"RobotSpaceExplorer:StarLightning","floor":5},{"not_picked":["RobotSpaceExplorer:FreezingShield","RobotSpaceExplorer:BlastShield"],"picked":"RobotSpaceExplorer:ToxicBomb","floor":6},{"not_picked":["RobotSpaceExplorer:Counterblock","RobotSpaceExplorer:JunkDive"],"picked":"RobotSpaceExplorer:FranticSearch","floor":11},{"not_picked":["RobotSpaceExplorer:MiniDrones","RobotSpaceExplorer:SelfCleaning"],"picked":"RobotSpaceExplorer:StarLightning","floor":12},{"not_picked":["RobotSpaceExplorer:MetalStrike","RobotSpaceExplorer:Probe"],"picked":"RobotSpaceExplorer:Fix","floor":13},{"not_picked":["RobotSpaceExplorer:Wormhole","RobotSpaceExplorer:Accelerator"],"picked":"RobotSpaceExplorer:Comet","floor":16},{"not_picked":["RobotSpaceExplorer:MetalStrike","RobotSpaceExplorer:Probe"],"picked":"RobotSpaceExplorer:BigMissile","floor":18},{"not_picked":["RobotSpaceExplorer:Wormhole+1","RobotSpaceExplorer:TrailblazerForm+1"],"picked":"RobotSpaceExplorer:Autoloader+1","floor":19},{"not_picked":["RobotSpaceExplorer:StunGrenade+1","RobotSpaceExplorer:GlueShot"],"picked":"RobotSpaceExplorer:SurgingStrike","floor":20},{"not_picked":["RobotSpaceExplorer:ShockKick","RobotSpaceExplorer:ShockMissile"],"picked":"RobotSpaceExplorer:LaserBurst+1","floor":24},{"not_picked":["RobotSpaceExplorer:SurgingStrike","RobotSpaceExplorer:Discharger"],"picked":"RobotSpaceExplorer:Calculate","floor":25}],"player_experience":464767,"relics_obtained":[{"floor":6,"key":"Boot"},{"floor":9,"key":"Dream Catcher"},{"floor":20,"key":"Calipers"},{"floor":22,"key":"infinitespire:Midas Blood"},{"floor":26,"key":"Question Card"}],"event_choices":[{"damage_healed":0,"gold_gain":0,"player_choice":"Upgraded","damage_taken":0,"max_hp_gain":0,"max_hp_loss":0,"event_name":"Upgrade Shrine","floor":2,"gold_loss":0,"cards_upgraded":["RobotSpaceExplorer:Pulsar"]},{"damage_healed":0,"gold_gain":0,"player_choice":"Gave Potion","damage_taken":0,"relics_obtained":["Pantograph"],"max_hp_gain":0,"max_hp_loss":0,"event_name":"WeMeetAgain","floor":14,"gold_loss":0},{"damage_healed":0,"gold_gain":0,"player_choice":"2","damage_taken":0,"max_hp_gain":0,"max_hp_loss":0,"event_name":"betterMatch:BetterMatch","floor":19,"gold_loss":0,"cards_obtained":["betterMatch:RareCard"]},{"damage_healed":0,"gold_gain":0,"player_choice":"Follow","damage_taken":0,"max_hp_gain":0,"max_hp_loss":0,"event_name":"Elementarium:BeastsOfTheMenagerie","floor":20,"gold_loss":0},{"damage_healed":0,"gold_gain":0,"player_choice":"Sacrifice","damage_taken":20,"max_hp_gain":5,"max_hp_loss":0,"event_name":"Elementarium:RadiantAltar","floor":21,"gold_loss":0}],"is_beta":false,"boss_relics":[{"not_picked":["Empty Cage","energizedSpire:OgreHead"],"picked":"RobotSpaceExplorer:SearchSpecs"}],"items_purged_floors":[],"is_endless":false,"potions_floor_spawned":[5,6,11,13,24],"killed_by":"Elementarium:VoidBeast","ascension_level":0}}