{"host":"cvi30shpqg1ukvbr","time":1607944693,"event":{"mods":["Act Like it!","BaseMod","Better Altar","Better Match","Better Note","Better Sensory Stone","Better Skull","Better Third Choice","Conspire","GifTheSpireLib","Hubris","Infinite Spire","Minty Spire (QoL Compilation)","Relic Stats","Replay The Spire","Shop Mod","Spicy Shops","StSLib","Stuff the Spire"],"gold_per_floor":[17,33,44,64,64,92,92,117,165,165,183,194,208,233,233,333,333,351,367,380,380,119,152,152,178,178,192,192,203,230,245,245,342,342,361,375,390,390,425,450,107,107,107,107,119,138,167,183,183,183],"floor_reached":51,"playtime":2290,"items_purged":["Writhe"],"score":934,"play_id":"6665a29e-93c5-4d04-8ef1-d3560ad4f091","local_time":"20201214201813","is_ascension_mode":true,"campfire_choices":[{"data":"Immolate","floor":7.0,"key":"SMITH"},{"data":"Bash","floor":10.0,"key":"SMITH"},{"data":"Uppercut","floor":15.0,"key":"SMITH"},{"floor":24,"key":"REST"},{"floor":28,"key":"REST"},{"data":"Armaments","floor":32,"key":"SMITH"},{"floor":42,"key":"REST"},{"data":"Strike_R","floor":49,"key":"PURGE"}],"circlet_count":0,"master_deck":["Strike_R","Defend_R","Defend_R","Defend_R","Bash+1","Power Through","Twin Strike","hubris:ReadiedAction","Immolate+1","StuffTheSpire:Incineration","Clothesline","Headbutt","Uppercut+1","Inflame","Berserk","Dual Wield","StuffTheSpire:Incineration","True Grit","Demon Form","Ghostly Armor","Armaments+1","Rage","Shrug It Off","Limit Break","Spot Weakness","Reaper","Shrug It Off","Disarm+1","Heavy Blade","Massacre+1","Spot Weakness","infinitespire:NeuralNetwork","StuffTheSpire:Resist","Second Wind","Defy Death+1"],"relics":["Burning Blood","Ancient Tea Set","Oddly Smooth Stone","Strawberry","StuffTheSpire:Gunfinga","hubris:TerracottaHorce","Snack Pack","hubris:ChampionShield","Ornamental Fan","StuffTheSpire:Rhapsscallions","Bag of Preparation","Sozu","infinitespire:Lucky Rock","Shuriken","Toolbox","Thread and Needle","hubris:MysteriousPyramids","MealTicket","Sundial"],"acts_visited":["Exordium","TheCity","TheBeyond"],"potions_floor_usage":[16,16,20,29],"damage_taken":[{"damage":2.0,"enemies":"Small Slimes","floor":1.0,"turns":4.0},{"damage":6.0,"enemies":"Cultist","floor":2.0,"turns":3.0},{"damage":3.0,"enemies":"conspire:RoseBush","floor":3.0,"turns":4.0},{"damage":23.0,"enemies":"Exordium Wildlife","floor":4.0,"turns":7.0},{"damage":17.0,"enemies":"Replay:BlueRogue","floor":6.0,"turns":6.0},{"damage":33.0,"enemies":"Lagavulin","floor":8.0,"turns":4.0},{"damage":0.0,"enemies":"Looter","floor":11.0,"turns":2.0},{"damage":0.0,"enemies":"Lots of Slimes","floor":12.0,"turns":1.0},{"damage":5.0,"enemies":"Exordium Wildlife","floor":13.0,"turns":2.0},{"damage":4.0,"enemies":"Gremlin Nob","floor":14.0,"turns":3.0},{"damage":0,"enemies":"Slime Boss","floor":16,"turns":3},{"damage":22,"enemies":"2 Thieves","floor":18,"turns":3},{"damage":15,"enemies":"Spheric Guardian","floor":19,"turns":4},{"damage":22,"enemies":"conspire:HollyBat","floor":20,"turns":6},{"damage":33,"enemies":"Replay:Snechameleon","floor":23,"turns":6},{"damage":13,"enemies":"Nightmare","floor":25,"turns":7},{"damage":13,"enemies":"Snecko","floor":27,"turns":4},{"damage":8,"enemies":"Cultist and Chosen","floor":29,"turns":3},{"damage":5,"enemies":"conspire:SneckoGhost","floor":30,"turns":6},{"damage":6,"enemies":"Snake Plant","floor":31,"turns":3},{"damage":50,"enemies":"hubris:MusketHawk","floor":33,"turns":8},{"damage":22,"enemies":"3 Darklings","floor":35,"turns":5},{"damage":1,"enemies":"Orb Walker","floor":36,"turns":3},{"damage":32,"enemies":"Writhing Mass","floor":37,"turns":5},{"damage":13,"enemies":"conspire:MimicChest","floor":39,"turns":5},{"damage":76,"enemies":"Giant Head","floor":40,"turns":9},{"damage":7,"enemies":"Transient","floor":45,"turns":5},{"damage":27,"enemies":"3 Darklings","floor":46,"turns":4},{"damage":8,"enemies":"Reptomancer","floor":47,"turns":6},{"damage":12,"enemies":"Maw","floor":48,"turns":6},{"damage":69,"enemies":"Awakened One","floor":50,"turns":9}],"seed_played":"-3318198051161974039","potions_obtained":[{"floor":3.0,"key":"Death Potion"},{"floor":4.0,"key":"LifebloodPotion"},{"floor":11.0,"key":"SteroidPotion"},{"floor":18,"key":"SkillPotion"},{"floor":20,"key":"SteroidPotion"},{"floor":27,"key":"Energy Potion"},{"floor":29,"key":"LiquidMemories"}],"is_trial":false,"path_per_floor":["M","M","M","M","?","E","R","E","T","R","M","M","M","E","R","B",null,"M","M","M","?","$","E","R","NM","T","M","R","M","E","M","R","B",null,"M","M","M","?","?","E","$","R","T","AVR","M","M","E","M","R","B",null],"character_chosen":"IRONCLAD","items_purchased":["Snack Pack","Spot Weakness","Toolbox","Thread and Needle"],"campfire_rested":3,"item_purchase_floors":[22,41,41,41],"current_hp_per_floor":[80,80,80,63,63,52,52,25,32,32,38,44,45,47,47,53,79,63,54,38,38,38,11,37,32,34,27,53,55,56,56,56,16,71,55,62,38,60,53,15,15,41,41,41,89,72,89,83,83,20],"gold":183,"neow_bonus":"REMOVE_TWO","is_daily":false,"chose_seed":false,"campfire_upgraded":4,"win_rate":0.0,"timestamp":1607944693,"path_taken":["M","M","M","M","?","E","R","E","T","R","M","M","?","E","R","BOSS","M","M","M","?","$","E","R","NM","T","M","R","?","E","M","R","BOSS","M","M","M","?","?","E","$","R","T","AVR","M","M","E","?","R","BOSS"],"items_purchased_type":["Relic","Card","Relic","Relic"],"build_version":"2020-12-13","purchased_purges":1,"victory":true,"max_hp_per_floor":[80,80,80,80,80,80,80,80,87,87,87,87,87,87,87,87,87,87,87,87,87,87,87,87,87,89,89,89,89,89,89,89,89,89,89,89,89,89,89,89,89,89,89,89,89,89,89,89,89,89],"relic_stats":{"Sozu":3,"counters":[31,146],"Ornamental Fan":[48],"Shuriken":[5],"Sundial":[0],"MealTicket":0,"Bag of Preparation":[24],"obtain_stats":[{"StuffTheSpire:Rhapsscallions":26,"Oddly Smooth Stone":8,"Thread and Needle":41,"Bag of Preparation":30,"infinitespire:Lucky Rock":39,"hubris:MysteriousPyramids":43,"Ancient Tea Set":6,"Burning Blood":0,"hubris:TerracottaHorce":17,"Sozu":34,"StuffTheSpire:Gunfinga":14,"Ornamental Fan":25,"Shuriken":40,"Sundial":47,"Strawberry":9,"Toolbox":41,"MealTicket":44,"Snack Pack":22,"hubris:ChampionShield":23},{"StuffTheSpire:Rhapsscallions":16,"Oddly Smooth Stone":6,"Thread and Needle":26,"Bag of Preparation":19,"infinitespire:Lucky Rock":25,"hubris:MysteriousPyramids":26,"Ancient Tea Set":5,"Burning Blood":0,"hubris:TerracottaHorce":11,"Sozu":21,"StuffTheSpire:Gunfinga":10,"Ornamental Fan":16,"Shuriken":26,"Sundial":29,"Strawberry":6,"Toolbox":26,"MealTicket":26,"Snack Pack":14,"hubris:ChampionShield":15},{"StuffTheSpire:Rhapsscallions":65,"Oddly Smooth Stone":28,"Thread and Needle":116,"Bag of Preparation":78,"infinitespire:Lucky Rock":107,"hubris:MysteriousPyramids":116,"Ancient Tea Set":24,"Burning Blood":0,"hubris:TerracottaHorce":39,"Sozu":89,"StuffTheSpire:Gunfinga":36,"Ornamental Fan":65,"Shuriken":116,"Sundial":131,"Strawberry":28,"Toolbox":116,"MealTicket":116,"Snack Pack":52,"hubris:ChampionShield":58}],"Burning Blood":172},"card_choices":[{"not_picked":["conspire:ExplosiveBarrier","Havoc","Warcry"],"picked":"SKIP","floor":1.0},{"not_picked":["Replay:Undeath\u0027s Touch","Clash"],"picked":"Power Through","floor":2.0},{"not_picked":["StuffTheSpire:RagingBull","Replay:Undeath\u0027s Touch"],"picked":"Twin Strike","floor":3.0},{"not_picked":["Seeing Red","conspire:Charge"],"picked":"hubris:ReadiedAction","floor":4.0},{"not_picked":["Life Link","Ghostly Armor"],"picked":"Immolate","floor":6.0},{"not_picked":["Clash","ReplayTheSpireMod:Muscle Training"],"picked":"StuffTheSpire:Incineration","floor":8.0},{"not_picked":["Clash","Iron Wave"],"picked":"Clothesline","floor":11.0},{"not_picked":["Sever Soul","Combust"],"picked":"Headbutt","floor":12.0},{"not_picked":["Hemokinesis","Warcry"],"picked":"Uppercut","floor":13.0},{"not_picked":["Warcry","Heavy Blade"],"picked":"Inflame","floor":14.0},{"not_picked":["Impervious","Offering"],"picked":"Berserk","floor":16},{"not_picked":["Anger","Thunderclap"],"picked":"Dual Wield","floor":18},{"not_picked":["Headbutt+1","StuffTheSpire:Slingshot"],"picked":"StuffTheSpire:Incineration","floor":19},{"not_picked":["ReplayTheSpireMod:Corrosion Curse","Dual Wield+1"],"picked":"True Grit","floor":20},{"not_picked":["StuffTheSpire:Incineration","Run Through"],"picked":"Ghostly Armor","floor":23},{"not_picked":["Pommel Strike","Flex"],"picked":"Armaments","floor":25},{"not_picked":["Shrug It Off","Twin Strike"],"picked":"Rage","floor":27},{"not_picked":["Massacre","True Grit"],"picked":"Shrug It Off","floor":29},{"not_picked":["Replay:Undeath\u0027s Touch+1","Heavy Blade"],"picked":"Limit Break","floor":30},{"not_picked":["Twin Strike","Second Wind"],"picked":"Spot Weakness","floor":31},{"not_picked":["Demonic Infusion","Limit Break"],"picked":"Reaper","floor":33},{"not_picked":["True Grit+1","Clash+1"],"picked":"Shrug It Off","floor":35},{"not_picked":["Rage+1","Warcry+1"],"picked":"Disarm+1","floor":36},{"not_picked":["Infernal Blade+1","Body Slam"],"picked":"Heavy Blade","floor":37},{"not_picked":["ReplayReversal","Brutality"],"picked":"Massacre+1","floor":40},{"not_picked":["Headbutt+1","Body Slam","Massacre"],"picked":"SKIP","floor":45},{"not_picked":["StuffTheSpire:Incineration+1","Burning Pact+1"],"picked":"StuffTheSpire:Resist","floor":46},{"not_picked":["Seeing Red","hubris:StunningStrike"],"picked":"Second Wind","floor":47},{"not_picked":["Replay:Undeath\u0027s Touch+1","ReplayTheSpireMod:Strike From Hell"],"picked":"Defy Death+1","floor":48}],"player_experience":1744691,"relics_obtained":[{"floor":6.0,"key":"Ancient Tea Set"},{"floor":8.0,"key":"Oddly Smooth Stone"},{"floor":9.0,"key":"Strawberry"},{"floor":14.0,"key":"StuffTheSpire:Gunfinga"},{"floor":23,"key":"hubris:ChampionShield"},{"floor":25,"key":"Ornamental Fan"},{"floor":26,"key":"StuffTheSpire:Rhapsscallions"},{"floor":30,"key":"Bag of Preparation"},{"floor":39,"key":"infinitespire:Lucky Rock"},{"floor":40,"key":"Shuriken"},{"floor":43,"key":"hubris:MysteriousPyramids"},{"floor":47,"key":"Sundial"}],"event_choices":[{"cards_removed":["Defend_R"],"damage_healed":0.0,"max_hp_gain":0.0,"max_hp_loss":0.0,"gold_gain":0.0,"event_name":"Wheel of Change","player_choice":"Card Removal","floor":5.0,"gold_loss":0.0,"damage_taken":0.0},{"cards_removed":["Uppercut"],"damage_healed":0,"gold_gain":0,"player_choice":"Take \u0026 Give","damage_taken":0,"max_hp_gain":0,"max_hp_loss":0,"event_name":"betterNote:BetterNote","floor":21,"gold_loss":0,"cards_obtained":["Demon Form"]},{"damage_healed":22,"gold_gain":0,"player_choice":"Writhe","damage_taken":0,"max_hp_gain":0,"max_hp_loss":0,"event_name":"Winding Halls","floor":38,"gold_loss":0,"cards_obtained":["Writhe"]}],"is_beta":false,"boss_relics":[{"not_picked":["Ring of Chaos","Ooze Armor"],"picked":"hubris:TerracottaHorce"},{"not_picked":["Astrolabe","Electric Blood"],"picked":"Sozu"}],"items_purged_floors":[41],"is_endless":false,"potions_floor_spawned":[3,4,11,12,18,20,27,29,39,40,46,47],"ascension_level":1}}