{"host":"0tiuc76yumknr6qf","time":1607907239,"event":{"mods":["BaseMod","Minty Spire (QoL Compilation)","StSLib"],"gold_per_floor":[112,123,39,39,54,54,81,91,91,5,5,5,5,5,5,77,77,93,93,93,93,54,54,66,66,66,66,66,66,66],"floor_reached":29,"playtime":1034,"items_purged":[],"score":463,"play_id":"b36fd107-8719-4578-a8a5-44e2b1ea05e0","local_time":"20201213185359","is_ascension_mode":true,"campfire_choices":[{"data":"Streamline","floor":6.0,"key":"SMITH"},{"floor":11.0,"key":"REST"},{"floor":13.0,"key":"REST"},{"floor":15.0,"key":"REST"},{"floor":23.0,"key":"REST"},{"data":"Chill","floor":25.0,"key":"SMITH"}],"circlet_count":0,"master_deck":["AscendersBane","Defend_B","Defend_B","Defend_B","Zap","Dualcast","Streamline+1","Sweeping Beam","Reboot","Lockon+1","Chill+1","Coolheaded","Echo Form","Rainbow","Undo","Bite","Bite","Bite","Bite","Amplify","Chrysalis","Seek"],"relics":["Cracked Core","Omamori","Turnip","Symbiotic Virus","Inserter","Kunai"],"acts_visited":["Exordium","TheCity"],"potions_floor_usage":[29],"damage_taken":[{"damage":0.0,"enemies":"Cultist","floor":1.0,"turns":4.0},{"damage":8.0,"enemies":"Small Slimes","floor":2.0,"turns":3.0},{"damage":3.0,"enemies":"2 Louse","floor":5.0,"turns":2.0},{"damage":39.0,"enemies":"Gremlin Nob","floor":7.0,"turns":4.0},{"damage":11.0,"enemies":"Looter","floor":8.0,"turns":3.0},{"damage":24.0,"enemies":"Slime Boss","floor":16.0,"turns":9.0},{"damage":20.0,"enemies":"Chosen","floor":18.0,"turns":6.0},{"damage":33.0,"enemies":"2 Thieves","floor":22.0,"turns":5.0},{"damage":16.0,"enemies":"Snecko","floor":24.0,"turns":4.0},{"damage":35,"enemies":"Gremlin Leader","floor":29,"turns":5}],"seed_played":"7838635277728188524","potions_obtained":[{"floor":7.0,"key":"Strength Potion"},{"floor":8.0,"key":"Block Potion"},{"floor":16.0,"key":"LiquidBronze"},{"floor":24.0,"key":"PowerPotion"}],"is_trial":false,"path_per_floor":["M","M","$","?","M","R","E","M","T","$","R","?","R","?","R","B",null,"M","?","?","?","M","R","M","R","T","$","?","E"],"character_chosen":"DEFECT","items_purchased":["Reboot","Echo Form"],"campfire_rested":4,"item_purchase_floors":[3,10],"current_hp_per_floor":[64,56,56,56,53,53,14,3,3,3,24,3,24,24,45,21,59,39,39,39,39,14,28,20,20,20,20,20,0,0],"gold":66,"neow_bonus":"RANDOM_COMMON_RELIC","is_daily":false,"chose_seed":false,"campfire_upgraded":2,"win_rate":0.0,"timestamp":1607907239,"path_taken":["M","M","?","?","M","R","E","M","T","$","R","?","R","?","R","BOSS","M","?","?","?","M","R","M","R","T","$","?","E"],"items_purchased_type":["Card","Card"],"build_version":"2020-12-13","purchased_purges":0,"victory":false,"max_hp_per_floor":[71,71,71,71,71,71,71,71,71,71,71,71,71,71,71,71,71,71,49,49,49,49,49,49,49,49,49,49,49,49],"card_choices":[{"not_picked":["Fusion","Capacitor"],"picked":"Streamline","floor":1.0},{"not_picked":["Redo","Gash"],"picked":"Sweeping Beam","floor":2.0},{"not_picked":["Self Repair","Leap"],"picked":"Lockon","floor":5.0},{"not_picked":["Streamline","Hello World"],"picked":"Chill","floor":7.0},{"not_picked":["Turbo","Gash"],"picked":"Coolheaded","floor":8.0},{"not_picked":["Multi-Cast","Meteor Strike"],"picked":"Rainbow","floor":16.0},{"not_picked":["Steam Power","Redo"],"picked":"Undo","floor":18.0},{"not_picked":["Barrage","Rebound+1","Redo"],"picked":"SKIP","floor":22.0},{"not_picked":["Coolheaded","Compile Driver"],"picked":"Seek","floor":24.0}],"player_experience":1794483,"relics_obtained":[{"floor":7.0,"key":"Turnip"},{"floor":9.0,"key":"Symbiotic Virus"},{"floor":26.0,"key":"Kunai"}],"event_choices":[{"damage_healed":0.0,"max_hp_gain":0.0,"max_hp_loss":0.0,"gold_gain":0.0,"event_name":"Scrap Ooze","player_choice":"Fled","floor":4.0,"gold_loss":0.0,"damage_taken":0.0},{"damage_healed":0.0,"max_hp_gain":0.0,"max_hp_loss":0.0,"gold_gain":0.0,"event_name":"Shining Light","player_choice":"Entered Light","floor":12.0,"gold_loss":0.0,"damage_taken":21.0,"cards_upgraded":["Lockon","Strike_B"]},{"damage_healed":0.0,"max_hp_gain":0.0,"max_hp_loss":0.0,"gold_gain":0.0,"event_name":"Liars Game","player_choice":"Ignored","floor":14.0,"gold_loss":0.0,"damage_taken":0.0},{"damage_healed":0.0,"max_hp_gain":0.0,"max_hp_loss":22.0,"gold_gain":0.0,"event_name":"Vampires","player_choice":"Became a vampire","floor":19.0,"gold_loss":0.0,"damage_taken":0.0,"cards_obtained":["Bite","Bite","Bite","Bite","Bite"]},{"damage_healed":0.0,"max_hp_gain":0.0,"max_hp_loss":0.0,"gold_gain":0.0,"event_name":"Ghosts","player_choice":"Ignored","floor":20.0,"gold_loss":0.0,"damage_taken":0.0},{"damage_healed":0.0,"max_hp_gain":0.0,"max_hp_loss":0.0,"gold_gain":0.0,"cards_transformed":["Defend_B","Bite"],"event_name":"Drug Dealer","player_choice":"Became Test Subject","floor":21.0,"gold_loss":0.0,"damage_taken":0.0,"cards_obtained":["Amplify","Chrysalis"]},{"damage_healed":0.0,"max_hp_gain":0.0,"max_hp_loss":0.0,"gold_gain":0.0,"event_name":"Forgotten Altar","player_choice":"Smashed Altar","floor":28.0,"gold_loss":0.0,"damage_taken":0.0,"cards_obtained":["Decay"]}],"is_beta":false,"boss_relics":[{"not_picked":["SacredBark","Runic Dome"],"picked":"Inserter"}],"items_purged_floors":[],"is_endless":false,"potions_floor_spawned":[7,8,16,24],"killed_by":"Gremlin Leader","ascension_level":20}}