{"host":"etmsduvleanb5j7c","time":1607956857,"event":{"mods":["2.2 Compatiblity","BaseMod","Downfall","Minty Spire (QoL Compilation)","StSLib"],"gold_per_floor":[99,99,99,130,130,130,157,171,187,187,187,207,227,237,253,350,350,275,305,305,322,322,336,336,348,348,348],"floor_reached":26,"playtime":1319,"items_purged":[],"score":228,"play_id":"6d79ec29-63c4-40c8-ba8a-e7c36dbb6b53","local_time":"20201214154057","is_ascension_mode":false,"campfire_choices":[{"floor":1,"key":"RECALL"},{"data":"hexamod:Float","floor":3,"key":"SMITH"},{"floor":5,"key":"REST"},{"data":"hexamod:ExtraCrispy","floor":10,"key":"SMITH"},{"data":"hexamod:SoulSteal","floor":18,"key":"SMITH"},{"floor":20,"key":"REST"}],"circlet_count":0,"master_deck":["hexamod:Strike","hexamod:Strike","hexamod:Strike+1","hexamod:Strike","hexamod:Defend","hexamod:Defend+1","hexamod:Defend","hexamod:Defend+1","hexamod:Sear+1","hexamod:Float+1","Regret","hexamod:ExtraCrispy+1","hexamod:FirstSeal","hexamod:FirstSeal","hexamod:Incineration+1","hexamod:FastForward","hexamod:Firestarter+1","hexamod:HeatMetal+1","hexamod:SoulSteal+1","hexamod:SixthSeal","hexamod:Rewind","hexamod:CatchUp+1","hexamod:CatchUp+1","hexamod:ShieldOfDarkness","hexamod:DynamicBlow+1"],"relics":["hexamod:SpiritBrand","Smiling Mask","Art of War","Philosopher\u0027s Stone","downfall:HeartBlessingRed","Matryoshka","Molten Egg 2","Pen Nib"],"acts_visited":["Exordium","TheCity"],"potions_floor_usage":[16,16],"damage_taken":[{"damage":26,"enemies":"3 Sentries","floor":4,"turns":11},{"damage":14,"enemies":"2 Louse","floor":8,"turns":3},{"damage":3,"enemies":"Small Slimes","floor":9,"turns":4},{"damage":3,"enemies":"Cultist","floor":12,"turns":3},{"damage":22,"enemies":"3 Louse","floor":13,"turns":5},{"damage":13,"enemies":"2 Fungi Beasts","floor":14,"turns":5},{"damage":17,"enemies":"Exordium Wildlife","floor":15,"turns":4},{"damage":33,"enemies":"downfall:Ironclad","floor":16,"turns":9},{"damage":52,"enemies":"Book of Stabbing","floor":19,"turns":6},{"damage":29,"enemies":"Shell Parasite","floor":21,"turns":7},{"damage":24,"enemies":"Snake Plant","floor":23,"turns":3},{"damage":8,"enemies":"Snecko","floor":25,"turns":4},{"damage":22,"enemies":"Centurion and Healer","floor":26,"turns":1}],"seed_played":"-1659276223675317525","potions_obtained":[{"floor":8,"key":"SteroidPotion"},{"floor":12,"key":"Regen Potion"},{"floor":14,"key":"Block Potion"},{"floor":16,"key":"Block Potion"},{"floor":21,"key":"Strength Potion"}],"is_trial":false,"path_per_floor":["R","?","R","E","R","?","T","M","M","R","?","M","M","M","M","B",null,"R","E","R","M","?","M","T","M","M"],"character_chosen":"THE_SPIRIT","items_purchased":[],"campfire_rested":2,"item_purchase_floors":[],"current_hp_per_floor":[77,77,77,51,74,67,67,60,71,71,71,77,69,63,53,41,77,77,39,62,47,47,30,30,22,0,0],"gold":348,"neow_bonus":"TEN_PERCENT_HP_BONUS","is_daily":false,"chose_seed":false,"campfire_upgraded":3,"win_rate":0.0,"timestamp":1607956857,"path_taken":["R","?","R","E","R","?","T","M","M","R","?","M","M","M","M","BOSS","R","E","R","M","?","?","T","M","M"],"items_purchased_type":[],"build_version":"2020-12-13","purchased_purges":0,"victory":false,"max_hp_per_floor":[77,77,77,77,77,77,77,77,77,77,77,77,77,77,77,77,77,77,77,77,77,77,77,77,77,77,77],"card_choices":[{"not_picked":["hexamod:AdvancingGuard","hexamod:NightmareGuise"],"picked":"hexamod:ExtraCrispy","floor":4},{"not_picked":["hexamod:NecessarySacrifice","hexamod:SwordOfDarkness"],"picked":"hexamod:FirstSeal","floor":8},{"not_picked":["hexamod:BurningTouch","hexamod:RecurringNightmare"],"picked":"hexamod:Incineration","floor":9},{"not_picked":["hexamod:SwordOfDarkness","hexamod:HauntingEcho"],"picked":"hexamod:FastForward","floor":12},{"not_picked":["hexamod:PhantomCloak","hexamod:ChargedBarrage"],"picked":"hexamod:Firestarter","floor":13},{"not_picked":["hexamod:RecurringNightmare","hexamod:Incineration"],"picked":"hexamod:HeatMetal","floor":14},{"not_picked":["hexamod:BacktrackSmack","hexamod:ThermalTransfer"],"picked":"hexamod:SoulSteal","floor":15},{"not_picked":["hexamod:SearingWound","hexamod:TurnItUp"],"picked":"hexamod:SixthSeal","floor":16},{"not_picked":["hexamod:HeatShield","hexamod:Firestarter+1"],"picked":"hexamod:Rewind","floor":19},{"not_picked":["hexamod:FirstSeal","hexamod:HauntingEcho"],"picked":"hexamod:CatchUp+1","floor":21},{"not_picked":["hexamod:GhostLash","hexamod:NightmareGuise"],"picked":"hexamod:ShieldOfDarkness","floor":23},{"not_picked":["hexamod:HauntingEcho+1","hexamod:ThirdSeal"],"picked":"hexamod:DynamicBlow+1","floor":25}],"player_experience":103616,"relics_obtained":[{"floor":4,"key":"Smiling Mask"},{"floor":7,"key":"Art of War"},{"floor":19,"key":"Matryoshka"},{"floor":24,"key":"Molten Egg 2"},{"floor":24,"key":"Pen Nib"}],"event_choices":[{"damage_healed":0,"gold_gain":0,"player_choice":"Copied","damage_taken":0,"max_hp_gain":0,"max_hp_loss":0,"event_name":"Duplicator","floor":22,"gold_loss":0,"cards_obtained":["hexamod:CatchUp"]}],"is_beta":false,"boss_relics":[{"not_picked":["SlaversCollar","SacredBark"],"picked":"Philosopher\u0027s Stone"}],"items_purged_floors":[],"is_endless":false,"potions_floor_spawned":[8,12,14,16,21],"killed_by":"Centurion and Healer","ascension_level":0}}