{"host":"y89x8uui45kcjy42","time":1607930684,"event":{"mods":["2.2 Compatiblity","BaseMod","Colored Map","Colored Powertips","Friendly Minions","Hermit","Highlight Path","Keyboard Shortcuts","Minty Spire (QoL Compilation)","StSLib","SuperFastMode","Waifu the Spire"],"gold_per_floor":[109,59,79,254,254,288,288,305,353,388,406,406,431,132,132,239,239,256,247,247,264,264,297,297,314,341,378,401,417,417,422,422],"floor_reached":31,"playtime":1456,"items_purged":["hermit:Defend_Hermit"],"score":310,"play_id":"7fd257d3-8c32-4ff1-b831-c3cb5a2e3561","local_time":"20201214162444","is_ascension_mode":true,"campfire_choices":[{"data":"hermit:Snapshot","floor":7.0,"key":"SMITH"},{"data":"hermit:Malice","floor":15.0,"key":"SMITH"},{"data":"hermit:Reprieve","floor":24,"key":"SMITH"},{"data":"hermit:FlashPowder","floor":30,"key":"SMITH"}],"circlet_count":0,"master_deck":["hermit:Strike_Hermit","hermit:Defend_Hermit","hermit:Snapshot+1","hermit:Covet+1","Injury","hermit:LowProfile","hermit:Malice+1","hermit:PistolWhip","hermit:SprayPray","Doubt","hermit:Spite","hermit:HoleUp","hermit:Scavenge","hermit:Spite+1","hermit:Brawl","hermit:FinalCanter","hermit:Roughhouse+1","hermit:Reprieve+1","hermit:FlashPowder+1","Doubt","hermit:ShadowCloak"],"relics":["hermit:Momento","Oddly Smooth Stone","MealTicket","Art of War","Bottled Lightning","Cursed Key","Whetstone","hermit:RyeStalk","Vajra"],"acts_visited":[],"potions_floor_usage":[23,25,25,25,25,25,27,31,31],"damage_taken":[{"damage":0.0,"enemies":"2 Louse","floor":1.0,"turns":2.0},{"damage":0.0,"enemies":"Small Slimes","floor":3.0,"turns":2.0},{"damage":28.0,"enemies":"3 Sentries","floor":6.0,"turns":8.0},{"damage":11.0,"enemies":"Jaw Worm","floor":8.0,"turns":2.0},{"damage":16.0,"enemies":"Gremlin Nob","floor":10.0,"turns":4.0},{"damage":0.0,"enemies":"Looter","floor":11.0,"turns":3.0},{"damage":6.0,"enemies":"3 Sentries","floor":13.0,"turns":7.0},{"damage":24.0,"enemies":"Hexaghost","floor":16.0,"turns":8.0},{"damage":0.0,"enemies":"Shell Parasite","floor":18.0,"turns":5.0},{"damage":10.0,"enemies":"2 Thieves","floor":19.0,"turns":4.0},{"damage":9.0,"enemies":"Snecko","floor":21.0,"turns":4.0},{"damage":46,"enemies":"Gremlin Leader","floor":23,"turns":7},{"damage":7,"enemies":"Centurion and Healer","floor":25,"turns":5},{"damage":3,"enemies":"Book of Stabbing","floor":27,"turns":6},{"damage":20,"enemies":"Cultist and Chosen","floor":28,"turns":6},{"damage":0,"enemies":"Shelled Parasite and Fungi","floor":29,"turns":4},{"damage":32,"enemies":"Gremlin Leader","floor":31,"turns":4}],"seed_played":"-2714890283764909247","potions_obtained":[{"floor":1.0,"key":"hermit:Tonic"},{"floor":3.0,"key":"DistilledChaos"},{"floor":6.0,"key":"hermit:BlackBile"},{"floor":10.0,"key":"FearPotion"},{"floor":19.0,"key":"EntropicBrew"},{"floor":27,"key":"FearPotion"},{"floor":28,"key":"AttackPotion"}],"is_trial":false,"path_per_floor":["M","?","M","?","?","E","R","M","T","E","M","?","E","$","R","B",null,"M","M","?","M","?","E","R","M","T","E","M","M","R","E"],"character_chosen":"HERMIT","items_purchased":["Regen Potion","hermit:FinalCanter"],"campfire_rested":0,"item_purchase_floors":[14,14],"current_hp_per_floor":[75,75,75,75,75,47,47,36,36,20,20,20,14,29,29,20,75,75,65,65,56,56,10,10,15,15,28,24,24,24,0,0],"gold":422,"neow_bonus":"TRANSFORM_TWO_CARDS","is_daily":false,"chose_seed":false,"campfire_upgraded":4,"win_rate":0.0,"timestamp":1607930684,"path_taken":["M","?","M","?","?","E","R","M","T","E","?","?","E","$","R","BOSS","M","?","?","M","?","E","R","M","T","E","M","?","R","E"],"items_purchased_type":["Potion","Card"],"build_version":"2020-12-13","purchased_purges":1,"victory":false,"max_hp_per_floor":[75,75,75,75,75,75,75,75,75,75,75,75,75,75,75,75,75,75,75,75,75,75,75,75,75,75,75,75,75,75,75,75],"card_choices":[{"not_picked":["hermit:Brawl","hermit:EyeOfTheStorm"],"picked":"hermit:PistolWhip","floor":1.0},{"not_picked":["hermit:Horror","hermit:Roulette"],"picked":"hermit:SprayPray","floor":3.0},{"not_picked":["hermit:Enervate","hermit:Maintenance"],"picked":"hermit:Spite","floor":6.0},{"not_picked":["hermit:Horror","hermit:HighCaliber"],"picked":"hermit:HoleUp","floor":8.0},{"not_picked":["hermit:HoleUp","hermit:WideOpen"],"picked":"hermit:Scavenge","floor":10.0},{"not_picked":["hermit:CalledShot","hermit:BodyArmor"],"picked":"hermit:Spite","floor":11.0},{"not_picked":["hermit:EyeOfTheStorm","hermit:PistolWhip"],"picked":"hermit:Brawl","floor":13.0},{"not_picked":["hermit:Adapt","hermit:HighNoon"],"picked":"hermit:Roughhouse","floor":16.0},{"not_picked":["hermit:Headshot","hermit:Showdown","hermit:BodyArmor+1"],"picked":"SKIP","floor":18.0},{"not_picked":["hermit:WideOpen","hermit:NoHoldsBarred","hermit:LoneWolf+1"],"picked":"SKIP","floor":19.0},{"not_picked":["hermit:Coalescence+1","hermit:Vantage","hermit:ItchyTrigger"],"picked":"SKIP","floor":21.0},{"not_picked":["hermit:HoleUp","hermit:CalledShot+1"],"picked":"hermit:Reprieve","floor":23},{"not_picked":["hermit:Vantage","hermit:WideOpen+1"],"picked":"hermit:FlashPowder","floor":25},{"not_picked":["hermit:Misfire","hermit:Horror","hermit:Glare"],"picked":"SKIP","floor":27},{"not_picked":["hermit:Quickdraw","hermit:Dive"],"picked":"hermit:ShadowCloak","floor":28},{"not_picked":["hermit:FullyLoaded","hermit:RoundhouseKick","hermit:Malice"],"picked":"SKIP","floor":29}],"player_experience":491401,"relics_obtained":[{"floor":6.0,"key":"Oddly Smooth Stone"},{"floor":9.0,"key":"MealTicket"},{"floor":10.0,"key":"Art of War"},{"floor":13.0,"key":"Bottled Lightning"},{"floor":23,"key":"Whetstone"},{"floor":26,"key":"hermit:RyeStalk"},{"floor":27,"key":"Vajra"}],"event_choices":[{"cards_removed":["hermit:Strike_Hermit"],"damage_healed":0.0,"max_hp_gain":0.0,"max_hp_loss":0.0,"gold_gain":0.0,"event_name":"The Cleric","player_choice":"Card Removal","floor":2.0,"gold_loss":50.0,"damage_taken":0.0},{"damage_healed":0.0,"max_hp_gain":0.0,"max_hp_loss":0.0,"gold_gain":175.0,"event_name":"Liars Game","player_choice":"AGREE","floor":4.0,"gold_loss":0.0,"damage_taken":0.0,"cards_obtained":["Doubt"]},{"damage_healed":0.0,"max_hp_gain":0.0,"max_hp_loss":0.0,"gold_gain":0.0,"event_name":"Living Wall","player_choice":"Grow","floor":5.0,"gold_loss":0.0,"damage_taken":0.0,"cards_upgraded":["hermit:Covet"]},{"cards_removed":["hermit:Strike_Hermit"],"damage_healed":0.0,"max_hp_gain":0.0,"max_hp_loss":0.0,"gold_gain":0.0,"event_name":"Purifier","player_choice":"Purged","floor":12.0,"gold_loss":0.0,"damage_taken":0.0},{"damage_healed":0.0,"max_hp_gain":0.0,"max_hp_loss":0.0,"gold_gain":0.0,"event_name":"Vampires","player_choice":"Ignored","floor":20.0,"gold_loss":0.0,"damage_taken":0.0},{"cards_removed":["hermit:Defend_Hermit"],"damage_healed":0.0,"max_hp_gain":0.0,"max_hp_loss":0.0,"gold_gain":0.0,"event_name":"Purifier","player_choice":"Purged","floor":22.0,"gold_loss":0.0,"damage_taken":0.0}],"is_beta":false,"boss_relics":[{"not_picked":["Coffee Dripper","Runic Pyramid"],"picked":"Cursed Key"}],"items_purged_floors":[14],"is_endless":false,"potions_floor_spawned":[1,3,6,10,19,23,27,28],"killed_by":"Gremlin Leader","ascension_level":1}}