{"host":"pgiw9wkmtk74e1ic","time":1607920025,"event":{"mods":["BaseMod","Colored Map","Colored Powertips","Marisa????????","Minty Spire (QoL Compilation)","Replay The Spire","StSLib"],"gold_per_floor":[118,118,131,150,150,150,210,210,234,269,319,379,115,165,165,263,263,278,50,69,119,131,131,161,161,161,161,161,186,206,66,94,111,111,216,216,230,280,290,340,390,408,470,520,520,520,520,520],"floor_reached":47,"playtime":4343,"items_purged":[],"score":708,"play_id":"ff043237-64e2-46ef-b02e-dba54bd62c42","local_time":"20201213212705","is_ascension_mode":false,"campfire_choices":[{"data":"1","floor":6.0,"key":"LIFT"},{"data":"2","floor":8.0,"key":"LIFT"},{"data":"3","floor":15,"key":"LIFT"},{"data":"Fire Breathing","floor":23,"key":"SMITH"},{"data":"Armaments","floor":25,"key":"SMITH"},{"data":"Barricade","floor":34,"key":"SMITH"},{"floor":46,"key":"REST"}],"circlet_count":0,"master_deck":["Strike_R","Strike_R","Strike_R","Strike_R","Defend_R","Defend_R","Defend_R","Defend_R+1","Bash","ReplayTheSpireMod:LeadingStrike","Dual Wield","ReplayReversal","Rage","Cleave","Blood for Blood","Warcry+1","Warcry","Fire Breathing+1","CommonCold","Juggernaut","ReplayTheSpireMod:IOU","Looming Evil","Clumsy","Flame Barrier","Metallicize","Metallicize+1","Shrug It Off","Armaments+1","Barricade+1","Body Slam+1","Demonic Infusion","Headbutt+1","Offering","Sentinel+1","Bandage Up","Secret Weapon","True Grit+1","ReplayTheSpireMod:Strike From Hell+1","Armaments+1","Body Slam+1"],"relics":["Black Blood","Girya","SsserpentHead","Lantern","Tiny Chest","Ring of Hypnosis","ReplayTheSpireMod:Ring of Challenge","Replay:Ancient Bell","War Paint","Darkstone Periapt","Thread and Needle","Happy Flower","Dream Catcher","Bag of Preparation","Champion Belt","Replay:Baseball","Strawberry","White Beast Statue"],"acts_visited":["Exordium","TheCity","TheBeyond"],"potions_floor_usage":[16,22],"damage_taken":[{"damage":1.0,"enemies":"2 Louse","floor":1.0,"turns":3.0},{"damage":1.0,"enemies":"Cultist","floor":3.0,"turns":4.0},{"damage":0.0,"enemies":"Small Slimes","floor":4.0,"turns":3.0},{"damage":12.0,"enemies":"Blue Slaver","floor":7.0,"turns":3.0},{"damage":27,"enemies":"Gremlin Nob","floor":10,"turns":4},{"damage":3,"enemies":"Gremlin Gang","floor":12,"turns":5},{"damage":27,"enemies":"Fading Forest","floor":16,"turns":11},{"damage":16,"enemies":"Spheric Guardian","floor":18,"turns":4},{"damage":1,"enemies":"Chosen","floor":20,"turns":5},{"damage":6,"enemies":"Snake Plant","floor":22,"turns":3},{"damage":15,"enemies":"Book of Stabbing","floor":24,"turns":5},{"damage":3,"enemies":"Replay:Snechameleon","floor":29,"turns":6},{"damage":10,"enemies":"Centurion and Healer","floor":30,"turns":6},{"damage":14,"enemies":"Book of Stabbing","floor":32,"turns":6},{"damage":11,"enemies":"Cultist and Chosen","floor":33,"turns":5},{"damage":49,"enemies":"Pondfish","floor":35,"turns":13},{"damage":8,"enemies":"Orb Walker","floor":37,"turns":4},{"damage":46,"enemies":"3 Darklings","floor":39,"turns":6},{"damage":58,"enemies":"Writhing Mass","floor":42,"turns":8},{"damage":19,"enemies":"4 Shapes","floor":43,"turns":7},{"damage":61,"enemies":"Giant Head","floor":47,"turns":6}],"seed_played":"4224950055348307679","potions_obtained":[{"floor":3.0,"key":"Venom Potion"},{"floor":7.0,"key":"Fruit Juice"},{"floor":10,"key":"LifebloodPotion"},{"floor":16,"key":"BloodPotion"},{"floor":24,"key":"Dexterity Potion"}],"is_trial":false,"path_per_floor":["M","?","M","M","?","R","M","R","T","E","?","M","$","?","R","B",null,"M","$","M","?","M","R","E","R","T","PTL","PTL","E","M","$","E","M","R","B",null,"M","?","M","T","?","M","M","?","T","R","E"],"character_chosen":"IRONCLAD","items_purchased":["Tiny Chest","Warcry","Fire Breathing","Metallicize","Happy Flower","Demonic Infusion"],"campfire_rested":1,"item_purchase_floors":[13,13,13,19,19,31],"current_hp_per_floor":[72,72,72,72,72,72,66,66,66,45,45,48,48,48,48,52,95,85,85,90,90,90,90,81,81,81,81,81,84,80,80,72,67,67,24,95,95,90,60,67,67,25,22,22,22,52,0,0],"gold":520,"neow_bonus":"ONE_RARE_RELIC","is_daily":false,"chose_seed":false,"campfire_upgraded":3,"win_rate":0.0,"timestamp":1607920025,"path_taken":["M","?","?","M","?","R","?","R","T","E","?","?","$","?","R","BOSS","M","$","M","?","M","R","E","R","T","PTL","PTL","E","M","$","E","M","R","BOSS","M","?","M","?","?","M","?","?","T","R","E"],"items_purchased_type":["Relic","Card","Card","Card","Relic","Card"],"build_version":"2020-12-13","purchased_purges":0,"victory":false,"max_hp_per_floor":[72,72,72,72,72,72,72,72,72,72,72,72,72,72,72,77,95,95,95,95,95,95,95,95,95,95,95,95,95,95,95,95,95,95,95,95,95,95,95,102,102,102,102,102,102,102,102,102],"card_choices":[{"not_picked":["Heavy Blade","Thunderclap"],"picked":"ReplayTheSpireMod:LeadingStrike","floor":1.0},{"not_picked":["True Grit","Battle Trance"],"picked":"Feel No Pain","floor":3.0},{"not_picked":["Iron Wave","Pommel Strike"],"picked":"Dual Wield","floor":4.0},{"not_picked":["Warcry","Clothesline"],"picked":"ReplayReversal","floor":7.0},{"not_picked":["Shrug It Off","Flame Barrier"],"picked":"Rage","floor":10},{"not_picked":["Flex","Heavy Blade"],"picked":"Blood for Blood","floor":12},{"not_picked":["Eclipse","Feed"],"picked":"Juggernaut","floor":16},{"not_picked":["Shame","Decay"],"picked":"ReplayTheSpireMod:IOU","floor":17},{"not_picked":["Hallucinations","Doubt"],"picked":"Looming Evil","floor":17},{"not_picked":["Delirium","Amnesia"],"picked":"Clumsy","floor":17},{"not_picked":["Armaments","Iron Wave"],"picked":"Flame Barrier","floor":18},{"not_picked":["Pommel Strike","Clash+1"],"picked":"Metallicize+1","floor":20},{"not_picked":["Twin Strike","Blood for Blood+1"],"picked":"Shrug It Off","floor":22},{"not_picked":["Offering","True Grit"],"picked":"Armaments","floor":24},{"not_picked":["Sever Soul","Massacre"],"picked":"Barricade","floor":29},{"not_picked":["Shrug It Off","Flex"],"picked":"Body Slam+1","floor":30},{"not_picked":["Fiend Fire","Run Through","Heavy Blade"],"picked":"SKIP","floor":32},{"not_picked":["Perfected Strike","Havoc"],"picked":"Headbutt+1","floor":33},{"not_picked":["Brutality","Corruption"],"picked":"Offering","floor":35},{"not_picked":["Flex+1","ReplayTheSpireMod:Muscle Training"],"picked":"Sentinel","floor":37},{"not_picked":["Replay:Bootleg Shield Generator","ReplayTheSpireMod:Uncanny Aura"],"picked":"Bandage Up","floor":38},{"not_picked":["Blind","Madness"],"picked":"Secret Weapon","floor":38},{"not_picked":["Feel No Pain+1","Reckless Charge"],"picked":"True Grit+1","floor":39},{"not_picked":["Iron Wave+1","True Grit"],"picked":"ReplayTheSpireMod:Strike From Hell+1","floor":42},{"not_picked":["Disarm+1","Pommel Strike+1"],"picked":"Armaments+1","floor":43},{"not_picked":["Inflame+1","Cleave"],"picked":"Body Slam+1","floor":46}],"player_experience":248985,"relics_obtained":[{"floor":10,"key":"Lantern"},{"floor":14,"key":"Ring of Hypnosis"},{"floor":14,"key":"ReplayTheSpireMod:Ring of Challenge"},{"floor":24,"key":"Dream Catcher"},{"floor":26,"key":"Bag of Preparation"},{"floor":29,"key":"Champion Belt"},{"floor":32,"key":"Replay:Baseball"},{"floor":40,"key":"Strawberry"},{"floor":45,"key":"White Beast Statue"}],"event_choices":[{"cards_removed":["Strike_R"],"damage_healed":0.0,"max_hp_gain":0.0,"max_hp_loss":0.0,"gold_gain":0.0,"event_name":"Purifier","player_choice":"Purged","floor":2.0,"gold_loss":0.0,"damage_taken":0.0},{"damage_healed":0.0,"max_hp_gain":0.0,"max_hp_loss":0.0,"gold_gain":0.0,"event_name":"FaceTrader","player_choice":"Trade","floor":5.0,"gold_loss":0.0,"damage_taken":0.0,"relics_obtained":["SsserpentHead"]},{"damage_healed":0,"gold_gain":0,"cards_transformed":["Feel No Pain"],"player_choice":"Transformed","damage_taken":0,"max_hp_gain":0,"max_hp_loss":0,"event_name":"Transmorgrifier","floor":11,"gold_loss":0,"cards_obtained":["Cleave"]},{"damage_healed":0,"gold_gain":0,"player_choice":"Ignored","damage_taken":0,"max_hp_gain":0,"max_hp_loss":0,"event_name":"Ghosts","floor":21,"gold_loss":0},{"damage_healed":0,"gold_gain":0,"player_choice":"Memory 2","damage_taken":5,"max_hp_gain":0,"max_hp_loss":0,"event_name":"SensoryStone","floor":38,"gold_loss":0},{"damage_healed":0,"gold_gain":0,"player_choice":"Upgraded","damage_taken":0,"max_hp_gain":0,"max_hp_loss":0,"event_name":"Upgrade Shrine","floor":41,"gold_loss":0,"cards_upgraded":["Sentinel"]},{"damage_healed":0,"gold_gain":0,"player_choice":"Ignored","damage_taken":0,"max_hp_gain":0,"max_hp_loss":0,"event_name":"NoteForYourself","floor":44,"gold_loss":0}],"is_beta":false,"boss_relics":[{"not_picked":["Replay:Drink Me","Busted Crown"],"picked":"Replay:Ancient Bell"},{"not_picked":["MawBank","Orichalcum"],"picked":"War Paint"},{"not_picked":["Replay:Bottled Snecko","Mummified Hand"],"picked":"Darkstone Periapt"},{"not_picked":["StoneCalendar","Replay:Towering Pillar of Hats"],"picked":"Thread and Needle"},{"not_picked":["Cursed Key","ReplayTheSpireMod:DimensionalGlitch"],"picked":"Black Blood"}],"items_purged_floors":[],"is_endless":false,"potions_floor_spawned":[3,7,10,16,20,24,32,42],"killed_by":"Giant Head","ascension_level":0}}