{"host":"0vd2boh2oi7jm085","time":1607939365,"event":{"mods":["BaseMod","Colored Map","Colored Powertips","Highlight Path","Minty Spire (QoL Compilation)","Quick Restart","StSLib","The IronCluck"],"gold_per_floor":[112,127,127,127,72,72,104,117,143,143,176,191,209,209,209,283,283,299,349,349,327,61,61,80,5,51,64,81,81,91,104,104,104,104],"floor_reached":33,"playtime":1042,"items_purged":["Writhe"],"score":572,"play_id":"a8dbbab5-f130-4931-a0fc-52c4d2b9e814","local_time":"20201214014925","is_ascension_mode":true,"campfire_choices":[{"data":"Body Slam","floor":6.0,"key":"SMITH"},{"data":"Armaments","floor":10.0,"key":"SMITH"},{"floor":15.0,"key":"REST"},{"data":"Barricade","floor":23.0,"key":"SMITH"},{"floor":29.0,"key":"REST"},{"floor":32.0,"key":"REST"}],"circlet_count":0,"master_deck":["AscendersBane","Strike_R","Strike_R","Strike_R","Strike_R","Strike_R","Defend_R","Defend_R","Defend_R","Defend_R","Bash","Wild Strike","Body Slam+1","Armaments+1","Seeing Red","Shrug It Off","Iron Wave","Barricade+1","Ghostly Armor","Body Slam","Ghostly Armor"],"relics":["Burning Blood","NeowsBlessing","PreservedInsect","Question Card","Red Skull","Pen Nib","Thread and Needle","Runic Pyramid","Strawberry","Eternal Feather","Regal Pillow"],"acts_visited":["Exordium","TheCity"],"potions_floor_usage":[33],"damage_taken":[{"damage":0.0,"enemies":"Jaw Worm","floor":1.0,"turns":1.0},{"damage":0.0,"enemies":"Small Slimes","floor":2.0,"turns":1.0},{"damage":0.0,"enemies":"3 Sentries","floor":7.0,"turns":1.0},{"damage":2.0,"enemies":"2 Louse","floor":8.0,"turns":2.0},{"damage":30.0,"enemies":"Lagavulin","floor":11.0,"turns":4.0},{"damage":31.0,"enemies":"Exordium Thugs","floor":12.0,"turns":6.0},{"damage":0.0,"enemies":"Large Slime","floor":13.0,"turns":3.0},{"damage":19.0,"enemies":"Slime Boss","floor":16.0,"turns":7.0},{"damage":26.0,"enemies":"Shell Parasite","floor":18.0,"turns":7.0},{"damage":15.0,"enemies":"2 Thieves","floor":21.0,"turns":4.0},{"damage":46.0,"enemies":"Sentry and Sphere","floor":24.0,"turns":12.0},{"damage":14.0,"enemies":"Shelled Parasite and Fungi","floor":27.0,"turns":7.0},{"damage":0.0,"enemies":"Snecko","floor":28.0,"turns":4.0},{"damage":17.0,"enemies":"Centurion and Healer","floor":30.0,"turns":5.0},{"damage":32.0,"enemies":"Chosen and Byrds","floor":31.0,"turns":7.0},{"damage":85,"enemies":"Collector","floor":33,"turns":9}],"seed_played":"-2680624366009156762","potions_obtained":[{"floor":1.0,"key":"BlessingOfTheForge"},{"floor":7.0,"key":"FearPotion"},{"floor":13.0,"key":"ColorlessPotion"},{"floor":21.0,"key":"EntropicBrew"},{"floor":27.0,"key":"Strength Potion"},{"floor":30.0,"key":"DuplicationPotion"}],"is_trial":false,"path_per_floor":["M","M","?","?","$","R","E","M","T","R","E","M","M","?","R","B",null,"M","?","?","M","$","R","M","$","T","M","M","R","M","M","R","B"],"character_chosen":"IRONCLAD","items_purchased":["Armaments","Eternal Feather"],"campfire_rested":3,"item_purchase_floors":[5,22],"current_hp_per_floor":[74,75,75,75,75,75,75,75,75,75,51,26,32,32,54,41,67,47,47,54,45,45,57,17,17,17,9,15,66,55,29,80,0,0],"gold":104,"neow_bonus":"THREE_ENEMY_KILL","is_daily":false,"chose_seed":false,"campfire_upgraded":3,"win_rate":0.0,"timestamp":1607939365,"path_taken":["M","M","?","?","$","R","E","M","T","R","E","M","M","?","R","BOSS","M","?","?","M","$","R","M","?","T","M","M","R","M","M","R","BOSS"],"items_purchased_type":["Card","Relic"],"build_version":"2020-12-13","purchased_purges":1,"victory":false,"max_hp_per_floor":[75,75,75,75,75,75,75,75,75,75,75,75,75,75,75,75,75,75,75,82,82,82,82,82,82,82,82,82,82,82,82,82,82,82],"card_choices":[{"not_picked":["Sword Boomerang","Armaments"],"picked":"Wild Strike","floor":1.0},{"not_picked":["Second Wind","Dual Wield"],"picked":"Body Slam","floor":2.0},{"not_picked":["Perfected Strike","Carnage"],"picked":"Seeing Red","floor":7.0},{"not_picked":["Headbutt","Combust","Pommel Strike","Cleave"],"picked":"SKIP","floor":8.0},{"not_picked":["Twin Strike","Perfected Strike","Intimidate","Rage"],"picked":"SKIP","floor":11.0},{"not_picked":["Wild Strike","Exhume","Sever Soul"],"picked":"Shrug It Off","floor":12.0},{"not_picked":["Rupture","Cleave","Wild Strike"],"picked":"Iron Wave","floor":13.0},{"not_picked":["Bludgeon","Exhume","Immolate"],"picked":"Barricade","floor":16.0},{"not_picked":["Clash","Flex","Pommel Strike"],"picked":"Ghostly Armor","floor":18.0},{"not_picked":["Reaper","Burning Pact","Dark Embrace","Wild Strike"],"picked":"SKIP","floor":21.0},{"not_picked":["Battle Trance","Havoc","Clothesline"],"picked":"Body Slam","floor":24.0},{"not_picked":["Dark Embrace","Flex","Armaments"],"picked":"Ghostly Armor","floor":27.0},{"not_picked":["Shockwave","Brutality","Pommel Strike","Rage+1"],"picked":"SKIP","floor":28.0},{"not_picked":["Spot Weakness","Twin Strike+1","Uppercut","Clash"],"picked":"SKIP","floor":30.0},{"not_picked":["Battle Trance","Corruption","Combust","Sword Boomerang"],"picked":"SKIP","floor":31.0}],"player_experience":83030,"relics_obtained":[{"floor":7.0,"key":"Question Card"},{"floor":9.0,"key":"Red Skull"},{"floor":11.0,"key":"Pen Nib"},{"floor":26.0,"key":"Regal Pillow"}],"event_choices":[{"damage_healed":0.0,"max_hp_gain":0.0,"max_hp_loss":0.0,"gold_gain":0.0,"event_name":"Big Fish","player_choice":"Box","floor":3.0,"gold_loss":0.0,"damage_taken":0.0,"relics_obtained":["PreservedInsect"],"cards_obtained":["Regret"]},{"cards_removed":["Regret"],"damage_healed":0.0,"max_hp_gain":0.0,"max_hp_loss":0.0,"gold_gain":0.0,"event_name":"Living Wall","player_choice":"Forget","floor":4.0,"gold_loss":0.0,"damage_taken":0.0},{"damage_healed":0.0,"max_hp_gain":0.0,"max_hp_loss":0.0,"gold_gain":0.0,"event_name":"WeMeetAgain","player_choice":"Gave Potion","floor":14.0,"gold_loss":0.0,"damage_taken":0.0,"relics_obtained":["Thread and Needle"]},{"damage_healed":0.0,"max_hp_gain":0.0,"max_hp_loss":0.0,"gold_gain":50.0,"event_name":"Nest","player_choice":"Stole From Cult","floor":19.0,"gold_loss":0.0,"damage_taken":0.0},{"damage_healed":0.0,"max_hp_gain":0.0,"max_hp_loss":0.0,"gold_gain":0.0,"event_name":"The Mausoleum","player_choice":"Opened","floor":20.0,"gold_loss":0.0,"damage_taken":0.0,"relics_obtained":["Strawberry"],"cards_obtained":["Writhe"]}],"is_beta":false,"boss_relics":[{"not_picked":["SlaversCollar","Tiny House"],"picked":"Runic Pyramid"}],"items_purged_floors":[25],"is_endless":false,"potions_floor_spawned":[1,7,11,13,21,27,30],"killed_by":"Collector","ascension_level":17}}