{"host":"Á¤±Û¸µ","time":1607964129,"event":{"mods":["AchievementEnabler","BaseMod","Colored Map","DeckTracker","Highlight Path","Keyboard Shortcuts","Minty Spire (QoL Compilation)","Permanent Neow","Quick Restart","Rare Cards Sparkle","StSLib","SuperFastMode","everything is the same but u backflip on backflip"],"gold_per_floor":[111,131,50,50,68,68,68,68,68,78,3,36,55,130,130,227,227,243,443,456,274,285,285,285,285],"floor_reached":24,"playtime":725,"items_purged":["Strike_P","Defend_P"],"score":271,"play_id":"c96d88f7-3423-4375-b962-292fcc3670b2","local_time":"20201215014209","is_ascension_mode":false,"campfire_choices":[{"data":"Adaptation","floor":6.0,"key":"SMITH"},{"data":"Eruption","floor":8.0,"key":"SMITH"},{"data":"Vigilance","floor":15.0,"key":"SMITH"},{"data":"Adaptation","floor":23.0,"key":"SMITH"}],"circlet_count":0,"master_deck":["Strike_P","Strike_P","Strike_P","Defend_P","Defend_P","Eruption+1","Vigilance+1","Adaptation+1","Blasphemy","Adaptation+1"],"relics":["VioletLotus"],"acts_visited":["Exordium","TheCity"],"potions_floor_usage":[],"damage_taken":[{"damage":7.0,"enemies":"Jaw Worm","floor":1.0,"turns":4.0},{"damage":0.0,"enemies":"Cultist","floor":2.0,"turns":3.0},{"damage":0.0,"enemies":"2 Louse","floor":5.0,"turns":1.0},{"damage":8.0,"enemies":"2 Fungi Beasts","floor":10.0,"turns":4.0},{"damage":23.0,"enemies":"3 Sentries","floor":12.0,"turns":6.0},{"damage":12.0,"enemies":"Exordium Thugs","floor":13.0,"turns":5.0},{"damage":0.0,"enemies":"Hexaghost","floor":16.0,"turns":8.0},{"damage":10.0,"enemies":"Spheric Guardian","floor":18.0,"turns":3.0},{"damage":18.0,"enemies":"2 Thieves","floor":20.0,"turns":5.0},{"damage":20.0,"enemies":"Snake Plant","floor":22.0,"turns":3.0},{"damage":21,"enemies":"Book of Stabbing","floor":24,"turns":5}],"seed_played":"-607790588739768615","potions_obtained":[{"floor":5.0,"key":"EntropicBrew"},{"floor":13.0,"key":"Block Potion"},{"floor":20.0,"key":"ColorlessPotion"}],"is_trial":false,"path_per_floor":["M","M","$","?","M","R","?","R","T","M","$","E","M","?","R","B",null,"M","?","M","$","M","R","E"],"character_chosen":"WATCHER","items_purchased":["Adaptation","Adaptation"],"campfire_rested":0,"item_purchase_floors":[3,21],"current_hp_per_floor":[65,65,65,65,65,65,70,70,70,62,62,39,27,16,16,16,77,67,67,49,49,29,29,8,8],"gold":285,"neow_bonus":"BOSS_RELIC","is_daily":false,"chose_seed":false,"campfire_upgraded":4,"win_rate":0.0,"timestamp":1607964129,"path_taken":["M","M","$","?","?","R","?","R","T","M","$","E","M","?","R","BOSS","M","?","M","$","M","R","E"],"items_purchased_type":["Card","Card"],"build_version":"2020-12-07","purchased_purges":2,"victory":false,"max_hp_per_floor":[72,72,72,72,72,72,77,77,77,77,77,77,77,77,77,77,77,77,77,77,77,77,77,77,77],"card_choices":[{"not_picked":["Evaluate","Weave","BowlingBash"],"picked":"SKIP","floor":1.0},{"not_picked":["Perseverance","Meditate","ThirdEye"],"picked":"SKIP","floor":2.0},{"not_picked":["Conclude","FlyingSleeves","Protect"],"picked":"SKIP","floor":5.0},{"not_picked":["BattleHymn","FollowUp","JustLucky"],"picked":"SKIP","floor":10.0},{"not_picked":["FollowUp","Worship","SpiritShield"],"picked":"SKIP","floor":12.0},{"not_picked":["Pray","Consecrate","ClearTheMind"],"picked":"SKIP","floor":13.0},{"not_picked":["Conclude","Halt","CutThroughFate"],"picked":"SKIP","floor":18.0},{"not_picked":["Halt","ClearTheMind","Sanctity"],"picked":"SKIP","floor":20.0},{"not_picked":["BattleHymn","PathToVictory+1","Wireheading"],"picked":"SKIP","floor":22.0}],"player_experience":465039,"relics_obtained":[],"event_choices":[{"damage_healed":0.0,"max_hp_gain":0.0,"max_hp_loss":0.0,"gold_gain":0.0,"cards_transformed":["Defend_P"],"event_name":"Transmorgrifier","player_choice":"Transformed","floor":4.0,"gold_loss":0.0,"damage_taken":0.0,"cards_obtained":["Blasphemy"]},{"damage_healed":0.0,"max_hp_gain":5.0,"max_hp_loss":0.0,"gold_gain":0.0,"event_name":"Big Fish","player_choice":"Donut","floor":7.0,"gold_loss":0.0,"damage_taken":0.0},{"damage_healed":0.0,"max_hp_gain":0.0,"max_hp_loss":0.0,"gold_gain":75.0,"event_name":"World of Goop","player_choice":"Gather Gold","floor":14.0,"gold_loss":0.0,"damage_taken":11.0},{"damage_healed":0.0,"max_hp_gain":0.0,"max_hp_loss":0.0,"gold_gain":200.0,"event_name":"Wheel of Change","player_choice":"Gold","floor":19.0,"gold_loss":0.0,"damage_taken":0.0}],"is_beta":true,"boss_relics":[{"not_picked":["Snecko Eye","Coffee Dripper","SacredBark"]}],"items_purged_floors":[11,21],"is_endless":false,"potions_floor_spawned":[5,13,20],"killed_by":"Book of Stabbing","ascension_level":0}}