{"host":"0cm5wy4nhuju7tij","time":1607921736,"event":{"mods":["2.2 Compatiblity","AchievementEnabler","BaseMod","Better Third Choice","BetterRewards","CCEM","CatGirl Mod","ChefMod","Colored Powertips","Custom Start","Displayed Cursed Tome","Downfall","Filter the Spire","Fireblade Mod","Hermit","Highlight Path","Minty Spire (QoL Compilation)","Permanent Neow","Spicy Shops","StSLib","The Bladedancer"],"gold_per_floor":[117,130,147,165,115,115,146,146,146,160,160,176,196,20,20,116,116,127,127,52,71,71,71,113,142,167,167,167],"floor_reached":27,"playtime":1177,"items_purged":["Shame"],"score":235,"play_id":"00f4aaa7-a014-4f7b-b03e-326ba6bd6170","local_time":"20201213235536","is_ascension_mode":false,"campfire_choices":[{"data":"FireBladeMod:ScorchingStrike","floor":6,"key":"SMITH"},{"data":"FireBladeMod:BasicSmash","floor":8,"key":"SMITH"},{"floor":15,"key":"REST"},{"data":"FireBladeMod:Blitzkreig","floor":23,"key":"SMITH"}],"circlet_count":0,"master_deck":["FireBladeMod:StrikeFireBlade","FireBladeMod:StrikeFireBlade","FireBladeMod:DefendFireBlade","FireBladeMod:DefendFireBlade","FireBladeMod:DefendFireBlade","FireBladeMod:DefendFireBlade","FireBladeMod:FlamingSword","FireBladeMod:FireBarrier","FireBladeMod:BasicSmash+1","FireBladeMod:BackhandSwing","FireBladeMod:ScorchingStrike+1","FireBladeMod:IronEndurance","FireBladeMod:SmashingEndurance","FireBladeMod:ArmSmash+1","FireBladeMod:QuickJabs","FireBladeMod:SmokySwing+1","FireBladeMod:SpinningSmash","FireBladeMod:Blitzkreig+1","FireBladeMod:BackhandSwing","FireBladeMod:Speed","FireBladeMod:GetPumped","FireBladeMod:BasicSmash","FireBladeMod:ArmSmash","FireBladeMod:QuickJabs+1"],"relics":["Busted Crown","Vajra","Sundial","Whetstone","Philosopher\u0027s Stone","Prayer Wheel","CeramicFish","CCEMRelics:FestiveHat"],"acts_visited":["Exordium","TheCity"],"potions_floor_usage":[],"damage_taken":[{"damage":0,"enemies":"Cultist","floor":1,"turns":3},{"damage":0,"enemies":"2 Louse","floor":2,"turns":2},{"damage":3,"enemies":"Small Slimes","floor":3,"turns":2},{"damage":6,"enemies":"Exordium Wildlife","floor":4,"turns":4},{"damage":23,"enemies":"3 Sentries","floor":7,"turns":10},{"damage":2,"enemies":"2 Fungi Beasts","floor":10,"turns":2},{"damage":0,"enemies":"Blue Slaver","floor":12,"turns":2},{"damage":5,"enemies":"Lots of Slimes","floor":13,"turns":3},{"damage":1,"enemies":"Slime Boss","floor":16,"turns":5},{"damage":0,"enemies":"Shell Parasite","floor":18,"turns":3},{"damage":17,"enemies":"3 Byrds","floor":21,"turns":4},{"damage":34,"enemies":"Slavers","floor":24,"turns":3},{"damage":8,"enemies":"Sentry and Sphere","floor":25,"turns":4},{"damage":16,"enemies":"Gremlin Leader","floor":27,"turns":1}],"seed_played":"2030381501989130714","potions_obtained":[{"floor":2,"key":"FireBladeMod:FervorPotion"},{"floor":4,"key":"Guardian:BlockOnCardUsePotion"},{"floor":12,"key":"FireBladeMod:FervorPotion"}],"is_trial":false,"path_per_floor":["M","M","M","M","?","R","E","R","T","M","?","M","M","$","R","B",null,"M","?","$","M","?","R","E","M","T","E"],"character_chosen":"THE_FIREBLADE","items_purchased":["FireBladeMod:SpinningSmash","Whetstone"],"campfire_rested":1,"item_purchase_floors":[14,14],"current_hp_per_floor":[70,70,67,61,61,61,38,38,38,36,36,36,31,31,52,51,70,70,70,70,53,53,53,19,11,11,0,0],"gold":167,"neow_bonus":"BOSS_RELIC","is_daily":false,"chose_seed":false,"campfire_upgraded":3,"win_rate":0.0,"timestamp":1607921736,"path_taken":["M","M","?","M","?","R","E","R","T","M","?","?","M","$","R","BOSS","M","?","$","M","?","R","E","M","T","E"],"items_purchased_type":["Card","Relic"],"build_version":"2020-12-13","purchased_purges":1,"victory":false,"max_hp_per_floor":[70,70,70,70,70,70,70,70,70,70,70,70,70,70,70,70,70,70,70,70,70,70,70,70,70,70,70,70],"card_choices":[{"not_picked":[],"picked":"FireBladeMod:BasicSmash","floor":1},{"not_picked":[],"picked":"FireBladeMod:BackhandSwing","floor":2},{"not_picked":[],"picked":"FireBladeMod:ScorchingStrike","floor":3},{"not_picked":[],"picked":"FireBladeMod:IronEndurance","floor":4},{"not_picked":[],"picked":"FireBladeMod:SmashingEndurance","floor":7},{"not_picked":[],"picked":"FireBladeMod:ArmSmash","floor":10},{"not_picked":[],"picked":"FireBladeMod:QuickJabs","floor":12},{"not_picked":[],"picked":"FireBladeMod:SmokySwing","floor":13},{"not_picked":[],"picked":"FireBladeMod:Blitzkreig","floor":16},{"not_picked":[],"picked":"FireBladeMod:BackhandSwing","floor":18},{"not_picked":[],"picked":"FireBladeMod:Speed","floor":21},{"not_picked":[],"picked":"FireBladeMod:GetPumped","floor":21},{"not_picked":[],"picked":"FireBladeMod:BasicSmash","floor":24},{"not_picked":[],"picked":"FireBladeMod:ArmSmash","floor":25},{"not_picked":[],"picked":"FireBladeMod:QuickJabs+1","floor":25}],"player_experience":194105,"relics_obtained":[{"floor":7,"key":"Vajra"},{"floor":9,"key":"Sundial"},{"floor":24,"key":"CeramicFish"},{"floor":26,"key":"CCEMRelics:FestiveHat"}],"event_choices":[{"cards_removed":["FireBladeMod:StrikeFireBlade"],"damage_healed":0,"gold_gain":0,"player_choice":"Card Removal","damage_taken":0,"max_hp_gain":0,"max_hp_loss":0,"event_name":"The Cleric","floor":5,"gold_loss":50},{"cards_removed":["FireBladeMod:StrikeFireBlade"],"damage_healed":0,"gold_gain":0,"player_choice":"Forget","damage_taken":0,"max_hp_gain":0,"max_hp_loss":0,"event_name":"Living Wall","floor":11,"gold_loss":0},{"damage_healed":0,"gold_gain":0,"player_choice":"Stole Relic","damage_taken":0,"relics_obtained":["Prayer Wheel"],"max_hp_gain":0,"max_hp_loss":0,"event_name":"Addict","floor":19,"gold_loss":0,"cards_obtained":["Shame"]},{"damage_healed":0,"gold_gain":0,"player_choice":"Ignored","damage_taken":0,"max_hp_gain":0,"max_hp_loss":0,"event_name":"Ghosts","floor":22,"gold_loss":0}],"is_beta":false,"boss_relics":[{"not_picked":["Ectoplasm","Runic Dome"],"picked":"Philosopher\u0027s Stone"}],"items_purged_floors":[20],"is_endless":false,"potions_floor_spawned":[2,4,12,18,21],"killed_by":"Gremlin Leader","ascension_level":0}}