{"host":"qwttrqaysb380yri","time":1607977845,"event":{"mods":["BaseMod","Custom Start","Minty Spire (QoL Compilation)","Puzzle Mod","Relic Stats","StSLib","The Cursed","The Hierophant"],"gold_per_floor":[111,111,127,145,142,148,148,182,182,200,227,227,238,238,238,313,313,327,344,357,357,368,368,383,395,395,424,424,424,445,89,89,166,166,190,190,190,219,219,219],"floor_reached":39,"playtime":1329,"items_purged":["hierophant:Strike_Hierophant"],"score":1062,"play_id":"68fdead5-bcd3-4d3b-b41e-88f6865270ff","local_time":"20201214213045","is_ascension_mode":true,"campfire_choices":[{"floor":7,"key":"REST"},{"data":"hierophant:ChurchCoffers","floor":12,"key":"SMITH"},{"floor":15,"key":"REST"},{"floor":23,"key":"REST"},{"floor":28,"key":"REST"},{"floor":32,"key":"REST"}],"circlet_count":0,"master_deck":["AscendersBane","hierophant:Strike_Hierophant","hierophant:Strike_Hierophant","hierophant:Strike_Hierophant","hierophant:Punish","hierophant:Defend_Hierophant","hierophant:Defend_Hierophant","hierophant:Defend_Hierophant","hierophant:Defend_Hierophant","hierophant:ChurchCoffers+1","Enlightenment","hierophant:FlamingChariot","hierophant:HammerAndAnvil","hierophant:Upheaval","hierophant:HammerAndAnvil","hierophant:SealAway","hierophant:DisplayOfPower","hierophant:Zeal","hierophant:Invocation","hierophant:HammerAndAnvil","hierophant:HammerAndAnvil+1","hierophant:Doubloon","hierophant:Refuge+1","hierophant:Shelter","hierophant:Endure","hierophant:OrnateBuckler"],"relics":["hierophant:PropheticMaskRelic","WarpedTongs","Dead Branch","Shuriken","Frozen Egg 2","Pear","Spirit Poop","Cursed Key","White Beast Statue","Juzu Bracelet","Membership Card","Prayer Wheel","Busted Crown"],"acts_visited":["Exordium","TheCity","TheBeyond"],"potions_floor_usage":[13,16,18,19,22,27,27,27,30,33,38,39,39],"damage_taken":[{"damage":0.0,"enemies":"2 Louse","floor":1.0,"turns":1.0},{"damage":4.0,"enemies":"Cultist","floor":3.0,"turns":3.0},{"damage":12.0,"enemies":"Small Slimes","floor":4.0,"turns":3.0},{"damage":1.0,"enemies":"Gremlin Gang","floor":5.0,"turns":4.0},{"damage":16,"enemies":"3 Sentries","floor":6,"turns":5},{"damage":0,"enemies":"Lagavulin","floor":8,"turns":3},{"damage":16,"enemies":"3 Louse","floor":10,"turns":3},{"damage":28,"enemies":"3 Sentries","floor":11,"turns":6},{"damage":8,"enemies":"Exordium Thugs","floor":13,"turns":4},{"damage":20,"enemies":"Hexaghost","floor":16,"turns":3},{"damage":21,"enemies":"3 Byrds","floor":18,"turns":6},{"damage":12,"enemies":"Chosen","floor":19,"turns":2},{"damage":19,"enemies":"Snake Plant","floor":20,"turns":2},{"damage":2,"enemies":"Centurion and Healer","floor":22,"turns":3},{"damage":23,"enemies":"Shelled Parasite and Fungi","floor":24,"turns":3},{"damage":2,"enemies":"3 Cultists","floor":25,"turns":3},{"damage":0,"enemies":"Book of Stabbing","floor":27,"turns":2},{"damage":0,"enemies":"Gremlin Leader","floor":30,"turns":2},{"damage":0,"enemies":"Automaton","floor":33,"turns":4},{"damage":43,"enemies":"3 Darklings","floor":35,"turns":4},{"damage":7,"enemies":"3 Shapes","floor":38,"turns":4},{"damage":24,"enemies":"Writhing Mass","floor":39,"turns":5}],"seed_played":"-6557156242781099","potions_obtained":[{"floor":4.0,"key":"ColorlessPotion"},{"floor":11,"key":"DistilledChaos"},{"floor":13,"key":"EssenceOfSteel"},{"floor":16,"key":"DuplicationPotion"},{"floor":18,"key":"Energy Potion"},{"floor":21,"key":"EntropicBrew"},{"floor":21,"key":"SpeedPotion"},{"floor":24,"key":"Energy Potion"},{"floor":25,"key":"DuplicationPotion"},{"floor":27,"key":"Dexterity Potion"},{"floor":30,"key":"Dexterity Potion"},{"floor":33,"key":"EssenceOfSteel"},{"floor":38,"key":"AttackPotion"}],"is_trial":false,"path_per_floor":["M","?","M","M","M","E","R","E","T","M","E","R","M","?","R","B",null,"M","M","M","?","M","R","M","M","T","E","R","T","E","$","R","B",null,"M","?","?","M","M"],"character_chosen":"HIEROPHANT","items_purchased":["Membership Card","hierophant:OrnateBuckler","Prayer Wheel"],"campfire_rested":5,"item_purchase_floors":[31,31,31],"current_hp_per_floor":[68,68,64,52,51,35,57,57,57,41,23,23,15,15,40,20,69,48,36,17,17,15,40,17,15,15,15,40,40,40,40,65,65,80,37,37,37,30,6,6],"gold":219,"neow_bonus":"RANDOM_COLORLESS","is_daily":false,"chose_seed":false,"campfire_upgraded":1,"win_rate":0.0,"timestamp":1607977845,"path_taken":["M","?","M","M","M","E","R","E","T","?","E","R","M","?","R","BOSS","M","M","?","?","M","R","M","?","T","E","R","?","E","$","R","BOSS","M","?","?","M","M"],"items_purchased_type":["Relic","Card","Relic"],"build_version":"2020-12-13","purchased_purges":1,"victory":false,"max_hp_per_floor":[75,75,75,75,75,75,75,75,75,75,85,85,85,85,85,85,85,85,85,85,85,85,85,85,85,85,85,85,85,85,85,85,85,85,85,85,85,85,85,85],"relic_stats":{"Busted Crown":12,"counters":[22,75],"Shuriken":[13],"Dead Branch":[21],"Prayer Wheel":2,"Juzu Bracelet":0,"Cursed Key":0,"obtain_stats":[{"Pear":11,"hierophant:PropheticMaskRelic":0,"Dead Branch":6,"Spirit Poop":14,"Juzu Bracelet":30,"Frozen Egg 2":9,"Cursed Key":17,"White Beast Statue":27,"WarpedTongs":2,"Busted Crown":34,"Shuriken":8,"Prayer Wheel":31,"Membership Card":31},{"Pear":8,"hierophant:PropheticMaskRelic":0,"Dead Branch":5,"Spirit Poop":9,"Juzu Bracelet":18,"Frozen Egg 2":6,"Cursed Key":10,"White Beast Statue":17,"WarpedTongs":1,"Busted Crown":19,"Shuriken":6,"Prayer Wheel":18,"Membership Card":18},{"Pear":28,"hierophant:PropheticMaskRelic":0,"Dead Branch":16,"Spirit Poop":32,"Juzu Bracelet":58,"Frozen Egg 2":19,"Cursed Key":35,"White Beast Statue":56,"WarpedTongs":1,"Busted Crown":62,"Shuriken":19,"Prayer Wheel":58,"Membership Card":58}],"WarpedTongs":[74]},"card_choices":[{"not_picked":["Blind","Purity"],"picked":"Enlightenment","floor":0.0},{"not_picked":["hierophant:ThreeLashes","hierophant:Encroach"],"picked":"hierophant:FlamingChariot","floor":1.0},{"not_picked":["hierophant:HolyVerse","hierophant:Shelter"],"picked":"hierophant:FlamingChariot","floor":3.0},{"not_picked":["hierophant:Community","hierophant:Chorus"],"picked":"hierophant:HammerAndAnvil","floor":4.0},{"not_picked":["hierophant:Shelter","hierophant:Charity"],"picked":"hierophant:Upheaval","floor":5},{"not_picked":["hierophant:Determination","hierophant:FieryStrike"],"picked":"hierophant:HammerAndAnvil","floor":6},{"not_picked":["hierophant:OrnateJavelin","hierophant:Charity","hierophant:Blessing"],"picked":"SKIP","floor":8},{"not_picked":["hierophant:OrnateBuckler","hierophant:RustyCrate"],"picked":"hierophant:SealAway","floor":10},{"not_picked":["hierophant:Sermon","hierophant:CoinFling"],"picked":"hierophant:DisplayOfPower","floor":11},{"not_picked":["hierophant:Blessing","hierophant:Martyrdom+1"],"picked":"hierophant:Zeal","floor":13},{"not_picked":["hierophant:DeathKnell","hierophant:WrathOfGod"],"picked":"hierophant:Invocation","floor":16},{"not_picked":["hierophant:FieryStrike","hierophant:EyeForCoin","hierophant:RepressedViolence"],"picked":"SKIP","floor":18},{"not_picked":["hierophant:HolyVerse","hierophant:AuricBeam"],"picked":"hierophant:HammerAndAnvil","floor":19},{"not_picked":["hierophant:Remorse+1","hierophant:CoinFling","hierophant:SecretStash"],"picked":"SKIP","floor":20},{"not_picked":["hierophant:Purify+1","hierophant:Mercenaries","hierophant:HolyVerse"],"picked":"SKIP","floor":22},{"not_picked":["hierophant:Doomsaying","hierophant:FaithHealing"],"picked":"hierophant:HammerAndAnvil+1","floor":24},{"not_picked":["hierophant:Purify","hierophant:ThreeLashes+1"],"picked":"hierophant:Refuge+1","floor":25},{"not_picked":["hierophant:Batter","hierophant:SecretStash"],"picked":"hierophant:Shelter","floor":27},{"not_picked":["hierophant:Remorse","hierophant:DisplayOfPower"],"picked":"hierophant:Endure","floor":30},{"not_picked":["hierophant:FlamingChariot+1"],"picked":"SKIP","floor":35},{"not_picked":["hierophant:Blessing"],"picked":"SKIP","floor":35},{"not_picked":["hierophant:WrathOfGod"],"picked":"SKIP","floor":38},{"not_picked":["hierophant:Refuge+1"],"picked":"SKIP","floor":38}],"player_experience":1839755,"relics_obtained":[{"floor":6,"key":"Dead Branch"},{"floor":8,"key":"Shuriken"},{"floor":9,"key":"Frozen Egg 2"},{"floor":11,"key":"Pear"},{"floor":27,"key":"White Beast Statue"},{"floor":30,"key":"Juzu Bracelet"}],"event_choices":[{"damage_healed":0.0,"max_hp_gain":0.0,"max_hp_loss":0.0,"gold_gain":0.0,"event_name":"Accursed Blacksmith","player_choice":"Rummage","floor":2.0,"gold_loss":0.0,"damage_taken":0.0,"relics_obtained":["WarpedTongs"],"cards_obtained":["Pain"]},{"cards_removed":["Pain"],"damage_healed":0,"gold_gain":0,"player_choice":"Offered Curse","damage_taken":0,"relics_obtained":["Spirit Poop"],"max_hp_gain":0,"max_hp_loss":0,"event_name":"Bonfire Elementals","floor":14,"gold_loss":0},{"damage_healed":0,"gold_gain":0,"player_choice":"Got Potions","damage_taken":0,"max_hp_gain":0,"max_hp_loss":0,"event_name":"Lab","floor":21,"gold_loss":0},{"damage_healed":0,"gold_gain":0,"player_choice":"Ignored","damage_taken":0,"max_hp_gain":0,"max_hp_loss":0,"event_name":"Mysterious Sphere","floor":36,"gold_loss":0},{"cards_removed":["hierophant:FlamingChariot"],"damage_healed":0,"gold_gain":0,"player_choice":"Removed Attack","damage_taken":0,"max_hp_gain":0,"max_hp_loss":0,"event_name":"Falling","floor":37,"gold_loss":0}],"is_beta":false,"boss_relics":[{"not_picked":["Velvet Choker","Astrolabe"],"picked":"Cursed Key"},{"not_picked":["Fusion Hammer","Sozu"],"picked":"Busted Crown"}],"items_purged_floors":[31],"is_endless":false,"potions_floor_spawned":[4,11,13,16,18,24,25,27,30,33,35,38],"killed_by":"Writhing Mass","ascension_level":15}}