{"host":"and8eo8sydud92t3","time":1607916952,"event":{"mods":["AchievementEnabler","BaseMod","Bestiary","Colored Map","Colored Powertips","Highlight Path","Minty Spire (QoL Compilation)","Relic Stats","StSLib"],"gold_per_floor":[118,118,133,153,99,129,129,144,144,144,144,157,191,204,204,204,204],"floor_reached":16,"playtime":384,"items_purged":[],"score":129,"play_id":"5ca2e3eb-85a1-43b1-8e53-43afaf26682c","local_time":"20201213223552","is_ascension_mode":true,"campfire_choices":[{"floor":7,"key":"REST"},{"floor":10,"key":"REST"},{"floor":15,"key":"REST"}],"circlet_count":0,"master_deck":["Strike_R","Strike_R","Strike_R","Strike_R","Strike_R","Defend_R","Defend_R","Defend_R","Defend_R","Bash","Clash","Sword Boomerang","Sword Boomerang","Thunderclap","Sword Boomerang","Clash","Metallicize","Thunderclap"],"relics":["Burning Blood","Ice Cream","CultistMask","Bottled Flame","Mummified Hand"],"acts_visited":["Exordium"],"potions_floor_usage":[12,13,13,13,14,16],"damage_taken":[{"damage":15,"enemies":"Small Slimes","floor":1,"turns":3},{"damage":11,"enemies":"Cultist","floor":3,"turns":4},{"damage":8,"enemies":"2 Louse","floor":4,"turns":2},{"damage":55,"enemies":"3 Sentries","floor":6,"turns":9},{"damage":19,"enemies":"Large Slime","floor":8,"turns":5},{"damage":14,"enemies":"3 Louse","floor":12,"turns":2},{"damage":17,"enemies":"Lagavulin","floor":13,"turns":4},{"damage":13,"enemies":"Exordium Thugs","floor":14,"turns":3},{"damage":43,"enemies":"Hexaghost","floor":16,"turns":9}],"seed_played":"7481549875676503969","potions_obtained":[{"floor":1,"key":"EntropicBrew"},{"floor":13,"key":"Explosive Potion"},{"floor":14,"key":"SteroidPotion"}],"is_trial":false,"path_per_floor":["M","?","M","M","$","E","R","M","T","R","$","M","E","M","R","B"],"character_chosen":"IRONCLAD","items_purchased":["Thunderclap"],"campfire_rested":3,"item_purchase_floors":[5],"current_hp_per_floor":[63,63,58,56,56,7,28,15,15,36,36,28,26,19,40,0,0],"gold":204,"neow_bonus":"ONE_RARE_RELIC","is_daily":false,"chose_seed":false,"campfire_upgraded":0,"win_rate":0.0,"timestamp":1607916952,"path_taken":["M","?","M","?","?","E","R","M","T","R","$","M","E","M","R","BOSS"],"items_purchased_type":["Card"],"build_version":"2020-12-13","purchased_purges":0,"victory":false,"max_hp_per_floor":[72,72,72,72,72,72,72,72,72,72,72,72,72,72,72,72,72],"relic_stats":{"counters":[9,41],"Mummified Hand":[2],"obtain_stats":[{"Ice Cream":0,"Bottled Flame":6,"Mummified Hand":13,"CultistMask":2,"Burning Blood":0},{"Ice Cream":0,"Bottled Flame":4,"Mummified Hand":7,"CultistMask":1,"Burning Blood":0},{"Ice Cream":0,"Bottled Flame":18,"Mummified Hand":29,"CultistMask":3,"Burning Blood":0}],"Burning Blood":48},"card_choices":[{"not_picked":["Blood for Blood","Sword Boomerang"],"picked":"Clash","floor":1},{"not_picked":["Warcry","Shrug It Off"],"picked":"Sword Boomerang","floor":3},{"not_picked":["Feel No Pain","Warcry"],"picked":"Sword Boomerang","floor":4},{"not_picked":["Impervious","Burning Pact"],"picked":"Sword Boomerang","floor":6},{"not_picked":["Flame Barrier","Flex"],"picked":"Clash","floor":8},{"not_picked":["Blood for Blood","Wild Strike","Burning Pact"],"picked":"SKIP","floor":12},{"not_picked":["Twin Strike","Flex"],"picked":"Metallicize","floor":13},{"not_picked":["Pummel","Body Slam"],"picked":"Thunderclap","floor":14}],"player_experience":367743,"relics_obtained":[{"floor":6,"key":"Bottled Flame"},{"floor":13,"key":"Mummified Hand"}],"event_choices":[{"damage_healed":0,"gold_gain":0,"player_choice":"Trade","damage_taken":0,"relics_obtained":["CultistMask"],"max_hp_gain":0,"max_hp_loss":0,"event_name":"FaceTrader","floor":2,"gold_loss":0}],"is_beta":false,"boss_relics":[],"items_purged_floors":[],"is_endless":false,"potions_floor_spawned":[1,12,13,14],"killed_by":"Hexaghost","ascension_level":3}}