{"host":"1c52r9kaxdyo25eq","time":1607962766,"event":{"mods":["AchievementEnabler","BaseMod","Minty Spire (QoL Compilation)","Rare Cards Sparkle","SuperFastMode","everything is the same but u backflip on backflip"],"gold_per_floor":[364,213,213,213,213,213,257,257,283,40,40,61,76,112,112,112,112],"floor_reached":16,"playtime":280,"items_purged":["Injury","Strike_R"],"score":127,"play_id":"8bfcdfad-3ece-4c3f-ad10-021b4c2b3f9b","local_time":"20201215011926","is_ascension_mode":true,"campfire_choices":[{"data":"Shockwave","floor":6,"key":"SMITH"},{"data":"Whirlwind","floor":11,"key":"SMITH"},{"floor":15,"key":"REST"}],"circlet_count":0,"master_deck":["Strike_R","Strike_R","Strike_R","Strike_R","Defend_R","Defend_R","Defend_R","Bash","Whirlwind+1","Shockwave+1","Second Wind"],"relics":["Burning Blood","Golden Idol","Bag of Preparation","Juzu Bracelet","Omamori","The Courier"],"acts_visited":["Exordium"],"potions_floor_usage":[14,16],"damage_taken":[{"damage":1,"enemies":"Cultist","floor":1,"turns":3},{"damage":62,"enemies":"Lagavulin","floor":7,"turns":9},{"damage":5,"enemies":"Small Slimes","floor":12,"turns":2},{"damage":0,"enemies":"2 Louse","floor":13,"turns":1},{"damage":24,"enemies":"Gremlin Nob","floor":14,"turns":4},{"damage":35,"enemies":"Hexaghost","floor":16,"turns":9}],"seed_played":"9194073855090052004","potions_obtained":[{"floor":12,"key":"LiquidBronze"},{"floor":13,"key":"PowerPotion"}],"is_trial":false,"path_per_floor":["M","$","?","?","?","R","E","?","T","$","R","M","M","E","R","B"],"character_chosen":"IRONCLAD","items_purchased":["Shockwave","Omamori"],"campfire_rested":1,"item_purchase_floors":[2,10],"current_hp_per_floor":[80,80,73,73,73,73,17,41,41,41,41,42,48,30,52,17,17],"gold":112,"neow_bonus":"TWO_FIFTY_GOLD","is_daily":false,"chose_seed":false,"campfire_upgraded":2,"win_rate":0.0,"timestamp":1607962766,"path_taken":["M","?","?","?","?","R","E","?","T","$","R","M","M","E","R","BOSS"],"items_purchased_type":["Card","Relic"],"build_version":"2020-12-13","purchased_purges":2,"victory":false,"max_hp_per_floor":[80,80,80,80,74,74,74,74,74,74,74,74,74,74,74,74,74],"card_choices":[{"not_picked":["Perfected Strike","Sentinel"],"picked":"Whirlwind","floor":1},{"not_picked":["Hemokinesis","Reckless Charge","Power Through"],"picked":"SKIP","floor":7},{"not_picked":["Headbutt","Feel No Pain","Evolve"],"picked":"SKIP","floor":12},{"not_picked":["Havoc","Perfected Strike"],"picked":"Second Wind","floor":13},{"not_picked":["Sword Boomerang","Twin Strike","Headbutt"],"picked":"SKIP","floor":14},{"not_picked":["Sword Boomerang","Twin Strike","Headbutt"],"picked":"SKIP","floor":14}],"player_experience":477537,"relics_obtained":[{"floor":7,"key":"Bag of Preparation"},{"floor":9,"key":"Juzu Bracelet"},{"floor":14,"key":"The Courier"}],"event_choices":[{"cards_removed":["Defend_R"],"damage_healed":0,"gold_gain":0,"player_choice":"Card Removal","damage_taken":7,"max_hp_gain":0,"max_hp_loss":0,"event_name":"Golden Wing","floor":3,"gold_loss":0},{"damage_healed":0,"gold_gain":0,"player_choice":"Ignored","damage_taken":0,"max_hp_gain":0,"max_hp_loss":0,"event_name":"Liars Game","floor":4,"gold_loss":0},{"damage_healed":0,"gold_gain":0,"player_choice":"Lose Max HP","damage_taken":0,"relics_obtained":["Golden Idol"],"max_hp_gain":0,"max_hp_loss":6,"event_name":"Golden Idol","floor":5,"gold_loss":0},{"damage_healed":24,"gold_gain":0,"player_choice":"Banana","damage_taken":0,"max_hp_gain":0,"max_hp_loss":0,"event_name":"Big Fish","floor":8,"gold_loss":0}],"is_beta":false,"boss_relics":[],"items_purged_floors":[2,10],"is_endless":false,"potions_floor_spawned":[12,13],"killed_by":"Hexaghost","ascension_level":4}}