{"host":"df9o10zwd5ba1nc2","time":1607976414,"event":{"mods":["AchievementEnabler","Aspiration","Bard","BaseMod","Beaked The Cultist","Better Altar","Better Match","Better Note","Better Sensory Stone","Better Skull","Better Third Choice","BetterRewards","CCEM","Clawfect","Colored Map","Conspire","Downfall","GifTheSpireLib","Halation","Hermit","Highlight Path","Hubris","Hunter ??","Infinite Spire","Jedi Mod","Jorbs\u0027s Wanderer Trilogy","Mad Scientist","Marisa????????","Mimic Mod","Minty Spire (QoL Compilation)","Permanent Neow","Replay The Spire","Shade Mod","Shop Mod","Spicy Shops","StSLib","Stuff the Spire","The Administrix","The Animator","The Blackbeard","The Bug Knight","The Construct","The Cursed","The Disciple","The Gatherer","The Hierophant","The IronCluck","The Jungle","The Mystic","The Necromancer","The Problem Sleuth","The Runesmith","The Servant 0.9.4","The Spell Scribe","The Witch","Unceasing Turn Reminder","UnlockEverythingMod","everything is the same but u backflip on backflip","slay the spire mod where everything is the same but ironclad has a cowboy hat"],"gold_per_floor":[111,111,126,21,40,67,31,41,41,58,58,58,73,93,93,196,196,214,214,214,246,246,279,291,323,360,376,411,268,287,306,306,403,403,403],"floor_reached":34,"playtime":3462,"items_purged":[],"score":514,"play_id":"e8db7f15-7db0-40df-b80f-4e1778ded0db","local_time":"20201214150654","is_ascension_mode":false,"campfire_choices":[{"data":"jedi:strikingstrike","floor":11,"key":"SMITH"},{"floor":15,"key":"REST"},{"floor":32,"key":"REST"}],"circlet_count":0,"master_deck":["Strike_R","Strike_R","Strike_R","Strike_R","Strike_R","Defend_R","Defend_R","Defend_R","Defend_R","Bash","expansioncontent:DefensiveStance","Cleave","Twin Strike","Feel No Pain","Armaments","Iron Wave","jedi:strikingstrike+1","True Grit","True Grit","Pommel Strike","Clothesline","Wild Strike","Rampage","Barricade","Shrug It Off+1","ReplayTheSpireMod:Corrosion Curse","infinitespire:Collect","Headbutt","Heavy Blade","StuffTheSpire:Incineration","Wild Strike+1","ReplayTheSpireMod:Strike From Hell","Flame Barrier","StuffTheSpire:Slingshot+1","StuffTheSpire:RagingBull","Exhume"],"relics":["Burning Blood","Replay:Ringing Soul","ReplayTheSpireMod:TigerMarble","Pet Ghost","Tiny Chest","Busted Crown","Onion Ring","StuffTheSpire:RubySignet","Orichalcum","CCEMRelics:Francisca","Replay:Accelerometer","StuffTheSpire:Gunfinga","Magic Flower","ChewingGum"],"acts_visited":["Exordium","Exordium","TheBeyond"],"potions_floor_usage":[3,6,16,18,21,23,23,33,33,33],"damage_taken":[{"damage":4,"enemies":"2 Louse","floor":1,"turns":4},{"damage":11,"enemies":"Jaw Worm","floor":3,"turns":2},{"damage":1,"enemies":"Cultist","floor":5,"turns":4},{"damage":16,"enemies":"Gremlin Nob","floor":6,"turns":6},{"damage":0,"enemies":"Large Slime","floor":8,"turns":6},{"damage":13,"enemies":"2 Fungi Beasts","floor":10,"turns":4},{"damage":0,"enemies":"Exordium Thugs","floor":13,"turns":4},{"damage":6,"enemies":"3 Louse","floor":14,"turns":2},{"damage":13,"enemies":"Fading Forest","floor":16,"turns":11},{"damage":15,"enemies":"theJungle:MUSHROOMGANG","floor":18,"turns":5},{"damage":5,"enemies":"theJungle:GiantWrat","floor":21,"turns":3},{"damage":0,"enemies":"theJungle:2_Phrogs","floor":23,"turns":9},{"damage":13,"enemies":"theJungle:GiantWrat","floor":24,"turns":3},{"damage":45,"enemies":"theJungle:Cassacara","floor":25,"turns":9},{"damage":14,"enemies":"theJungle:JungleHuntersEncounter","floor":26,"turns":8},{"damage":20,"enemies":"theJungle:JungleHuntersEncounter","floor":27,"turns":8},{"damage":29,"enemies":"theJungle:2_Phrogs","floor":28,"turns":9},{"damage":6,"enemies":"theJungle:Snecko_Cultist_And_Trap","floor":30,"turns":4},{"damage":0,"enemies":"theJungle:Lyon","floor":31,"turns":1},{"damage":132,"enemies":"theJungle:TotemBoss","floor":33,"turns":12}],"seed_played":"-4721294440102068514","potions_obtained":[{"floor":1,"key":"jedi:StrikingPotion"},{"floor":3,"key":"sneckomod:MuddlingPotion"},{"floor":13,"key":"Fire Potion"},{"floor":16,"key":"SkillPotion"},{"floor":18,"key":"Strength Potion"},{"floor":27,"key":"Languid Potion"},{"floor":30,"key":"SneckoOil"},{"floor":31,"key":"sneckomod:MuddlingPotion"},{"floor":33,"key":"Fire Potion"}],"is_trial":false,"path_per_floor":["M","?","M","$","M","E","$","M","T","M","R","?","M","M","R","B",null,"M","?","?","MIM","AVR","E","M","E","MIM","M","E","$","M","M","R","B",null],"character_chosen":"IRONCLAD","items_purchased":["Feel No Pain","Armaments","True Grit","Magic Flower"],"campfire_rested":2,"item_purchase_floors":[4,4,7,29],"current_hp_per_floor":[80,80,75,75,80,73,76,85,85,81,81,17,26,29,58,54,101,95,95,87,107,110,113,109,74,69,58,38,38,44,56,96,15,138,138],"gold":403,"neow_bonus":"RANDOM_COLORLESS","is_daily":false,"chose_seed":false,"campfire_upgraded":1,"win_rate":0.0,"timestamp":1607976414,"path_taken":["M","?","M","?","?","E","?","M","T","M","R","?","M","?","R","BOSS","M","?","?","?","AVR","E","M","E","MIM","M","E","$","M","M","R","BOSS"],"items_purchased_type":["Card","Card","Card","Relic"],"build_version":"2020-12-13","purchased_purges":0,"victory":false,"max_hp_per_floor":[80,80,80,80,80,83,86,89,89,92,92,92,95,98,98,101,101,104,104,104,107,110,113,116,120,123,126,129,129,132,135,135,138,138,138],"card_choices":[{"not_picked":["expansioncontent:TimeRipple","StuffTheSpire:FreeRealEstate"],"picked":"expansioncontent:DefensiveStance","floor":0},{"not_picked":["Thunderclap","Replay:Undeath\u0027s Touch"],"picked":"Cleave","floor":1},{"not_picked":["Rupture","Entrench"],"picked":"Twin Strike","floor":3},{"not_picked":["Twin Strike","Blood for Blood"],"picked":"Iron Wave","floor":5},{"not_picked":["Whirlwind","Body Slam"],"picked":"jedi:strikingstrike","floor":6},{"not_picked":["StuffTheSpire:BloodClot","Sentinel"],"picked":"Pommel Strike","floor":8},{"not_picked":["StuffTheSpire:Incineration","True Grit"],"picked":"Clothesline","floor":10},{"not_picked":["ReplayTheSpireMod:Corrosion Curse","StuffTheSpire:Slingshot"],"picked":"Wild Strike","floor":13},{"not_picked":["StuffTheSpire:Pyroclast","StuffTheSpire:RockThrow"],"picked":"Rampage","floor":14},{"not_picked":["Immolate","conspire:Purge"],"picked":"Barricade","floor":16},{"not_picked":[],"picked":"Shrug It Off+1","floor":18},{"not_picked":[],"picked":"ReplayTheSpireMod:Corrosion Curse","floor":21},{"not_picked":[],"picked":"Headbutt","floor":23},{"not_picked":[],"picked":"Heavy Blade","floor":24},{"not_picked":[],"picked":"StuffTheSpire:Incineration","floor":25},{"not_picked":[],"picked":"Wild Strike+1","floor":26},{"not_picked":[],"picked":"ReplayTheSpireMod:Strike From Hell","floor":27},{"not_picked":[],"picked":"Flame Barrier","floor":28},{"not_picked":[],"picked":"StuffTheSpire:Slingshot+1","floor":30},{"not_picked":[],"picked":"StuffTheSpire:RagingBull","floor":31},{"not_picked":[],"picked":"Exhume","floor":33}],"player_experience":18764,"relics_obtained":[{"floor":6,"key":"Replay:Ringing Soul"},{"floor":21,"key":"Onion Ring"},{"floor":23,"key":"Orichalcum"},{"floor":25,"key":"CCEMRelics:Francisca"},{"floor":26,"key":"Replay:Accelerometer"},{"floor":28,"key":"StuffTheSpire:Gunfinga"}],"event_choices":[{"damage_healed":0,"gold_gain":0,"player_choice":"Ignored","damage_taken":111,"max_hp_gain":0,"max_hp_loss":0,"event_name":"betterThird:BetterSerpent","floor":2,"gold_loss":0},{"damage_healed":0,"gold_gain":0,"player_choice":"RE RE RE ","damage_taken":70,"relics_obtained":["ReplayTheSpireMod:TigerMarble","Pet Ghost","Tiny Chest"],"max_hp_gain":0,"max_hp_loss":0,"event_name":"betterSkull:BetterSkull","floor":12,"gold_loss":0,"cards_upgraded":[]},{"damage_healed":0,"gold_gain":0,"player_choice":"Ignored","damage_taken":0,"max_hp_gain":0,"max_hp_loss":0,"event_name":"betterNote:BetterNote","floor":19,"gold_loss":0,"cards_obtained":["Iron Wave"]}],"is_beta":false,"boss_relics":[{"not_picked":["halation:Risk","aspiration:PoetsPen_weak"],"picked":"Busted Crown"},{"not_picked":["Runic Pyramid","hubris:HollowSoul"],"picked":"ChewingGum"}],"items_purged_floors":[],"is_endless":false,"potions_floor_spawned":[1,3,13,16,18,27,30,31,33],"ascension_level":0}}