{"host":"5dk97cf2ubw2v967","time":1607910693,"event":{"mods":["AlwaysNeverKeys","BaseMod","Better Altar","Better Vampires","Block Reminder","Colored Powertips","Downfall","Googly Eyes","Highlight Path","Minty Spire (QoL Compilation)","Permanent Neow","Potion Indicator Mod","Quick Restart","Relic Filter","Relic Stats","Say the Spire","Spicy Shops","StSLib","Waifu the Spire","everything is the same but u backflip on backflip"],"gold_per_floor":[114,128,138,155,171,171,171,203,203,203,234,251,280,291,291,362,362,379,410,429,429,448,448,479,479,528,548,548,21,56,56,56],"floor_reached":31,"playtime":1215,"items_purged":["Writhe"],"score":594,"play_id":"3da744a1-3a1d-4dc0-86db-89490df58a05","local_time":"20201214015133","is_ascension_mode":true,"campfire_choices":[{"data":"Bouncing Flask","floor":6,"key":"SMITH"},{"data":"Eviscerate","floor":10,"key":"SMITH"},{"data":"Noxious Fumes","floor":15,"key":"SMITH"},{"data":"Glass Knife","floor":23,"key":"SMITH"},{"data":"Bouncing Flask","floor":25,"key":"SMITH"}],"circlet_count":0,"master_deck":["AscendersBane","Strike_G","Strike_G","Strike_G","Strike_G","Strike_G","Defend_G","Defend_G","Defend_G","Defend_G","Defend_G","Survivor","Neutralize","Clumsy","All Out Attack","Eviscerate+1","Underhanded Strike","Bouncing Flask+1","Deadly Poison","Glass Knife+1","Noxious Fumes+1","Backstab","Corpse Explosion","Dagger Throw","Bouncing Flask+1","Deadly Poison+1","Leg Sweep+1"],"relics":["Ring of the Snake","The Specimen","Eternal Feather","Incense Burner","Pantograph","Akabeko","Ancient Tea Set","HoveringKite","Red Mask","Potion Belt","Strawberry","MealTicket","CaptainsWheel","Mummified Hand"],"acts_visited":["Exordium","TheCity"],"potions_floor_usage":[8,11,13,13,19,22,24,30,31],"damage_taken":[{"damage":3,"enemies":"Cultist","floor":1,"turns":4},{"damage":2,"enemies":"Small Slimes","floor":2,"turns":4},{"damage":1,"enemies":"2 Louse","floor":3,"turns":3},{"damage":0,"enemies":"2 Fungi Beasts","floor":4,"turns":4},{"damage":1,"enemies":"3 Louse","floor":5,"turns":3},{"damage":17,"enemies":"Lagavulin","floor":8,"turns":5},{"damage":11,"enemies":"Gremlin Nob","floor":11,"turns":3},{"damage":0,"enemies":"Lots of Slimes","floor":12,"turns":1},{"damage":11,"enemies":"Lagavulin","floor":13,"turns":4},{"damage":0,"enemies":"2 Fungi Beasts","floor":14,"turns":2},{"damage":33,"enemies":"Slime Boss","floor":16,"turns":7},{"damage":10,"enemies":"2 Thieves","floor":18,"turns":3},{"damage":18,"enemies":"Masked Bandits","floor":19,"turns":3},{"damage":0,"enemies":"Chosen","floor":20,"turns":3},{"damage":13,"enemies":"Centurion and Healer","floor":22,"turns":3},{"damage":22,"enemies":"Slavers","floor":24,"turns":5},{"damage":0,"enemies":"Cultist and Chosen","floor":27,"turns":3},{"damage":33,"enemies":"Book of Stabbing","floor":30,"turns":5},{"damage":8,"enemies":"Shelled Parasite and Fungi","floor":31,"turns":2}],"seed_played":"-6129361723700821707","potions_obtained":[{"floor":2,"key":"DuplicationPotion"},{"floor":4,"key":"Strength Potion"},{"floor":11,"key":"champ:CounterPotion"},{"floor":12,"key":"SteroidPotion"},{"floor":18,"key":"Fire Potion"},{"floor":20,"key":"hexamod:EctoCoolerPotion"},{"floor":22,"key":"Block Potion"}],"is_trial":false,"path_per_floor":["M","M","M","M","M","R","?","E","T","R","E","M","E","M","R","B",null,"M","?","M","?","M","R","E","R","T","M","?","$","E","M"],"character_chosen":"THE_SILENT","items_purchased":["CaptainsWheel","Dexterity Potion","Weak Potion"],"campfire_rested":0,"item_purchase_floors":[29,29,29],"current_hp_per_floor":[56,54,53,53,52,52,52,35,35,44,33,33,22,22,34,26,56,46,28,28,28,15,30,15,30,30,30,30,45,12,4,4],"gold":56,"neow_bonus":"ONE_RARE_RELIC","is_daily":false,"chose_seed":false,"campfire_upgraded":5,"win_rate":0.0,"timestamp":1607910693,"path_taken":["M","?","M","M","M","R","?","E","T","R","E","M","E","M","R","BOSS","M","?","M","?","M","R","E","R","T","M","?","$","E","M"],"items_purchased_type":["Relic","Potion","Potion"],"build_version":"2020-12-13","purchased_purges":1,"victory":false,"max_hp_per_floor":[66,66,66,66,66,66,66,66,66,66,66,66,66,66,66,66,66,66,66,66,66,66,66,73,73,73,73,73,73,73,73,73],"relic_stats":{"counters":[19,67],"Mummified Hand":[0],"Pantograph":25,"HoveringKite":[10],"Eternal Feather":51,"MealTicket":15,"obtain_stats":[{"Potion Belt":21,"The Specimen":0,"HoveringKite":17,"Eternal Feather":7,"Incense Burner":8,"Ancient Tea Set":13,"Akabeko":11,"CaptainsWheel":29,"Mummified Hand":30,"Pantograph":9,"Strawberry":24,"MealTicket":26,"Red Mask":19,"Ring of the Snake":0},{"Potion Belt":14,"The Specimen":0,"HoveringKite":11,"Eternal Feather":5,"Incense Burner":6,"Ancient Tea Set":9,"Akabeko":7,"CaptainsWheel":17,"Mummified Hand":18,"Pantograph":6,"Strawberry":16,"MealTicket":16,"Red Mask":13,"Ring of the Snake":0},{"Potion Belt":49,"The Specimen":0,"HoveringKite":40,"Eternal Feather":18,"Incense Burner":23,"Ancient Tea Set":31,"Akabeko":26,"CaptainsWheel":60,"Mummified Hand":65,"Pantograph":23,"Strawberry":57,"MealTicket":57,"Red Mask":46,"Ring of the Snake":0}],"Ring of the Snake":[38]},"card_choices":[{"not_picked":["PiercingWail","Outmaneuver"],"picked":"All Out Attack","floor":1},{"not_picked":["Bane","Prepared"],"picked":"Eviscerate","floor":2},{"not_picked":["Caltrops","Endless Agony"],"picked":"Deflect","floor":3},{"not_picked":["Quick Slash","Eviscerate"],"picked":"Underhanded Strike","floor":4},{"not_picked":["Masterful Stab","Outmaneuver"],"picked":"Bouncing Flask","floor":5},{"not_picked":["Flechettes","Endless Agony"],"picked":"Deadly Poison","floor":8},{"not_picked":["Expertise","Choke"],"picked":"Glass Knife","floor":11},{"not_picked":["Underhanded Strike","Finisher"],"picked":"Noxious Fumes","floor":12},{"not_picked":["Dodge and Roll","Slice"],"picked":"Backstab","floor":13},{"not_picked":["PiercingWail","Flying Knee","Slice"],"picked":"SKIP","floor":14},{"not_picked":["After Image","Glass Knife"],"picked":"Corpse Explosion","floor":16},{"not_picked":["Sucker Punch+1","Heel Hook"],"picked":"Dagger Throw","floor":18},{"not_picked":["Blade Dance+1","Poisoned Stab"],"picked":"Bouncing Flask","floor":20},{"not_picked":["Dodge and Roll","Glass Knife"],"picked":"Deadly Poison+1","floor":22},{"not_picked":["Cloak And Dagger","Prepared"],"picked":"Leg Sweep+1","floor":24},{"not_picked":["Terror","Masterful Stab","PiercingWail"],"picked":"SKIP","floor":27},{"not_picked":["Slice","Dagger Throw","Prepared"],"picked":"SKIP","floor":30}],"player_experience":1237437,"relics_obtained":[{"floor":8,"key":"Incense Burner"},{"floor":9,"key":"Pantograph"},{"floor":11,"key":"Akabeko"},{"floor":13,"key":"Ancient Tea Set"},{"floor":19,"key":"Red Mask"},{"floor":24,"key":"Strawberry"},{"floor":26,"key":"MealTicket"},{"floor":30,"key":"Mummified Hand"}],"event_choices":[{"cards_removed":["Deflect"],"damage_healed":0,"gold_gain":0,"player_choice":"Gave Card","damage_taken":0,"relics_obtained":["Eternal Feather"],"max_hp_gain":0,"max_hp_loss":0,"event_name":"WeMeetAgain","floor":7,"gold_loss":0},{"damage_healed":0,"gold_gain":0,"player_choice":"Fought Bandits","damage_taken":0,"max_hp_gain":0,"max_hp_loss":0,"event_name":"Masked Bandits","floor":19,"gold_loss":0},{"damage_healed":0,"gold_gain":0,"player_choice":"Opened","damage_taken":0,"relics_obtained":["Potion Belt"],"max_hp_gain":0,"max_hp_loss":0,"event_name":"The Mausoleum","floor":21,"gold_loss":0,"cards_obtained":["Writhe"]},{"damage_healed":0,"gold_gain":0,"player_choice":"Ignored","damage_taken":0,"max_hp_gain":0,"max_hp_loss":0,"event_name":"Vampires","floor":28,"gold_loss":0}],"is_beta":false,"boss_relics":[{"not_picked":["Busted Crown","Ring of the Serpent"],"picked":"HoveringKite"}],"items_purged_floors":[29],"is_endless":false,"potions_floor_spawned":[2,4,5,11,12,18,20,22],"killed_by":"Shelled Parasite and Fungi","ascension_level":20}}