{"host":"gbop6m4qugddaz18","time":1607973696,"event":{"mods":["2.2 Compatiblity","BaseMod","Better Third Choice","Block Reminder","Downfall","GifTheSpireLib","Highlight Path","Minty Spire (QoL Compilation)","Replay The Spire","StSLib"],"gold_per_floor":[99,274,274,285,285,303,303,316,316,343,356,366,379,379,391,486,486,486,486,515,532,532,532],"floor_reached":22,"playtime":866,"items_purged":[],"score":206,"play_id":"89e9503c-8bb4-4fe3-8e5f-a06f0cda06a4","local_time":"20201214142136","is_ascension_mode":false,"campfire_choices":[{"data":"hexamod:Float","floor":1,"key":"SMITH"},{"data":"hexamod:Sear","floor":3,"key":"SMITH"},{"data":"hexamod:DynamicBlow","floor":5,"key":"SMITH"},{"data":"hexamod:Incineration","floor":9,"key":"SMITH"},{"data":"hexamod:VolcanoVisage","floor":18,"key":"SMITH"}],"circlet_count":0,"master_deck":["hexamod:Strike","hexamod:Strike","hexamod:Strike","hexamod:Strike","hexamod:Defend","hexamod:Defend","hexamod:Defend","hexamod:Defend","hexamod:Sear+1","hexamod:Float+1","Doubt","hexamod:DynamicBlow+1","hexamod:Incineration+1","hexamod:PhantomFireball","hexamod:FlamesFromBeyond","hexamod:GhostOfSpirePresent+1","hexamod:StepThrough","hexamod:FirstSeal","hexamod:Firestarter","hexamod:VolcanoVisage+1","hexamod:SoulSteal+1","hexamod:FirstSeal"],"relics":["hexamod:SpiritBrand","CaptainsWheel","Pear","Art of War","Honey Jar","Toy Ornithopter","Chameleon Ring"],"acts_visited":["Exordium","TheCity"],"potions_floor_usage":[16,16,16],"damage_taken":[{"damage":0,"enemies":"Jaw Worm","floor":4,"turns":3},{"damage":0,"enemies":"Cultist","floor":6,"turns":3},{"damage":2,"enemies":"Small Slimes","floor":8,"turns":3},{"damage":12,"enemies":"Lagavulin","floor":10,"turns":6},{"damage":3,"enemies":"Red Slaver","floor":11,"turns":4},{"damage":1,"enemies":"Large Slime","floor":12,"turns":4},{"damage":7,"enemies":"3 Louse","floor":13,"turns":5},{"damage":6,"enemies":"Blue Slaver","floor":15,"turns":2},{"damage":7,"enemies":"downfall:Watcher","floor":16,"turns":7},{"damage":32,"enemies":"Book of Stabbing","floor":20,"turns":5},{"damage":24,"enemies":"3 Byrds","floor":21,"turns":4},{"damage":38,"enemies":"Gremlin Leader","floor":22,"turns":3}],"seed_played":"-1501917180848861666","potions_obtained":[{"floor":6,"key":"Swift Potion"},{"floor":10,"key":"Flashbang"},{"floor":11,"key":"LiquidBronze"},{"floor":12,"key":"Block Potion"}],"is_trial":false,"path_per_floor":["R","?","R","M","R","M","T","M","R","E","M","M","M","?","M","B",null,"R","T","E","M","E"],"character_chosen":"THE_SPIRIT","items_purchased":[],"campfire_rested":0,"item_purchase_floors":[],"current_hp_per_floor":[63,63,63,63,63,63,73,71,71,59,56,55,48,48,49,49,73,73,73,48,31,0,0],"gold":532,"neow_bonus":"ONE_RARE_RELIC","is_daily":false,"chose_seed":false,"campfire_upgraded":5,"win_rate":0.0,"timestamp":1607973696,"path_taken":["R","?","R","M","R","M","T","M","R","E","M","M","M","?","M","BOSS","R","?","E","M","E"],"items_purchased_type":[],"build_version":"2020-12-13","purchased_purges":0,"victory":false,"max_hp_per_floor":[63,63,63,63,63,63,73,73,73,73,73,73,73,73,73,73,73,73,73,73,73,73,73],"card_choices":[{"not_picked":["hexamod:FastForward","hexamod:RainOfEmbers"],"picked":"hexamod:DynamicBlow","floor":4},{"not_picked":["hexamod:ChargedBarrage","hexamod:GhostOfSpireFuture"],"picked":"hexamod:Incineration","floor":6},{"not_picked":["hexamod:RecurringNightmare","hexamod:BacktrackSmack"],"picked":"hexamod:PhantomFireball","floor":8},{"not_picked":["hexamod:Rewind","hexamod:NightmareGuise"],"picked":"hexamod:FlamesFromBeyond","floor":10},{"not_picked":["hexamod:Hexaguard","hexamod:AdvancingGuard"],"picked":"hexamod:GhostOfSpirePresent","floor":11},{"not_picked":["hexamod:RainOfEmbers","hexamod:InspiringFlames"],"picked":"hexamod:StepThrough","floor":12},{"not_picked":["hexamod:RainOfEmbers","hexamod:BurningTouch"],"picked":"hexamod:FirstSeal","floor":13},{"not_picked":["hexamod:HauntingEcho","hexamod:GhostShield"],"picked":"hexamod:Firestarter","floor":15},{"not_picked":["hexamod:WildfireWeapon","hexamod:GhostflameInferno"],"picked":"hexamod:VolcanoVisage","floor":16},{"not_picked":["hexamod:ThermalTransfer","hexamod:NecessarySacrifice","hexamod:RainOfEmbers"],"picked":"hexamod:SoulSteal+1","floor":20},{"not_picked":["hexamod:NecessarySacrifice","hexamod:EmpoweredFlame","hexamod:SpectersWail"],"picked":"hexamod:FirstSeal","floor":21}],"player_experience":406409,"relics_obtained":[{"floor":7,"key":"Pear"},{"floor":10,"key":"Art of War"},{"floor":19,"key":"Toy Ornithopter"},{"floor":20,"key":"Chameleon Ring"}],"event_choices":[{"damage_healed":0,"gold_gain":0,"player_choice":"Upgraded","damage_taken":0,"max_hp_gain":0,"max_hp_loss":0,"event_name":"Upgrade Shrine","floor":14,"gold_loss":0,"cards_upgraded":["hexamod:GhostOfSpirePresent"]}],"is_beta":false,"boss_relics":[{"not_picked":["Replay:Drink Me","Snecko Eye"],"picked":"Honey Jar"}],"items_purged_floors":[],"is_endless":false,"potions_floor_spawned":[6,10,11,12,15],"killed_by":"Gremlin Leader","ascension_level":0}}