{"host":"yy8mitdds7tg9c5m","time":1607987746,"event":{"mods":["Act Like it!","AlwaysNeverKeys","BaseMod","Better Note","Better Third Choice","Duelist Mod","GifTheSpireLib","Minty Spire (QoL Compilation)","Permanent Neow","Quick Restart","StSLib","egg"],"gold_per_floor":[142,159,84,0,0,0,20,55,79,110,110,144,144,144,144,217,217,231,248,263,139,149,175,175,175,243,243,243,243,243],"floor_reached":29,"playtime":1363,"items_purged":["Doubt","theDuelist:ShallowGrave+1"],"score":618,"play_id":"095ce1cd-fdca-4b6d-bd03-794661138eee","local_time":"20201214191546","is_ascension_mode":true,"campfire_choices":[{"data":"Apotheosis","floor":6.0,"key":"SMITH"},{"data":"Madness","floor":11,"key":"SMITH"},{"floor":13,"key":"REST"},{"data":"theDuelist:Nameless:Power:AssaultArmor","floor":15,"key":"SMITH"},{"data":"theDuelist:SuperheavySoulshield","floor":25,"key":"SMITH"},{"data":"theDuelist:SuperheavySoulshield","floor":27,"key":"SMITH"}],"circlet_count":0,"master_deck":["theDuelist:Nameless:Power:AssaultArmor+1","Madness+1","Apotheosis+1","theDuelist:CastleWalls","theDuelist:Sparks","theDuelist:Raigeki+1","Enlightenment","theDuelist:CastleWalls","theDuelist:Sparks","AscendersBane","theDuelist:SuperheavySoulshield+1","theDuelist:SuperheavySoulshield+1","theDuelist:SuperheavySoulshield+1","theDuelist:SuperheavySoulbuster","theDuelist:SuperheavyScales","theDuelist:SuperheavyScales","theDuelist:SuperheavyFlutist","theDuelist:SuperheavyBenkei","theDuelist:SuperheavySoulbuster","theDuelist:Relinkuriboh","theDuelist:CrimsonKnightVampire","theDuelist:VampireLady+1"],"relics":["theDuelist:MillenniumPuzzle","theDuelist:CardPoolRelic","theDuelist:CardPoolBasicRelic","theDuelist:BoosterPackPoolRelic","theDuelist:CardPoolAddRelic","theDuelist:CardPoolMinusRelic","theDuelist:CardPoolSaveRelic","theDuelist:CardPoolOptionsRelic","Oddly Smooth Stone","Omamori","Letter Opener","Paper Crane","Calling Bell","War Paint","Mummified Hand","Lizard Tail","theDuelist:Monsterbox","StoneCalendar","Strawberry","Ornamental Fan"],"acts_visited":["Exordium","TheCity"],"potions_floor_usage":[10,10,10,16,23],"damage_taken":[{"damage":0.0,"enemies":"Cultist","floor":1.0,"turns":3.0},{"damage":0.0,"enemies":"Jaw Worm","floor":2.0,"turns":3.0},{"damage":0.0,"enemies":"Small Slimes","floor":7.0,"turns":2.0},{"damage":0.0,"enemies":"3 Sentries","floor":8.0,"turns":2.0},{"damage":0,"enemies":"Lagavulin","floor":10,"turns":3},{"damage":22,"enemies":"3 Sentries","floor":12,"turns":5},{"damage":10,"enemies":"Hexaghost","floor":16,"turns":8},{"damage":0,"enemies":"Chosen","floor":18,"turns":3},{"damage":2,"enemies":"Spheric Guardian","floor":19,"turns":3},{"damage":0,"enemies":"Centurion and Healer","floor":20,"turns":4},{"damage":8,"enemies":"Snake Plant","floor":22,"turns":8},{"damage":6,"enemies":"Book of Stabbing","floor":23,"turns":6},{"damage":24,"enemies":"Gremlin Leader","floor":29,"turns":4}],"seed_played":"5700818326590865408","potions_obtained":[{"floor":7.0,"key":"theDuelist:FusionPotion"},{"floor":8.0,"key":"EntropicBrew"},{"floor":12,"key":"theDuelist:VoidBottle"},{"floor":18,"key":"FearPotion"},{"floor":20,"key":"theDuelist:FlamingBottle"}],"is_trial":false,"path_per_floor":["M","M","$","?","?","R","M","E","T","E","R","E","R","?","R","B",null,"M","M","M","$","M","E","?","R","T","R","?","E"],"character_chosen":"THE_DUELIST","items_purchased":["theDuelist:Monsterbox","theDuelist:Relinkuriboh"],"campfire_rested":1,"item_purchase_floors":[21,21],"current_hp_per_floor":[63,63,63,69,78,78,78,78,78,78,78,56,81,81,81,71,82,82,80,80,80,72,66,73,73,73,73,73,49,49],"gold":243,"neow_bonus":"RANDOM_COLORLESS_2","is_daily":false,"chose_seed":false,"campfire_upgraded":5,"win_rate":0.0,"timestamp":1607987746,"path_taken":["M","?","$","?","?","R","?","E","T","E","R","E","R","?","R","BOSS","M","?","M","$","M","E","?","R","T","R","?","E"],"items_purchased_type":["Relic","Card"],"build_version":"2020-12-13","purchased_purges":2,"victory":false,"max_hp_per_floor":[70,70,70,76,85,85,85,85,85,85,85,85,85,85,85,85,85,85,85,85,85,85,85,92,92,92,92,92,92,92],"card_choices":[{"not_picked":["theDuelist:Blockman","Magnetism"],"picked":"Apotheosis","floor":0.0},{"not_picked":["theDuelist:VampireFraulein","theDuelist:VendreadCore","theDuelist:VendreadBattlelord","theDuelist:GhostrickSkeleton","theDuelist:GhostrickGhoul"],"picked":"SKIP","floor":1.0},{"not_picked":["theDuelist:GoblinZombie","theDuelist:IlBlud","theDuelist:FiendMegacyber","theDuelist:CheerfulCoffin","theDuelist:VisionFusion"],"picked":"SKIP","floor":2.0},{"not_picked":["theDuelist:ShadowVampire","theDuelist:VendreadRevenants","theDuelist:VendreadHoundhorde","theDuelist:GhostrickJiangshi"],"picked":"theDuelist:GhostrickWarwolf","floor":7.0},{"not_picked":["theDuelist:InstantFusion","theDuelist:FusionGuard"],"picked":"theDuelist:ArchfiendGeneral","floor":8.0},{"not_picked":["theDuelist:VendreadDaybreak","theDuelist:Scapeghost","theDuelist:DecayedCommander"],"picked":"SKIP","floor":10},{"not_picked":["theDuelist:FortressWarrior","theDuelist:DarkCreator","theDuelist:EarthGiant","theDuelist:ReinforcementsArmy","theDuelist:PowerGiant"],"picked":"SKIP","floor":12},{"not_picked":["theDuelist:VendreadStriges","theDuelist:VendreadDaybreak","theDuelist:RobbinZombie","theDuelist:MayakashiWinter"],"picked":"theDuelist:OverpoweringEye","floor":16},{"not_picked":["theDuelist:GhostrickYeti","theDuelist:GhostrickWarwolf+1","theDuelist:GhostrickSpecter","theDuelist:GhostrickMummy"],"picked":"theDuelist:GhostrickAlucard","floor":18},{"not_picked":["theDuelist:FortressWarrior","theDuelist:WingedKuriboh","theDuelist:PowerGiant+1","theDuelist:LightningVortex"],"picked":"theDuelist:Raigeki+1","floor":19},{"not_picked":["theDuelist:Zombyra","theDuelist:UmbralHorrorUniform","theDuelist:MechMoleZombie","theDuelist:DarkFusion"],"picked":"theDuelist:VampireLady","floor":20},{"not_picked":["theDuelist:FearFromDark","theDuelist:GhostSister","theDuelist:GhostrickJackfrost","theDuelist:Wightmare"],"picked":"theDuelist:CrimsonKnightVampire","floor":22},{"not_picked":["theDuelist:SummonedSkull","theDuelist:NecroworldBanshee","theDuelist:Wightmare+1","theDuelist:RedEyesZombie"],"picked":"theDuelist:VampireLady+1","floor":23}],"player_experience":260516,"relics_obtained":[{"floor":8.0,"key":"Oddly Smooth Stone"},{"floor":9.0,"key":"Omamori"},{"floor":10,"key":"Letter Opener"},{"floor":12,"key":"Paper Crane"},{"floor":17,"key":"War Paint"},{"floor":17,"key":"Mummified Hand"},{"floor":17,"key":"Lizard Tail"},{"floor":23,"key":"StoneCalendar"},{"floor":26,"key":"Ornamental Fan"}],"event_choices":[{"damage_healed":0.0,"max_hp_gain":0.0,"max_hp_loss":0.0,"gold_gain":0.0,"event_name":"betterThird:BetterSerpent","player_choice":"RENOUNCE","floor":4.0,"gold_loss":84.0,"damage_taken":84.0,"cards_obtained":["Enlightenment"]},{"power_reward":4.0,"total_magic_score":11.0,"gold_gain":0.0,"duelist":true,"damage_taken":0.0,"relics_obtained":[],"points":16.0,"war_reward":4.0,"max_hp_gain":9.0,"max_hp_loss":0.0,"spent_points":{"magic":0.0,"greed":0.0,"war":4.0,"power":4.0,"hunger":4.0},"event_name":"Nameless Tomb","hunger_reward":4.0,"floor":5.0,"gold_loss":0.0,"cards_obtained":["theDuelist:Nameless:Power:AssaultArmor","theDuelist:Gandora"]},{"damage_healed":0,"gold_gain":0,"player_choice":"Leave","duelist":true,"damage_taken":0,"max_hp_gain":0,"max_hp_loss":0,"event_name":"Tomb of the Nameless","floor":14,"gold_loss":0},{"damage_healed":0,"gold_gain":0,"player_choice":"Opened","damage_taken":0,"relics_obtained":["Strawberry"],"max_hp_gain":0,"max_hp_loss":0,"event_name":"The Mausoleum","floor":24,"gold_loss":0,"cards_obtained":["Writhe"]},{"cards_removed":["theDuelist:OverpoweringEye"],"damage_healed":0,"gold_gain":0,"player_choice":"Card Removal","damage_taken":0,"max_hp_gain":0,"max_hp_loss":0,"event_name":"Wheel of Change","floor":28,"gold_loss":0}],"is_beta":false,"boss_relics":[{"not_picked":["Sozu","Coffee Dripper"],"picked":"Calling Bell"}],"items_purged_floors":[3,21],"is_endless":false,"potions_floor_spawned":[7,8,12,18,20,22],"killed_by":"Gremlin Leader","ascension_level":20}}