{"host":"erxdo5czqejbiu49","time":1607906126,"event":{"mods":["Act Like it!","Aspiration","BaseMod","Better Third Choice","Conspire","Downfall-Rebalance","Elementarium","Hermit","Hubris","Minty Spire (QoL Compilation)","Replay The Spire","Shop Mod","StSLib","The Hierophant"],"gold_per_floor":[109,168,168,168,168,225,275,275,312,368,368,368,7,71,71,101,101,63,63],"floor_reached":18,"playtime":1082,"items_purged":[],"score":135,"play_id":"01b76c2d-8b80-4d8f-9a1e-ca37ebc347fe","local_time":"20201213193526","is_ascension_mode":false,"campfire_choices":[{"data":"hierophant:Doomsaying","floor":8,"key":"SMITH"},{"floor":17,"key":"DIG"}],"circlet_count":0,"master_deck":["hierophant:Strike_Hierophant","hierophant:Strike_Hierophant","hierophant:Strike_Hierophant","hierophant:Strike_Hierophant","hierophant:Punish","hierophant:Defend_Hierophant","hierophant:Defend_Hierophant","hierophant:Defend_Hierophant","hierophant:Defend_Hierophant","hierophant:ChurchCoffers","hierophant:SecretStash","hierophant:Doomsaying+1","hierophant:OrnateBuckler","hierophant:Doubloon","hierophant:Remorse","hierophant:Smite","hierophant:Doubloon","hierophant:CoinFling","hierophant:MorningPrayer","hierophant:CoinFling","hierophant:Doubloon","hierophant:AuricBeam","Dark Shackles","hierophant:Doubloon","hierophant:CursedGold"],"relics":["hierophant:PropheticMaskRelic","NeowsBlessing","Question Card","hubris:MysteriousPyramids","hubris:OldNail","aspiration:ChemicalBlood","Regal Pillow","Dream Catcher","hubris:HerbalPaste","hubris:Macrotransations","MerchantsRug","Oddly Smooth Stone","Nunchaku"],"acts_visited":["Exordium"],"potions_floor_usage":[18,18,18,18],"damage_taken":[{"damage":0,"enemies":"Small Slimes","floor":1,"turns":1},{"damage":0,"enemies":"conspire:MimicChest","floor":6,"turns":1},{"damage":2,"enemies":"conspire:RoseBush","floor":7,"turns":1},{"damage":20,"enemies":"3 Sentries","floor":9,"turns":8},{"damage":0,"enemies":"2 Louse","floor":10,"turns":1},{"damage":0,"enemies":"2 Fungi Beasts","floor":14,"turns":3},{"damage":0,"enemies":"Exordium Thugs","floor":16,"turns":4},{"damage":26,"enemies":"Slime Boss","floor":18,"turns":10}],"seed_played":"-9047486033393384748","potions_obtained":[{"floor":6,"key":"Dexterity Potion"},{"floor":10,"key":"SpeedPotion"},{"floor":16,"key":"Block Potion"}],"is_trial":false,"path_per_floor":["M","?","PTL","PTL","?","?","M","R","E","M","T","$","$","M","?","M","R","B"],"character_chosen":"HIEROPHANT","items_purchased":["Regal Pillow","Dream Catcher","hubris:HerbalPaste","hubris:Macrotransations","MerchantsRug","hierophant:CoinFling","Oddly Smooth Stone"],"campfire_rested":0,"item_purchase_floors":[12,12,12,12,13,13,13],"current_hp_per_floor":[75,75,75,75,75,75,73,73,53,53,53,4,4,10,10,16,16,0,0],"gold":63,"neow_bonus":"THREE_ENEMY_KILL","is_daily":false,"chose_seed":false,"campfire_upgraded":1,"win_rate":0.0,"timestamp":1607906126,"path_taken":["M","?","PTL","PTL","?","?","?","R","E","M","T","?","$","M","?","?","R","BOSS"],"items_purchased_type":["Relic","Relic","Relic","Relic","Relic","Card","Relic"],"build_version":"2020-12-13","purchased_purges":0,"victory":false,"max_hp_per_floor":[75,75,75,75,75,75,75,75,75,75,75,75,75,75,75,75,75,75,75],"card_choices":[{"not_picked":["hierophant:Encroach","hierophant:FlamingChariot"],"picked":"hierophant:SecretStash","floor":1},{"not_picked":["hierophant:PassingBell","hierophant:ThreeLashes"],"picked":"hierophant:Doomsaying","floor":2},{"not_picked":["hierophant:HammerAndAnvil","hierophant:Mercenaries"],"picked":"hierophant:OrnateBuckler","floor":2},{"not_picked":["hierophant:Bribe","hierophant:Empathy","hierophant:FieryStrike"],"picked":"hierophant:Remorse","floor":6},{"not_picked":["hierophant:ArchangelShield","hierophant:Sermon","hierophant:Racketeering"],"picked":"hierophant:Smite","floor":7},{"not_picked":["hierophant:Upheaval","hierophant:Martyrdom","hierophant:LocustPlague"],"picked":"hierophant:CoinFling","floor":9},{"not_picked":["hierophant:SolarFlare","hierophant:Embezzle","hierophant:HammerAndAnvil"],"picked":"hierophant:MorningPrayer","floor":10},{"not_picked":["hierophant:Zeal","hierophant:Refuge","hierophant:HolyVerse"],"picked":"hierophant:AuricBeam","floor":14},{"not_picked":["hierophant:DisplayOfPower","hierophant:FieryStrike","hierophant:ConvertCurrency"],"picked":"hierophant:CursedGold","floor":16}],"player_experience":379873,"relics_obtained":[{"floor":2,"key":"Question Card"},{"floor":6,"key":"hubris:MysteriousPyramids"},{"floor":9,"key":"hubris:OldNail"},{"floor":11,"key":"aspiration:ChemicalBlood"},{"floor":17,"key":"Nunchaku"}],"event_choices":[{"damage_healed":0,"gold_gain":0,"player_choice":"1 cards matched","damage_taken":0,"max_hp_gain":0,"max_hp_loss":0,"event_name":"Match and Keep!","floor":15,"gold_loss":0,"cards_obtained":["Dark Shackles"]}],"is_beta":false,"boss_relics":[],"items_purged_floors":[],"is_endless":false,"potions_floor_spawned":[6,10,16],"killed_by":"Slime Boss","ascension_level":0}}