{"host":"16je3t89sok2dgub","time":1607927605,"event":{"mods":["BaseMod","Better Altar","Better Match","Better Sensory Stone","Better Skull","Better Third Choice","Colored Map","Downfall","Hermit","Jorbs\u0027s Wanderer Trilogy","Minty Spire (QoL Compilation)","Permanent Neow","Relic Stats","StSLib","The Mystic","The Poker Player","The Runesmith","The Showman","The Spell Scribe","TheBandit","Trackpad"],"gold_per_floor":[99,111,103,123,18,53,53,53,80,5,155,48,70,96,116,228,228,78,99,99,141,163,163,190,190,266,266,366,366,444,294,421,530,530,530,205,215,229,249,249,274,274,321,349,364,364,469,153,170,170,170],"floor_reached":50,"playtime":3086,"items_purged":["hexamod:Strike","Slimebound:Icky","hexamod:SecondSeal","Parasite"],"score":521,"play_id":"b22ba26b-08e0-4c25-bea4-50ca57eb25ad","local_time":"20201214003325","is_ascension_mode":false,"campfire_choices":[{"floor":1.0,"key":"RECALL"},{"data":"hexamod:Float","floor":8.0,"key":"SMITH"},{"data":"hexamod:Firestarter","floor":10.0,"key":"SMITH"},{"data":"hexamod:ExtraCrispy","floor":18.0,"key":"SMITH"},{"data":"expansioncontent:DefensiveStance","floor":23.0,"key":"SMITH"},{"floor":25.0,"key":"REST"},{"data":"hexamod:EmpoweredFlame","floor":27.0,"key":"SMITH"},{"data":"hexamod:VolcanoVisage","floor":35.0,"key":"SMITH"},{"data":"Sadistic Nature","floor":40.0,"key":"SMITH"},{"data":"hexamod:WildfireWeapon","floor":42.0,"key":"SMITH"}],"circlet_count":0,"master_deck":["hexamod:Strike","hexamod:Strike","hexamod:Strike","hexamod:Defend","hexamod:Defend","hexamod:Defend","hexamod:Sear","hexamod:Float+1","hexamod:FirstSeal","hexamod:HauntingEcho","hexamod:Firestarter+1","hexamod:ExtraCrispy+1","hexamod:EmpoweredFlame+1","expansioncontent:DefensiveStance+1","hexamod:FirstSeal","hexamod:FlamesFromBeyond","hexamod:VolcanoVisage+1","CurseOfTheBell","Sadistic Nature+1","hexamod:WildfireWeapon+1","hexamod:FirstSeal","hexamod:RetreatToShadows+1"],"relics":["hexamod:SpiritBrand","hexamod:MatchstickCase","downfall:HeartBlessingRed","Sozu","downfall:HeartBlessingGreen","downfall:HeartBlessingBlue","trackpad:HandOfMidas","trackpad:CultistFigurine","Calling Bell","Runesmith:Nanobots","Ice Cream","trackpad:AdjectivePendant","Centennial Puzzle","InkBottle","Medical Kit"],"acts_visited":["Exordium","TheCity","TheBeyond"],"potions_floor_usage":[],"damage_taken":[{"damage":0.0,"enemies":"Small Slimes","floor":2.0,"turns":3.0},{"damage":0.0,"enemies":"2 Louse","floor":4.0,"turns":3.0},{"damage":0.0,"enemies":"downfall:FleeingMerchant","floor":5.0,"turns":4.0},{"damage":35.0,"enemies":"3 Sentries","floor":6.0,"turns":12.0},{"damage":0.0,"enemies":"Jaw Worm","floor":9.0,"turns":3.0},{"damage":15.0,"enemies":"downfall:FleeingMerchant","floor":12.0,"turns":4.0},{"damage":5.0,"enemies":"Exordium Wildlife","floor":13.0,"turns":3.0},{"damage":7.0,"enemies":"3 Louse","floor":14.0,"turns":3.0},{"damage":8.0,"enemies":"Gremlin Gang","floor":15.0,"turns":6.0},{"damage":24.0,"enemies":"downfall:Ironclad","floor":16.0,"turns":7.0},{"damage":6.0,"enemies":"Shell Parasite","floor":19.0,"turns":6.0},{"damage":30.0,"enemies":"Slavers","floor":21.0,"turns":6.0},{"damage":20.0,"enemies":"Chosen and Byrds","floor":22.0,"turns":8.0},{"damage":10.0,"enemies":"Snake Plant","floor":26.0,"turns":3.0},{"damage":13.0,"enemies":"Centurion and Healer","floor":30.0,"turns":6.0},{"damage":11.0,"enemies":"Snecko","floor":32.0,"turns":4.0},{"damage":59.0,"enemies":"downfall:Silent","floor":33.0,"turns":9.0},{"damage":0.0,"enemies":"downfall:FleeingMerchant","floor":36.0,"turns":4.0},{"damage":0.0,"enemies":"3 Shapes","floor":37.0,"turns":5.0},{"damage":4.0,"enemies":"Orb Walker","floor":38.0,"turns":3.0},{"damage":3.0,"enemies":"Writhing Mass","floor":39.0,"turns":5.0},{"damage":10.0,"enemies":"Jaw Worm Horde","floor":43.0,"turns":4.0},{"damage":78.0,"enemies":"Reptomancer","floor":44.0,"turns":8.0},{"damage":18.0,"enemies":"Sphere and 2 Shapes","floor":45.0,"turns":6.0},{"damage":11,"enemies":"Writhing Mass","floor":47,"turns":4},{"damage":0,"enemies":"downfall:FleeingMerchant","floor":48,"turns":4},{"damage":35,"enemies":"Maw","floor":49,"turns":6},{"damage":69,"enemies":"downfall:Defect","floor":50,"turns":7}],"seed_played":"-4274661846834720261","potions_obtained":[{"floor":2.0,"key":"Energy Potion"},{"floor":6.0,"key":"Guardian:BlockOnCardUsePotion"},{"floor":13.0,"key":"SteroidPotion"}],"is_trial":false,"path_per_floor":["R","M","?","M","$","E","T","R","M","R","?","$","M","M","M","B",null,"R","M","?","E","M","R","T","R","M","R","?","?","M","?","M","B",null,"R","$","M","M","M","R","T","R","M","E","M","?","M","$","M","B"],"character_chosen":"THE_SPIRIT","items_purchased":["hexamod:Firestarter","Sadistic Nature","Medical Kit"],"campfire_rested":1,"item_purchase_floors":[5,36,48],"current_hp_per_floor":[70,70,70,70,70,42,42,42,49,49,49,41,43,43,42,18,70,80,80,80,57,44,44,44,68,65,65,65,65,66,90,86,41,90,90,90,90,90,90,90,90,90,90,26,22,79,79,76,62,0,0],"gold":170,"neow_bonus":"REMOVE_CARD","is_daily":false,"chose_seed":false,"campfire_upgraded":8,"win_rate":0.0,"timestamp":1607927605,"path_taken":["R","M","?","M","$","E","T","R","M","R","?","?","?","M","M","BOSS","R","M","?","E","M","R","T","R","M","R","?","?","M","?","M","BOSS","R","$","M","M","M","R","T","R","?","E","M","?","M","$","M","BOSS"],"items_purchased_type":["Card","Card","Relic"],"build_version":"2020-12-13","purchased_purges":4,"victory":false,"max_hp_per_floor":[70,70,70,70,70,70,70,70,70,70,70,70,70,70,70,70,70,80,80,80,80,80,80,80,80,80,80,80,80,80,90,90,90,90,90,90,90,90,90,90,90,90,90,90,90,79,79,76,76,76,76],"relic_stats":{"Sozu":5,"Centennial Puzzle":[18],"counters":[28,146],"Medical Kit":[0],"obtain_stats":[{"Ice Cream":34,"Runesmith:Nanobots":34,"downfall:HeartBlessingRed":10,"trackpad:HandOfMidas":21,"downfall:HeartBlessingGreen":18,"Medical Kit":48,"hexamod:MatchstickCase":6,"Sozu":17,"Calling Bell":34,"Centennial Puzzle":41,"downfall:HeartBlessingBlue":18,"trackpad:AdjectivePendant":34,"trackpad:CultistFigurine":24,"hexamod:SpiritBrand":0,"InkBottle":44},{"Ice Cream":17,"Runesmith:Nanobots":17,"downfall:HeartBlessingRed":5,"trackpad:HandOfMidas":12,"downfall:HeartBlessingGreen":10,"Medical Kit":26,"hexamod:MatchstickCase":4,"Sozu":10,"Calling Bell":17,"Centennial Puzzle":21,"downfall:HeartBlessingBlue":10,"trackpad:AdjectivePendant":17,"trackpad:CultistFigurine":13,"hexamod:SpiritBrand":0,"InkBottle":23},{"Ice Cream":90,"Runesmith:Nanobots":90,"downfall:HeartBlessingRed":25,"trackpad:HandOfMidas":60,"downfall:HeartBlessingGreen":48,"Medical Kit":133,"hexamod:MatchstickCase":22,"Sozu":48,"Calling Bell":90,"Centennial Puzzle":107,"downfall:HeartBlessingBlue":48,"trackpad:AdjectivePendant":90,"trackpad:CultistFigurine":68,"hexamod:SpiritBrand":0,"InkBottle":119}],"InkBottle":[10]},"card_choices":[{"not_picked":["hexamod:Hexaguard","hexamod:SwordOfDarkness"],"picked":"hexamod:FirstSeal","floor":2.0},{"not_picked":["hexamod:Firestarter","hexamod:Rewind"],"picked":"hexamod:HauntingEcho","floor":4.0},{"not_picked":["hexamod:GhostShield","hexamod:SkipABeat","hexamod:Haunt"],"picked":"SKIP","floor":5.0},{"not_picked":["hexamod:FourthSeal","hexamod:RecurringNightmare","hexamod:HeatCrush"],"picked":"SKIP","floor":6.0},{"not_picked":["hexamod:SpectersWail","hexamod:Rewind","hexamod:BurningTouch"],"picked":"SKIP","floor":9.0},{"not_picked":["hexamod:Firestarter","hexamod:GhostShield","hexamod:NightmareGuise"],"picked":"SKIP","floor":12.0},{"not_picked":["hexamod:RecurringNightmare","hexamod:GiftsFromTheDead"],"picked":"hexamod:ExtraCrispy","floor":13.0},{"not_picked":["hexamod:HauntingEcho","hexamod:GhostOfSpirePresent"],"picked":"hexamod:EmpoweredFlame","floor":14.0},{"not_picked":["hexamod:BurningTouch","hexamod:RainOfEmbers","hexamod:NightmareGuise"],"picked":"SKIP","floor":15.0},{"not_picked":["hexamod:FirstSeal","hexamod:GhostOfSpirePresent","hexamod:Rewind"],"picked":"SKIP","floor":19.0},{"not_picked":["expansioncontent:SlimeTackle","Purity"],"picked":"expansioncontent:DefensiveStance","floor":20.0},{"not_picked":["hexamod:InspiringFlames","hexamod:SkipABeat"],"picked":"hexamod:FirstSeal","floor":21.0},{"not_picked":["hexamod:GhostLash","hexamod:FastForward","hexamod:RetreatToShadows"],"picked":"SKIP","floor":22.0},{"not_picked":["hexamod:NightmareGuise","hexamod:RainOfEmbers+1","hexamod:NightmareStrike"],"picked":"SKIP","floor":26.0},{"not_picked":["hexamod:BurningTouch","hexamod:PhantomFireball","hexamod:SwordOfDarkness"],"picked":"SKIP","floor":30.0},{"not_picked":["hexamod:NightmareStrike","hexamod:GhostLash"],"picked":"hexamod:FlamesFromBeyond","floor":32.0},{"not_picked":["hexamod:EmpoweringStance","hexamod:CrushingStance"],"picked":"hexamod:VolcanoVisage","floor":33.0},{"not_picked":["hexamod:ShieldOfDarkness","hexamod:Haunt+1","hexamod:RainOfEmbers"],"picked":"SKIP","floor":36.0},{"not_picked":["hexamod:EmpoweredFlame+1","hexamod:RainOfEmbers","hexamod:BurningTouch+1"],"picked":"SKIP","floor":37.0},{"not_picked":["hexamod:Hexaguard+1","hexamod:ShieldOfDarkness"],"picked":"hexamod:WildfireWeapon","floor":38.0},{"not_picked":["hexamod:NightmareGuise","hexamod:FastForward+1","hexamod:RainOfEmbers"],"picked":"SKIP","floor":39.0},{"not_picked":["hexamod:FifthSeal","hexamod:HeatCrush","hexamod:ShieldOfDarkness"],"picked":"SKIP","floor":43.0},{"not_picked":["hexamod:SwordOfDarkness","hexamod:BurningTouch+1","hexamod:AdvancingGuard"],"picked":"SKIP","floor":44.0},{"not_picked":["hexamod:HauntingEcho+1","hexamod:InspiringFlames+1"],"picked":"hexamod:FirstSeal","floor":45.0},{"not_picked":["hexamod:InspiringFlames+1","hexamod:TurnItUp","hexamod:DynamicBlow"],"picked":"SKIP","floor":47},{"not_picked":["hexamod:RetreatToShadows","hexamod:ChargedBarrage","hexamod:NightmareGuise"],"picked":"SKIP","floor":48},{"not_picked":["hexamod:RainOfEmbers","hexamod:PowerFromBeyond+1"],"picked":"hexamod:RetreatToShadows+1","floor":49}],"player_experience":372386,"relics_obtained":[{"floor":6.0,"key":"hexamod:MatchstickCase"},{"floor":21.0,"key":"trackpad:HandOfMidas"},{"floor":24.0,"key":"trackpad:CultistFigurine"},{"floor":34.0,"key":"Runesmith:Nanobots"},{"floor":34.0,"key":"Ice Cream"},{"floor":34.0,"key":"trackpad:AdjectivePendant"},{"floor":41.0,"key":"Centennial Puzzle"},{"floor":44.0,"key":"InkBottle"}],"event_choices":[{"damage_healed":0.0,"max_hp_gain":0.0,"max_hp_loss":0.0,"gold_gain":2.0,"event_name":"betterStone:BetterStone","player_choice":"1","floor":20.0,"gold_loss":0.0,"damage_taken":0.0}],"is_beta":false,"boss_relics":[{"not_picked":["Busted Crown","Philosopher\u0027s Stone"],"picked":"Sozu"},{"not_picked":["Astrolabe","trackpad:Coffee"],"picked":"Calling Bell"}],"items_purged_floors":[5,12,36,48],"is_endless":false,"potions_floor_spawned":[2,6,13,15,16,19,21,30,38,39,44,45],"killed_by":"downfall:Defect","ascension_level":0}}