{"host":"nljp4tk11zt4gqcq","time":1607923425,"event":{"mods":["2.2 Compatiblity","Bard","BaseMod","Beaked The Cultist","Better Third Choice","Conspire","Downfall","Friendly Minions","Hermit","Hubris","Jorbs\u0027s Wanderer Trilogy","Minty Spire (QoL Compilation)","Rare Cards Sparkle","Relic Stats","Replay The Spire","Robot Space Explorer","Spicy Shops","StSLib","The Bladedancer","The Bug Knight","The Construct","The Cursed","The Disciple","The Forsaken","The Hierophant","The Jungle","The Runesmith","The Servant 0.9.4","UnlockEverythingMod"],"gold_per_floor":[110,110,129,38,51,51,63,63,63,63,86,86,107,137,137,277,277,313,583,642,169,169,279,279,331,331,358,405,409,409],"floor_reached":29,"playtime":2150,"items_purged":[],"score":235,"play_id":"1c5339dc-1f02-41bd-978e-367e932b3435","local_time":"20201213212345","is_ascension_mode":false,"campfire_choices":[{"data":"hermit:GoldenBullet","floor":6,"key":"SMITH"},{"data":"hermit:Enervate","floor":10,"key":"SMITH"},{"data":"hermit:Roulette","floor":12,"key":"SMITH"},{"data":"hermit:EyeOfTheStorm","floor":15,"key":"SMITH"},{"floor":24,"key":"REST"}],"circlet_count":0,"master_deck":["hermit:Strike_Hermit","hermit:Strike_Hermit","hermit:Strike_Hermit","hermit:Strike_Hermit","hermit:Defend_Hermit","hermit:Defend_Hermit","hermit:Defend_Hermit+1","hermit:Snapshot","hermit:Covet+1","hermit:Roulette+1","hermit:Dissolve","hermit:WideOpen","hermit:GoldenBullet+1","hermit:Glare","hermit:EyeOfTheStorm","hermit:Enervate+1","Injury","hermit:EyeOfTheStorm+1","hermit:Grudge","hermit:DeadOrAlive","hermit:SprayPray","hermit:Deadeye","hermit:BigShot","Decay","hermit:Horror+1","hermit:Glare+1","hermit:HoleUp+1"],"relics":["hermit:Momento","War Paint","Golden Idol","InkBottle","Replay:Bandana","Replay:Fungal Core","Bag of Preparation","theForsaken:ScaryMask","Toxic Egg 2","Tiny Chest","Potion Belt"],"acts_visited":["Exordium","TheCity"],"potions_floor_usage":[7,18,20,23],"damage_taken":[{"damage":0,"enemies":"2 Louse","floor":1,"turns":3},{"damage":5,"enemies":"Cultist","floor":3,"turns":4},{"damage":0,"enemies":"Small Slimes","floor":5,"turns":3},{"damage":12,"enemies":"conspire:2 RoseBushes","floor":7,"turns":4},{"damage":0,"enemies":"Blue Slaver","floor":13,"turns":2},{"damage":0,"enemies":"Lots of Slimes","floor":14,"turns":3},{"damage":62,"enemies":"The Guardian","floor":16,"turns":7},{"damage":0,"enemies":"3 Byrds","floor":18,"turns":5},{"damage":14,"enemies":"Centurion and Healer","floor":20,"turns":5},{"damage":35,"enemies":"conspire:SneckoGhost","floor":23,"turns":4},{"damage":24,"enemies":"Sentry and Sphere","floor":25,"turns":4},{"damage":0,"enemies":"Cultist and Chosen","floor":28,"turns":4},{"damage":10,"enemies":"conspire:HollyBat","floor":29,"turns":5}],"seed_played":"5387813389769495643","potions_obtained":[{"floor":3,"key":"Fruit Juice"},{"floor":16,"key":"Weak Potion"},{"floor":18,"key":"hermit:BlackBile"},{"floor":20,"key":"AttackPotion"}],"is_trial":false,"path_per_floor":["M","?","M","$","M","R","M","?","T","R","T","R","M","M","R","B",null,"M","?","M","$","?","E","R","M","T","T","M","M"],"character_chosen":"HERMIT","items_purchased":["hermit:GoldenBullet","hermit:Glare","hermit:BigShot","Bag of Preparation","theForsaken:ScaryMask"],"campfire_rested":1,"item_purchase_floors":[4,4,21,21,21],"current_hp_per_floor":[75,75,70,70,70,70,63,63,63,63,63,63,63,63,63,1,80,80,53,39,39,39,4,28,4,4,4,4,0,0],"gold":409,"neow_bonus":"RANDOM_COMMON_RELIC","is_daily":false,"chose_seed":false,"campfire_upgraded":4,"win_rate":0.0,"timestamp":1607923425,"path_taken":["M","?","?","?","?","R","M","?","T","R","?","R","M","M","R","BOSS","M","?","?","$","?","E","R","M","T","?","M","M"],"items_purchased_type":["Card","Card","Card","Relic","Relic"],"build_version":"2020-12-13","purchased_purges":0,"victory":false,"max_hp_per_floor":[75,75,75,75,75,75,80,80,80,80,80,80,80,80,80,80,80,80,80,80,80,80,80,80,80,80,80,80,80,80],"relic_stats":{"counters":[13,53],"Golden Idol":57,"Tiny Chest":0,"Bag of Preparation":[8],"War Paint":["hermit:Covet","hermit:Defend_Hermit"],"obtain_stats":[{"Potion Belt":27,"Replay:Bandana":11,"theForsaken:ScaryMask":21,"Replay:Fungal Core":17,"Golden Idol":8,"Tiny Chest":26,"Bag of Preparation":21,"War Paint":0,"Toxic Egg 2":23,"hermit:Momento":0,"InkBottle":9},{"Potion Belt":11,"Replay:Bandana":4,"theForsaken:ScaryMask":9,"Replay:Fungal Core":7,"Golden Idol":4,"Tiny Chest":11,"Bag of Preparation":9,"War Paint":0,"Toxic Egg 2":10,"hermit:Momento":0,"InkBottle":4},{"Potion Belt":44,"Replay:Bandana":14,"theForsaken:ScaryMask":36,"Replay:Fungal Core":26,"Golden Idol":14,"Tiny Chest":44,"Bag of Preparation":36,"War Paint":0,"Toxic Egg 2":40,"hermit:Momento":0,"InkBottle":14}],"InkBottle":[15]},"card_choices":[{"not_picked":["hermit:LowProfile","hermit:Feint"],"picked":"hermit:Roulette","floor":1},{"not_picked":["hermit:CalledShot","hermit:LowProfile"],"picked":"hermit:WideOpen","floor":3},{"not_picked":["hermit:Shortfuse","hermit:CalledShot"],"picked":"hermit:EyeOfTheStorm","floor":5},{"not_picked":["hermit:SprayPray","hermit:TakeCover"],"picked":"hermit:Enervate","floor":7},{"not_picked":["hermit:Manifest","hermit:Deadeye"],"picked":"hermit:EyeOfTheStorm","floor":13},{"not_picked":["hermit:CalledShot","hermit:LuckOfTheDraw"],"picked":"hermit:Grudge","floor":14},{"not_picked":["hermit:EternalForm","hermit:Purgatory"],"picked":"hermit:DeadOrAlive","floor":16},{"not_picked":["hermit:Quickdraw","hermit:Roulette"],"picked":"hermit:SprayPray","floor":18},{"not_picked":["hermit:Headshot","hermit:Cheat"],"picked":"hermit:Deadeye","floor":20},{"not_picked":["hermit:WideOpen","hermit:Deadeye"],"picked":"hermit:Horror+1","floor":23},{"not_picked":["hermit:WideOpen","hermit:ItchyTrigger"],"picked":"hermit:Glare+1","floor":25},{"not_picked":["hermit:Glare+1","hermit:HighCaliber"],"picked":"hermit:HoleUp+1","floor":28}],"player_experience":268016,"relics_obtained":[{"floor":9,"key":"InkBottle"},{"floor":11,"key":"Replay:Bandana"},{"floor":23,"key":"Toxic Egg 2"},{"floor":26,"key":"Tiny Chest"},{"floor":27,"key":"Potion Belt"}],"event_choices":[{"damage_healed":0,"gold_gain":0,"cards_transformed":["hermit:Defend_Hermit"],"player_choice":"Transformed","damage_taken":0,"max_hp_gain":0,"max_hp_loss":0,"event_name":"Transmorgrifier","floor":2,"gold_loss":0,"cards_obtained":["hermit:Dissolve"]},{"damage_healed":0,"gold_gain":0,"player_choice":"Take Wound","damage_taken":0,"relics_obtained":["Golden Idol"],"max_hp_gain":0,"max_hp_loss":0,"event_name":"Golden Idol","floor":8,"gold_loss":0,"cards_obtained":["Injury"]},{"damage_healed":0,"gold_gain":270,"player_choice":"GOLD GOLD GOLD ","damage_taken":27,"max_hp_gain":0,"max_hp_loss":0,"event_name":"Knowing Skull","floor":19,"potions_obtained":[],"gold_loss":0,"cards_obtained":[]},{"damage_healed":0,"gold_gain":0,"player_choice":"Smashed Altar","damage_taken":0,"max_hp_gain":0,"max_hp_loss":0,"event_name":"Forgotten Altar","floor":22,"gold_loss":0,"cards_obtained":["Decay"]}],"is_beta":false,"boss_relics":[{"not_picked":["Coffee Dripper","Tiny House"],"picked":"Replay:Fungal Core"}],"items_purged_floors":[],"is_endless":false,"potions_floor_spawned":[3,16,18,20],"killed_by":"conspire:HollyBat","ascension_level":0}}