{"host":"zekcc3vicrep0och","time":1607930744,"event":{"mods":["AchievementEnabler","BaseMod","Colored Map","Colored Powertips","Displayed Cursed Tome","Highlight Path","Minty Spire (QoL Compilation)","Quick Restart","Relic Stats","StSLib"],"gold_per_floor":[117,167,184,194,210,236,236,263,263,24,24,24,41,56,56,127,127,147,163,76,76,76,101,113,113,113],"floor_reached":25,"playtime":959,"items_purged":["Strike_P"],"score":464,"play_id":"841a0c05-693f-4956-95e2-351169957170","local_time":"20201214102544","is_ascension_mode":true,"campfire_choices":[{"data":"Eruption","floor":7.0,"key":"SMITH"},{"data":"BowlingBash","floor":12.0,"key":"SMITH"},{"floor":15.0,"key":"REST"}],"circlet_count":0,"master_deck":["AscendersBane","Strike_P","Strike_P","Defend_P","Defend_P","Defend_P","Defend_P","Eruption+1","Vigilance","BattleHymn","Indignation+1","Crescendo+1","Tantrum","BowlingBash+1","MentalFortress","LikeWater","DevaForm","ClearTheMind","Fasting2","Establishment","Fasting2"],"relics":["PureWater","Omamori","Happy Flower","War Paint","Pen Nib","Snecko Eye","Mercury Hourglass"],"acts_visited":["Exordium","TheCity"],"potions_floor_usage":[],"damage_taken":[{"damage":9.0,"enemies":"Jaw Worm","floor":1.0,"turns":6.0},{"damage":0.0,"enemies":"Cultist","floor":3.0,"turns":2.0},{"damage":0.0,"enemies":"Small Slimes","floor":4.0,"turns":2.0},{"damage":16.0,"enemies":"Blue Slaver","floor":5.0,"turns":3.0},{"damage":0.0,"enemies":"Gremlin Nob","floor":6.0,"turns":2.0},{"damage":20.0,"enemies":"3 Sentries","floor":8.0,"turns":5.0},{"damage":1.0,"enemies":"Looter","floor":13.0,"turns":3.0},{"damage":9.0,"enemies":"Red Slaver","floor":14.0,"turns":2.0},{"damage":15.0,"enemies":"The Guardian","floor":16.0,"turns":6.0},{"damage":4.0,"enemies":"3 Byrds","floor":18.0,"turns":4.0},{"damage":18.0,"enemies":"2 Thieves","floor":19.0,"turns":3.0},{"damage":13.0,"enemies":"Slavers","floor":23.0,"turns":4.0},{"damage":20.0,"enemies":"Shelled Parasite and Fungi","floor":24.0,"turns":4.0},{"damage":0,"enemies":"Centurion and Healer","floor":25,"turns":1}],"seed_played":"-3412042536754450625","potions_obtained":[{"floor":5.0,"key":"Swift Potion"},{"floor":8.0,"key":"Explosive Potion"},{"floor":13.0,"key":"LiquidMemories"},{"floor":14.0,"key":"LiquidMemories"},{"floor":16.0,"key":"SpeedPotion"},{"floor":18.0,"key":"SteroidPotion"}],"is_trial":false,"path_per_floor":["M","?","M","M","M","E","R","E","T","$","?","R","M","M","R","B",null,"M","M","$","?","?","E","M","M"],"character_chosen":"WATCHER","items_purchased":["Pen Nib","Fasting2"],"campfire_rested":1,"item_purchase_floors":[10,20],"current_hp_per_floor":[58,58,58,58,42,42,42,22,22,22,22,22,21,12,34,19,60,56,38,38,38,38,25,5,5,5],"gold":113,"neow_bonus":"TEN_PERCENT_HP_BONUS","is_daily":false,"chose_seed":false,"campfire_upgraded":2,"win_rate":0.0,"timestamp":1607930744,"path_taken":["M","?","M","M","M","E","R","E","T","?","?","R","M","M","R","BOSS","M","M","$","?","?","E","M","?"],"items_purchased_type":["Relic","Card"],"build_version":"2020-12-13","purchased_purges":1,"victory":false,"max_hp_per_floor":[74,74,74,74,74,74,74,74,74,74,74,74,74,74,74,74,74,74,74,74,74,74,74,74,74,74],"relic_stats":{"Happy Flower":[9],"counters":[14,47],"Snecko Eye":[27,31,28,20],"Pen Nib":[4],"War Paint":["Indignation","Crescendo"],"obtain_stats":[{"Happy Flower":8,"Snecko Eye":17,"Pen Nib":10,"Omamori":6,"PureWater":0,"War Paint":9,"Mercury Hourglass":23},{"Happy Flower":6,"Snecko Eye":9,"Pen Nib":6,"Omamori":5,"PureWater":0,"War Paint":6,"Mercury Hourglass":12},{"Happy Flower":20,"Snecko Eye":31,"Pen Nib":20,"Omamori":15,"PureWater":0,"War Paint":20,"Mercury Hourglass":42}],"Mercury Hourglass":[12]},"card_choices":[{"not_picked":["Protect","EmptyFist"],"picked":"BattleHymn","floor":1.0},{"not_picked":["PathToVictory","Study"],"picked":"Indignation","floor":3.0},{"not_picked":["Prostrate","Evaluate"],"picked":"Crescendo","floor":4.0},{"not_picked":["CutThroughFate","WindmillStrike"],"picked":"Tantrum","floor":5.0},{"not_picked":["ClearTheMind","TalkToTheHand"],"picked":"BowlingBash","floor":6.0},{"not_picked":["Weave","Crescendo"],"picked":"MentalFortress","floor":8.0},{"not_picked":["Blasphemy","Prostrate","Worship"],"picked":"SKIP","floor":13.0},{"not_picked":["BattleHymn","ThirdEye"],"picked":"LikeWater","floor":14.0},{"not_picked":["Ragnarok","SpiritShield"],"picked":"DevaForm","floor":16.0},{"not_picked":["Prostrate","Halt","CutThroughFate"],"picked":"SKIP","floor":18.0},{"not_picked":["EmptyBody","Collect+1"],"picked":"ClearTheMind","floor":19.0},{"not_picked":["Collect","Worship"],"picked":"Establishment","floor":23.0},{"not_picked":["EmptyBody","ThirdEye"],"picked":"Fasting2","floor":24.0}],"player_experience":400344,"relics_obtained":[{"floor":6.0,"key":"Omamori"},{"floor":8.0,"key":"Happy Flower"},{"floor":9.0,"key":"War Paint"},{"floor":23.0,"key":"Mercury Hourglass"}],"event_choices":[{"damage_healed":0.0,"max_hp_gain":0.0,"max_hp_loss":0.0,"gold_gain":50.0,"event_name":"Golden Shrine","player_choice":"Pray","floor":2.0,"gold_loss":0.0,"damage_taken":0.0},{"damage_healed":0.0,"max_hp_gain":0.0,"max_hp_loss":0.0,"gold_gain":0.0,"event_name":"Scrap Ooze","player_choice":"Fled","floor":11.0,"gold_loss":0.0,"damage_taken":0.0},{"damage_healed":0.0,"max_hp_gain":0.0,"max_hp_loss":0.0,"gold_gain":0.0,"event_name":"Ghosts","player_choice":"Ignored","floor":21.0,"gold_loss":0.0,"damage_taken":0.0},{"cards_removed":["Strike_P"],"damage_healed":0.0,"max_hp_gain":0.0,"max_hp_loss":0.0,"gold_gain":0.0,"event_name":"Bonfire Elementals","player_choice":"Offered Basic","floor":22.0,"gold_loss":0.0,"damage_taken":0.0}],"is_beta":false,"boss_relics":[{"not_picked":["Runic Dome","Philosopher\u0027s Stone"],"picked":"Snecko Eye"}],"items_purged_floors":[10],"is_endless":false,"potions_floor_spawned":[5,8,13,14,16,18],"killed_by":"Centurion and Healer","ascension_level":16}}