{"host":"f5n4tidiz2n5sooh","time":1607942865,"event":{"mods":["BaseMod","Colored Map","Minty Spire (QoL Compilation)","Relic Stats","StSLib"],"gold_per_floor":[18,29,29,29,39,39,78,78,102,102,126,160,179,208,208,291,291,315,240,240,240,240,281,281,301,382,382,425,22,22,41,41,127,127,147,20,42,67,67,67,87,105,105,117,117,146,46,72,72,72,72,72],"floor_reached":51,"playtime":3371,"items_purged":["Strike_G+1","Strike_G+1"],"score":1564,"play_id":"0db8fb19-36ce-4dd2-b19c-939d125c60f1","local_time":"20201214044745","is_ascension_mode":true,"campfire_choices":[{"data":"Neutralize","floor":6.0,"key":"SMITH"},{"data":"Catalyst","floor":8.0,"key":"SMITH"},{"floor":10.0,"key":"REST"},{"floor":15.0,"key":"REST"},{"floor":24.0,"key":"REST"},{"floor":27.0,"key":"REST"},{"data":"Catalyst","floor":32,"key":"SMITH"},{"data":"Footwork","floor":40,"key":"SMITH"},{"floor":45,"key":"REST"},{"floor":49,"key":"RECALL"}],"circlet_count":0,"master_deck":["AscendersBane","Strike_G+1","Strike_G+1","Defend_G+1","Defend_G+1","Defend_G+1","Defend_G+1","Defend_G+1","Survivor","Neutralize+1","Sadistic Nature","Catalyst+1","Poisoned Stab+1","Envenom","Dagger Throw+1","Endless Agony","PiercingWail","Blur","Bullet Time","Dagger Throw+1","Footwork+1","Bouncing Flask+1","Bouncing Flask","After Image","Catalyst+1","Glass Knife","Calculated Gamble","Noxious Fumes","Crippling Poison","Footwork","Noxious Fumes+1"],"relics":["Ring of the Snake","CeramicFish","Bronze Scales","Incense Burner","Runic Pyramid","Omamori","Mummified Hand","Red Mask","Whetstone","MutagenicStrength","Calling Bell","Potion Belt","InkBottle","Pocketwatch","HornCleat"],"acts_visited":["Exordium","TheCity","TheBeyond"],"potions_floor_usage":[31,33,38,48,48,51,51],"damage_taken":[{"damage":11.0,"enemies":"Small Slimes","floor":1.0,"turns":6.0},{"damage":1.0,"enemies":"Cultist","floor":2.0,"turns":4.0},{"damage":8.0,"enemies":"2 Louse","floor":5.0,"turns":3.0},{"damage":17.0,"enemies":"Lagavulin","floor":7.0,"turns":5.0},{"damage":0.0,"enemies":"Large Slime","floor":11.0,"turns":5.0},{"damage":25.0,"enemies":"Gremlin Nob","floor":12.0,"turns":4.0},{"damage":2.0,"enemies":"2 Fungi Beasts","floor":13.0,"turns":3.0},{"damage":9.0,"enemies":"Exordium Thugs","floor":14.0,"turns":4.0},{"damage":0.0,"enemies":"The Guardian","floor":16.0,"turns":7.0},{"damage":13.0,"enemies":"Shell Parasite","floor":18.0,"turns":5.0},{"damage":20.0,"enemies":"Gremlin Leader","floor":23.0,"turns":6.0},{"damage":11.0,"enemies":"Spheric Guardian","floor":25.0,"turns":6.0},{"damage":13.0,"enemies":"Masked Bandits","floor":28.0,"turns":4.0},{"damage":0,"enemies":"Snecko","floor":31,"turns":3},{"damage":27,"enemies":"Champ","floor":33,"turns":5},{"damage":19,"enemies":"3 Darklings","floor":35,"turns":5},{"damage":17,"enemies":"3 Shapes","floor":37,"turns":4},{"damage":1,"enemies":"Transient","floor":38,"turns":6},{"damage":2,"enemies":"Maw","floor":41,"turns":6},{"damage":54,"enemies":"Writhing Mass","floor":42,"turns":6},{"damage":0,"enemies":"Sphere and 2 Shapes","floor":44,"turns":4},{"damage":0,"enemies":"Maw","floor":46,"turns":4},{"damage":11,"enemies":"Reptomancer","floor":48,"turns":4},{"damage":0,"enemies":"Time Eater","floor":50,"turns":6},{"damage":8,"enemies":"Awakened One","floor":51,"turns":3}],"seed_played":"6317138564730974107","potions_obtained":[{"floor":1.0,"key":"LiquidMemories"},{"floor":7.0,"key":"PowerPotion"},{"floor":11.0,"key":"LiquidBronze"},{"floor":23.0,"key":"Ancient Potion"},{"floor":25.0,"key":"Ancient Potion"},{"floor":28.0,"key":"Regen Potion"},{"floor":37,"key":"Regen Potion"},{"floor":41,"key":"LiquidBronze"},{"floor":44,"key":"SneckoOil"},{"floor":48,"key":"PowerPotion"}],"is_trial":false,"path_per_floor":["M","M","?","$","M","R","E","R","T","R","M","E","M","M","R","B",null,"M","?","?","?","?","E","R","M","T","R","?","$","?","M","R","B",null,"M","$","M","M","?","R","M","M","T","M","R","M","$","E","R","B","B"],"character_chosen":"THE_SILENT","items_purchased":["Whetstone","After Image","Noxious Fumes","Dexterity Potion"],"campfire_rested":5,"item_purchase_floors":[29,29,36,36],"current_hp_per_floor":[48,47,47,47,39,39,22,22,22,41,41,16,14,5,24,24,56,43,43,25,25,25,5,26,15,15,36,23,23,23,35,35,8,55,36,36,19,32,58,58,56,2,2,2,19,19,19,8,8,8,0,0],"gold":72,"neow_bonus":"RANDOM_COLORLESS_2","is_daily":false,"chose_seed":false,"campfire_upgraded":4,"win_rate":0.0,"timestamp":1607942865,"path_taken":["M","M","?","?","M","R","E","R","T","R","M","E","M","M","R","BOSS","M","?","?","?","?","E","R","?","T","R","?","?","?","M","R","BOSS","M","$","M","M","?","R","M","M","T","M","R","M","$","E","R","BOSS","BOSS"],"items_purchased_type":["Relic","Card","Card","Potion"],"build_version":"2020-12-13","purchased_purges":2,"victory":false,"max_hp_per_floor":[66,66,66,66,66,66,66,66,66,66,66,66,66,66,66,66,66,66,66,71,71,71,71,71,71,71,71,71,71,71,71,71,71,71,71,71,71,71,58,58,58,58,58,58,58,58,58,58,58,58,58,58],"relic_stats":{"counters":[25,118],"Mummified Hand":[49],"CeramicFish":144,"Bronze Scales":[257],"Whetstone":["Poisoned Stab","Dagger Throw"],"obtain_stats":[{"Potion Belt":34,"CeramicFish":7,"Incense Burner":12,"Omamori":23,"Whetstone":29,"Calling Bell":34,"HornCleat":48,"Mummified Hand":26,"Bronze Scales":9,"MutagenicStrength":30,"Red Mask":28,"InkBottle":34,"Ring of the Snake":0,"Runic Pyramid":17,"Pocketwatch":34},{"Potion Belt":15,"CeramicFish":4,"Incense Burner":6,"Omamori":11,"Whetstone":13,"Calling Bell":15,"HornCleat":23,"Mummified Hand":12,"Bronze Scales":4,"MutagenicStrength":13,"Red Mask":13,"InkBottle":15,"Ring of the Snake":0,"Runic Pyramid":9,"Pocketwatch":15},{"Potion Belt":70,"CeramicFish":18,"Incense Burner":27,"Omamori":52,"Whetstone":62,"Calling Bell":70,"HornCleat":109,"Mummified Hand":58,"Bronze Scales":18,"MutagenicStrength":62,"Red Mask":62,"InkBottle":70,"Ring of the Snake":0,"Runic Pyramid":41,"Pocketwatch":70}],"InkBottle":[13],"Ring of the Snake":[51],"Pocketwatch":[8]},"card_choices":[{"not_picked":["Magnetism","Thinking Ahead"],"picked":"Sadistic Nature","floor":0.0},{"not_picked":["Calculated Gamble","Backflip"],"picked":"Catalyst","floor":1.0},{"not_picked":["Cloak And Dagger","Slice"],"picked":"Poisoned Stab","floor":2.0},{"not_picked":["Underhanded Strike","Masterful Stab"],"picked":"Dagger Throw","floor":5.0},{"not_picked":["Phantasmal Killer","Tools of the Trade"],"picked":"Endless Agony","floor":7.0},{"not_picked":["Dodge and Roll","Flying Knee"],"picked":"PiercingWail","floor":11.0},{"not_picked":["Eviscerate","Masterful Stab","Deadly Poison"],"picked":"SKIP","floor":12.0},{"not_picked":["Quick Slash","Deadly Poison","Acrobatics"],"picked":"SKIP","floor":13.0},{"not_picked":["Masterful Stab","Poisoned Stab"],"picked":"Blur","floor":14.0},{"not_picked":["Malaise","Die Die Die"],"picked":"Bullet Time","floor":16.0},{"not_picked":["Escape Plan","Riddle With Holes"],"picked":"Dagger Throw+1","floor":18.0},{"not_picked":["Poisoned Stab+1","Heel Hook+1"],"picked":"Footwork","floor":23.0},{"not_picked":["Prepared","Infinite Blades"],"picked":"Bouncing Flask+1","floor":25.0},{"not_picked":["Heel Hook","Blade Dance"],"picked":"Bouncing Flask","floor":28.0},{"not_picked":["Acrobatics","Dagger Spray"],"picked":"Catalyst","floor":31},{"not_picked":["Unload","A Thousand Cuts"],"picked":"Glass Knife","floor":33},{"not_picked":["Prepared","Heel Hook+1"],"picked":"Calculated Gamble","floor":35},{"not_picked":["Poisoned Stab","Cloak And Dagger+1"],"picked":"Crippling Poison","floor":37},{"not_picked":["Quick Slash","Outmaneuver"],"picked":"Footwork","floor":38},{"not_picked":["Infinite Blades","Dagger Throw","Dash"],"picked":"SKIP","floor":41},{"not_picked":["Deadly Poison","Dagger Spray","Eviscerate"],"picked":"SKIP","floor":42},{"not_picked":["Dodge and Roll","Eviscerate+1","Dagger Throw"],"picked":"SKIP","floor":44},{"not_picked":["Cloak And Dagger","Slice"],"picked":"Noxious Fumes+1","floor":46},{"not_picked":["Heel Hook","Terror","Outmaneuver"],"picked":"SKIP","floor":48}],"player_experience":1884345,"relics_obtained":[{"floor":7.0,"key":"CeramicFish"},{"floor":9.0,"key":"Bronze Scales"},{"floor":12.0,"key":"Incense Burner"},{"floor":23.0,"key":"Omamori"},{"floor":26.0,"key":"Mummified Hand"},{"floor":28.0,"key":"Red Mask"},{"floor":34,"key":"Potion Belt"},{"floor":34,"key":"InkBottle"},{"floor":34,"key":"Pocketwatch"},{"floor":48,"key":"HornCleat"}],"event_choices":[{"damage_healed":0.0,"max_hp_gain":0.0,"max_hp_loss":0.0,"gold_gain":0.0,"event_name":"Match and Keep!","player_choice":"1 cards matched","floor":3.0,"gold_loss":0.0,"damage_taken":0.0,"cards_obtained":["Envenom"]},{"cards_removed":["Strike_G"],"damage_healed":0.0,"max_hp_gain":0.0,"max_hp_loss":0.0,"gold_gain":0.0,"event_name":"Beggar","player_choice":"Gave Gold","floor":19.0,"gold_loss":75.0,"damage_taken":0.0},{"damage_healed":0.0,"max_hp_gain":5.0,"max_hp_loss":0.0,"gold_gain":0.0,"event_name":"Forgotten Altar","player_choice":"Shed Blood","floor":20.0,"gold_loss":0.0,"damage_taken":23.0},{"damage_healed":0.0,"max_hp_gain":0.0,"max_hp_loss":0.0,"gold_gain":0.0,"event_name":"Back to Basics","player_choice":"Simplicity","floor":21.0,"gold_loss":0.0,"damage_taken":0.0,"cards_upgraded":["Strike_G","Strike_G","Strike_G","Strike_G","Defend_G","Defend_G","Defend_G","Defend_G","Defend_G"]},{"damage_healed":0.0,"max_hp_gain":0.0,"max_hp_loss":0.0,"gold_gain":0.0,"event_name":"Vampires","player_choice":"Ignored","floor":22.0,"gold_loss":0.0,"damage_taken":0.0},{"damage_healed":0.0,"max_hp_gain":0.0,"max_hp_loss":0.0,"gold_gain":0.0,"event_name":"Masked Bandits","player_choice":"Fought Bandits","floor":28.0,"gold_loss":0.0,"damage_taken":0.0},{"damage_healed":0.0,"max_hp_gain":0.0,"max_hp_loss":0.0,"gold_gain":0.0,"event_name":"Drug Dealer","player_choice":"Inject Mutagens","floor":30.0,"gold_loss":0.0,"damage_taken":0.0,"relics_obtained":["MutagenicStrength"]},{"damage_healed":58,"gold_gain":0,"player_choice":"Heal","damage_taken":0,"max_hp_gain":0,"max_hp_loss":13,"event_name":"The Moai Head","floor":39,"gold_loss":0}],"is_beta":false,"boss_relics":[{"not_picked":["Pandora\u0027s Box","Runic Dome"],"picked":"Runic Pyramid"},{"not_picked":["Snecko Eye","Ring of the Serpent"],"picked":"Calling Bell"}],"items_purged_floors":[29,47],"is_endless":false,"potions_floor_spawned":[1,7,11,12,13,23,25,28,37,41,44,48],"killed_by":"Awakened One","ascension_level":20}}