{"host":"2461dio7vetlq1z3","time":1607914993,"event":{"mods":["AchievementEnabler","Aspiration","BaseMod","Hermit","Lobotomy","Minty Spire (QoL Compilation)","Relic Stats","Spicy Shops","StSLib","Waifu the Spire"],"gold_per_floor":[113,113,113,132,132,166,166,176,176,176,207,220,232,246,246,350,350,365,380,380,393,393,427,427,459,532,561,583,594,594,636,636,745,745,756,774,783,783,783,783,810,831,856,856,890,900,269,269,269,269,269,269,121,153,153,153],"floor_reached":55,"playtime":2357,"items_purged":["Halt+1","FlurryOfBlows+1"],"score":1418,"play_id":"6a7f6afa-4d26-4b60-a565-e9b735a17b91","local_time":"20201214040313","is_ascension_mode":true,"campfire_choices":[{"data":"Vigilance","floor":7,"key":"SMITH"},{"data":"WindmillStrike","floor":10,"key":"SMITH"},{"data":"Halt","floor":15,"key":"SMITH"},{"floor":30,"key":"REST"},{"data":"Fasting2","floor":32,"key":"SMITH"},{"floor":40,"key":"RECALL"},{"data":"Devotion","floor":44,"key":"SMITH"},{"data":"1","floor":49,"key":"LIFT"},{"data":"2","floor":52,"key":"LIFT"}],"circlet_count":0,"master_deck":["AscendersBane","Defend_P","Defend_P","Defend_P","Defend_P","Vigilance+1","WindmillStrike+1","WheelKick+1","aspiration:Lunge+1","Glass Knife+1","Wallop+1","Ragnarok+1","EmptyFist+1","JustLucky+1","Devotion+1","SandsOfTime+1","Fasting2+1","Clothesline+1","hermit:Roulette+1","PiercingWail+1","Night Terror","Mayhem","ScreamingWedge+1","Recycle"],"relics":["PureWater","NeowsBlessing","Molten Egg 2","GoldenEye","HornCleat","Bag of Preparation","Snecko Eye","aspiration:RitualStick","PrismaticShard","Oddly Smooth Stone","Regal Pillow","Mummified Hand","CeramicFish","Orichalcum","Empty Cage","Calipers","aspiration:ChemicalBlood","Yang","OrangePellets","Girya","Damaru","Incense Burner"],"acts_visited":["Exordium","TheCity","TheBeyond","TheEnding"],"potions_floor_usage":[16,54,54,54,55],"damage_taken":[{"damage":0,"enemies":"Cultist","floor":1,"turns":1},{"damage":0,"enemies":"Jaw Worm","floor":4,"turns":1},{"damage":0,"enemies":"3 Sentries","floor":6,"turns":2},{"damage":0,"enemies":"Small Slimes","floor":8,"turns":1},{"damage":0,"enemies":"Lagavulin","floor":11,"turns":3},{"damage":0,"enemies":"Blue Slaver","floor":12,"turns":2},{"damage":0,"enemies":"Looter","floor":13,"turns":1},{"damage":0,"enemies":"Large Slime","floor":14,"turns":2},{"damage":20,"enemies":"Hexaghost","floor":16,"turns":5},{"damage":0,"enemies":"2 Thieves","floor":18,"turns":1},{"damage":0,"enemies":"Spheric Guardian","floor":19,"turns":2},{"damage":0,"enemies":"Cultist and Chosen","floor":21,"turns":2},{"damage":8,"enemies":"Gremlin Leader","floor":23,"turns":3},{"damage":1,"enemies":"Book of Stabbing","floor":25,"turns":4},{"damage":15,"enemies":"Slavers","floor":27,"turns":2},{"damage":0,"enemies":"Centurion and Healer","floor":28,"turns":2},{"damage":4,"enemies":"Shelled Parasite and Fungi","floor":29,"turns":2},{"damage":0,"enemies":"Gremlin Leader","floor":31,"turns":3},{"damage":0,"enemies":"Automaton","floor":33,"turns":3},{"damage":0,"enemies":"3 Darklings","floor":35,"turns":2},{"damage":11,"enemies":"3 Shapes","floor":36,"turns":6},{"damage":0,"enemies":"Reptomancer","floor":41,"turns":4},{"damage":0,"enemies":"Sphere and 2 Shapes","floor":42,"turns":1},{"damage":1,"enemies":"Giant Head","floor":45,"turns":5},{"damage":0,"enemies":"Writhing Mass","floor":46,"turns":5},{"damage":32,"enemies":"Donu and Deca","floor":50,"turns":10},{"damage":45,"enemies":"Shield and Spear","floor":54,"turns":6},{"damage":15,"enemies":"The Heart","floor":55,"turns":2}],"seed_played":"-7671538357361098779","potions_obtained":[{"floor":6,"key":"Swift Potion"},{"floor":14,"key":"PowerPotion"},{"floor":16,"key":"Dexterity Potion"},{"floor":46,"key":"LiquidMemories"},{"floor":54,"key":"Block Potion"},{"floor":54,"key":"FearPotion"},{"floor":54,"key":"Block Potion"}],"is_trial":false,"path_per_floor":["M","?","?","M","?","E","R","M","T","R","E","M","M","M","R","B",null,"M","M","?","M","?","E","T","E","T","E","M","M","R","E","R","B",null,"M","M","?","?","?","R","E","M","T","R","E","M","$","?","R","B",null,"R","$","E","B"],"character_chosen":"WATCHER","items_purchased":["OrangePellets","Girya","Damaru"],"campfire_rested":1,"item_purchase_floors":[47,47,53],"current_hp_per_floor":[65,65,65,65,65,65,65,65,65,65,65,65,65,65,65,45,65,65,65,51,51,43,35,35,34,34,19,19,15,51,51,51,51,67,67,56,46,46,68,68,68,68,68,68,67,67,67,67,67,35,60,60,60,15,0,0],"gold":153,"neow_bonus":"THREE_ENEMY_KILL","is_daily":false,"chose_seed":false,"campfire_upgraded":5,"win_rate":0.0,"timestamp":1607914993,"path_taken":["M","?","?","?","?","E","R","M","T","R","E","M","M","M","R","BOSS","M","M","?","M","?","E","?","E","T","E","M","M","R","E","R","BOSS","M","M","?","?","?","R","E","M","T","R","E","?","$","?","R","BOSS","R","$","E","BOSS"],"items_purchased_type":["Relic","Relic","Relic"],"build_version":"2020-12-13","purchased_purges":2,"victory":false,"max_hp_per_floor":[72,72,72,72,72,72,72,72,72,72,72,72,72,72,72,72,72,72,72,72,72,72,72,72,72,72,72,72,72,72,72,72,72,72,72,72,72,68,68,68,68,68,68,68,68,68,68,68,68,68,68,68,68,68,68,68],"relic_stats":{"OrangePellets":[14],"Regal Pillow":15,"counters":[28,83],"Mummified Hand":[51],"CeramicFish":54,"Snecko Eye":[126,106,120,100],"Yang":[46],"Bag of Preparation":[46],"Orichalcum":[18],"GoldenEye":[24],"obtain_stats":[{"Girya":47,"Regal Pillow":25,"Calipers":41,"NeowsBlessing":0,"CeramicFish":27,"Oddly Smooth Stone":23,"Damaru":53,"Yang":45,"Bag of Preparation":11,"Incense Burner":54,"Orichalcum":31,"GoldenEye":6,"PrismaticShard":22,"Empty Cage":34,"aspiration:RitualStick":20,"OrangePellets":47,"HornCleat":9,"Mummified Hand":26,"Snecko Eye":17,"Molten Egg 2":2,"PureWater":0,"aspiration:ChemicalBlood":43},{"Girya":25,"Regal Pillow":14,"Calipers":22,"NeowsBlessing":0,"CeramicFish":15,"Oddly Smooth Stone":13,"Damaru":26,"Yang":24,"Bag of Preparation":5,"Incense Burner":27,"Orichalcum":18,"GoldenEye":3,"PrismaticShard":12,"Empty Cage":19,"aspiration:RitualStick":11,"OrangePellets":25,"HornCleat":4,"Mummified Hand":14,"Snecko Eye":9,"Molten Egg 2":1,"PureWater":0,"aspiration:ChemicalBlood":23},{"Girya":65,"Regal Pillow":30,"Calipers":54,"NeowsBlessing":0,"CeramicFish":32,"Oddly Smooth Stone":26,"Damaru":75,"Yang":60,"Bag of Preparation":8,"Incense Burner":81,"Orichalcum":39,"GoldenEye":4,"PrismaticShard":23,"Empty Cage":42,"aspiration:RitualStick":21,"OrangePellets":65,"HornCleat":5,"Mummified Hand":30,"Snecko Eye":18,"Molten Egg 2":1,"PureWater":0,"aspiration:ChemicalBlood":55}],"aspiration:RitualStick":[0]},"card_choices":[{"not_picked":["FlyingSleeves","Collect"],"picked":"WindmillStrike","floor":1},{"not_picked":["WindmillStrike+1","ClearTheMind"],"picked":"WheelKick+1","floor":4},{"not_picked":["Indignation","Prostrate"],"picked":"FlurryOfBlows+1","floor":6},{"not_picked":["FlurryOfBlows+1","WheelKick+1"],"picked":"Wallop+1","floor":8},{"not_picked":["Halt","Prostrate"],"picked":"Ragnarok+1","floor":11},{"not_picked":["FlyingSleeves+1","FollowUp+1"],"picked":"Halt","floor":12},{"not_picked":["SashWhip+1","FlyingSleeves+1"],"picked":"EmptyFist+1","floor":13},{"not_picked":["Fasting2","Nirvana"],"picked":"JustLucky+1","floor":14},{"not_picked":["Ragnarok+1","Vault"],"picked":"Devotion","floor":16},{"not_picked":["PathToVictory+1","Meditate","JustLucky+1"],"picked":"SKIP","floor":18},{"not_picked":["Tantrum+1","ClearTheMind"],"picked":"SandsOfTime+1","floor":19},{"not_picked":["Vengeance","BowlingBash+1","FollowUp+1"],"picked":"SKIP","floor":21},{"not_picked":["SandsOfTime+1","LikeWater"],"picked":"Fasting2","floor":22},{"not_picked":["Iron Wave+1","Perseverance"],"picked":"Clothesline+1","floor":23},{"not_picked":["Blasphemy","Body Slam+1","Penitence"],"picked":"SKIP","floor":25},{"not_picked":["Wild Strike+1","FlyingSleeves+1","hermit:Cheat"],"picked":"SKIP","floor":27},{"not_picked":["hermit:DeadMansHand","Soda"],"picked":"hermit:Roulette+1","floor":28},{"not_picked":["PathToVictory+1","Beak+1","CherryBlossom"],"picked":"SKIP","floor":29},{"not_picked":["Wingbeat","Regret_ego"],"picked":"PiercingWail+1","floor":31},{"not_picked":["Judgement","Doppelganger"],"picked":"Night Terror","floor":33},{"not_picked":["Prepared","Anger+1","Backflip"],"picked":"SKIP","floor":35},{"not_picked":["BowlingBash+1","Storm","CrushJoints+1"],"picked":"SKIP","floor":36},{"not_picked":["Bandage Up","Enlightenment"],"picked":"Mayhem","floor":37},{"not_picked":["Deadly Poison","SomewhereSpear+1","hermit:Snipe"],"picked":"SKIP","floor":41},{"not_picked":["DeceiveReality+1","CarveReality+1"],"picked":"ScreamingWedge+1","floor":42},{"not_picked":["Feed+1","hermit:BodyArmor+1"],"picked":"Recycle","floor":45},{"not_picked":["Leap+1","Horn+1","PathToVictory"],"picked":"SKIP","floor":46},{"not_picked":["BowlingBash+1","Intimidate+1","Whirlwind+1"],"picked":"SKIP","floor":54}],"player_experience":707738,"relics_obtained":[{"floor":6,"key":"GoldenEye"},{"floor":9,"key":"HornCleat"},{"floor":11,"key":"Bag of Preparation"},{"floor":22,"key":"PrismaticShard"},{"floor":23,"key":"Oddly Smooth Stone"},{"floor":25,"key":"Regal Pillow"},{"floor":26,"key":"Mummified Hand"},{"floor":27,"key":"CeramicFish"},{"floor":31,"key":"Orichalcum"},{"floor":41,"key":"Calipers"},{"floor":43,"key":"aspiration:ChemicalBlood"},{"floor":45,"key":"Yang"},{"floor":54,"key":"Incense Burner"}],"event_choices":[{"cards_removed":["Injury"],"damage_healed":0,"gold_gain":0,"player_choice":"Purged","damage_taken":0,"max_hp_gain":0,"max_hp_loss":0,"event_name":"Purifier","floor":3,"gold_loss":0},{"damage_healed":0,"gold_gain":0,"player_choice":"Memory 3","damage_taken":10,"max_hp_gain":0,"max_hp_loss":0,"event_name":"SensoryStone","floor":37,"gold_loss":0},{"damage_healed":0,"gold_gain":0,"player_choice":"Max HP","damage_taken":0,"max_hp_gain":0,"max_hp_loss":4,"event_name":"Winding Halls","floor":38,"gold_loss":0},{"damage_healed":22,"gold_gain":0,"player_choice":"Full Heal","damage_taken":0,"max_hp_gain":0,"max_hp_loss":0,"event_name":"Wheel of Change","floor":39,"gold_loss":0},{"cards_removed":["Eruption"],"damage_healed":0,"gold_gain":0,"player_choice":"Removed Attack","damage_taken":0,"max_hp_gain":0,"max_hp_loss":0,"event_name":"Falling","floor":48,"gold_loss":0}],"is_beta":false,"boss_relics":[{"not_picked":["aspiration:RunicSpoon","Busted Crown"],"picked":"Snecko Eye"},{"not_picked":["SacredBark","Coffee Dripper"],"picked":"Empty Cage"}],"items_purged_floors":[47,47],"is_endless":false,"potions_floor_spawned":[6,14,16,21,25,29,31,35,41,46],"killed_by":"The Heart","ascension_level":11}}