{"host":"6d7y2d7a0xmat6il","time":1607968422,"event":{"mods":["AchievementEnabler","Aspiration","BaseMod","Better Note","Colored Map","Colored Powertips","Conspire","Highlight Path","Hubris","Infinite Spire","Marisa????????","Minty Spire (QoL Compilation)","Permanent Neow","Remilia??????","Replay The Spire","Shop Mod","StSLib","vexMod"],"gold_per_floor":[113,129,142,155,234,234,265,265,265,290,290,322,334,361,361,456,1122,1142,1157,1207,1217,1228,1247,1247,1157,1157,1182,1182,966,978,990,990,990,990],"floor_reached":33,"playtime":2791,"items_purged":[],"score":424,"play_id":"cc5baa6b-3ec1-4fde-822f-2ee70d988e9f","local_time":"20201214095342","is_ascension_mode":false,"campfire_choices":[{"data":"NightDance","floor":6,"key":"SMITH"},{"floor":8,"key":"REST"},{"floor":15,"key":"REST"},{"data":"ScarletCoffin","floor":32,"key":"SMITH"}],"circlet_count":0,"master_deck":["conspire:GhostlyStrike","conspire:GhostlyStrike","conspire:GhostlyStrike","conspire:GhostlyStrike","conspire:GhostlyDefend","conspire:GhostlyDefend","conspire:GhostlyDefend","conspire:GhostlyDefend","RedMoon","ScarletShoot+1","EndlessAdversity","NightDance+1","UnstableMagic","Septette","Stigmanizer","ReincarnationDial","StarOfDavid","RedRainbow","ScarletCoffin+1","FitfulNightmare+1","ScarletImprint+1","hubris:Fate+1","AfternoonTea","DiffusionOfMisfortune","ScarletImprint+1","VampireKiss","RedNightlessCastle","FavorOfDestiny","Stigmanizer","UnderTheZenith"],"relics":["ChewingGum","aspiration:ArtOfWarUpgrade","Frozen Egg 2","Blood Vial","Incense Burner","Omamori","Anchor","hubris:MobiusCoin","Simple Rune","MerchantsRug","Toolbox","Orichalcum","vexMod:BerryBomb"],"acts_visited":["Exordium","TheCity"],"potions_floor_usage":[7,10,16,21,21,23,27,33,33],"damage_taken":[{"damage":0,"enemies":"Cultist","floor":1,"turns":3},{"damage":6,"enemies":"Jaw Worm","floor":2,"turns":5},{"damage":0,"enemies":"Small Slimes","floor":3,"turns":4},{"damage":5,"enemies":"Blue Slaver","floor":4,"turns":3},{"damage":52,"enemies":"Gremlin Nob","floor":7,"turns":7},{"damage":0,"enemies":"Replay:BlueRogue","floor":10,"turns":8},{"damage":28,"enemies":"Lagavulin","floor":12,"turns":4},{"damage":8,"enemies":"Exordium Thugs","floor":13,"turns":5},{"damage":1,"enemies":"Replay:BlueRogue","floor":14,"turns":5},{"damage":29,"enemies":"Hexaghost","floor":16,"turns":11},{"damage":0,"enemies":"3 Byrds","floor":18,"turns":6},{"damage":36,"enemies":"conspire:FuzzyDice","floor":19,"turns":5},{"damage":8,"enemies":"Centurion and Healer","floor":21,"turns":7},{"damage":0,"enemies":"conspire:HollyBat","floor":22,"turns":13},{"damage":10,"enemies":"Shelled Parasite and Fungi","floor":23,"turns":6},{"damage":1,"enemies":"conspire:Head Lice","floor":27,"turns":9},{"damage":12,"enemies":"Chosen and Byrds","floor":30,"turns":7},{"damage":0,"enemies":"Snecko","floor":31,"turns":5},{"damage":72,"enemies":"Collector","floor":33,"turns":8}],"seed_played":"-953388558127180052","potions_obtained":[{"floor":1,"key":"ColorlessPotion"},{"floor":7,"key":"SkillPotion"},{"floor":12,"key":"SmokeBomb"},{"floor":14,"key":"Languid Potion"},{"floor":19,"key":"Reflective Coating"},{"floor":20,"key":"SneckoOil"},{"floor":21,"key":"AttackPotion"},{"floor":23,"key":"Weak Potion"},{"floor":27,"key":"LifebloodPotion"},{"floor":30,"key":"Explosive Potion"}],"is_trial":false,"path_per_floor":["M","M","M","M","?","R","E","R","T","E","?","E","M","E","R","B",null,"M","M","AVR","M","M","M","R","?","T","E","R","$","M","M","R","B"],"character_chosen":"REMILIA","items_purchased":["MerchantsRug","Toolbox","FavorOfDestiny","Orichalcum"],"campfire_rested":2,"item_purchase_floors":[29,29,29,29],"current_hp_per_floor":[75,69,71,68,68,68,18,40,40,41,41,15,13,16,38,17,75,75,39,44,45,52,47,47,47,47,52,52,52,51,61,61,0,0],"gold":990,"neow_bonus":"BOSS_RELIC","is_daily":false,"chose_seed":false,"campfire_upgraded":2,"win_rate":0.0,"timestamp":1607968422,"path_taken":["M","M","M","?","?","R","E","R","T","E","?","E","M","E","R","BOSS","M","M","AVR","M","M","M","R","?","T","E","R","?","?","M","R","BOSS"],"items_purchased_type":["Relic","Relic","Card","Relic"],"build_version":"2020-12-13","purchased_purges":0,"victory":false,"max_hp_per_floor":[75,75,75,75,75,75,75,75,75,75,75,75,75,75,75,75,75,75,75,80,80,80,80,80,80,80,80,80,80,80,86,86,86,86],"card_choices":[{"not_picked":["NightLord","FavorOfDestiny"],"picked":"EndlessAdversity","floor":1},{"not_picked":["EndlessAdversity","UnstableMagic"],"picked":"NightDance","floor":2},{"not_picked":["BlasphemousPunishment","CharismaGuard"],"picked":"UnstableMagic","floor":3},{"not_picked":["RedRainbow","BlasphemousPunishment"],"picked":"QueenOfMidnight","floor":4},{"not_picked":["CurseOfVladTepes","FavorOfDestiny"],"picked":"Septette","floor":7},{"not_picked":["Maim","ScarletSymphony"],"picked":"Stigmanizer","floor":10},{"not_picked":["VampireClaw","MastersStateliness+1"],"picked":"ReincarnationDial","floor":12},{"not_picked":["BombardNight","RedRainbow"],"picked":"StarOfDavid","floor":13},{"not_picked":["StarOfDavid","BloodyMagicSquare"],"picked":"RedRainbow","floor":14},{"not_picked":["TransientEternity+1","ForecastOfChange"],"picked":"ScarletCoffin","floor":16},{"not_picked":["Stigmanizer","ScarletDevil"],"picked":"FitfulNightmare+1","floor":18},{"not_picked":["StarOfDavid","EternalNight"],"picked":"ScarletImprint+1","floor":19},{"not_picked":["BloodHunter","EndlessAdversity"],"picked":"AfternoonTea","floor":20},{"not_picked":["VampireClaw","CharismaGuard+1"],"picked":"DiffusionOfMisfortune","floor":21},{"not_picked":["EternalNight","RedRainbow"],"picked":"ScarletImprint+1","floor":22},{"not_picked":["BloodRain","NightLord"],"picked":"VampireKiss","floor":23},{"not_picked":["UnstableMagic","ReincarnationDial"],"picked":"RedNightlessCastle","floor":27},{"not_picked":["RedRainbow+1","ScarletGensokyo"],"picked":"Stigmanizer","floor":30},{"not_picked":["ScarletImprint","VampireFantasy"],"picked":"UnderTheZenith","floor":31}],"player_experience":142697,"relics_obtained":[{"floor":7,"key":"Art of War"},{"floor":9,"key":"Frozen Egg 2"},{"floor":10,"key":"Blood Vial"},{"floor":12,"key":"Incense Burner"},{"floor":14,"key":"Omamori"},{"floor":18,"key":"vexMod:MemoryStick"},{"floor":22,"key":"Anchor"},{"floor":26,"key":"hubris:MobiusCoin"},{"floor":27,"key":"Simple Rune"},{"floor":31,"key":"vexMod:BerryBomb"}],"event_choices":[{"damage_healed":0,"gold_gain":79,"player_choice":"Gained Gold","damage_taken":0,"max_hp_gain":0,"max_hp_loss":0,"event_name":"Golden Wing","floor":5,"gold_loss":0},{"damage_healed":0,"gold_gain":0,"player_choice":"Agree","damage_taken":0,"max_hp_gain":0,"max_hp_loss":0,"event_name":"conspire:LoneGhost","floor":11,"gold_loss":0},{"cards_removed":["QueenOfMidnight"],"damage_healed":0,"gold_gain":0,"player_choice":"Upgrade and Remove","damage_taken":0,"max_hp_gain":0,"max_hp_loss":0,"event_name":"Designer","floor":25,"gold_loss":90,"cards_upgraded":["conspire:GhostlyStrike"]}],"is_beta":false,"boss_relics":[{"not_picked":["SacredBark","Kintsugi"],"picked":"vexMod:RockOfEvil"}],"items_purged_floors":[],"is_endless":false,"potions_floor_spawned":[1,7,12,14,19,21,23,27],"killed_by":"Collector","ascension_level":0}}