{"host":"dojadh45vvs5q3bn","time":1607954926,"event":{"mods":["Abigail Mod","Act Like it!","BaseMod","Colored Powertips","Friendly Minions","Gensokyo","GungeonMod","Minty Spire (QoL Compilation)","Prisma Mod","StSLib","The Alterego","The Animator","The Senshi"],"gold_per_floor":[36,36,63,116,196,249,284,284,284],"floor_reached":8,"playtime":434,"items_purged":[],"score":73,"play_id":"67971673-74e5-4c9a-ba60-eead14f4178d","local_time":"20201214150846","is_ascension_mode":true,"campfire_choices":[],"circlet_count":0,"master_deck":["DemoMod:Strike_Huntress","DemoMod:Strike_Huntress","DemoMod:Strike_Huntress","DemoMod:Defend_Huntress","DemoMod:Defend_Huntress","DemoMod:Defend_Huntress","DemoMod:Defend_Huntress","DemoMod:Roll","DemoMod:ManualReload","DemoMod:RustySidearm","DemoMod:CrossBow","HandOfGreed","DemoMod:ProbeStrike","DemoMod:MachoBrace","DemoMod:BattleInHaste","DemoMod:ConditionalReflex","DemoMod:BattleInHaste"],"relics":["DemoMod:Dog","Gensokyo:NagashiBinaDoll","Ancient Tea Set","Tiny Chest"],"acts_visited":["Gensokyo:Gensokyo"],"potions_floor_usage":[6,6,8],"damage_taken":[{"damage":12,"enemies":"Gensokyo:Gryphon","floor":1,"turns":4},{"damage":52,"enemies":"Gensokyo:Cirno","floor":3,"turns":7},{"damage":0,"enemies":"Gensokyo:2_Kodama","floor":4,"turns":7},{"damage":2,"enemies":"Gensokyo:Mamizou","floor":6,"turns":8},{"damage":0,"enemies":"Gensokyo:Python","floor":7,"turns":2},{"damage":7,"enemies":"Gensokyo:Aya","floor":8,"turns":5}],"seed_played":"-156119944843778941","potions_obtained":[{"floor":1,"key":"EssenceOfSteel"},{"floor":4,"key":"Strength Potion"},{"floor":7,"key":"EssenceOfSteel"}],"is_trial":false,"path_per_floor":["M","?","?","M","?","E","M","E"],"character_chosen":"HUNTRESS","items_purchased":[],"campfire_rested":0,"item_purchase_floors":[],"current_hp_per_floor":[58,58,6,6,6,4,4,0,0],"gold":284,"neow_bonus":"RANDOM_COLORLESS_2","is_daily":false,"chose_seed":false,"campfire_upgraded":0,"win_rate":0.0,"timestamp":1607954926,"path_taken":["M","?","?","M","?","E","M","E"],"items_purchased_type":[],"build_version":"2020-12-13","purchased_purges":0,"victory":false,"max_hp_per_floor":[70,70,70,70,70,70,70,70,70],"card_choices":[{"not_picked":["Magnetism","Metamorphosis"],"picked":"HandOfGreed","floor":0},{"not_picked":["DemoMod:FastSwitch","DemoMod:BattleInHaste"],"picked":"DemoMod:ProbeStrike","floor":1},{"not_picked":["DemoMod:Replace","DemoMod:BlackHoleGun"],"picked":"DemoMod:MachoBrace","floor":3},{"not_picked":["DemoMod:EasyReloadBullets","DemoMod:AC15"],"picked":"DemoMod:BattleInHaste","floor":4},{"not_picked":["DemoMod:AC15","DemoMod:Ejector"],"picked":"DemoMod:ConditionalReflex","floor":6},{"not_picked":["DemoMod:AC15","DemoMod:Unity"],"picked":"DemoMod:BattleInHaste","floor":7}],"player_experience":442783,"relics_obtained":[{"floor":3,"key":"Ancient Tea Set"},{"floor":6,"key":"Tiny Chest"}],"event_choices":[],"is_beta":false,"boss_relics":[],"items_purged_floors":[],"is_endless":false,"potions_floor_spawned":[1,4,7],"killed_by":"Gensokyo:Aya","ascension_level":3}}