{"host":"yhemb00fn7g5zwp1","time":1607944275,"event":{"mods":["AchievementEnabler","Act Like it!","BaseMod","CapriCore","Gensokyo","Hallownest","Highlight Path","KinomotoSakuraMod(Ä¾Ö®±¾Ó£)","Koishi","KomeijiMod","Marisa£¨ìFÓê¡¡Ä§ÀíÉ³£©","Minty Spire (QoL Compilation)","MostiFishMod","Pale of the Ancients","Prisma Mod","Reimu£¨²©ÀöÁéÃÎ£©","Remilia£¨ÀÙÃ×ÀòÑÇ£©","StSLib","Td1madao Mod","The Factory","The Hayseed","The Servant 0.9.4","Youmu£¨»êÆÇÑýÃÎ£©","Yuyuko","¡¾¶«·½¶þ´Î´´×÷¡¿°ËÔÆ×Ïmod","¡¾ÒÅÎï¿¨ÅÆ¡¿REMEMod"],"gold_per_floor":[110,110,130,130,147,147,7,27,102,113,113,128,148,168,168,268,268,281,294,258,258,528,528,544,544,544,544,424,435,395,395,395],"floor_reached":31,"playtime":1257,"items_purged":[],"score":306,"play_id":"c7b66c43-9f2c-4b46-9490-9486452149ae","local_time":"20201214191114","is_ascension_mode":false,"campfire_choices":[{"data":"Calculated Gamble","floor":6,"key":"SMITH"},{"floor":15,"key":"REST"},{"floor":23,"key":"REST"},{"data":"Neutralize","floor":27,"key":"SMITH"}],"circlet_count":0,"master_deck":["Strike_G","Strike_G","Strike_G","Defend_G","Defend_G","Defend_G","Survivor","Neutralize+1","Acrobatics","Calculated Gamble+1","Prepared","MostiFishMod:PerfectParry","Blur","Slice","Dagger Spray","Underhanded Strike","PiercingWail","MostiFishMod:Confrontation","Backstab","Sucker Punch+1","Prepared","Gensokyo:FourOfAKind","Gensokyo:FourOfAKind","Gensokyo:FourOfAKind","Gensokyo:FourOfAKind","Endless Agony+1","Backflip+1","Terror"],"relics":["Ring of the Snake","REME_ComplimentaryCards","DaveBox","RhineCircuit","Question Card","Gensokyo:OccultBall","Peace Pipe","Mummified Hand","ImportantClient","Empty Cage","Gensokyo:ConquerorOfFear","ImprovedEquipment","Gensokyo:LionMask"],"acts_visited":["Exordium","Gensokyo:Gensokyo"],"potions_floor_usage":[1,16,22,22,29],"damage_taken":[{"damage":0,"enemies":"Gensokyo:Python","floor":1,"turns":3},{"damage":9,"enemies":"Gensokyo:Gryphon","floor":3,"turns":4},{"damage":0,"enemies":"Gensokyo:2_Kodama","floor":5,"turns":3},{"damage":7,"enemies":"Gensokyo:VengefulSpirit","floor":8,"turns":6},{"damage":6,"enemies":"Gensokyo:2_Rabbits","floor":10,"turns":4},{"damage":2,"enemies":"Gensokyo:Python_and_Kodama","floor":12,"turns":6},{"damage":4,"enemies":"Gensokyo:3_Kodama","floor":13,"turns":4},{"damage":0,"enemies":"Gensokyo:LivingMonolith","floor":14,"turns":2},{"damage":0,"enemies":"Gensokyo:Reimu","floor":16,"turns":6},{"damage":0,"enemies":"Gensokyo:3_Dogs","floor":18,"turns":4},{"damage":2,"enemies":"Gensokyo:Chomper","floor":19,"turns":5},{"damage":35,"enemies":"Gensokyo:Wraith","floor":22,"turns":6},{"damage":0,"enemies":"Gensokyo:Swordslinger","floor":24,"turns":4},{"damage":21,"enemies":"Gensokyo:Mirror_and_Dog","floor":29,"turns":4},{"damage":0,"enemies":"Gensokyo:Slime_Group","floor":31,"turns":1}],"seed_played":"3635182127072369538","potions_obtained":[{"floor":1,"key":"Fruit Juice"},{"floor":13,"key":"Explosive Potion"},{"floor":14,"key":"PowerPotion"},{"floor":16,"key":"DistilledChaos"},{"floor":19,"key":"Explosive Potion"},{"floor":24,"key":"LiquidBronze"}],"is_trial":false,"path_per_floor":["M","?","M","?","M","R","?","M","T","M","?","M","M","M","R","B",null,"M","M","$","?","M","R","M","?","T","R","?","M","?","M"],"character_chosen":"THE_SILENT","items_purchased":["Prepared"],"campfire_rested":2,"item_purchase_floors":[20],"current_hp_per_floor":[75,75,66,66,66,66,66,59,59,53,38,36,32,32,54,54,75,75,73,73,53,18,33,33,33,33,33,33,12,12,12,12],"gold":395,"neow_bonus":"THREE_CARDS","is_daily":false,"chose_seed":false,"campfire_upgraded":2,"win_rate":0.0,"timestamp":1607944274,"path_taken":["M","?","M","?","M","R","?","?","T","M","?","M","M","?","R","BOSS","M","M","$","?","M","R","M","?","T","R","?","M","?","?"],"items_purchased_type":["Card"],"build_version":"2020-12-13","purchased_purges":0,"victory":false,"max_hp_per_floor":[75,75,75,75,75,75,75,75,75,75,75,75,75,75,75,75,75,75,75,75,53,53,53,53,53,53,53,53,53,53,53,53],"card_choices":[{"not_picked":["All Out Attack","Dodge and Roll"],"picked":"Acrobatics","floor":0},{"not_picked":["Deflect","REME_ShadowStrike"],"picked":"Calculated Gamble","floor":1},{"not_picked":["MostiFishMod:PreservedThorns","PiercingWail","Flying Knee"],"picked":"Prepared","floor":3},{"not_picked":["Poisoned Stab","Deadly Poison","Slice"],"picked":"MostiFishMod:PerfectParry","floor":5},{"not_picked":["Blade Dance","MostiFishMod:PerfectParry","MostiFishMod:PoisonShield"],"picked":"Blur","floor":8},{"not_picked":["Bouncing Flask","Noxious Fumes","Grand Finale"],"picked":"Slice","floor":10},{"not_picked":["Deflect","Escape Plan","Flechettes"],"picked":"Dagger Spray","floor":12},{"not_picked":["Bane","Blur","MostiFishMod:FrostNova"],"picked":"Underhanded Strike","floor":13},{"not_picked":["MostiFishMod:PerfectParry","Blade Dance","Catalyst"],"picked":"PiercingWail","floor":14},{"not_picked":["MostiFishMod:ShivMaster","Adrenaline","A Thousand Cuts"],"picked":"MostiFishMod:Confrontation","floor":16},{"not_picked":["Skewer","Cloak And Dagger","Dash"],"picked":"Backstab","floor":18},{"not_picked":["PiercingWail+1","Catalyst+1","Masterful Stab"],"picked":"Sucker Punch","floor":19},{"not_picked":["Bouncing Flask+1","Cloak And Dagger","Caltrops"],"picked":"Endless Agony+1","floor":22},{"not_picked":["Outmaneuver","Dodge and Roll","MostiFishMod:PerfectParry"],"picked":"Backflip+1","floor":24},{"not_picked":["MostiFishMod:LethalBlade","Blur+1","Quick Slash"],"picked":"Terror","floor":29}],"player_experience":406643,"relics_obtained":[{"floor":1,"key":"Question Card"},{"floor":9,"key":"Mummified Hand"},{"floor":16,"key":"Gensokyo:OccultBall"},{"floor":16,"key":"ImportantClient"},{"floor":19,"key":"Gensokyo:OccultBall"},{"floor":26,"key":"ImprovedEquipment"},{"floor":29,"key":"Gensokyo:ConquerorOfFear"}],"event_choices":[],"is_beta":false,"boss_relics":[{"not_picked":["Black Star","EE1DDrone"],"picked":"Empty Cage"}],"items_purged_floors":[],"is_endless":false,"potions_floor_spawned":[1,13,14,16,19,24],"killed_by":"Gensokyo:Slime_Group","ascension_level":0}}