{"host":"dojadh45vvs5q3bn","time":1607940039,"event":{"mods":["Abigail Mod","Act Like it!","BaseMod","Colored Powertips","Friendly Minions","Gensokyo","GungeonMod","Minty Spire (QoL Compilation)","Prisma Mod","StSLib","The Alterego","The Animator","The Senshi"],"gold_per_floor":[116,116,134,19,44,44,60,86,112,139,139,139,170,191,191,298,298,308,308,325,341,352,391,407,450,450,450,476,501,520,543,568,568,568,664,664,714,247,308,370,380,415,415,493,531,581,581,616,666,736,736,736],"floor_reached":53,"playtime":1907,"items_purged":["DemoMod:AbyssalTentacle+1"],"score":917,"play_id":"5136c930-faf2-4f63-8ee1-1f83134474f8","local_time":"20201214110039","is_ascension_mode":true,"campfire_choices":[{"data":"DemoMod:ManualReload","floor":6,"key":"SMITH"},{"data":"DemoMod:TableSutra","floor":12,"key":"SMITH"},{"data":"DemoMod:SkilledReload","floor":15,"key":"SMITH"},{"data":"DemoMod:Behold!","floor":27,"key":"SMITH"},{"data":"DemoMod:PotionOfGunFriendShip","floor":33,"key":"SMITH"},{"data":"DemoMod:Behold!","floor":43,"key":"SMITH"},{"data":"DemoMod:HungryBullets","floor":51,"key":"SMITH"}],"circlet_count":0,"master_deck":["DemoMod:Roll","DemoMod:ManualReload+1","DemoMod:RustySidearm","DemoMod:CrossBow","DemoMod:FinishedGun","DemoMod:HuntsMan","DemoMod:ProbeStrike","DemoMod:DirectionalPad","DemoMod:ProbeStrike","DemoMod:TableSutra+1","DemoMod:TeaPot","DemoMod:SkilledReload+1","DemoMod:PracticeMakesPerfect","DemoMod:Behold!+1","DemoMod:HungryBullets+1","DemoMod:TeaPot","DemoMod:TeaPot","DemoMod:AbyssalTentacle","DemoMod:PracticeMakesPerfect+1","DemoMod:PotionOfGunFriendShip+1","DemoMod:HighKaliber+1","DemoMod:HardPowerCard+1","DemoMod:Unmoved+1","DemoMod:FastSwitch","DemoMod:CursedBullets+1","DemoMod:ConditionalReflex+1","DemoMod:CursedBullets","DemoMod:FastSwitch+1","DemoMod:Elimentaler","DemoMod:FinishedGun","DemoMod:AbyssalTentacle+1","DemoMod:TripleGun+1","DemoMod:FightSabre+1","DemoMod:Eureka","DemoMod:MegaHand+1","DemoMod:HardPowerCard","DemoMod:Replace+1","DemoMod:Behold!+1","DemoMod:Replace","DemoMod:TeaPot+1","DemoMod:Evolver","DemoMod:Gungine+1","DemoMod:ShadowBullets+1","DemoMod:BattleInHaste","DemoMod:StrategicReserve+1","DemoMod:TableSutra+1"],"relics":["DemoMod:Dog","DemoMod:MeltedRock","DemoMod:SilverBullets","Boot","DemoMod:PartiallyEatenCheese","theSenshi:FeatherClipsRelic","DemoMod:WhiteGuonStone","SlaversCollar","Bag of Preparation","Ancient Tea Set","DemoMod:RatBoots","DemoMod:ResourcefulSack","Molten Egg 2","Pandora\u0027s Box","Sozu","Kunai","The Courier","DemoMod:GlassGuonStoneRelic","DemoMod:PinkGuonStone","Mummified Hand","DemoMod:ClearGuonStone","DemoMod:AgedBell","DemoMod:RingOfEthereal"],"acts_visited":["Exordium","TheCity","TheCity","TheBeyond"],"potions_floor_usage":[10,35,35,35],"damage_taken":[{"damage":0,"enemies":"Cultist","floor":1,"turns":2},{"damage":0,"enemies":"Jaw Worm","floor":3,"turns":1},{"damage":5,"enemies":"2 Louse","floor":5,"turns":2},{"damage":10,"enemies":"Blue Slaver","floor":7,"turns":2},{"damage":0,"enemies":"Gremlin Nob","floor":8,"turns":1},{"damage":3,"enemies":"Lagavulin","floor":10,"turns":4},{"damage":3,"enemies":"3 Sentries","floor":13,"turns":3},{"damage":0,"enemies":"2 Fungi Beasts","floor":14,"turns":2},{"damage":12,"enemies":"The Guardian","floor":16,"turns":4},{"damage":0,"enemies":"3 Byrds","floor":18,"turns":3},{"damage":0,"enemies":"Chosen","floor":20,"turns":3},{"damage":2,"enemies":"Centurion and Healer","floor":21,"turns":3},{"damage":5,"enemies":"Snecko","floor":22,"turns":4},{"damage":0,"enemies":"Slavers","floor":23,"turns":2},{"damage":35,"enemies":"Shelled Parasite and Fungi","floor":24,"turns":6},{"damage":0,"enemies":"Gremlin Leader","floor":25,"turns":3},{"damage":0,"enemies":"DemoMod:4_Bullet_Kins_with_one_veteran","floor":28,"turns":1},{"damage":0,"enemies":"DemoMod:4_Bullet_Kins","floor":29,"turns":1},{"damage":33,"enemies":"DemoMod:Red_and_blue_shotgun_kin_with_gunsinger","floor":30,"turns":2},{"damage":11,"enemies":"DemoMod:Veteran_shot_gun_kin_and_blue_shotgun_kin_with_gunsinger","floor":31,"turns":3},{"damage":0,"enemies":"DemoMod:Veteran_shot_gun_kin_and_blue_shotgun_kin","floor":32,"turns":2},{"damage":3,"enemies":"DemoMod:ResourcefulRat","floor":35,"turns":8},{"damage":0,"enemies":"3 Darklings","floor":37,"turns":2},{"damage":0,"enemies":"3 Shapes","floor":39,"turns":1},{"damage":11,"enemies":"Jaw Worm Horde","floor":40,"turns":2},{"damage":6,"enemies":"Maw","floor":41,"turns":3},{"damage":19,"enemies":"Nemesis","floor":42,"turns":3},{"damage":0,"enemies":"Reptomancer","floor":44,"turns":1},{"damage":0,"enemies":"4 Shapes","floor":45,"turns":2},{"damage":0,"enemies":"Nemesis","floor":46,"turns":3},{"damage":0,"enemies":"Giant Head","floor":48,"turns":1},{"damage":0,"enemies":"Mind Bloom Boss Battle","floor":49,"turns":2},{"damage":0,"enemies":"4 Shapes","floor":50,"turns":1},{"damage":0,"enemies":"Donu and Deca","floor":52,"turns":4}],"seed_played":"4866216902365441908","potions_obtained":[{"floor":3,"key":"Ancient Potion"},{"floor":7,"key":"DemoMod:BlankPotion"},{"floor":8,"key":"LiquidBronze"},{"floor":18,"key":"Ancient Potion"},{"floor":22,"key":"SkillPotion"},{"floor":25,"key":"Dexterity Potion"},{"floor":28,"key":"Block Potion"},{"floor":35,"key":"LiquidBronze"}],"is_trial":false,"path_per_floor":["M","?","M","$","M","R","M","E","T","E","T","R","E","M","R","B",null,"M","?","M","M","M","E","M","E","T","R","M","M","M","M","M","R","B","B",null,"M","$","M","M","M","E","R","E","T","E","?","E","?","M","R","B",null],"character_chosen":"HUNTRESS","items_purchased":["DemoMod:GnawedKey","Kunai","DemoMod:Behold!"],"campfire_rested":0,"item_purchase_floors":[4,38,38],"current_hp_per_floor":[70,67,67,67,62,62,52,52,52,49,49,49,52,58,58,52,70,70,70,70,70,70,70,41,47,70,70,70,70,43,38,44,44,23,26,70,70,70,70,65,65,52,52,65,71,77,77,77,77,77,77,77],"gold":736,"neow_bonus":"ONE_RANDOM_RARE_CARD","is_daily":false,"chose_seed":false,"campfire_upgraded":7,"win_rate":0.0,"timestamp":1607940039,"path_taken":["M","?","M","$","M","R","M","E","T","E","?","R","E","M","R","BOSS","M","?","M","M","M","E","M","E","T","R","M","M","M","M","M","R","BOSS","BOSS","M","$","M","M","M","E","R","E","T","E","?","E","?","M","R","BOSS"],"items_purchased_type":["Relic","Relic","Card"],"build_version":"2020-12-13","purchased_purges":1,"victory":true,"max_hp_per_floor":[70,70,70,70,70,70,70,70,70,70,70,70,70,70,70,70,70,70,70,70,70,70,70,70,70,70,70,70,70,70,70,70,70,70,70,70,70,70,70,70,70,70,70,77,77,77,77,77,77,77,77,77],"card_choices":[{"not_picked":["DemoMod:JK47","DemoMod:Unmoved"],"picked":"DemoMod:HuntsMan","floor":1},{"not_picked":["DemoMod:FortunesFavor","DemoMod:BattleInHaste"],"picked":"DemoMod:ProbeStrike","floor":3},{"not_picked":["DemoMod:JK47","DemoMod:HardPowerCard"],"picked":"DemoMod:DirectionalPad","floor":5},{"not_picked":["DemoMod:LifeOrb","DemoMod:CursedBullets"],"picked":"DemoMod:ProbeStrike","floor":7},{"not_picked":["DemoMod:CursedBullets","DemoMod:PotionOfGunFriendShip"],"picked":"DemoMod:TableSutra","floor":8},{"not_picked":["DemoMod:GunstockTap","DemoMod:BalloonGun"],"picked":"DemoMod:TeaPot","floor":10},{"not_picked":["DemoMod:AWP","DemoMod:ZorGun"],"picked":"DemoMod:SkilledReload","floor":13},{"not_picked":["DemoMod:GunShield","DemoMod:Unmoved"],"picked":"DemoMod:PracticeMakesPerfect","floor":14},{"not_picked":["DemoMod:GunslingerForm","DemoMod:SuppressiveFire"],"picked":"DemoMod:Behold!","floor":16},{"not_picked":["DemoMod:FortunesFavor+1","DemoMod:GunstockTap"],"picked":"DemoMod:HungryBullets","floor":18},{"not_picked":["DemoMod:Casey+1","DemoMod:Unity"],"picked":"DemoMod:TeaPot","floor":20},{"not_picked":["DemoMod:StickyCrossBow","DemoMod:BulletBore"],"picked":"DemoMod:TeaPot","floor":21},{"not_picked":["DemoMod:SAA","DemoMod:TeaPot"],"picked":"DemoMod:AbyssalTentacle","floor":22},{"not_picked":["DemoMod:JK47+1","DemoMod:Casey"],"picked":"DemoMod:PracticeMakesPerfect+1","floor":23},{"not_picked":["DemoMod:SniperShot","DemoMod:Replace"],"picked":"DemoMod:PotionOfGunFriendShip","floor":23},{"not_picked":["DemoMod:BoxingGlove","DemoMod:CombinedRifle"],"picked":"DemoMod:HighKaliber+1","floor":24},{"not_picked":["DemoMod:RadGun","DemoMod:FeignSurrender"],"picked":"DemoMod:HardPowerCard+1","floor":25},{"not_picked":["DemoMod:Ejector","DemoMod:Replace+1"],"picked":"DemoMod:Unmoved+1","floor":28},{"not_picked":["DemoMod:AWP","DemoMod:JK47+1"],"picked":"DemoMod:FastSwitch","floor":28},{"not_picked":["DemoMod:AC15","DemoMod:FortunesFavor+1"],"picked":"DemoMod:CursedBullets+1","floor":29},{"not_picked":["DemoMod:DarkMarker","DemoMod:FeignSurrender"],"picked":"DemoMod:ConditionalReflex+1","floor":30},{"not_picked":["DemoMod:EasyReloadBullets","DemoMod:Casey"],"picked":"DemoMod:CursedBullets","floor":31},{"not_picked":["DemoMod:ConditionalReflex","DemoMod:GunstockTap"],"picked":"DemoMod:FastSwitch+1","floor":32},{"not_picked":[],"picked":"DemoMod:Elimentaler","floor":35},{"not_picked":["DemoMod:ThirdPartyController","DemoMod:BulletBore"],"picked":"DemoMod:FinishedGun","floor":35},{"not_picked":["DemoMod:FastSwitch+1","DemoMod:SkilledReload+1"],"picked":"DemoMod:HardPowerCard","floor":36},{"not_picked":["DemoMod:PotionOfGunFriendShip+1","DemoMod:Unmoved"],"picked":"DemoMod:Replace+1","floor":37},{"not_picked":["DemoMod:SAA+1","DemoMod:Camera+1"],"picked":"DemoMod:Replace","floor":39},{"not_picked":["DemoMod:ZorGun+1","DemoMod:AC15+1"],"picked":"DemoMod:TeaPot+1","floor":40},{"not_picked":["DemoMod:AC15+1","DemoMod:SAA+1"],"picked":"DemoMod:Evolver","floor":41},{"not_picked":["DemoMod:FeignSurrender","DemoMod:BlankBullets"],"picked":"DemoMod:Gungine+1","floor":42},{"not_picked":["DemoMod:ConditionalReflex","DemoMod:HighKaliber+1"],"picked":"DemoMod:ShadowBullets+1","floor":44},{"not_picked":["DemoMod:Replace+1","DemoMod:LifeOrb+1"],"picked":"DemoMod:BattleInHaste","floor":45},{"not_picked":["DemoMod:SpreadAmmo","DemoMod:Unmoved","DemoMod:PotionOfGunFriendShip"],"picked":"SKIP","floor":46},{"not_picked":["DemoMod:AC15+1","DemoMod:Unmoved+1"],"picked":"DemoMod:StrategicReserve+1","floor":48},{"not_picked":["DemoMod:BoxingGlove+1","DemoMod:HardPowerCard"],"picked":"DemoMod:TableSutra+1","floor":49},{"not_picked":["DemoMod:BoxingGlove+1","DemoMod:BalloonGun+1","DemoMod:Rummage+1"],"picked":"SKIP","floor":50}],"player_experience":440876,"relics_obtained":[{"floor":8,"key":"DemoMod:SilverBullets"},{"floor":9,"key":"Boot"},{"floor":10,"key":"DemoMod:PartiallyEatenCheese"},{"floor":11,"key":"theSenshi:FeatherClipsRelic"},{"floor":13,"key":"DemoMod:WhiteGuonStone"},{"floor":23,"key":"Bag of Preparation"},{"floor":25,"key":"Ancient Tea Set"},{"floor":36,"key":"DemoMod:RatBoots"},{"floor":36,"key":"DemoMod:ResourcefulSack"},{"floor":36,"key":"Molten Egg 2"},{"floor":36,"key":"Pandora\u0027s Box"},{"floor":36,"key":"Sozu"},{"floor":42,"key":"The Courier"},{"floor":44,"key":"DemoMod:PinkGuonStone"},{"floor":45,"key":"Mummified Hand"},{"floor":46,"key":"DemoMod:ClearGuonStone"},{"floor":48,"key":"DemoMod:AgedBell"},{"floor":49,"key":"DemoMod:RingOfEthereal"}],"event_choices":[{"damage_healed":0,"gold_gain":0,"player_choice":"Success","damage_taken":3,"relics_obtained":["DemoMod:MeltedRock"],"max_hp_gain":0,"max_hp_loss":0,"event_name":"Scrap Ooze","floor":2,"gold_loss":0},{"damage_healed":0,"gold_gain":0,"player_choice":"Simplicity","damage_taken":0,"max_hp_gain":0,"max_hp_loss":0,"event_name":"Back to Basics","floor":19,"gold_loss":0,"cards_upgraded":["DemoMod:Strike_Huntress","DemoMod:Strike_Huntress","DemoMod:Strike_Huntress","DemoMod:Defend_Huntress","DemoMod:Defend_Huntress","DemoMod:Defend_Huntress","DemoMod:Defend_Huntress"]},{"cards_removed":["DemoMod:AWP"],"damage_healed":0,"gold_gain":0,"player_choice":"Removed Attack","damage_taken":0,"max_hp_gain":0,"max_hp_loss":0,"event_name":"Falling","floor":47,"gold_loss":0},{"damage_healed":0,"gold_gain":0,"player_choice":"Fight","damage_taken":0,"max_hp_gain":0,"max_hp_loss":0,"event_name":"MindBloom","floor":49,"gold_loss":0}],"is_beta":false,"boss_relics":[{"not_picked":["Calling Bell","Coffee Dripper"],"picked":"SlaversCollar"},{"not_picked":[]}],"items_purged_floors":[38],"is_endless":false,"potions_floor_spawned":[3,7,8,18,22,25,28,31,35,39,40,41,44,46],"ascension_level":2}}