{"host":"and8eo8sydud92t3","time":1607915906,"event":{"mods":["AchievementEnabler","BaseMod","Bestiary","Colored Map","Colored Powertips","Highlight Path","Minty Spire (QoL Compilation)","Relic Stats","StSLib"],"gold_per_floor":[109,184,204,12,12,38,38,68,92,103,115,115,134,162,162,259,309,327,345,345,358,61,61,93,108,184,209,209,244,244,244],"floor_reached":30,"playtime":858,"items_purged":[],"score":465,"play_id":"1688663f-f48c-4e63-81e0-5697601c75c3","local_time":"20201213221826","is_ascension_mode":true,"campfire_choices":[{"data":"Perfected Strike","floor":7,"key":"SMITH"},{"floor":15,"key":"RECALL"},{"floor":23,"key":"REST"}],"circlet_count":0,"master_deck":["Strike_R+1","Strike_R+1","Strike_R+1","Strike_R+1","Strike_R+1","Defend_R+1","Defend_R+1","Defend_R+1","Defend_R+1","Bash+1","Perfected Strike+1","Twin Strike","Wild Strike","Twin Strike","Inflame","Spot Weakness","Feed","Juggernaut","Carnage","Armaments","Inflame","Fire Breathing","Metallicize"],"relics":["Burning Blood","NeowsBlessing","Lee\u0027s Waffle","Red Skull","Boot","Nunchaku","Strawberry","Tiny House","PreservedInsect","ClockworkSouvenir","Bottled Flame","Eternal Feather","Gremlin Horn","Dead Branch"],"acts_visited":["Exordium","TheCity"],"potions_floor_usage":[16,21,21,24,25,29,30],"damage_taken":[{"damage":0,"enemies":"Jaw Worm","floor":1,"turns":1},{"damage":0,"enemies":"2 Louse","floor":3,"turns":1},{"damage":0,"enemies":"Lagavulin","floor":6,"turns":1},{"damage":20,"enemies":"3 Sentries","floor":8,"turns":8},{"damage":0,"enemies":"Cultist","floor":10,"turns":2},{"damage":7,"enemies":"3 Louse","floor":11,"turns":3},{"damage":3,"enemies":"Looter","floor":13,"turns":2},{"damage":8,"enemies":"Gremlin Nob","floor":14,"turns":3},{"damage":0,"enemies":"Slime Boss","floor":16,"turns":5},{"damage":16,"enemies":"Chosen","floor":18,"turns":4},{"damage":27,"enemies":"Spheric Guardian","floor":19,"turns":4},{"damage":50,"enemies":"Shelled Parasite and Fungi","floor":21,"turns":5},{"damage":54,"enemies":"Book of Stabbing","floor":24,"turns":4},{"damage":32,"enemies":"Chosen and Byrds","floor":25,"turns":6},{"damage":23,"enemies":"Gremlin Leader","floor":27,"turns":7},{"damage":7,"enemies":"Slavers","floor":29,"turns":2},{"damage":23,"enemies":"Centurion and Healer","floor":30,"turns":4}],"seed_played":"-510360824235490227","potions_obtained":[{"floor":3,"key":"SteroidPotion"},{"floor":6,"key":"BloodPotion"},{"floor":13,"key":"Fire Potion"},{"floor":17,"key":"DistilledChaos"},{"floor":21,"key":"BloodPotion"},{"floor":27,"key":"AttackPotion"},{"floor":29,"key":"Fire Potion"}],"is_trial":false,"path_per_floor":["M","?","M","$","?","E","R","E","T","M","M","?","M","E","R","B",null,"M","M","?","M","$","R","E","M","T","E","?","E","M"],"character_chosen":"IRONCLAD","items_purchased":["Lee\u0027s Waffle","Wild Strike","PreservedInsect","ClockworkSouvenir"],"campfire_rested":1,"item_purchase_floors":[4,4,22,22],"current_hp_per_floor":[80,69,75,87,87,87,87,73,73,79,78,61,64,69,69,78,102,95,77,77,33,33,65,38,33,33,16,16,15,0,0],"gold":244,"neow_bonus":"THREE_ENEMY_KILL","is_daily":false,"chose_seed":false,"campfire_upgraded":1,"win_rate":0.0,"timestamp":1607915906,"path_taken":["M","?","M","$","?","E","R","E","T","?","M","?","M","E","R","BOSS","M","M","?","M","$","R","E","M","T","E","?","E","M"],"items_purchased_type":["Relic","Card","Relic","Relic"],"build_version":"2020-12-13","purchased_purges":0,"victory":false,"max_hp_per_floor":[80,80,80,87,87,87,87,87,87,87,87,87,87,94,94,97,102,105,108,108,108,108,108,108,108,108,108,108,108,108,108],"relic_stats":{"Lee\u0027s Waffle":12,"Nunchaku":[8],"Gremlin Horn":[3,3],"counters":[17,62],"Dead Branch":[0],"Eternal Feather":0,"PreservedInsect":126,"Boot":[0],"obtain_stats":[{"Lee\u0027s Waffle":4,"Tiny House":17,"NeowsBlessing":0,"Gremlin Horn":27,"Dead Branch":29,"Eternal Feather":26,"PreservedInsect":22,"Boot":6,"Burning Blood":0,"ClockworkSouvenir":22,"Nunchaku":8,"Bottled Flame":24,"Strawberry":14,"Red Skull":5},{"Lee\u0027s Waffle":2,"Tiny House":9,"NeowsBlessing":0,"Gremlin Horn":15,"Dead Branch":16,"Eternal Feather":14,"PreservedInsect":12,"Boot":3,"Burning Blood":0,"ClockworkSouvenir":12,"Nunchaku":4,"Bottled Flame":13,"Strawberry":8,"Red Skull":2},{"Lee\u0027s Waffle":2,"Tiny House":26,"NeowsBlessing":0,"Gremlin Horn":56,"Dead Branch":58,"Eternal Feather":49,"PreservedInsect":39,"Boot":3,"Burning Blood":0,"ClockworkSouvenir":39,"Nunchaku":11,"Bottled Flame":43,"Strawberry":21,"Red Skull":2}],"Burning Blood":84},"card_choices":[{"not_picked":["Clothesline","Sword Boomerang"],"picked":"Perfected Strike","floor":1},{"not_picked":["Havoc","Evolve"],"picked":"Twin Strike","floor":3},{"not_picked":["Bloodletting","Whirlwind","Intimidate"],"picked":"SKIP","floor":6},{"not_picked":["Seeing Red","Feed"],"picked":"Twin Strike","floor":8},{"not_picked":["Entrench","True Grit"],"picked":"Inflame","floor":10},{"not_picked":["Clothesline","Anger","Shrug It Off"],"picked":"SKIP","floor":11},{"not_picked":["Iron Wave","Havoc"],"picked":"Spot Weakness","floor":13},{"not_picked":["Hemokinesis","Offering"],"picked":"Feed","floor":14},{"not_picked":["Exhume","Immolate"],"picked":"Juggernaut","floor":16},{"not_picked":["Clothesline","Havoc"],"picked":"Carnage","floor":17},{"not_picked":["Iron Wave","Havoc+1","Hemokinesis"],"picked":"SKIP","floor":18},{"not_picked":["Dropkick","Sword Boomerang+1"],"picked":"Armaments","floor":19},{"not_picked":["Pummel","Wild Strike+1"],"picked":"Inflame","floor":21},{"not_picked":["Seeing Red+1","Disarm"],"picked":"Fire Breathing","floor":24},{"not_picked":["Pummel","Disarm"],"picked":"Metallicize","floor":25},{"not_picked":["Fiend Fire","Headbutt","Cleave"],"picked":"SKIP","floor":27},{"not_picked":["Sever Soul","Iron Wave+1","Intimidate"],"picked":"SKIP","floor":29}],"player_experience":366245,"relics_obtained":[{"floor":5,"key":"Red Skull"},{"floor":6,"key":"Boot"},{"floor":8,"key":"Nunchaku"},{"floor":14,"key":"Strawberry"},{"floor":24,"key":"Bottled Flame"},{"floor":26,"key":"Eternal Feather"},{"floor":27,"key":"Gremlin Horn"},{"floor":29,"key":"Dead Branch"}],"event_choices":[{"damage_healed":0,"gold_gain":75,"player_choice":"Gather Gold","damage_taken":11,"max_hp_gain":0,"max_hp_loss":0,"event_name":"World of Goop","floor":2,"gold_loss":0},{"damage_healed":0,"gold_gain":0,"player_choice":"Relic","damage_taken":0,"max_hp_gain":0,"max_hp_loss":0,"event_name":"Wheel of Change","floor":5,"gold_loss":0},{"damage_healed":0,"gold_gain":0,"player_choice":"Entered Light","damage_taken":17,"max_hp_gain":0,"max_hp_loss":0,"event_name":"Shining Light","floor":12,"gold_loss":0,"cards_upgraded":["Bash","Defend_R"]},{"damage_healed":0,"gold_gain":0,"player_choice":"Simplicity","damage_taken":0,"max_hp_gain":0,"max_hp_loss":0,"event_name":"Back to Basics","floor":20,"gold_loss":0,"cards_upgraded":["Strike_R","Strike_R","Strike_R","Strike_R","Defend_R","Defend_R","Defend_R"]},{"damage_healed":0,"gold_gain":0,"player_choice":"Ignored","damage_taken":0,"max_hp_gain":0,"max_hp_loss":0,"event_name":"Purifier","floor":28,"gold_loss":0}],"is_beta":false,"boss_relics":[{"not_picked":["Coffee Dripper","Astrolabe"],"picked":"Tiny House"}],"items_purged_floors":[],"is_endless":false,"potions_floor_spawned":[3,6,13,18,21,27,29],"killed_by":"Centurion and Healer","ascension_level":3}}