{"host":"kjmsjq3kpb3v9rdj","time":1607966951,"event":{"mods":["Aspiration","BaseMod","CCEM","Colored Powertips","Conspire","GifTheSpireLib","Halation","Highlight Path","Hubris","Ironclad Rager","Minty Spire (QoL Compilation)","Quick Restart","Small Relic Pack","Spicy Shops","Spikes Relics","StSLib","Stuff the Spire","The Animator","The Blue Laboratory","The Runesmith","Trackpad","vexMod"],"gold_per_floor":[117,133,153,3153,1154,1154,1169,1202,1226,1226,1990,1990,2003,2016,2016,2117,2142,2161,2173,2193,251,269,269,1380,1380,1429,1589,1614,1614,1614,2908,2960,2960],"floor_reached":34,"playtime":4863,"items_purged":["Runesmith:Strike_RS","Runesmith:Strike_RS","Runesmith:Defend_RS"],"score":1295,"play_id":"8201826b-ea28-400b-8b5c-b84f70ed24a5","local_time":"20201214092911","is_ascension_mode":false,"campfire_choices":[{"data":"Runesmith:Firestorm","floor":6,"key":"SMITH"},{"floor":10,"key":"RECALL"},{"data":"Runesmith:BackupBattery+1","floor":15,"key":"SMITH"},{"floor":23,"key":"REST"},{"data":"Apotheosis","floor":25,"key":"SMITH"},{"data":"Runesmith:BackupBattery+2","floor":30,"key":"SMITH"}],"circlet_count":0,"master_deck":["Runesmith:Strike_RS","Runesmith:Strike_RS","Runesmith:Defend_RS","Runesmith:Defend_RS","Runesmith:Defend_RS","Runesmith:CraftFirestone","Runesmith:Fortify","Runesmith:CraftMagma","Runesmith:HammerThrow","Runesmith:BackupBattery+3","Runesmith:Firestorm+1","Runesmith:MakeshiftArmor","Runesmith:Grindstone","Runesmith:ChiselStab","Runesmith:HammerTime","Transmutation","Enlightenment","Pride","Runesmith:Prism","Runesmith:HeatExchange","Runesmith:ShiftingStrike","Runesmith:Firewall","Runesmith:CraftObretio","Runesmith:LithiumIon","Jack Of All Trades","Deep Breath","StuffTheSpire:Incantation","StuffTheSpire:ClusterCrunch","animator:Gilgamesh+4","Runesmith:NegativeSpace","Runesmith:RunicBlueprint","Runesmith:WhiteBalance","Runesmith:UnlimitedPower","Runesmith:Firewall","Runesmith:OneForEveryone","Bandage Up","Metamorphosis","Runesmith:RunicBlueprint","Dodge and Roll+1","Runesmith:Firestorm","Runesmith:Grindstone","Apotheosis+1","Runesmith:HeatExchange","Runesmith:PerfectChisel","Runesmith:MakeshiftArmor","Runesmith:Repurpose+1","Pride","Runesmith:UnlimitedPower","Runesmith:Discharge","Reforge","Runesmith:PoweredAnvil","Runesmith:Grindstone","Runesmith:CraftObretio"],"relics":["Runesmith:BrokenRuby","conspire:GlowingRock","PrismaticShard","Medical Kit","Pantograph","Toy Ornithopter","aspiration:DSix","aspiration:Lifesprig","StuffTheSpire:GrapeVine","conspire:Dentures","aspiration:ChemicalBlood","CCEMRelics:FranticForklift","CCEMRelics:DerglesHeadphones","trackpad:CultistFigurine","HandDrill","hubris:GrandSneckoEye","LugNut","aspiration:AnachronicSnailShell","StuffTheSpire:BottledEssence","Sundial","ClockworkSouvenir","hubris:Metronome","Bag of Marbles","MealTicket","Lee\u0027s Waffle","trackpad:DisasterInABottle","StuffTheSpire:Tea","Cauldron","Matryoshka","hubris:RunicObelisk","Incense Burner","CCEMRelics:DissonantTune","vexMod:GhostlyGear","halation:AfternoonTea","Orichalcum","conspire:TreasureMap","Bronze Scales"],"acts_visited":["Exordium","TheCity","TheBeyond","TheEnding"],"potions_floor_usage":[7,8,13,14,16,16,19,19,27,27],"damage_taken":[{"damage":6,"enemies":"Cultist","floor":1,"turns":5},{"damage":11,"enemies":"Jaw Worm","floor":2,"turns":5},{"damage":4,"enemies":"conspire:RoseBush","floor":3,"turns":3},{"damage":25,"enemies":"Gremlin Gang","floor":7,"turns":6},{"damage":9,"enemies":"Lagavulin","floor":8,"turns":5},{"damage":12,"enemies":"conspire:2 RoseBushes","floor":13,"turns":4},{"damage":31,"enemies":"Exordium Thugs","floor":14,"turns":6},{"damage":0,"enemies":"Slime Boss","floor":16,"turns":10},{"damage":41,"enemies":"3 Byrds","floor":18,"turns":5},{"damage":18,"enemies":"Shell Parasite","floor":19,"turns":4},{"damage":11,"enemies":"Cultist and Chosen","floor":20,"turns":6},{"damage":0,"enemies":"Centurion and Healer","floor":22,"turns":6},{"damage":9,"enemies":"conspire:SneckoGhost","floor":27,"turns":4},{"damage":3,"enemies":"Champ","floor":27,"turns":3},{"damage":0,"enemies":"Awakened One","floor":28,"turns":1},{"damage":0,"enemies":"Shield and Spear","floor":32,"turns":1},{"damage":24,"enemies":"The Heart","floor":33,"turns":3}],"seed_played":"-653902907778741596","potions_obtained":[{"floor":2,"key":"blueLaboratory:ExaltedPotion"},{"floor":7,"key":"blueLaboratory:EmptyBottle"},{"floor":14,"key":"Dexterity Potion"},{"floor":16,"key":"blueLaboratory:AbyssPotion"},{"floor":19,"key":"SteroidPotion"},{"floor":24,"key":"blueLaboratory:ExaltedPotion"},{"floor":24,"key":"blueLaboratory:PolymorphPotion"},{"floor":24,"key":"DuplicationPotion"},{"floor":24,"key":"blueLaboratory:PhilterOfMotion"},{"floor":24,"key":"blueLaboratory:CorrosionFlask"},{"floor":27,"key":"Energy Potion"},{"floor":27,"key":"Regen Potion"}],"is_trial":false,"path_per_floor":["M","M","M","?","$","R","M","E","T","R","$","?","M","M","R","B",null,"M","M","M","$","M","R","$","R","T","E",null,null,"R","$","E","B",null],"character_chosen":"RUNESMITH_CLASS","items_purchased":["Runesmith:Firestorm","Runesmith:MakeshiftArmor","Runesmith:Grindstone","Runesmith:ChiselStab","Runesmith:HammerTime","conspire:GlowingRock","PrismaticShard","Medical Kit","Pantograph","Toy Ornithopter","aspiration:DSix","blueLaboratory:HummingbirdPotion","Block Potion","Transmutation","Enlightenment","conspire:Dentures","aspiration:ChemicalBlood","CCEMRelics:FranticForklift","CCEMRelics:DerglesHeadphones","trackpad:CultistFigurine","HandDrill","Runesmith:HeatExchange","Runesmith:ShiftingStrike","Runesmith:Firewall","Runesmith:CraftObretio","Runesmith:LithiumIon","FairyPotion","Transmutation","Jack Of All Trades","LugNut","aspiration:AnachronicSnailShell","StuffTheSpire:BottledEssence","Sundial","ClockworkSouvenir","hubris:Metronome","Runesmith:WhiteBalance","Runesmith:UnlimitedPower","Runesmith:Firewall","Runesmith:OneForEveryone","Bandage Up","Metamorphosis","Runesmith:RunicBlueprint","Bag of Marbles","MealTicket","Lee\u0027s Waffle","trackpad:DisasterInABottle","StuffTheSpire:Tea","Cauldron","Runesmith:Firestorm","Runesmith:Grindstone","Apotheosis","Runesmith:HeatExchange","Runesmith:PerfectChisel","Runesmith:MakeshiftArmor","Incense Burner","CCEMRelics:DissonantTune","vexMod:GhostlyGear","halation:AfternoonTea","Orichalcum","conspire:TreasureMap","Runesmith:Discharge","Reforge","Runesmith:PoweredAnvil","Runesmith:Grindstone","Runesmith:CraftObretio","Swift Potion"],"campfire_rested":1,"item_purchase_floors":[5,5,5,5,5,5,5,5,5,5,5,5,5,5,5,11,11,11,11,11,11,11,11,11,11,11,11,11,11,21,21,21,21,21,21,21,21,21,21,21,21,21,24,24,24,24,24,24,24,24,24,24,24,24,31,31,31,31,31,31,31,31,31,31,31,31],"current_hp_per_floor":[71,60,56,56,56,56,36,32,32,32,32,32,25,34,46,77,77,36,37,26,26,34,57,84,84,84,81,84,84,84,84,84,60],"gold":2960,"neow_bonus":"TEN_PERCENT_HP_BONUS","is_daily":false,"chose_seed":false,"campfire_upgraded":4,"win_rate":0.0,"timestamp":1607966951,"path_taken":["M","M","?","?","$","R","M","E","T","R","$","?","M","M","R","BOSS","M","M","M","$","?","R","$","R","T","E","BOSS","BOSS","R","$","E","BOSS"],"items_purchased_type":["Card","Card","Card","Card","Card","Relic","Relic","Relic","Relic","Relic","Relic","Potion","Potion","Card","Card","Relic","Relic","Relic","Relic","Relic","Relic","Card","Card","Card","Card","Card","Potion","Card","Card","Relic","Relic","Relic","Relic","Relic","Relic","Card","Card","Card","Card","Card","Card","Card","Relic","Relic","Relic","Relic","Relic","Relic","Card","Card","Card","Card","Card","Card","Relic","Relic","Relic","Relic","Relic","Relic","Card","Card","Card","Card","Card","Potion"],"build_version":"2020-12-13","purchased_purges":3,"victory":true,"max_hp_per_floor":[77,77,77,77,77,77,77,77,77,77,77,77,77,77,77,77,77,77,77,77,77,77,77,84,84,84,84,84,84,84,84,84,84],"card_choices":[{"not_picked":["Runesmith:EarthShield","Runesmith:BackupBattery"],"picked":"Runesmith:CraftMagma","floor":1},{"not_picked":["Runesmith:ShiftingStrike","Runesmith:RuneHurl"],"picked":"Runesmith:HammerThrow","floor":2},{"not_picked":["Runesmith:ChiselStab","Runesmith:GrandSlam"],"picked":"Runesmith:BackupBattery","floor":3},{"not_picked":["Headbutt","animator:Jibril","Deflect"],"picked":"SKIP","floor":7},{"not_picked":["Footwork","animator:Shuna"],"picked":"Runesmith:Prism","floor":8},{"not_picked":["Caltrops","animator:Lu"],"picked":"StuffTheSpire:Incantation","floor":13},{"not_picked":["Shrug It Off","animator:Chung"],"picked":"StuffTheSpire:ClusterCrunch","floor":14},{"not_picked":["Malaise","StuffTheSpire:ForEach"],"picked":"animator:Gilgamesh","floor":16},{"not_picked":["Runesmith:ShiftingStrike","animator:Entoma"],"picked":"Runesmith:NegativeSpace","floor":18},{"not_picked":["animator:Kuribayashi","animator:Kazuma","animator:Gillette"],"picked":"SKIP","floor":19},{"not_picked":["animator:Priestess","animator:Berserker"],"picked":"Runesmith:RunicBlueprint","floor":20},{"not_picked":["Coolheaded+1","Runesmith:CraftReservo+1"],"picked":"Dodge and Roll+1","floor":22},{"not_picked":["animator:Albedo","LikeWater"],"picked":"Runesmith:Repurpose+1","floor":27},{"not_picked":["hubris:Prefetch","hubris:SpecializedCircuitry"],"picked":"Runesmith:UnlimitedPower","floor":27},{"not_picked":["Setup+1","Footwork+1","Swivel"],"picked":"SKIP","floor":32}],"player_experience":448319,"relics_obtained":[{"floor":8,"key":"aspiration:Lifesprig"},{"floor":9,"key":"StuffTheSpire:GrapeVine"},{"floor":27,"key":"Matryoshka"},{"floor":32,"key":"Bronze Scales"}],"event_choices":[{"damage_healed":0,"gold_gain":0,"cards_transformed":["Transmutation"],"player_choice":"Transformed","damage_taken":0,"max_hp_gain":0,"max_hp_loss":0,"event_name":"Transmorgrifier","floor":12,"gold_loss":0,"cards_obtained":["Deep Breath"]}],"is_beta":false,"boss_relics":[{"not_picked":["relicPack:KazumaCape","hubris:ScarierMask"],"picked":"hubris:GrandSneckoEye"},{"not_picked":["halation:PlatinumPhoenix","halation:PinkAlligatorPlush"],"picked":"hubris:RunicObelisk"}],"items_purged_floors":[5,11,21],"is_endless":false,"potions_floor_spawned":[2,7,14,16,19,27],"ascension_level":0}}