{"host":"hfxp6ue4pvwo3fit","time":1607917391,"event":{"mods":["AchievementEnabler","BaseMod","Colored Map","Colored Powertips","Highlight Path","Minty Spire (QoL Compilation)","StSLib","SuperFastMode"],"gold_per_floor":[116,133,133,133,153,484,484,507,577,577,577],"floor_reached":10,"playtime":297,"items_purged":[],"score":136,"play_id":"0e2602a0-60c4-464a-93bf-40e9031352e5","local_time":"20201213214311","is_ascension_mode":true,"campfire_choices":[{"floor":7,"key":"REST"}],"circlet_count":0,"master_deck":["AscendersBane","Strike_R","Strike_R","Strike_R","Strike_R","Strike_R","Defend_R","Defend_R","Defend_R","Defend_R","Bash+1","Spot Weakness","Battle Trance","Whirlwind","Limit Break","Thunderclap"],"relics":["Burning Blood","Golden Idol","Old Coin","HornCleat"],"acts_visited":["Exordium"],"potions_floor_usage":[6],"damage_taken":[{"damage":0,"enemies":"2 Louse","floor":1,"turns":3},{"damage":2,"enemies":"Jaw Worm","floor":2,"turns":4},{"damage":12,"enemies":"Small Slimes","floor":5,"turns":4},{"damage":37,"enemies":"Lagavulin","floor":6,"turns":7},{"damage":22,"enemies":"Red Slaver","floor":8,"turns":5},{"damage":52,"enemies":"Gremlin Nob","floor":10,"turns":4}],"seed_played":"-9012270093468765931","potions_obtained":[{"floor":1,"key":"SpeedPotion"},{"floor":2,"key":"LiquidBronze"}],"is_trial":false,"path_per_floor":["M","M","?","?","M","E","R","M","T","E"],"character_chosen":"IRONCLAD","items_purchased":[],"campfire_rested":1,"item_purchase_floors":[],"current_hp_per_floor":[74,75,49,54,48,17,41,25,25,0,0],"gold":577,"neow_bonus":"UPGRADE_CARD","is_daily":false,"chose_seed":false,"campfire_upgraded":0,"win_rate":0.0,"timestamp":1607917391,"path_taken":["M","M","?","?","M","E","R","M","T","E"],"items_purchased_type":[],"build_version":"2020-12-13","purchased_purges":0,"victory":false,"max_hp_per_floor":[75,75,75,80,80,80,80,80,80,80,80],"card_choices":[{"not_picked":["Dual Wield","Havoc"],"picked":"Spot Weakness","floor":1},{"not_picked":["Twin Strike","Iron Wave"],"picked":"Battle Trance","floor":2},{"not_picked":["Pommel Strike","Shrug It Off"],"picked":"Whirlwind","floor":5},{"not_picked":["Intimidate","Sever Soul"],"picked":"Limit Break","floor":6},{"not_picked":["Clash","Perfected Strike"],"picked":"Thunderclap","floor":8}],"player_experience":373780,"relics_obtained":[{"floor":6,"key":"Old Coin"},{"floor":9,"key":"HornCleat"}],"event_choices":[{"damage_healed":0,"gold_gain":0,"player_choice":"Take Damage","damage_taken":26,"relics_obtained":["Golden Idol"],"max_hp_gain":0,"max_hp_loss":0,"event_name":"Golden Idol","floor":3,"gold_loss":0},{"damage_healed":0,"gold_gain":0,"player_choice":"Donut","damage_taken":0,"max_hp_gain":5,"max_hp_loss":0,"event_name":"Big Fish","floor":4,"gold_loss":0}],"is_beta":false,"boss_relics":[],"items_purged_floors":[],"is_endless":false,"potions_floor_spawned":[1,2],"killed_by":"Gremlin Nob","ascension_level":20}}