{"host":"yecadp3kwkksam5a","time":1607960589,"event":{"mods":["BaseMod","Minty Spire (QoL Compilation)","Replay The Spire","StSLib"],"gold_per_floor":[114,124,136,234,251,251,271,297,297,297,247,260,67,86,86,183,183,203,218,218,229,249,249,249],"floor_reached":23,"playtime":1073,"items_purged":["Strike_B"],"score":284,"play_id":"98175762-eae4-4f65-951c-4c502be996d1","local_time":"20201215004309","is_ascension_mode":true,"campfire_choices":[{"floor":6.0,"key":"REST"},{"floor":15.0,"key":"REST"}],"circlet_count":0,"master_deck":["Strike_B","Strike_B","Defend_B","Defend_B","Defend_B","Defend_B","Zap","Dualcast","Gash","Cold Snap","Streamline","Ball Lightning+1","Sweeping Beam","Conserve Battery","Beam Cell","Barrage","Barrage","Sunder","Ball Lightning+1","ReplayGash","Thunder Strike","Hologram","Stack","Ball Lightning+1","ReplayTheSpireMod:Calculation Training","Turbo+1"],"relics":["Cracked Core","Smiling Mask","ReplayTheSpireMod:TigerMarble","Replay:Bottled Eggs","Orrery","Velvet Choker"],"acts_visited":["Exordium","TheCity"],"potions_floor_usage":[],"damage_taken":[{"damage":10.0,"enemies":"2 Louse","floor":1.0,"turns":2.0},{"damage":4.0,"enemies":"Small Slimes","floor":2.0,"turns":3.0},{"damage":0.0,"enemies":"Cultist","floor":3.0,"turns":3.0},{"damage":7.0,"enemies":"Gremlin Gang","floor":5.0,"turns":4.0},{"damage":9.0,"enemies":"Looter","floor":7.0,"turns":2.0},{"damage":29.0,"enemies":"Replay:BlueRogue","floor":8.0,"turns":7.0},{"damage":10.0,"enemies":"Blue Slaver","floor":12.0,"turns":3.0},{"damage":2.0,"enemies":"Red Slaver","floor":14.0,"turns":2.0},{"damage":0.0,"enemies":"Slime Boss","floor":16.0,"turns":5.0},{"damage":0.0,"enemies":"Spheric Guardian","floor":18.0,"turns":2.0},{"damage":9,"enemies":"3 Byrds","floor":19,"turns":4},{"damage":22,"enemies":"Snecko","floor":21,"turns":4},{"damage":27,"enemies":"Centurion and Healer","floor":22,"turns":4},{"damage":11,"enemies":"Replay:Snechameleon","floor":23,"turns":4}],"seed_played":"6278252515876380340","potions_obtained":[{"floor":2.0,"key":"Swift Potion"},{"floor":3.0,"key":"DistilledChaos"},{"floor":21,"key":"Explosive Potion"}],"is_trial":false,"path_per_floor":["M","M","M","?","M","R","M","E","T","?","?","M","$","M","R","B",null,"M","M","?","M","M","E"],"character_chosen":"DEFECT","items_purchased":["Orrery"],"campfire_rested":2,"item_purchase_floors":[13],"current_hp_per_floor":[72,68,68,36,29,53,44,15,15,15,15,5,5,3,27,27,82,82,73,73,51,24,13,13],"gold":249,"neow_bonus":"TEN_PERCENT_HP_BONUS","is_daily":false,"chose_seed":false,"campfire_upgraded":0,"win_rate":0.0,"timestamp":1607960589,"path_taken":["M","M","M","?","M","R","M","E","T","?","?","M","$","M","R","BOSS","M","M","?","?","?","E"],"items_purchased_type":["Relic"],"build_version":"2020-12-13","purchased_purges":1,"victory":false,"max_hp_per_floor":[82,82,82,82,82,82,82,82,82,82,82,82,82,82,82,82,82,82,82,82,82,82,82,82],"card_choices":[{"not_picked":["Crystallizer","Barrage"],"picked":"Gash","floor":1.0},{"not_picked":["BasicCrystalCard","Beam Cell"],"picked":"Cold Snap","floor":2.0},{"not_picked":["Aggregate","Turbo"],"picked":"Streamline","floor":3.0},{"not_picked":["Steam Power","ReplaySolidLightProjector"],"picked":"Ball Lightning","floor":4.0},{"not_picked":["Streamline","Coolheaded"],"picked":"Sweeping Beam","floor":4.0},{"not_picked":["Redo","Sweeping Beam","Scrape"],"picked":"SKIP","floor":5.0},{"not_picked":["Tempest","Hello World"],"picked":"Conserve Battery","floor":7.0},{"not_picked":["Rainbow","Consume"],"picked":"Beam Cell","floor":8.0},{"not_picked":["Sweeping Beam","Leap"],"picked":"Barrage","floor":12.0},{"not_picked":["Blizzard","Redo"],"picked":"Barrage","floor":13.0},{"not_picked":["Hyperbeam","Beam Cell"],"picked":"Sunder","floor":13.0},{"not_picked":["Barrage","Reprogram"],"picked":"Ball Lightning","floor":13.0},{"not_picked":["Gash","BasicCrystalCard"],"picked":"ReplayGash","floor":14.0},{"not_picked":["Fission","Hyperbeam"],"picked":"Thunder Strike","floor":16.0},{"not_picked":["Leap+1","Streamline"],"picked":"Hologram","floor":18.0},{"not_picked":["Barrage","BootSequence+1"],"picked":"Stack","floor":19},{"not_picked":["Leap+1","Panic Button"],"picked":"ReplayTheSpireMod:Calculation Training","floor":21},{"not_picked":["Streamline","Sweeping Beam"],"picked":"Turbo+1","floor":22}],"player_experience":173584,"relics_obtained":[{"floor":4.0,"key":"Smiling Mask"},{"floor":8.0,"key":"ReplayTheSpireMod:TigerMarble"},{"floor":9.0,"key":"Replay:Bottled Eggs"}],"event_choices":[{"damage_healed":0.0,"max_hp_gain":0.0,"max_hp_loss":0.0,"gold_gain":0.0,"event_name":"Liars Game","player_choice":"Ignored","floor":10.0,"gold_loss":0.0,"damage_taken":0.0},{"cards_removed":["Strike_B"],"damage_healed":0.0,"max_hp_gain":0.0,"max_hp_loss":0.0,"gold_gain":0.0,"event_name":"The Cleric","player_choice":"Card Removal","floor":11.0,"gold_loss":50.0,"damage_taken":0.0},{"damage_healed":0,"gold_gain":0,"player_choice":"Copied","damage_taken":0,"max_hp_gain":0,"max_hp_loss":0,"event_name":"Duplicator","floor":20,"gold_loss":0,"cards_obtained":["Ball Lightning"]}],"is_beta":false,"boss_relics":[{"not_picked":["Snecko Eye","Nuclear Battery"],"picked":"Velvet Choker"}],"items_purged_floors":[13],"is_endless":false,"potions_floor_spawned":[2,3,21],"killed_by":"Replay:Snechameleon","ascension_level":3}}