{"host":"nox","time":1607960792,"event":{"mods":["BaseMod","Colored Powertips","Minty Spire (QoL Compilation)","Quick Restart","Replay The Spire","StSLib"],"gold_per_floor":[117,127,80,99,109,144,156,188,188,198,229,246,246,262,262,366,366,385,240,254,254,273,307,307,635,635,662,674,272,286,318,318,423,423,443,443,1,19,35,35,51,78,78,91,91,105,136,153,153,153,153,153,28,59,59],"floor_reached":56,"playtime":3288,"items_purged":[],"score":1444,"play_id":"c90bd052-2c2e-4793-a3d9-09ab021ee157","local_time":"20201214224632","is_ascension_mode":true,"campfire_choices":[{"data":"Armaments","floor":13.0,"key":"SMITH"},{"floor":15.0,"key":"RECALL"},{"data":"Double Tap","floor":32.0,"key":"SMITH"},{"data":"Heavy Blade","floor":32.0,"key":"SMITH"},{"data":"Searing Blow+1","floor":40.0,"key":"SMITH"},{"data":"Searing Blow+2","floor":40.0,"key":"SMITH"},{"data":"Searing Blow+3","floor":45.0,"key":"SMITH"},{"data":"Searing Blow+4","floor":45.0,"key":"SMITH"},{"data":"Searing Blow+5","floor":49.0,"key":"SMITH"},{"data":"Searing Blow+6","floor":49.0,"key":"SMITH"},{"data":"Searing Blow+7","floor":52.0,"key":"SMITH"},{"data":"Limit Break","floor":52.0,"key":"SMITH"}],"circlet_count":0,"master_deck":["Strike_R","Strike_R","Strike_R","Strike_R","Defend_R","Defend_R","Defend_R","Defend_R","Bash","Armaments+1","Inflame","ReplayTheSpireMod:Limb From Limb","Heavy Blade+1","ReplayTheSpireMod:Muscle Training","Seeing Red","Double Tap+1","CurseOfTheBell","Searing Blow+8","ReplayTheSpireMod:Muscle Training","Replay:Undeath\u0027s Touch","Limit Break+1","Heavy Blade","Replay:Undeath\u0027s Touch","Clothesline","Offering","Metallicize+1","Berserk+1","Armaments+1","Mayhem+1","Madness","Replay:Undeath\u0027s Touch+1","Replay:Undeath\u0027s Touch","Shrug It Off+1","Demonic Infusion","ReplayTheSpireMod:Muscle Training+1","Replay:Undeath\u0027s Touch","Clothesline","Uppercut+1"],"relics":["Burning Blood","ReplayTheSpireMod:TigerMarble","InkBottle","Replay:Bottled Snecko","Pantograph","Replay:Grab Bag","ChewingGum","Painkiller Herb","SacredBark","Calling Bell","Replay:Mystery Machine","Frozen Egg 2","Replay:Arrowhead","DollysMirror","Snack Pack","Old Coin","Mirror","Red Skull","Pear","Medical Kit","Tiny Chest","Philosopher\u0027s Stone","FossilizedHelix","Strawberry","The Courier","Letter Opener","Sling","Bottled Flame"],"acts_visited":["Exordium","TheCity","TheBeyond","TheEnding"],"potions_floor_usage":[55,55,55],"damage_taken":[{"damage":6.0,"enemies":"Cultist","floor":1.0,"turns":4.0},{"damage":15.0,"enemies":"Small Slimes","floor":2.0,"turns":4.0},{"damage":14.0,"enemies":"Jaw Worm","floor":4.0,"turns":4.0},{"damage":11.0,"enemies":"Looter","floor":5.0,"turns":4.0},{"damage":38.0,"enemies":"Gremlin Nob","floor":6.0,"turns":5.0},{"damage":14.0,"enemies":"Blue Slaver","floor":7.0,"turns":4.0},{"damage":23.0,"enemies":"Lagavulin","floor":8.0,"turns":6.0},{"damage":12.0,"enemies":"Gremlin Gang","floor":10.0,"turns":4.0},{"damage":10.0,"enemies":"3 Sentries","floor":11.0,"turns":4.0},{"damage":3.0,"enemies":"3 Louse","floor":12.0,"turns":3.0},{"damage":12.0,"enemies":"Exordium Thugs","floor":14.0,"turns":3.0},{"damage":22.0,"enemies":"The Guardian","floor":16.0,"turns":9.0},{"damage":0.0,"enemies":"2 Thieves","floor":18.0,"turns":2.0},{"damage":21.0,"enemies":"3 Byrds","floor":20.0,"turns":5.0},{"damage":0.0,"enemies":"Snake Plant","floor":22.0,"turns":2.0},{"damage":14.0,"enemies":"Gremlin Leader","floor":23.0,"turns":4.0},{"damage":14.0,"enemies":"Slavers","floor":25.0,"turns":3.0},{"damage":47.0,"enemies":"Book of Stabbing","floor":27.0,"turns":4.0},{"damage":1.0,"enemies":"Cultist and Chosen","floor":28.0,"turns":3.0},{"damage":6.0,"enemies":"Centurion and Healer","floor":30.0,"turns":1.0},{"damage":16.0,"enemies":"Slavers","floor":31.0,"turns":4.0},{"damage":29.0,"enemies":"Automaton","floor":33.0,"turns":6.0},{"damage":17.0,"enemies":"Orb Walker","floor":35.0,"turns":3.0},{"damage":14.0,"enemies":"3 Shapes","floor":38.0,"turns":2.0},{"damage":17.0,"enemies":"3 Darklings","floor":39.0,"turns":4.0},{"damage":3.0,"enemies":"Sphere and 2 Shapes","floor":41.0,"turns":3.0},{"damage":5.0,"enemies":"R_Hoarder","floor":42.0,"turns":6.0},{"damage":27.0,"enemies":"Writhing Mass","floor":44.0,"turns":3.0},{"damage":1.0,"enemies":"Maw","floor":46.0,"turns":4.0},{"damage":2.0,"enemies":"Giant Head","floor":47.0,"turns":5.0},{"damage":27.0,"enemies":"4 Shapes","floor":48.0,"turns":2.0},{"damage":59.0,"enemies":"Replay:Hell Engine","floor":50.0,"turns":6.0},{"damage":1.0,"enemies":"Shield and Spear","floor":54.0,"turns":2.0},{"damage":106,"enemies":"The Heart","floor":55,"turns":5}],"seed_played":"-4661622357666775892","potions_obtained":[{"floor":1.0,"key":"Energy Potion"},{"floor":5.0,"key":"BloodPotion"},{"floor":7.0,"key":"Block Potion"},{"floor":12.0,"key":"Energy Potion"},{"floor":14.0,"key":"BlessingOfTheForge"},{"floor":18.0,"key":"SmokeBomb"},{"floor":23.0,"key":"PowerPotion"},{"floor":27.0,"key":"SmokeBomb"},{"floor":30.0,"key":"LifebloodPotion"},{"floor":31.0,"key":"SteroidPotion"},{"floor":38.0,"key":"Regen Potion"},{"floor":39.0,"key":"EssenceOfSteel"},{"floor":44.0,"key":"PowerPotion"},{"floor":47.0,"key":"Elixir"}],"is_trial":false,"path_per_floor":["M","M","$","M","M","E","M","E","T","M","E","M","R","M","R","B",null,"?","T","?","?","?","E","?","E","T","E","?","T","?","E","T","B",null,"?","?","T","?","?","T","?","E","T","?","T","?","E","?","T","B",null,"T","T","E","B",null],"character_chosen":"IRONCLAD","items_purchased":["Armaments","DollysMirror","Pear","Medical Kit","FossilizedHelix","Strawberry","Sling"],"campfire_rested":0,"item_purchase_floors":[3,19,29,29,37,37,53],"current_hp_per_floor":[88,79,79,71,66,34,26,26,26,20,16,19,19,13,13,22,72,78,78,63,63,73,65,65,59,59,20,25,35,37,29,29,33,82,73,68,75,69,60,60,65,70,70,51,51,62,72,53,53,33,87,87,87,101,35],"gold":59,"neow_bonus":"TEN_PERCENT_HP_BONUS","is_daily":false,"chose_seed":false,"campfire_upgraded":11,"win_rate":0.0,"timestamp":1607960792,"path_taken":["M","M","$","M","M","E","M","E","T","M","E","M","R","M","R","BOSS","?","?","?","?","?","E","?","E","T","E","?","T","?","E","T","BOSS","?","?","T","?","?","T","?","E","T","?","T","?","E","?","T","BOSS","T","T","E","BOSS"],"items_purchased_type":["Card","Relic","Relic","Relic","Relic","Relic","Relic"],"build_version":"2020-11-17","purchased_purges":0,"victory":true,"max_hp_per_floor":[88,88,88,88,88,88,88,88,88,88,88,88,88,88,88,88,88,88,88,88,88,88,88,88,88,88,88,88,98,98,98,98,98,98,98,98,105,105,105,105,105,105,105,105,105,105,105,105,105,105,105,105,105,108,108],"card_choices":[{"not_picked":["Disarm","Flex","Pummel"],"picked":"SKIP","floor":1.0},{"not_picked":["Perfected Strike","Combust","Replay:Undeath\u0027s Touch"],"picked":"SKIP","floor":2.0},{"not_picked":["Wild Strike","Havoc","Cleave"],"picked":"SKIP","floor":4.0},{"not_picked":["Combust","Wild Strike"],"picked":"Inflame","floor":5.0},{"not_picked":["Dark Embrace","Havoc"],"picked":"ReplayTheSpireMod:Limb From Limb","floor":6.0},{"not_picked":["Wild Strike","ReplayTheSpireMod:Strike From Hell"],"picked":"Heavy Blade","floor":7.0},{"not_picked":["Run Through","Power Through","Wild Strike"],"picked":"SKIP","floor":8.0},{"not_picked":["Havoc","Brutality","Clothesline"],"picked":"SKIP","floor":10.0},{"not_picked":["Heavy Blade","Pommel Strike"],"picked":"ReplayTheSpireMod:Muscle Training","floor":11.0},{"not_picked":["Warcry","Thunderclap"],"picked":"Seeing Red","floor":12.0},{"not_picked":["Headbutt","Heavy Blade","Anger"],"picked":"SKIP","floor":14.0},{"not_picked":["Eclipse","Corruption"],"picked":"Double Tap","floor":16.0},{"not_picked":["Intimidate","Anger"],"picked":"Searing Blow+1","floor":18.0},{"not_picked":["ReplayTheSpireMod:Strike From Hell","Evolve+1"],"picked":"Replay:Undeath\u0027s Touch","floor":20.0},{"not_picked":["ReplayTheSpireMod:Strike From Hell","Sever Soul"],"picked":"Heavy Blade","floor":22.0},{"not_picked":["Blood for Blood","Flame Barrier+1"],"picked":"Replay:Undeath\u0027s Touch","floor":23.0},{"not_picked":["Iron Wave","Run Through","Power Through+1"],"picked":"SKIP","floor":25.0},{"not_picked":["Headbutt","Warcry+1"],"picked":"Clothesline","floor":27.0},{"not_picked":["Wild Strike","True Grit"],"picked":"Offering","floor":28.0},{"not_picked":["Cleave+1","Anger","Pummel"],"picked":"SKIP","floor":30.0},{"not_picked":["Reckless Charge","Wild Strike"],"picked":"Metallicize+1","floor":31.0},{"not_picked":["Immolate","Fiend Fire"],"picked":"Berserk+1","floor":33.0},{"not_picked":["Perfected Strike+1","Headbutt"],"picked":"Armaments+1","floor":35.0},{"not_picked":["ReplayTheSpireMod:Trickstab","Madness"],"picked":"Mayhem+1","floor":36.0},{"not_picked":["ReplayTheSpireMod:Trickstab","ReplayTheSpireMod:Private Reserves"],"picked":"Madness","floor":36.0},{"not_picked":["Pommel Strike+1","Wild Strike"],"picked":"Replay:Undeath\u0027s Touch+1","floor":38.0},{"not_picked":["Body Slam","Cleave"],"picked":"Replay:Undeath\u0027s Touch","floor":39.0},{"not_picked":["Clash","Feel No Pain+1"],"picked":"Shrug It Off+1","floor":41.0},{"not_picked":["Warcry","Flex"],"picked":"Demonic Infusion","floor":42.0},{"not_picked":["Combust+1","Dark Embrace+1"],"picked":"ReplayTheSpireMod:Muscle Training+1","floor":44.0},{"not_picked":["Shockwave","Second Wind"],"picked":"Replay:Undeath\u0027s Touch","floor":46.0},{"not_picked":["Abandon","Thunderclap+1"],"picked":"Clothesline","floor":47.0},{"not_picked":["Clothesline+1","Clash","Sword Boomerang"],"picked":"SKIP","floor":48.0},{"not_picked":["Massacre+1","Rupture+1"],"picked":"Uppercut+1","floor":54.0}],"player_experience":96359,"relics_obtained":[{"floor":6.0,"key":"ReplayTheSpireMod:TigerMarble"},{"floor":8.0,"key":"InkBottle"},{"floor":9.0,"key":"Replay:Bottled Snecko"},{"floor":11.0,"key":"Pantograph"},{"floor":17.0,"key":"Replay:Mystery Machine"},{"floor":17.0,"key":"Frozen Egg 2"},{"floor":17.0,"key":"Replay:Arrowhead"},{"floor":23.0,"key":"Snack Pack"},{"floor":25.0,"key":"Old Coin"},{"floor":26.0,"key":"Mirror"},{"floor":27.0,"key":"Red Skull"},{"floor":31.0,"key":"Tiny Chest"},{"floor":42.0,"key":"The Courier"},{"floor":47.0,"key":"Letter Opener"},{"floor":54.0,"key":"Bottled Flame"}],"event_choices":[{"damage_healed":0.0,"max_hp_gain":0.0,"max_hp_loss":0.0,"gold_gain":0.0,"event_name":"The Library","player_choice":"Read","floor":21.0,"gold_loss":0.0,"damage_taken":0.0,"cards_obtained":["Limit Break"]},{"cards_removed":["Strike_R"],"damage_healed":0.0,"max_hp_gain":0.0,"max_hp_loss":0.0,"gold_gain":0.0,"event_name":"Wheel of Change","player_choice":"Card Removal","floor":24.0,"gold_loss":0.0,"damage_taken":0.0},{"damage_healed":0.0,"max_hp_gain":0.0,"max_hp_loss":0.0,"gold_gain":0.0,"event_name":"SensoryStone","player_choice":"Memory 2","floor":36.0,"gold_loss":0.0,"damage_taken":5.0}],"is_beta":true,"boss_relics":[{"not_picked":["Runic Dome","Black Star"],"picked":"Replay:Grab Bag"},{"not_picked":["Coffee Dripper","Mark of Pain"],"picked":"ChewingGum"},{"not_picked":["Velvet Choker","Ectoplasm"],"picked":"Painkiller Herb"},{"not_picked":["Ring of Chaos","Snecko Eye"],"picked":"SacredBark"},{"not_picked":["Replay:Drink Me","Pandora\u0027s Box"],"picked":"Calling Bell"},{"not_picked":["Honey Jar","Runic Cube"],"picked":"Philosopher\u0027s Stone"}],"items_purged_floors":[],"is_endless":false,"potions_floor_spawned":[1,5,7,12,14,18,23,27,30,31,38,39,44,47,48],"ascension_level":5}}