{"host":"mvw7i28zi3kj0eu9","time":1607950590,"event":{"mods":["AchievementEnabler","BaseMod","Better Third Choice","BetterRewards","Block Reminder","Conspire","Custom Start","Downfall","Energized Spire","Halation","Hermit","Hubris","Infinite Spire","Jorbs\u0027s Wanderer Trilogy","Minty Spire (QoL Compilation)","Replay The Spire","Shop Mod","Small Relic Pack","Spikes Relics","StSLib","The Blue Laboratory","The Necromancer","The Servant 0.9.4","Virulent Crown"],"gold_per_floor":[119,44,59,70,83,83,83,83,83,103,103,3,23,33,33,131,131,151,203,253,268,280,280,280],"floor_reached":23,"playtime":551,"items_purged":["Defend_R","Strike_R"],"score":185,"play_id":"3f2b5437-2473-4727-b48f-025f53eca2bd","local_time":"20201214135630","is_ascension_mode":false,"campfire_choices":[{"data":"Body Slam","floor":6,"key":"SMITH"},{"data":"Body Slam","floor":8,"key":"SMITH"},{"data":"Ghostly Armor","floor":15,"key":"SMITH"}],"circlet_count":0,"master_deck":["Strike_R","Strike_R","Strike_R","Strike_R","Defend_R","Defend_R","Defend_R","Bash","Body Slam+1","Shrug It Off","Body Slam+1","Ghostly Armor+1"],"relics":["Burning Blood","ClockworkSouvenir","DollysMirror","Replay:Accelerometer","hubris:SlimyHat","energizedSpire:CursedPentagram","Lantern"],"acts_visited":["Exordium","TheCity"],"potions_floor_usage":[16],"damage_taken":[{"damage":0,"enemies":"Cultist","floor":1,"turns":3},{"damage":4,"enemies":"2 Louse","floor":3,"turns":4},{"damage":1,"enemies":"Jaw Worm","floor":4,"turns":3},{"damage":8,"enemies":"Red Slaver","floor":5,"turns":3},{"damage":0,"enemies":"2 Fungi Beasts","floor":10,"turns":3},{"damage":18,"enemies":"Gremlin Gang","floor":13,"turns":5},{"damage":2,"enemies":"Blue Slaver","floor":14,"turns":3},{"damage":59,"enemies":"Fading Forest","floor":16,"turns":11},{"damage":2,"enemies":"Spheric Guardian","floor":18,"turns":4},{"damage":7,"enemies":"2 Thieves","floor":21,"turns":3},{"damage":27,"enemies":"Snake Plant","floor":22,"turns":5},{"damage":62,"enemies":"conspire:SneckoGhost","floor":23,"turns":6}],"seed_played":"4689237511203641968","potions_obtained":[{"floor":10,"key":"SpeedPotion"},{"floor":13,"key":"Explosive Potion"},{"floor":16,"key":"blueLaboratory:BottledHope"},{"floor":18,"key":"blueLaboratory:BottleOfRum"}],"is_trial":false,"path_per_floor":["M","$","M","M","M","R","?","R","T","M","?","$","M","M","R","B",null,"M","T","?","M","M","E"],"character_chosen":"IRONCLAD","items_purchased":["Body Slam","Shrug It Off","ClockworkSouvenir","DollysMirror","Ghostly Armor"],"campfire_rested":0,"item_purchase_floors":[0,0,0,0,0],"current_hp_per_floor":[80,80,80,80,78,78,78,78,78,80,80,80,68,72,72,29,80,80,80,80,79,58,0,0],"gold":280,"neow_bonus":"","is_daily":false,"chose_seed":false,"campfire_upgraded":3,"win_rate":0.0,"timestamp":1607950590,"path_taken":["M","$","M","M","?","R","?","R","T","M","?","$","M","M","R","BOSS","M","?","?","M","M","E"],"items_purchased_type":["Card","Card","Relic","Relic","Card"],"build_version":"2020-12-13","purchased_purges":2,"victory":false,"max_hp_per_floor":[80,80,80,80,80,80,80,80,80,80,80,80,80,80,80,80,80,80,80,80,80,80,80,80],"card_choices":[{"not_picked":["Inflame","Wild Strike","Carnage"],"picked":"SKIP","floor":1},{"not_picked":["Sword Boomerang","True Grit","Heavy Blade"],"picked":"SKIP","floor":3},{"not_picked":["Rupture","Battle Trance","hubris:ReadiedAction"],"picked":"SKIP","floor":4},{"not_picked":["Thunderclap","Power Through","Heavy Blade"],"picked":"SKIP","floor":5},{"not_picked":["conspire:Charge","Sever Soul","Sentinel"],"picked":"SKIP","floor":10},{"not_picked":["Warcry","Defy Death","Bloodletting"],"picked":"SKIP","floor":13},{"not_picked":["Havoc","True Grit","Perfected Strike"],"picked":"SKIP","floor":14},{"not_picked":["ReplayTheSpireMod:Limb From Limb","Absolvement","Run Through+1"],"picked":"SKIP","floor":18},{"not_picked":["Carnage+1","Second Wind","ReplayTheSpireMod:Strike From Hell+1"],"picked":"SKIP","floor":21},{"not_picked":["Iron Wave","conspire:Charge","Dark Embrace"],"picked":"SKIP","floor":22}],"player_experience":841578,"relics_obtained":[{"floor":9,"key":"Replay:Accelerometer"},{"floor":19,"key":"Lantern"}],"event_choices":[{"damage_healed":0,"gold_gain":0,"player_choice":"Disagree","damage_taken":0,"max_hp_gain":0,"max_hp_loss":0,"event_name":"conspire:LoneGhost","floor":7,"gold_loss":0},{"damage_healed":0,"gold_gain":0,"player_choice":"Gave Potion","damage_taken":0,"relics_obtained":["hubris:SlimyHat"],"max_hp_gain":0,"max_hp_loss":0,"event_name":"WeMeetAgain","floor":11,"gold_loss":0},{"damage_healed":0,"gold_gain":100,"player_choice":"Bet on Murderer","damage_taken":0,"max_hp_gain":0,"max_hp_loss":0,"event_name":"The Joust","floor":20,"gold_loss":50}],"is_beta":false,"boss_relics":[{"not_picked":["conspire:SlowCooker","conspire:SeveredTorchhead"],"picked":"energizedSpire:CursedPentagram"}],"items_purged_floors":[2,12],"is_endless":false,"potions_floor_spawned":[10,13,16,18],"killed_by":"conspire:SneckoGhost","ascension_level":0}}