{"host":"dpbezu80jg8zk7un","time":1607968300,"event":{"mods":["BaseMod","Colored Map","Colored Powertips","Custom Start","DeckTracker","Minty Spire (QoL Compilation)","Quick Restart","StSLib","SuperFastMode"],"gold_per_floor":[116,136,155,155,169,169,194,194,194,119,132,146,181,191,191,263,263,276,276,276,176,176,176,203,203,284,301,301,391,424,424,424,498,498,513,403,120,140,140,170,189,189,216,251,270,298,310,310,310,310,310,310,310,52,84,84,84],"floor_reached":56,"playtime":1820,"items_purged":["Defend_P","Defend_P","Strike_P","Conclude+1"],"score":2216,"play_id":"841ecf91-9e9a-49d1-b165-4f8916095c54","local_time":"20201215025140","is_ascension_mode":true,"campfire_choices":[{"data":"Eruption","floor":6.0,"key":"SMITH"},{"data":"Conclude","floor":8.0,"key":"SMITH"},{"data":"Adaptation","floor":15.0,"key":"SMITH"},{"data":"FollowUp","floor":23.0,"key":"SMITH"},{"data":"InnerPeace","floor":25.0,"key":"SMITH"},{"data":"FollowUp","floor":28.0,"key":"SMITH"},{"floor":32.0,"key":"REST"},{"data":"Halt","floor":42.0,"key":"SMITH"},{"floor":49.0,"key":"RECALL"},{"floor":53.0,"key":"REST"}],"circlet_count":0,"master_deck":["AscendersBane","Defend_P+1","Eruption+1","Vigilance+1","Adaptation+1","FollowUp+1","Halt+1","EmptyBody+1","FollowUp+1","InnerPeace+1","CrushJoints+1","TalkToTheHand+1"],"relics":["HolyWater","Tiny Chest","Bag of Preparation","InkBottle","Centennial Puzzle","Bottled Tornado","Mummified Hand","Du-Vu Doll","Bottled Flame","Omamori","Molten Egg 2","Cursed Key","TheAbacus","Matryoshka","War Paint","Orichalcum","Pantograph","Juzu Bracelet","Mercury Hourglass","Gambling Chip"],"acts_visited":["Exordium","TheCity","TheBeyond","TheEnding"],"potions_floor_usage":[56,56],"damage_taken":[{"damage":0.0,"enemies":"2 Louse","floor":1.0,"turns":3.0},{"damage":0.0,"enemies":"Cultist","floor":2.0,"turns":3.0},{"damage":4.0,"enemies":"Small Slimes","floor":3.0,"turns":4.0},{"damage":4.0,"enemies":"Red Slaver","floor":5.0,"turns":4.0},{"damage":29.0,"enemies":"3 Sentries","floor":7.0,"turns":8.0},{"damage":0.0,"enemies":"Exordium Wildlife","floor":11.0,"turns":1.0},{"damage":0.0,"enemies":"3 Louse","floor":12.0,"turns":1.0},{"damage":0.0,"enemies":"Lagavulin","floor":13.0,"turns":4.0},{"damage":1.0,"enemies":"Red Slaver","floor":14.0,"turns":2.0},{"damage":11.0,"enemies":"Hexaghost","floor":16.0,"turns":4.0},{"damage":0.0,"enemies":"Shell Parasite","floor":18.0,"turns":1.0},{"damage":9.0,"enemies":"Book of Stabbing","floor":24.0,"turns":4.0},{"damage":0.0,"enemies":"Spheric Guardian","floor":27.0,"turns":1.0},{"damage":0.0,"enemies":"Gremlin Leader","floor":30.0,"turns":2.0},{"damage":8.0,"enemies":"Collector","floor":33.0,"turns":5.0},{"damage":8.0,"enemies":"3 Shapes","floor":35.0,"turns":1.0},{"damage":0.0,"enemies":"3 Darklings","floor":38.0,"turns":2.0},{"damage":0.0,"enemies":"Reptomancer","floor":40.0,"turns":2.0},{"damage":0.0,"enemies":"Spire Growth","floor":41.0,"turns":2.0},{"damage":5.0,"enemies":"Nemesis","floor":44.0,"turns":3.0},{"damage":0.0,"enemies":"Jaw Worm Horde","floor":45.0,"turns":2.0},{"damage":0.0,"enemies":"Giant Head","floor":46.0,"turns":3.0},{"damage":0.0,"enemies":"Transient","floor":47.0,"turns":6.0},{"damage":0.0,"enemies":"Donu and Deca","floor":50.0,"turns":6.0},{"damage":59.0,"enemies":"Time Eater","floor":51.0,"turns":9.0},{"damage":40.0,"enemies":"Shield and Spear","floor":55.0,"turns":5.0},{"damage":58,"enemies":"The Heart","floor":56,"turns":5}],"seed_played":"-4471106681137173783","potions_obtained":[{"floor":1.0,"key":"Dexterity Potion"},{"floor":3.0,"key":"Dexterity Potion"},{"floor":13.0,"key":"FearPotion"},{"floor":14.0,"key":"Strength Potion"},{"floor":18.0,"key":"Ancient Potion"},{"floor":38.0,"key":"Swift Potion"},{"floor":41.0,"key":"SkillPotion"},{"floor":44.0,"key":"FearPotion"}],"is_trial":false,"path_per_floor":["M","M","M","?","M","R","E","R","T","$","M","M","E","M","R","B",null,"M","?","T","$","?","R","E","R","T","M","R","?","E","T","R","B",null,"M","?","$","M","$","E","M","R","T","E","M","E","M","T","R","B","B",null,"R","$","E","B"],"character_chosen":"WATCHER","items_purchased":["TheAbacus","Strength Potion","FearPotion"],"campfire_rested":2,"item_purchase_floors":[37,54,54],"current_hp_per_floor":[61,61,57,57,53,53,24,24,24,24,24,24,24,23,23,12,54,54,54,54,54,54,54,45,45,45,45,45,27,27,27,47,39,61,53,53,53,53,53,53,53,53,53,48,48,48,48,48,48,68,9,53,68,68,28,0,0],"gold":84,"neow_bonus":"RANDOM_COMMON_RELIC","is_daily":false,"chose_seed":false,"campfire_upgraded":7,"win_rate":0.0,"timestamp":1607968300,"path_taken":["M","M","M","?","M","R","E","R","T","$","?","M","E","M","R","BOSS","M","?","?","$","?","R","E","R","T","?","R","?","E","?","R","BOSS","M","?","?","M","$","E","?","R","T","E","M","E","M","?","R","BOSS","BOSS","R","$","E","BOSS"],"items_purchased_type":["Relic","Potion","Potion"],"build_version":"2020-12-13","purchased_purges":4,"victory":false,"max_hp_per_floor":[68,68,68,68,68,68,68,68,68,68,68,68,68,68,68,68,68,68,68,68,68,68,68,68,68,68,68,68,68,68,68,68,68,68,68,68,68,68,68,68,68,68,68,68,68,68,68,68,68,68,68,68,68,68,68,68,68],"card_choices":[{"not_picked":["ForeignInfluence","Consecrate"],"picked":"Adaptation","floor":1.0},{"not_picked":["Nirvana","ClearTheMind","FlyingSleeves"],"picked":"SKIP","floor":2.0},{"not_picked":["Evaluate","EmptyBody"],"picked":"Conclude","floor":3.0},{"not_picked":["WaveOfTheHand","Consecrate"],"picked":"FollowUp","floor":5.0},{"not_picked":["ReachHeaven","SashWhip","WindmillStrike"],"picked":"SKIP","floor":7.0},{"not_picked":["BowlingBash","Meditate","Consecrate"],"picked":"SKIP","floor":11.0},{"not_picked":["PathToVictory","BowlingBash","CutThroughFate"],"picked":"SKIP","floor":12.0},{"not_picked":["Protect","Wish","ClearTheMind"],"picked":"SKIP","floor":13.0},{"not_picked":["FlurryOfBlows","Weave","Worship"],"picked":"SKIP","floor":14.0},{"not_picked":["BowlingBash","EmptyFist"],"picked":"Halt","floor":18.0},{"not_picked":["Meditate","Prostrate+1"],"picked":"InnerPeace","floor":24.0},{"not_picked":["Sanctity","Protect","FlyingSleeves"],"picked":"SKIP","floor":27.0},{"not_picked":["SashWhip","DeceiveReality","Wish"],"picked":"SKIP","floor":30.0},{"not_picked":["Weave+1","Collect+1"],"picked":"CrushJoints+1","floor":35.0},{"not_picked":["InnerPeace+1","Wallop+1","Perseverance"],"picked":"SKIP","floor":38.0},{"not_picked":["Weave+1","SignatureMove+1","SashWhip+1"],"picked":"SKIP","floor":40.0},{"not_picked":["EmptyFist+1","FlurryOfBlows+1"],"picked":"TalkToTheHand+1","floor":41.0},{"not_picked":["Study+1","LikeWater+1","Prostrate"],"picked":"SKIP","floor":44.0},{"not_picked":["BowlingBash+1","Nirvana","ClearTheMind"],"picked":"SKIP","floor":45.0},{"not_picked":["CutThroughFate+1","Prostrate","CarveReality+1"],"picked":"SKIP","floor":46.0},{"not_picked":["JustLucky+1","EmptyFist+1","Worship"],"picked":"SKIP","floor":47.0},{"not_picked":["Halt","ClearTheMind","Prostrate"],"picked":"SKIP","floor":55.0}],"player_experience":2744143,"relics_obtained":[{"floor":7.0,"key":"InkBottle"},{"floor":9.0,"key":"Centennial Puzzle"},{"floor":13.0,"key":"Bottled Tornado"},{"floor":20.0,"key":"Mummified Hand"},{"floor":24.0,"key":"Du-Vu Doll"},{"floor":26.0,"key":"Bottled Flame"},{"floor":30.0,"key":"Omamori"},{"floor":31.0,"key":"Molten Egg 2"},{"floor":40.0,"key":"Matryoshka"},{"floor":43.0,"key":"War Paint"},{"floor":44.0,"key":"Orichalcum"},{"floor":46.0,"key":"Pantograph"},{"floor":48.0,"key":"Juzu Bracelet"},{"floor":48.0,"key":"Mercury Hourglass"},{"floor":55.0,"key":"Gambling Chip"}],"event_choices":[{"damage_healed":0.0,"max_hp_gain":0.0,"max_hp_loss":0.0,"gold_gain":0.0,"event_name":"WeMeetAgain","player_choice":"Gave Potion","floor":4.0,"gold_loss":0.0,"damage_taken":0.0,"relics_obtained":["Bag of Preparation"]},{"cards_removed":["Strike_P"],"damage_healed":0.0,"max_hp_gain":0.0,"max_hp_loss":0.0,"gold_gain":0.0,"event_name":"Bonfire Elementals","player_choice":"Offered Basic","floor":19.0,"gold_loss":0.0,"damage_taken":0.0},{"damage_healed":0.0,"max_hp_gain":0.0,"max_hp_loss":0.0,"gold_gain":0.0,"cards_transformed":["Strike_P","Defend_P"],"event_name":"Drug Dealer","player_choice":"Became Test Subject","floor":22.0,"gold_loss":0.0,"damage_taken":0.0,"cards_obtained":["EmptyBody","FollowUp"]},{"damage_healed":0.0,"max_hp_gain":0.0,"max_hp_loss":0.0,"gold_gain":90.0,"event_name":"Knowing Skull","player_choice":"POTION GOLD ","floor":29.0,"potions_obtained":["LiquidBronze"],"gold_loss":0.0,"damage_taken":18.0,"cards_obtained":[]},{"cards_removed":["Strike_P"],"damage_healed":0.0,"max_hp_gain":0.0,"max_hp_loss":0.0,"gold_gain":0.0,"event_name":"Designer","player_choice":"Upgrade and Remove","floor":36.0,"gold_loss":110.0,"damage_taken":0.0,"cards_upgraded":["EmptyBody"]}],"is_beta":false,"boss_relics":[{"not_picked":["Busted Crown","Velvet Choker"],"picked":"HolyWater"},{"not_picked":["SacredBark","Empty Cage"],"picked":"Cursed Key"}],"items_purged_floors":[10,21,37,54],"is_endless":false,"potions_floor_spawned":[1,3,13,14,18,38,41,44],"killed_by":"The Heart","ascension_level":20}}