{"host":"acw864156wjp8gcv","time":1607917576,"event":{"mods":["2.2 Compatiblity","AchievementEnabler","Ascension Reborn","Aspiration","BaseMod","Beaked The Cultist","Better Altar","Better Match","Better Note","Better Sensory Stone","Better Silent Start","Better Skull","Better Third Choice","Better Vampires","Challenge The Spire","Colored Map","Colored Powertips","Conspire","Downfall","Energized Spire","Halation","Hubris","Infinite Spire","Ironclad Rager","Jedi Mod","Mimic Mod","Minty Spire (QoL Compilation)","Relic Sorter","Replay The Spire","Shade Mod","Shop Mod","Spicy Shops","Spikes Relics","StSLib","The Construct","The Jungle","UnlockEverythingMod","Wandering Minibosses","everything is the same but u backflip on backflip","vexMod"],"gold_per_floor":[40,40,86,86,100,140,140,159,255,278,278,278,298,333,333,457,457,477,495,495,495,514,546,546,920,920,920,920,920,940,960,960,1078,1078,1101,1115,2087,2106,2124,2166,2185,2205,2249,2262,2282,2305,2322,2382,2382,2382,2382,2382,2099,2140,2140],"floor_reached":56,"playtime":2440,"items_purged":["Leap"],"score":1496,"play_id":"663bc54a-ae70-44b5-898b-b55b8d390438","local_time":"20201213214616","is_ascension_mode":true,"campfire_choices":[{"data":"Redo","floor":7.0,"key":"SMITH"},{"data":"Panic Button","floor":11.0,"key":"SMITH"},{"floor":15.0,"key":"RECALL"},{"data":"Cold Snap","floor":24,"key":"SMITH"},{"data":"Leap","floor":27,"key":"SMITH"},{"floor":32,"key":"DIG"},{"data":"hubris:PowerSurge","floor":49,"key":"SMITH"},{"data":"Leap","floor":52,"key":"SMITH"}],"circlet_count":0,"master_deck":["Zap+1","Dualcast+1","Ball Lightning","Cold Snap","Ball Lightning","Cold Snap+1","Leap+1","Leap+1","Redo+1","Panic Button+1","Chaos+1","jedi:locknload+1","hubris:Ukulele+1","hubris:Ukulele+1","hubris:PowerSurge+1","Electrodynamics+1","hubris:PowerSurge+1"],"relics":["Cracked Core","halation:BottledLove","Gremlin Horn","PreservedInsect","Golden Egg","jedi:archwizardhat","infinitespire:SolderingIron","Blood Vial","infinitespire:Golems Mask","energizedSpire:NeverEndingSparkler","Ornamental Fan","Replay:Baseball","Old Coin","aspiration:ChemicalBlood","Toy Ornithopter","CrustySpines","jedi:battlestandard","wanderingMiniBosses:MasterThiefsPresence","Geode","ShockBauble","Pear","jedi:purplefairy","hubris:FunFungus","hubris:GlazedTorus","infinitespire:Lucky Rock","hubris:SlimyHat","Bag of Preparation"],"acts_visited":["Exordium","TheCity","TheBeyond","TheEnding"],"potions_floor_usage":[],"damage_taken":[{"damage":8.0,"enemies":"Jaw Worm","floor":1.0,"turns":4.0},{"damage":0.0,"enemies":"Small Slimes","floor":3.0,"turns":1.0},{"damage":0.0,"enemies":"Cultist","floor":5.0,"turns":2.0},{"damage":8.0,"enemies":"Replay:BlueRogue","floor":6.0,"turns":3.0},{"damage":0.0,"enemies":"Looter","floor":8.0,"turns":2.0},{"damage":0.0,"enemies":"Exordium Thugs","floor":10.0,"turns":3.0},{"damage":0.0,"enemies":"3 Louse","floor":13.0,"turns":1.0},{"damage":0.0,"enemies":"Lagavulin","floor":14.0,"turns":2.0},{"damage":0.0,"enemies":"Fading Forest","floor":16.0,"turns":11.0},{"damage":0,"enemies":"Chosen","floor":18,"turns":2},{"damage":0,"enemies":"Spheric Guardian","floor":19,"turns":2},{"damage":0,"enemies":"Snecko","floor":22,"turns":2},{"damage":1,"enemies":"Gremlin Leader","floor":23,"turns":2},{"damage":0,"enemies":"Chosen and Byrds","floor":25,"turns":2},{"damage":0,"enemies":"conspire:HollyBat","floor":30,"turns":2},{"damage":0,"enemies":"Snake Plant","floor":31,"turns":1},{"damage":8,"enemies":"hubris:MusketHawk","floor":33,"turns":3},{"damage":0,"enemies":"3 Darklings","floor":35,"turns":2},{"damage":0,"enemies":"Orb Walker","floor":36,"turns":2},{"damage":0,"enemies":"Transient","floor":37,"turns":5},{"damage":3,"enemies":"4 Shapes","floor":38,"turns":2},{"damage":0,"enemies":"Maw","floor":39,"turns":3},{"damage":0,"enemies":"R_Hoarder","floor":40,"turns":2},{"damage":0,"enemies":"Sphere and 2 Shapes","floor":41,"turns":1},{"damage":0,"enemies":"Transient","floor":42,"turns":5},{"damage":0,"enemies":"Spire Growth","floor":43,"turns":2},{"damage":0,"enemies":"Spire Growth","floor":44,"turns":2},{"damage":0,"enemies":"4 Shapes","floor":45,"turns":2},{"damage":8,"enemies":"Writhing Mass","floor":46,"turns":2},{"damage":0,"enemies":"Maw","floor":47,"turns":2},{"damage":0,"enemies":"2 Orb Walkers","floor":48,"turns":2},{"damage":12,"enemies":"Time Eater","floor":50,"turns":2},{"damage":0,"enemies":"Shield and Spear","floor":54,"turns":2},{"damage":39,"enemies":"The Heart","floor":55,"turns":4}],"seed_played":"3377918288760311145","potions_obtained":[{"floor":1.0,"key":"conspire:TimeTravelPotion"},{"floor":1.0,"key":"Swift Potion"},{"floor":3.0,"key":"jedi:StrikingPotion"},{"floor":18,"key":"PotionOfCapacity"},{"floor":31,"key":"FairyPotion"}],"is_trial":false,"path_per_floor":["M","?","M","?","M","E","R","M","T","M","R","?","M","E","R","B",null,"M","M","?","?","M","E","R","M","T","R","?","AVR","M","M","R_BF","B",null,"M","M","M","M","M","E","M","M","MIM","M","M","M","M","?","R","B",null,"R","$","E","B",null],"character_chosen":"DEFECT","items_purchased":["infinitespire:Lucky Rock","hubris:SlimyHat"],"campfire_rested":0,"item_purchase_floors":[53,53],"current_hp_per_floor":[43,43,43,43,43,35,35,35,35,35,35,35,35,35,35,44,76,76,76,76,76,76,75,75,76,76,76,76,76,76,76,76,74,80,80,80,80,77,80,80,90,90,90,90,90,82,85,90,90,84,94,94,94,94,70],"gold":2140,"neow_bonus":"DEFECT_STORMLORD","is_daily":false,"chose_seed":false,"campfire_upgraded":6,"win_rate":0.0,"timestamp":1607917576,"path_taken":["M","?","M","?","M","E","R","M","T","?","R","?","M","E","R","BOSS","M","M","?","?","?","E","R","M","T","R","?","AVR","M","M","R_BF","BOSS","M","M","M","M","M","E","M","M","MIM","M","M","M","M","?","R","BOSS","R","$","E","BOSS"],"items_purchased_type":["Relic","Relic"],"build_version":"2020-12-13","purchased_purges":1,"victory":true,"max_hp_per_floor":[72,72,72,72,72,72,72,72,72,72,72,72,72,72,72,76,76,76,76,76,76,76,76,76,76,76,76,76,76,76,76,76,80,80,80,80,80,80,80,80,90,90,90,90,90,90,90,90,90,94,94,94,94,94,98],"card_choices":[{"not_picked":["Barrage","Coolheaded"],"picked":"Redo","floor":1.0},{"not_picked":["Consume","Redo","Sweeping Beam"],"picked":"SKIP","floor":3.0},{"not_picked":["Aggregate","Cold Snap"],"picked":"Panic Button","floor":5.0},{"not_picked":["Auto Shields","ReplayGash","Stack+1"],"picked":"SKIP","floor":6.0},{"not_picked":["Self Repair","Panic Button+1","jedi:readyaimfire"],"picked":"SKIP","floor":6.0},{"not_picked":["Streamline","jedi:locknload"],"picked":"Chaos+1","floor":8.0},{"not_picked":["jedi:BurstLightning+1","Compile Driver","Panic Button"],"picked":"SKIP","floor":10.0},{"not_picked":["Stack","Go for the Eyes"],"picked":"jedi:locknload+1","floor":13.0},{"not_picked":["conspire:Rain","Gash"],"picked":"hubris:Ukulele+1","floor":14.0},{"not_picked":["jedi:spotbugs","Rainbow","Chaos"],"picked":"SKIP","floor":14.0},{"not_picked":["Go for the Eyes","jedi:BurstFrost+1","Sweeping Beam+1"],"picked":"SKIP","floor":18},{"not_picked":["Go for the Eyes","jedi:BurstFrost+1","Sweeping Beam+1"],"picked":"SKIP","floor":18},{"not_picked":["Hologram","jedi:BurstFrost+1","BasicCrystalCard+1"],"picked":"SKIP","floor":19},{"not_picked":["Go for the Eyes","Hologram","Gash"],"picked":"SKIP","floor":22},{"not_picked":["Crystallizer+1","ReplayTheSpireMod:GoodbyeWorld+1","ReplayRNGCard"],"picked":"SKIP","floor":23},{"not_picked":["Streamline","jedi:reiji"],"picked":"hubris:PowerSurge+1","floor":25},{"not_picked":["Rip and Tear","Panic Button","DiskWipe+1"],"picked":"SKIP","floor":30},{"not_picked":["Stack","Reinforced Body","FTL+1"],"picked":"SKIP","floor":31},{"not_picked":["jedi:readyaimfire","jedi:BurstDark"],"picked":"Electrodynamics","floor":33},{"not_picked":["Hologram+1","Compile Driver+1","BasicCrystalCard+1"],"picked":"SKIP","floor":35},{"not_picked":["jedi:BurstLightning+1","ReplayGash+1","Barrage"],"picked":"SKIP","floor":36},{"not_picked":["Melter+1","Chill+1","hubris:Ukulele+1"],"picked":"SKIP","floor":37},{"not_picked":["jedi:BurstFrost+1","Steam+1","Cold Snap+1"],"picked":"SKIP","floor":38},{"not_picked":["Sweeping Beam+1","Compile Driver+1","Conserve Battery+1"],"picked":"SKIP","floor":39},{"not_picked":["Chaos+1","Hyperbeam","jedi:BurstFrost+1"],"picked":"SKIP","floor":40},{"not_picked":["Beam Cell","Redo+1","Gash+1"],"picked":"SKIP","floor":41},{"not_picked":["Beam Cell","Redo+1","Gash+1"],"picked":"SKIP","floor":41},{"not_picked":["Ball Lightning+1","ICR:FrostFall","Redo"],"picked":"SKIP","floor":42},{"not_picked":["Beam Cell+1","BasicCrystalCard+1","conspire:SharedLibrary"],"picked":"SKIP","floor":44},{"not_picked":["Multi-Cast","Blizzard"],"picked":"hubris:PowerSurge","floor":45},{"not_picked":["Ball Lightning+1","Coolheaded+1","FIFO Queue+1"],"picked":"SKIP","floor":46},{"not_picked":["jedi:BurstFrost","ICR:Cyclone","Tempest+1"],"picked":"SKIP","floor":47},{"not_picked":["Stack","Rip and Tear+1","Gash+1"],"picked":"SKIP","floor":54}],"player_experience":110157,"relics_obtained":[{"floor":1.0,"key":"halation:BottledLove"},{"floor":3.0,"key":"Gremlin Horn"},{"floor":6.0,"key":"PreservedInsect"},{"floor":9.0,"key":"Golden Egg"},{"floor":9.0,"key":"jedi:archwizardhat"},{"floor":13.0,"key":"infinitespire:SolderingIron"},{"floor":14.0,"key":"Blood Vial"},{"floor":16.0,"key":"infinitespire:Golems Mask"},{"floor":19,"key":"Ornamental Fan"},{"floor":23,"key":"Replay:Baseball"},{"floor":25,"key":"Old Coin"},{"floor":26,"key":"aspiration:ChemicalBlood"},{"floor":32,"key":"Toy Ornithopter"},{"floor":33,"key":"CrustySpines"},{"floor":37,"key":"wanderingMiniBosses:MasterThiefsPresence"},{"floor":38,"key":"Geode"},{"floor":40,"key":"ShockBauble"},{"floor":41,"key":"Pear"},{"floor":43,"key":"jedi:purplefairy"},{"floor":47,"key":"hubris:FunFungus"},{"floor":48,"key":"hubris:GlazedTorus"},{"floor":54,"key":"Bag of Preparation"}],"event_choices":[{"cards_removed":["hubris:Greed","hubris:Greed","hubris:Greed","hubris:Greed"],"damage_healed":0.0,"max_hp_gain":0.0,"max_hp_loss":0.0,"gold_gain":0.0,"event_name":"Fountain of Cleansing","player_choice":"Removed Curses","floor":4.0,"gold_loss":0.0,"damage_taken":0.0},{"damage_healed":0.0,"max_hp_gain":0.0,"max_hp_loss":0.0,"gold_gain":0.0,"event_name":"The Woman in Blue","player_choice":"Bought 0 Potions","floor":12.0,"gold_loss":0.0,"damage_taken":0.0},{"cards_removed":["Leap"],"damage_healed":0,"gold_gain":0,"player_choice":"Offered Basic","damage_taken":0,"max_hp_gain":0,"max_hp_loss":0,"event_name":"Bonfire Elementals","floor":20,"gold_loss":0},{"damage_healed":0,"gold_gain":0,"player_choice":"Copied","damage_taken":0,"max_hp_gain":0,"max_hp_loss":0,"event_name":"Duplicator","floor":21,"gold_loss":0,"cards_obtained":["hubris:Ukulele"]},{"damage_healed":0,"gold_gain":0,"player_choice":"Got Potions","damage_taken":0,"max_hp_gain":0,"max_hp_loss":0,"event_name":"Lab","floor":28,"gold_loss":0},{"damage_healed":0,"gold_gain":0,"player_choice":"Fight","damage_taken":0,"max_hp_gain":0,"max_hp_loss":0,"event_name":"Mysterious Sphere","floor":48,"gold_loss":0}],"is_beta":false,"boss_relics":[{"not_picked":["Busted Crown","halation:CatFaceCupcake"],"picked":"energizedSpire:NeverEndingSparkler"},{"not_picked":["Pandora\u0027s Box","aspiration:RitualDagger"],"picked":"jedi:battlestandard"}],"items_purged_floors":[53],"is_endless":false,"potions_floor_spawned":[1,3,13,18,19,22,37,38,42,45,46,47,48,54],"ascension_level":0}}