{"host":"egyxg9lnjq7g2hmw","time":1607911224,"event":{"mods":["AchievementEnabler","BaseMod","Block Reminder","Colored Map","Colored Powertips","Highlight Path","Minty Spire (QoL Compilation)","Rare Cards Sparkle","StSLib"],"gold_per_floor":[115,126,139,13,16,51,51,81,81,81,81,110,126,126,126,222,222,241,184,201,220,231,231,243,243,295,328,339,339,339],"floor_reached":29,"playtime":1551,"items_purged":["Strike_G"],"score":467,"play_id":"811d9f4c-1f25-474d-9f00-d143529724d5","local_time":"20201213180024","is_ascension_mode":true,"campfire_choices":[{"data":"Neutralize","floor":7.0,"key":"SMITH"},{"data":"Concentrate","floor":11.0,"key":"SMITH"},{"floor":15.0,"key":"REST"},{"data":"Envenom","floor":23.0,"key":"SMITH"},{"floor":25.0,"key":"REST"}],"circlet_count":0,"master_deck":["AscendersBane","Strike_G","Strike_G","Strike_G","Strike_G","Defend_G","Defend_G","Defend_G","Defend_G","Defend_G","Survivor","Neutralize+1","Acrobatics","Underhanded Strike","Envenom+1","Underhanded Strike","Corpse Explosion","Concentrate+1","Catalyst","Predator","Burst","Riddle With Holes"],"relics":["Ring of the Snake","Strawberry","Bottled Flame","Bottled Tornado","Paper Crane","Busted Crown","Bronze Scales","PreservedInsect","Potion Belt"],"acts_visited":["Exordium","TheCity"],"potions_floor_usage":[29],"damage_taken":[{"damage":1.0,"enemies":"Cultist","floor":1.0,"turns":6.0},{"damage":0.0,"enemies":"Small Slimes","floor":2.0,"turns":4.0},{"damage":2.0,"enemies":"Jaw Worm","floor":3.0,"turns":5.0},{"damage":11.0,"enemies":"Exordium Thugs","floor":5.0,"turns":4.0},{"damage":22.0,"enemies":"Lagavulin","floor":6.0,"turns":5.0},{"damage":18.0,"enemies":"Gremlin Nob","floor":8.0,"turns":4.0},{"damage":9.0,"enemies":"Lagavulin","floor":12.0,"turns":6.0},{"damage":1.0,"enemies":"Looter","floor":13.0,"turns":3.0},{"damage":25.0,"enemies":"The Guardian","floor":16.0,"turns":9.0},{"damage":19.0,"enemies":"Shell Parasite","floor":18.0,"turns":8.0},{"damage":14.0,"enemies":"Spheric Guardian","floor":20.0,"turns":4.0},{"damage":15.0,"enemies":"Snake Plant","floor":21.0,"turns":5.0},{"damage":3.0,"enemies":"Shelled Parasite and Fungi","floor":22.0,"turns":7.0},{"damage":6.0,"enemies":"Cultist and Chosen","floor":24.0,"turns":2.0},{"damage":11.0,"enemies":"Gremlin Leader","floor":27.0,"turns":6.0},{"damage":2.0,"enemies":"Snake Plant","floor":28.0,"turns":3.0},{"damage":20,"enemies":"Slavers","floor":29,"turns":2}],"seed_played":"-8002050804122115283","potions_obtained":[{"floor":2.0,"key":"SpeedPotion"},{"floor":5.0,"key":"Strength Potion"},{"floor":6.0,"key":"SpeedPotion"},{"floor":8.0,"key":"Poison Potion"},{"floor":20.0,"key":"GhostInAJar"},{"floor":21.0,"key":"Dexterity Potion"},{"floor":22.0,"key":"SteroidPotion"}],"is_trial":false,"path_per_floor":["M","M","M","$","M","E","R","E","T","$","R","E","M","?","R","B",null,"M","?","M","M","M","R","M","R","T","E","M","E"],"character_chosen":"THE_SILENT","items_purchased":["Swift Potion"],"campfire_rested":2,"item_purchase_floors":[4],"current_hp_per_floor":[69,69,67,67,56,41,41,23,23,23,23,14,13,1,26,1,63,44,44,30,15,12,12,6,31,31,20,18,0,0],"gold":339,"neow_bonus":"TEN_PERCENT_HP_BONUS","is_daily":false,"chose_seed":false,"campfire_upgraded":3,"win_rate":0.0,"timestamp":1607911224,"path_taken":["M","?","M","?","M","E","R","E","T","?","R","E","?","?","R","BOSS","M","?","M","M","M","R","M","R","T","E","M","E"],"items_purchased_type":["Potion"],"build_version":"2020-12-13","purchased_purges":1,"victory":false,"max_hp_per_floor":[77,77,77,77,77,84,84,84,84,84,84,84,84,84,84,84,84,84,84,84,84,84,84,84,84,84,84,84,84,84],"card_choices":[{"not_picked":["Underhanded Strike","Prepared"],"picked":"Acrobatics","floor":1.0},{"not_picked":["Endless Agony","Bane"],"picked":"Underhanded Strike","floor":2.0},{"not_picked":["Outmaneuver","Distraction"],"picked":"Envenom","floor":3.0},{"not_picked":["Dodge and Roll","Infinite Blades"],"picked":"Underhanded Strike","floor":5.0},{"not_picked":["Deadly Poison","Flying Knee"],"picked":"Corpse Explosion","floor":6.0},{"not_picked":["Deflect","Prepared"],"picked":"Concentrate","floor":8.0},{"not_picked":["Escape Plan","Poisoned Stab"],"picked":"Catalyst","floor":12.0},{"not_picked":["Underhanded Strike","Choke"],"picked":"Predator","floor":13.0},{"not_picked":["Corpse Explosion","Phantasmal Killer"],"picked":"Burst","floor":16.0},{"not_picked":["Distraction"],"picked":"SKIP","floor":18.0},{"not_picked":["Dagger Throw"],"picked":"SKIP","floor":20.0},{"not_picked":["Bouncing Flask"],"picked":"SKIP","floor":21.0},{"not_picked":[],"picked":"Riddle With Holes","floor":22.0},{"not_picked":["Outmaneuver"],"picked":"SKIP","floor":24.0},{"not_picked":["Distraction"],"picked":"SKIP","floor":27.0},{"not_picked":["Infinite Blades"],"picked":"SKIP","floor":28.0}],"player_experience":429149,"relics_obtained":[{"floor":6.0,"key":"Strawberry"},{"floor":8.0,"key":"Bottled Flame"},{"floor":9.0,"key":"Bottled Tornado"},{"floor":12.0,"key":"Paper Crane"},{"floor":26.0,"key":"PreservedInsect"},{"floor":27.0,"key":"Potion Belt"}],"event_choices":[{"damage_healed":0.0,"max_hp_gain":0.0,"max_hp_loss":0.0,"gold_gain":0.0,"event_name":"Scrap Ooze","player_choice":"Fled","floor":14.0,"gold_loss":0.0,"damage_taken":12.0},{"damage_healed":0.0,"max_hp_gain":0.0,"max_hp_loss":0.0,"gold_gain":0.0,"event_name":"WeMeetAgain","player_choice":"Paid Gold","floor":19.0,"gold_loss":57.0,"damage_taken":0.0,"relics_obtained":["Bronze Scales"]}],"is_beta":false,"boss_relics":[{"not_picked":["SlaversCollar","Pandora\u0027s Box"],"picked":"Busted Crown"}],"items_purged_floors":[4],"is_endless":false,"potions_floor_spawned":[2,5,6,8,20,21,22],"killed_by":"Slavers","ascension_level":12}}