{"host":"1tl36azeqm6yhdgj","time":1607960103,"event":{"mods":["AchievementEnabler","BaseMod","Minty Spire (QoL Compilation)","StSLib","The IronCluck","everything is the same but u backflip on backflip"],"gold_per_floor":[116,22,36,48,64,64,92,92,92,124,124,151,181,195,195,293,293,306,322,322,322,31,63,63,63,63,63,88,108,163,88,88,192,192,206,225,225,239,265,292,303,303,330,330,341,341,341,341],"floor_reached":47,"playtime":1846,"items_purged":[],"score":817,"play_id":"7e3157e5-4e6d-401c-98ae-d5799094672f","local_time":"20201214103503","is_ascension_mode":true,"campfire_choices":[{"floor":6.0,"key":"RECALL"},{"data":"Shrug It Off","floor":8.0,"key":"SMITH"},{"data":"Bash","floor":11.0,"key":"SMITH"},{"data":"Fire Breathing","floor":15.0,"key":"SMITH"},{"data":"Inflame","floor":25.0,"key":"SMITH"},{"data":"Panache","floor":27.0,"key":"SMITH"},{"data":"Exhume","floor":32.0,"key":"SMITH"},{"data":"Juggernaut","floor":44.0,"key":"SMITH"}],"circlet_count":0,"master_deck":["AscendersBane","Strike_R","Strike_R","Strike_R","Strike_R","Defend_R","Defend_R","Defend_R","Defend_R","Bash+1","Bludgeon","Shrug It Off+1","Blind","Fire Breathing+1","Clash","Anger","Warcry","Pummel","Impervious","Rage","Inflame+1","Panache+1","Flash of Steel","Rampage","Exhume+1","Dropkick","Juggernaut+1","CurseOfTheBell","Havoc+1","Thunderclap+1","Havoc+1","Jack Of All Trades","Sadistic Nature","Purity","Pommel Strike+1","Madness","Madness"],"relics":["Burning Blood","Red Skull","Ancient Tea Set","HornCleat","Meat on the Bone","Pantograph","Busted Crown","Enchiridion","Nunchaku","Bronze Scales","The Courier","Blue Candle","Calling Bell","Blood Vial","White Beast Statue","Prayer Wheel","Vajra","Akabeko","Bag of Preparation"],"acts_visited":["Exordium","TheCity","TheBeyond"],"potions_floor_usage":[47,47],"damage_taken":[{"damage":12.0,"enemies":"Jaw Worm","floor":1.0,"turns":2.0},{"damage":7.0,"enemies":"Small Slimes","floor":3.0,"turns":3.0},{"damage":1.0,"enemies":"2 Louse","floor":4.0,"turns":4.0},{"damage":6.0,"enemies":"Blue Slaver","floor":5.0,"turns":4.0},{"damage":22.0,"enemies":"3 Sentries","floor":7.0,"turns":6.0},{"damage":15.0,"enemies":"Gremlin Nob","floor":10.0,"turns":4.0},{"damage":10.0,"enemies":"Lagavulin","floor":12.0,"turns":5.0},{"damage":1.0,"enemies":"Exordium Thugs","floor":14.0,"turns":4.0},{"damage":42.0,"enemies":"Hexaghost","floor":16.0,"turns":11.0},{"damage":2.0,"enemies":"Chosen","floor":18.0,"turns":3.0},{"damage":5.0,"enemies":"2 Thieves","floor":19.0,"turns":4.0},{"damage":14.0,"enemies":"Book of Stabbing","floor":23.0,"turns":7.0},{"damage":25.0,"enemies":"Slavers","floor":28.0,"turns":5.0},{"damage":0.0,"enemies":"Cultist and Chosen","floor":29.0,"turns":6.0},{"damage":45.0,"enemies":"Automaton","floor":33.0,"turns":10.0},{"damage":15.0,"enemies":"3 Shapes","floor":35.0,"turns":3.0},{"damage":11.0,"enemies":"Orb Walker","floor":36.0,"turns":2.0},{"damage":12.0,"enemies":"Maw","floor":38.0,"turns":5.0},{"damage":33.0,"enemies":"Reptomancer","floor":40.0,"turns":6.0},{"damage":10.0,"enemies":"Sphere and 2 Shapes","floor":41.0,"turns":5.0},{"damage":0.0,"enemies":"4 Shapes","floor":45.0,"turns":5.0},{"damage":83,"enemies":"Giant Head","floor":47,"turns":6}],"seed_played":"4584328001482915542","potions_obtained":[{"floor":1.0,"key":"DuplicationPotion"},{"floor":4.0,"key":"BloodPotion"},{"floor":10.0,"key":"Ancient Potion"},{"floor":12.0,"key":"PowerPotion"},{"floor":14.0,"key":"HeartOfIron"},{"floor":16.0,"key":"Block Potion"},{"floor":19.0,"key":"Regen Potion"},{"floor":23.0,"key":"Explosive Potion"},{"floor":29.0,"key":"Energy Potion"},{"floor":35.0,"key":"FearPotion"},{"floor":36.0,"key":"Weak Potion"},{"floor":40.0,"key":"Ancient Potion"},{"floor":41.0,"key":"SteroidPotion"},{"floor":45.0,"key":"LiquidMemories"}],"is_trial":false,"path_per_floor":["M","$","M","M","M","R","E","R","T","E","R","E","?","M","R","B",null,"M","M","?","?","$","E","?","R","T","R","E","M","T","?","R","B",null,"M","M","?","M","T","E","M","?","T","R","M","?","E"],"character_chosen":"IRONCLAD","items_purchased":["Blind","Panache","Flash of Steel","Rampage"],"campfire_rested":0,"item_purchase_floors":[2,22,22,22],"current_hp_per_floor":[66,66,65,70,70,70,54,54,54,45,45,55,55,60,60,48,66,70,71,71,55,55,62,62,62,62,62,43,49,49,49,49,45,65,58,55,45,53,53,40,50,50,50,50,58,49,0,0],"gold":341,"neow_bonus":"THREE_RARE_CARDS","is_daily":false,"chose_seed":false,"campfire_upgraded":7,"win_rate":0.0,"timestamp":1607960103,"path_taken":["M","$","M","M","M","R","E","R","T","E","R","E","?","M","R","BOSS","M","M","?","?","$","E","?","R","T","R","E","M","?","?","R","BOSS","M","M","?","M","?","E","M","?","T","R","M","?","E"],"items_purchased_type":["Card","Card","Card","Card"],"build_version":"2020-12-13","purchased_purges":0,"victory":false,"max_hp_per_floor":[72,72,72,72,72,72,72,72,72,72,72,72,72,72,72,72,72,72,72,72,72,72,72,72,72,72,72,72,72,72,72,72,72,72,72,72,72,72,72,72,72,72,72,72,72,72,72,72],"card_choices":[{"not_picked":["Corruption","Offering"],"picked":"Bludgeon","floor":0.0},{"not_picked":["Evolve","Armaments"],"picked":"Shrug It Off","floor":1.0},{"not_picked":["Havoc","Searing Blow","Bloodletting"],"picked":"SKIP","floor":3.0},{"not_picked":["True Grit","Uppercut"],"picked":"Fire Breathing","floor":4.0},{"not_picked":["Bloodletting","Dual Wield"],"picked":"Clash","floor":5.0},{"not_picked":["Perfected Strike","Shrug It Off"],"picked":"Anger","floor":7.0},{"not_picked":["True Grit","Power Through"],"picked":"Warcry","floor":10.0},{"not_picked":["Rupture","Intimidate"],"picked":"Pummel","floor":12.0},{"not_picked":["Entrench","Wild Strike","Clothesline"],"picked":"SKIP","floor":14.0},{"not_picked":["Double Tap","Demon Form"],"picked":"Impervious","floor":16.0},{"not_picked":["Shrug It Off"],"picked":"SKIP","floor":18.0},{"not_picked":[],"picked":"Rage","floor":19.0},{"not_picked":[],"picked":"Exhume","floor":23.0},{"not_picked":["Brutality"],"picked":"SKIP","floor":28.0},{"not_picked":[],"picked":"Dropkick","floor":29.0},{"not_picked":[],"picked":"Juggernaut","floor":33.0},{"not_picked":[],"picked":"Havoc+1","floor":35.0},{"not_picked":["Wild Strike"],"picked":"SKIP","floor":35.0},{"not_picked":[],"picked":"Thunderclap+1","floor":36.0},{"not_picked":["Havoc+1"],"picked":"SKIP","floor":36.0},{"not_picked":[],"picked":"Havoc+1","floor":36.0},{"not_picked":[],"picked":"Jack Of All Trades","floor":37.0},{"not_picked":[],"picked":"Sadistic Nature","floor":37.0},{"not_picked":[],"picked":"Purity","floor":37.0},{"not_picked":["Rupture"],"picked":"SKIP","floor":38.0},{"not_picked":["Rampage"],"picked":"SKIP","floor":38.0},{"not_picked":[],"picked":"Pommel Strike+1","floor":40.0},{"not_picked":["Headbutt"],"picked":"SKIP","floor":41.0},{"not_picked":["Iron Wave"],"picked":"SKIP","floor":41.0},{"not_picked":["Thunderclap"],"picked":"SKIP","floor":45.0},{"not_picked":["Bludgeon"],"picked":"SKIP","floor":45.0}],"player_experience":1930479,"relics_obtained":[{"floor":7.0,"key":"Red Skull"},{"floor":9.0,"key":"Ancient Tea Set"},{"floor":10.0,"key":"HornCleat"},{"floor":12.0,"key":"Meat on the Bone"},{"floor":21.0,"key":"Enchiridion"},{"floor":23.0,"key":"Nunchaku"},{"floor":26.0,"key":"The Courier"},{"floor":28.0,"key":"Blue Candle"},{"floor":34.0,"key":"Blood Vial"},{"floor":34.0,"key":"White Beast Statue"},{"floor":34.0,"key":"Prayer Wheel"},{"floor":39.0,"key":"Vajra"},{"floor":40.0,"key":"Akabeko"},{"floor":43.0,"key":"Bag of Preparation"}],"event_choices":[{"damage_healed":0.0,"max_hp_gain":0.0,"max_hp_loss":0.0,"gold_gain":30.0,"event_name":"Dead Adventurer","player_choice":"Searched \u00273\u0027 times","floor":13.0,"gold_loss":0.0,"damage_taken":0.0,"relics_obtained":["Pantograph"]},{"damage_healed":0.0,"max_hp_gain":0.0,"max_hp_loss":0.0,"gold_gain":0.0,"event_name":"The Library","player_choice":"Read","floor":20.0,"gold_loss":0.0,"damage_taken":0.0,"cards_obtained":["Inflame"]},{"damage_healed":0.0,"max_hp_gain":0.0,"max_hp_loss":0.0,"gold_gain":0.0,"event_name":"Cursed Tome","player_choice":"Obtained Book","floor":21.0,"gold_loss":0.0,"damage_taken":16.0},{"damage_healed":0.0,"max_hp_gain":0.0,"max_hp_loss":0.0,"gold_gain":0.0,"event_name":"Addict","player_choice":"Stole Relic","floor":24.0,"gold_loss":0.0,"damage_taken":0.0,"relics_obtained":["Bronze Scales"],"cards_obtained":["Shame"]},{"cards_removed":["Shame"],"damage_healed":0.0,"max_hp_gain":0.0,"max_hp_loss":0.0,"gold_gain":0.0,"event_name":"Beggar","player_choice":"Gave Gold","floor":31.0,"gold_loss":75.0,"damage_taken":0.0},{"damage_healed":0.0,"max_hp_gain":0.0,"max_hp_loss":0.0,"gold_gain":0.0,"event_name":"SensoryStone","player_choice":"Memory 3","floor":37.0,"gold_loss":0.0,"damage_taken":10.0},{"cards_removed":["Strike_R"],"damage_healed":0.0,"max_hp_gain":0.0,"max_hp_loss":0.0,"gold_gain":0.0,"event_name":"Falling","player_choice":"Removed Attack","floor":42.0,"gold_loss":0.0,"damage_taken":0.0},{"damage_healed":0.0,"max_hp_gain":0.0,"max_hp_loss":0.0,"gold_gain":0.0,"event_name":"Winding Halls","player_choice":"Embrace Madness","floor":46.0,"gold_loss":0.0,"damage_taken":9.0,"cards_obtained":["Madness","Madness"]}],"is_beta":false,"boss_relics":[{"not_picked":["Mark of Pain","Runic Dome"],"picked":"Busted Crown"},{"not_picked":["Black Blood","SlaversCollar"],"picked":"Calling Bell"}],"items_purged_floors":[],"is_endless":false,"potions_floor_spawned":[1,4,10,12,14,16,19,23,29,35,36,38,40,41,45],"killed_by":"Giant Head","ascension_level":11}}