{"host":"egyxg9lnjq7g2hmw","time":1607921957,"event":{"mods":["AchievementEnabler","BaseMod","Block Reminder","Colored Map","Colored Powertips","Highlight Path","Minty Spire (QoL Compilation)","Rare Cards Sparkle","StSLib"],"gold_per_floor":[115,126,301,321,321,321,347,347,347,380,380,68,100,113,113,217,217,235,235,235,252,252,280,280,314,314,314,314],"floor_reached":27,"playtime":873,"items_purged":[],"score":412,"play_id":"4491619a-4840-4d00-93ac-f923a2dd7cef","local_time":"20201213205917","is_ascension_mode":true,"campfire_choices":[{"data":"Zap","floor":6.0,"key":"SMITH"},{"data":"Thunder Strike","floor":8.0,"key":"SMITH"},{"data":"Ball Lightning","floor":11.0,"key":"SMITH"},{"floor":15.0,"key":"DIG"},{"floor":24.0,"key":"REST"}],"circlet_count":0,"master_deck":["Strike_B","Strike_B","Strike_B","Strike_B","Defend_B","Defend_B","Defend_B","Defend_B","Zap+1","Dualcast","Ball Lightning+1","Redo","Genetic Algorithm","Thunder Strike+1","Fission","Ball Lightning","Echo Form","Ball Lightning","Decay","Ball Lightning","RitualDagger","Conserve Battery+1","Auto Shields"],"relics":["Cracked Core","Strawberry","Ornamental Fan","Pantograph","PreservedInsect","Shovel","Question Card","Eternal Feather","Inserter","Happy Flower","Vajra","Meat on the Bone"],"acts_visited":["Exordium","TheCity"],"potions_floor_usage":[],"damage_taken":[{"damage":0.0,"enemies":"Small Slimes","floor":1.0,"turns":3.0},{"damage":1.0,"enemies":"Cultist","floor":2.0,"turns":3.0},{"damage":1.0,"enemies":"2 Louse","floor":4.0,"turns":2.0},{"damage":19.0,"enemies":"3 Sentries","floor":7.0,"turns":6.0},{"damage":12.0,"enemies":"Gremlin Nob","floor":10.0,"turns":3.0},{"damage":17.0,"enemies":"3 Sentries","floor":13.0,"turns":5.0},{"damage":13.0,"enemies":"Exordium Wildlife","floor":14.0,"turns":5.0},{"damage":22.0,"enemies":"Hexaghost","floor":16.0,"turns":6.0},{"damage":44.0,"enemies":"3 Byrds","floor":18.0,"turns":4.0},{"damage":5.0,"enemies":"Chosen","floor":21.0,"turns":4.0},{"damage":33.0,"enemies":"Gremlin Leader","floor":23.0,"turns":6.0},{"damage":30,"enemies":"Book of Stabbing","floor":25,"turns":5},{"damage":16,"enemies":"Sentry and Sphere","floor":27,"turns":2}],"seed_played":"-4089746595486574261","potions_obtained":[{"floor":1.0,"key":"SpeedPotion"},{"floor":4.0,"key":"BlessingOfTheForge"},{"floor":7.0,"key":"Dexterity Potion"},{"floor":16.0,"key":"DuplicationPotion"},{"floor":18.0,"key":"Dexterity Potion"}],"is_trial":false,"path_per_floor":["M","M","?","M","?","R","E","R","T","E","R","$","E","M","R","B",null,"M","?","?","M","?","E","R","E","T","M"],"character_chosen":"DEFECT","items_purchased":["Shovel"],"campfire_rested":1,"item_purchase_floors":[12],"current_hp_per_floor":[75,74,74,73,73,73,54,54,54,42,42,42,25,12,12,15,65,21,21,48,43,37,4,40,10,10,0,0],"gold":314,"neow_bonus":"RANDOM_COMMON_RELIC","is_daily":false,"chose_seed":false,"campfire_upgraded":3,"win_rate":0.0,"timestamp":1607921957,"path_taken":["M","M","?","M","?","R","E","R","T","E","R","$","E","?","R","BOSS","M","?","?","M","?","E","R","E","T","M"],"items_purchased_type":["Relic"],"build_version":"2020-12-13","purchased_purges":0,"victory":false,"max_hp_per_floor":[82,82,82,82,82,82,82,82,82,82,82,82,82,82,82,82,82,82,82,82,82,82,82,82,82,82,82,82],"card_choices":[{"not_picked":["Turbo","Steam"],"picked":"Ball Lightning","floor":1.0},{"not_picked":["Reprogram","Compile Driver"],"picked":"Redo","floor":2.0},{"not_picked":["Storm","Reinforced Body"],"picked":"Genetic Algorithm","floor":4.0},{"not_picked":["Buffer","Hello World"],"picked":"Thunder Strike","floor":7.0},{"not_picked":["Scrape","Streamline","Gash"],"picked":"SKIP","floor":10.0},{"not_picked":["Reinforced Body","Sweeping Beam"],"picked":"Fission","floor":13.0},{"not_picked":["Sweeping Beam","Leap","Turbo"],"picked":"Ball Lightning","floor":14.0},{"not_picked":["Amplify","Biased Cognition","Hyperbeam"],"picked":"Echo Form","floor":16.0},{"not_picked":["Leap","Coolheaded","Beam Cell"],"picked":"Ball Lightning","floor":18.0},{"not_picked":["Rip and Tear","Streamline","Skim"],"picked":"Ball Lightning","floor":21.0},{"not_picked":["Coolheaded","Sweeping Beam+1","Echo Form"],"picked":"Conserve Battery+1","floor":23.0},{"not_picked":["Reprogram","FTL","Sweeping Beam"],"picked":"Auto Shields","floor":25}],"player_experience":435586,"relics_obtained":[{"floor":7.0,"key":"Ornamental Fan"},{"floor":9.0,"key":"Pantograph"},{"floor":10.0,"key":"PreservedInsect"},{"floor":13.0,"key":"Question Card"},{"floor":15.0,"key":"Eternal Feather"},{"floor":23.0,"key":"Happy Flower"},{"floor":25,"key":"Vajra"},{"floor":26,"key":"Meat on the Bone"}],"event_choices":[{"damage_healed":0.0,"max_hp_gain":0.0,"max_hp_loss":0.0,"gold_gain":175.0,"event_name":"Liars Game","player_choice":"AGREE","floor":3.0,"gold_loss":0.0,"damage_taken":0.0,"cards_obtained":["Doubt"]},{"cards_removed":["Doubt"],"damage_healed":0.0,"max_hp_gain":0.0,"max_hp_loss":0.0,"gold_gain":0.0,"event_name":"Purifier","player_choice":"Purged","floor":5.0,"gold_loss":0.0,"damage_taken":0.0},{"damage_healed":0.0,"max_hp_gain":0.0,"max_hp_loss":0.0,"gold_gain":0.0,"event_name":"Forgotten Altar","player_choice":"Smashed Altar","floor":19.0,"gold_loss":0.0,"damage_taken":0.0,"cards_obtained":["Decay"]},{"damage_healed":27.0,"max_hp_gain":0.0,"max_hp_loss":0.0,"gold_gain":0.0,"event_name":"The Library","player_choice":"Heal","floor":20.0,"gold_loss":0.0,"damage_taken":0.0},{"damage_healed":0.0,"max_hp_gain":0.0,"max_hp_loss":0.0,"gold_gain":0.0,"event_name":"Nest","player_choice":"Joined the Cult","floor":22.0,"gold_loss":0.0,"damage_taken":6.0,"cards_obtained":["RitualDagger"]}],"is_beta":false,"boss_relics":[{"not_picked":["Snecko Eye","Busted Crown"],"picked":"Inserter"}],"items_purged_floors":[],"is_endless":false,"potions_floor_spawned":[1,4,7,16,18],"killed_by":"Sentry and Sphere","ascension_level":9}}