{"host":"wl5kcyk3ocgwii71","time":1607935609,"event":{"mods":["AchievementEnabler","BaseMod","Better Altar","Better Match","Better Note","Better Sensory Stone","Better Skull","Better Third Choice","Colored Powertips","Downfall","Hermit","Minty Spire (QoL Compilation)","Quick Restart","Replay The Spire","StSLib","The Servant 0.9.4"],"gold_per_floor":[114,114,114,114,128,162,64,64,88,113,113,125,144,174,174,272,272,284,301,226,226,23,23,48,64,64,90,103,103,116,16,16,121,121,121],"floor_reached":34,"playtime":1202,"items_purged":["Writhe","Endless Agony"],"score":647,"play_id":"048338ce-7289-4c9f-b015-a6220de47552","local_time":"20201214004649","is_ascension_mode":true,"campfire_choices":[{"floor":8,"key":"REST"},{"floor":11,"key":"REST"},{"floor":15,"key":"REST"},{"floor":23,"key":"REST"},{"data":"Neutralize","floor":29,"key":"SMITH"},{"data":"Deflect","floor":32,"key":"SMITH"}],"circlet_count":0,"master_deck":["Survivor","Neutralize+1","PiercingWail","Infinite Blades+1","Outmaneuver","Toxin Wave","Crippling Poison","Deadly Poison","Bane","Dagger Spray","ReplayTheSpireMod:IOU","ReplayTheSpireMod:IOU","Noxious Fumes","Flying Knee","Backstab","Cloak And Dagger","Corpse Explosion","Accuracy","Heel Hook","Storm of Steel","Envenom","After Image","Crippling Poison","Blur","Deflect+1","PiercingWail","Caltrops","Deflect+1","Cloak And Dagger+1","Riddle With Holes"],"relics":["Ring of the Snake","NeowsBlessing","Oddly Smooth Stone","Gremlin Horn","Replay:Wax Seal","Orrery","Boot","Potion Belt","Divine Protection","Dream Catcher","Pandora\u0027s Box","Replay:Rubber Ducky","BargainBundle","Incense Burner","Gambling Chip","Ornamental Fan"],"acts_visited":["Exordium","TheCity","TheBeyond"],"potions_floor_usage":[],"damage_taken":[{"damage":0,"enemies":"Small Slimes","floor":1,"turns":1},{"damage":0,"enemies":"Jaw Worm","floor":5,"turns":1},{"damage":0,"enemies":"Lagavulin","floor":6,"turns":1},{"damage":15,"enemies":"Replay:BlueRogue","floor":10,"turns":6},{"damage":0,"enemies":"Cultist","floor":12,"turns":3},{"damage":5,"enemies":"Looter","floor":13,"turns":3},{"damage":29,"enemies":"Slime Boss","floor":16,"turns":9},{"damage":24,"enemies":"Chosen","floor":18,"turns":5},{"damage":1,"enemies":"3 Byrds","floor":19,"turns":3},{"damage":0,"enemies":"Gremlin Leader","floor":24,"turns":8},{"damage":0,"enemies":"Centurion and Healer","floor":25,"turns":5},{"damage":0,"enemies":"Replay:Snechameleon","floor":27,"turns":6},{"damage":0,"enemies":"3 Cultists","floor":28,"turns":2},{"damage":0,"enemies":"Shelled Parasite and Fungi","floor":30,"turns":6},{"damage":48,"enemies":"Collector","floor":33,"turns":9}],"seed_played":"-4165516745753213027","potions_obtained":[{"floor":1,"key":"Regen Potion"},{"floor":6,"key":"SpeedPotion"},{"floor":13,"key":"Poison Potion"},{"floor":18,"key":"Weak Potion"}],"is_trial":false,"path_per_floor":["M","?","?","T","M","E","$","R","T","E","R","M","M","?","R","B",null,"M","M","?","?","$","R","E","M","T","E","M","R","M","$","R","B",null],"character_chosen":"THE_SILENT","items_purchased":["Orrery","Boot","BargainBundle","champ:CounterPotion","PiercingWail","Caltrops"],"campfire_rested":4,"item_purchase_floors":[7,7,22,22,22,22],"current_hp_per_floor":[63,63,30,30,30,30,30,51,51,36,57,57,52,52,70,41,63,39,38,38,38,38,59,59,59,59,59,59,59,59,59,59,11,55,55],"gold":121,"neow_bonus":"THREE_ENEMY_KILL","is_daily":false,"chose_seed":false,"campfire_upgraded":2,"win_rate":0.0,"timestamp":1607935609,"path_taken":["M","?","?","?","?","E","?","R","T","E","R","M","M","?","R","BOSS","M","M","?","?","?","R","E","?","T","E","?","R","M","$","R","BOSS"],"items_purchased_type":["Relic","Relic","Relic","Potion","Card","Card"],"build_version":"2020-12-13","purchased_purges":2,"victory":false,"max_hp_per_floor":[70,70,70,70,70,70,70,70,70,70,70,70,70,70,70,70,70,70,70,70,70,70,70,70,70,70,70,70,70,70,70,70,70,70,70],"card_choices":[{"not_picked":["Noxious Fumes","Infinite Blades"],"picked":"PiercingWail","floor":1},{"not_picked":["Masterful Stab","Acrobatics"],"picked":"Outmaneuver","floor":5},{"not_picked":["Sucker Punch","Acrobatics"],"picked":"Toxin Wave","floor":6},{"not_picked":["Bane","ReplayTheSpireMod:Scrap Shanks"],"picked":"Crippling Poison","floor":7},{"not_picked":["Dodge and Roll","Quick Slash"],"picked":"Deadly Poison","floor":7},{"not_picked":["ReplayTheSpireMod:Scrap Shanks","Hidden Blade"],"picked":"Bane","floor":7},{"not_picked":["Poisoned Stab","Phantasmal Killer"],"picked":"Dagger Spray","floor":7},{"not_picked":["Choke","Acrobatics"],"picked":"Noxious Fumes","floor":10},{"not_picked":["Slice","Hidden Blade"],"picked":"Flying Knee","floor":12},{"not_picked":["Poisoned Stab","Cloak And Dagger"],"picked":"Backstab","floor":13},{"not_picked":["Toxin Wave","Eviscerate"],"picked":"Cloak And Dagger","floor":15},{"not_picked":["Doppelganger","Glass Knife"],"picked":"Corpse Explosion","floor":16},{"not_picked":["ReplayTheSpireMod:The Works","Outmaneuver"],"picked":"Deflect","floor":18},{"not_picked":["Acrobatics","Calculated Gamble","PiercingWail"],"picked":"SKIP","floor":19},{"not_picked":["Underhanded Strike","Deadly Poison"],"picked":"Deflect+1","floor":23},{"not_picked":["Prepared","Sucker Punch+1","Acrobatics+1"],"picked":"SKIP","floor":24},{"not_picked":["Venomology","ReplayTheSpireMod:Tripwire","Deadly Poison+1"],"picked":"SKIP","floor":25},{"not_picked":["Bane","Deadly Poison","PiercingWail"],"picked":"SKIP","floor":27},{"not_picked":["Hidden Blade","Terror"],"picked":"Cloak And Dagger+1","floor":28},{"not_picked":["Backflip","Blade Dance"],"picked":"Riddle With Holes","floor":30}],"player_experience":349454,"relics_obtained":[{"floor":4,"key":"Gremlin Horn"},{"floor":6,"key":"Replay:Wax Seal"},{"floor":9,"key":"Potion Belt"},{"floor":10,"key":"Divine Protection"},{"floor":24,"key":"Incense Burner"},{"floor":26,"key":"Gambling Chip"},{"floor":27,"key":"Ornamental Fan"}],"event_choices":[{"damage_healed":0,"gold_gain":0,"player_choice":"Relic ","damage_taken":33,"max_hp_gain":0,"max_hp_loss":0,"event_name":"betterThird:BetterScrap","floor":3,"gold_loss":0,"cards_obtained":["Replay:Many Hands"]},{"damage_healed":0,"gold_gain":30,"player_choice":"Searched \u00273\u0027 times","damage_taken":0,"relics_obtained":["Dream Catcher"],"max_hp_gain":0,"max_hp_loss":0,"event_name":"Dead Adventurer","floor":14,"gold_loss":0},{"cards_removed":["Choke"],"damage_healed":0,"gold_gain":0,"player_choice":"Gave Gold","damage_taken":0,"max_hp_gain":0,"max_hp_loss":0,"event_name":"Beggar","floor":20,"gold_loss":75},{"damage_healed":0,"gold_gain":0,"player_choice":"Opened","damage_taken":0,"relics_obtained":["Replay:Rubber Ducky"],"max_hp_gain":0,"max_hp_loss":0,"event_name":"The Mausoleum","floor":21,"gold_loss":0,"cards_obtained":["Writhe"]}],"is_beta":false,"boss_relics":[{"not_picked":["Honey Jar","Sozu"],"picked":"Pandora\u0027s Box"},{"not_picked":["Kintsugi","Snecko Scales","Ring of Chaos"]}],"items_purged_floors":[22,31],"is_endless":false,"potions_floor_spawned":[1,6,13,18,24,27,30,33],"ascension_level":6}}