{"host":"3a1ypf1irl30q4k8","time":1607984094,"event":{"mods":["AchievementEnabler","BaseMod","Bestiary","Colored Map","Minty Spire (QoL Compilation)","Relic Stats"],"gold_per_floor":[114,132,14,27,27,27,56,18,18,18,35,46,56,56,56,151,201,221,237,14,65,82,82,82,5,50,50,62,87,87,105,105,206,206,226,0,17,29,45,45,45,45],"floor_reached":41,"playtime":2337,"items_purged":["Strike_G"],"score":744,"play_id":"bb118439-b055-42ad-a53d-9525db6a64ff","local_time":"20201214221454","is_ascension_mode":true,"campfire_choices":[{"floor":6,"key":"REST"},{"floor":15,"key":"REST"},{"floor":23,"key":"REST"},{"data":"Night Terror","floor":27,"key":"SMITH"},{"data":"Infinite Blades","floor":30,"key":"SMITH"},{"floor":32,"key":"REST"},{"floor":40,"key":"REST"}],"circlet_count":0,"master_deck":["AscendersBane","Survivor","Neutralize","Cloak And Dagger","Accuracy+1","Predator","Well Laid Plans","Sucker Punch","Blade Dance","Infinite Blades+1","Backstab","Prepared","Blade Dance","Adrenaline","Dagger Spray","Footwork","Heel Hook+1","Night Terror+1","Cloak And Dagger","Caltrops","Storm of Steel","Endless Agony","Tactician","Sucker Punch","Bouncing Flask","Envenom","Backstab","Masterful Stab","Venomology","Slice","Deflect","PiercingWail","Accuracy+1"],"relics":["Ring of the Snake","Bird Faced Urn","Tiny Chest","Shovel","Bronze Scales","Tiny House","Oddly Smooth Stone","Juzu Bracelet","PreservedInsect","StrikeDummy","Pandora\u0027s Box","Membership Card"],"acts_visited":["Exordium","TheCity","TheBeyond"],"potions_floor_usage":[7,13,18,22,31,33,37,38,39,41,41,41],"damage_taken":[{"damage":1,"enemies":"2 Louse","floor":1,"turns":4},{"damage":0,"enemies":"Small Slimes","floor":2,"turns":4},{"damage":2,"enemies":"Cultist","floor":4,"turns":4},{"damage":25,"enemies":"Gremlin Nob","floor":7,"turns":5},{"damage":0,"enemies":"Exordium Thugs","floor":11,"turns":3},{"damage":4,"enemies":"2 Fungi Beasts","floor":12,"turns":3},{"damage":12,"enemies":"Lots of Slimes","floor":13,"turns":3},{"damage":0,"enemies":"Slime Boss","floor":16,"turns":7},{"damage":10,"enemies":"Shell Parasite","floor":18,"turns":5},{"damage":9,"enemies":"3 Byrds","floor":19,"turns":3},{"damage":26,"enemies":"Snake Plant","floor":22,"turns":4},{"damage":30,"enemies":"Centurion and Healer","floor":28,"turns":5},{"damage":5,"enemies":"Gremlin Leader","floor":29,"turns":4},{"damage":0,"enemies":"Chosen and Byrds","floor":31,"turns":4},{"damage":55,"enemies":"Automaton","floor":33,"turns":10},{"damage":16,"enemies":"Orb Walker","floor":35,"turns":3},{"damage":29,"enemies":"3 Darklings","floor":37,"turns":5},{"damage":33,"enemies":"Jaw Worm Horde","floor":38,"turns":5},{"damage":11,"enemies":"Transient","floor":39,"turns":5},{"damage":66,"enemies":"Maw","floor":41,"turns":6}],"seed_played":"9094029733976025732","potions_obtained":[{"floor":1,"key":"PowerPotion"},{"floor":2,"key":"Fire Potion"},{"floor":17,"key":"DuplicationPotion"},{"floor":19,"key":"Explosive Potion"},{"floor":22,"key":"Fire Potion"},{"floor":24,"key":"CultistPotion"},{"floor":28,"key":"GhostInAJar"},{"floor":33,"key":"Dexterity Potion"},{"floor":39,"key":"Swift Potion"}],"is_trial":false,"path_per_floor":["M","M","$","M","?","R","E","$","T","?","M","M","M","T","R","B",null,"M","M","$","T","M","R","?","$","T","R","M","E","R","M","R","B",null,"M","$","M","M","M","R","M"],"character_chosen":"THE_SILENT","items_purchased":["Predator","Well Laid Plans","Infinite Blades","Oddly Smooth Stone","Night Terror","PiercingWail","Membership Card","Explosive Potion"],"campfire_rested":5,"item_purchase_floors":[3,3,8,20,25,36,36,36],"current_hp_per_floor":[69,69,69,67,25,48,29,29,29,29,33,31,23,23,46,50,75,69,66,66,66,40,64,64,64,64,64,44,45,45,53,77,32,70,62,62,41,18,17,41,0,0],"gold":45,"neow_bonus":"TEN_PERCENT_HP_BONUS","is_daily":false,"chose_seed":false,"campfire_upgraded":2,"win_rate":0.0,"timestamp":1607984094,"path_taken":["M","M","$","M","?","R","E","$","T","?","M","?","M","?","R","BOSS","M","M","$","?","M","R","?","$","T","R","M","E","R","M","R","BOSS","M","$","M","M","M","R","M"],"items_purchased_type":["Card","Card","Card","Relic","Card","Card","Relic","Potion"],"build_version":"2020-12-13","purchased_purges":1,"victory":false,"max_hp_per_floor":[77,77,77,77,77,77,77,77,77,77,77,77,77,77,77,77,82,82,82,82,82,82,82,82,82,82,82,82,82,82,82,82,82,82,82,82,82,82,82,82,82,82],"relic_stats":{"Shovel":0,"counters":[20,92],"Bird Faced Urn":[112],"Bronze Scales":[178],"Tiny Chest":1,"Pandora\u0027s Box":["Endless Agony","Tactician","Sucker Punch","Bouncing Flask","Envenom","Backstab","Masterful Stab","Venomology","Slice"],"PreservedInsect":49,"Juzu Bracelet":0,"obtain_stats":[{"Shovel":9,"Tiny House":17,"Bird Faced Urn":5,"Bronze Scales":14,"Oddly Smooth Stone":20,"Tiny Chest":7,"Pandora\u0027s Box":34,"PreservedInsect":26,"Juzu Bracelet":21,"Membership Card":36,"StrikeDummy":29,"Ring of the Snake":0},{"Shovel":4,"Tiny House":8,"Bird Faced Urn":3,"Bronze Scales":7,"Oddly Smooth Stone":10,"Tiny Chest":4,"Pandora\u0027s Box":15,"PreservedInsect":11,"Juzu Bracelet":10,"Membership Card":16,"StrikeDummy":13,"Ring of the Snake":0},{"Shovel":17,"Tiny House":33,"Bird Faced Urn":12,"Bronze Scales":26,"Oddly Smooth Stone":41,"Tiny Chest":17,"Pandora\u0027s Box":68,"PreservedInsect":45,"Juzu Bracelet":41,"Membership Card":71,"StrikeDummy":54,"Ring of the Snake":0}],"Ring of the Snake":[40]},"card_choices":[{"not_picked":["Distraction","Bane"],"picked":"Cloak And Dagger","floor":1},{"not_picked":["Deflect","Deadly Poison"],"picked":"Accuracy","floor":2},{"not_picked":["Poisoned Stab","Eviscerate"],"picked":"Sucker Punch","floor":4},{"not_picked":["Reflex","Phantasmal Killer"],"picked":"Blade Dance","floor":7},{"not_picked":["Underhanded Strike","Sucker Punch"],"picked":"Backstab","floor":11},{"not_picked":["Masterful Stab","Outmaneuver"],"picked":"Prepared","floor":12},{"not_picked":["Prepared","PiercingWail"],"picked":"Blade Dance","floor":13},{"not_picked":["Malaise","Grand Finale"],"picked":"Adrenaline","floor":16},{"not_picked":["Predator","Bouncing Flask"],"picked":"Dagger Spray","floor":17},{"not_picked":["PiercingWail","Dagger Throw"],"picked":"Footwork","floor":18},{"not_picked":["Dagger Spray","Slice"],"picked":"Heel Hook+1","floor":19},{"not_picked":["Skewer","Slice","Eviscerate+1"],"picked":"SKIP","floor":22},{"not_picked":["Prepared","Backstab"],"picked":"Cloak And Dagger","floor":28},{"not_picked":["Choke","Masterful Stab"],"picked":"Caltrops","floor":29},{"not_picked":["Deadly Poison","Underhanded Strike","Well Laid Plans"],"picked":"SKIP","floor":31},{"not_picked":["Glass Knife","Burst"],"picked":"Storm of Steel","floor":33},{"not_picked":["Expertise","Outmaneuver"],"picked":"Deflect","floor":35},{"not_picked":["Deadly Poison","Dagger Throw","Prepared"],"picked":"SKIP","floor":37},{"not_picked":["Reflex+1","Expertise"],"picked":"Accuracy+1","floor":38},{"not_picked":["Tactician","Deadly Poison","Sucker Punch"],"picked":"SKIP","floor":39}],"player_experience":845861,"relics_obtained":[{"floor":7,"key":"Tiny Chest"},{"floor":9,"key":"Shovel"},{"floor":14,"key":"Bronze Scales"},{"floor":21,"key":"Juzu Bracelet"},{"floor":26,"key":"PreservedInsect"},{"floor":29,"key":"StrikeDummy"}],"event_choices":[{"damage_healed":0,"gold_gain":0,"player_choice":"Success","damage_taken":42,"relics_obtained":["Bird Faced Urn"],"max_hp_gain":0,"max_hp_loss":0,"event_name":"Scrap Ooze","floor":5,"gold_loss":0},{"damage_healed":0,"gold_gain":0,"player_choice":"Upgraded","damage_taken":0,"max_hp_gain":0,"max_hp_loss":0,"event_name":"Upgrade Shrine","floor":10,"gold_loss":0,"cards_upgraded":["Accuracy"]},{"damage_healed":0,"gold_gain":0,"player_choice":"Got Potions","damage_taken":0,"max_hp_gain":0,"max_hp_loss":0,"event_name":"Lab","floor":24,"gold_loss":0}],"is_beta":false,"boss_relics":[{"not_picked":["Philosopher\u0027s Stone","Cursed Key"],"picked":"Tiny House"},{"not_picked":["Sozu","Fusion Hammer"],"picked":"Pandora\u0027s Box"}],"items_purged_floors":[20],"is_endless":false,"potions_floor_spawned":[1,2,4,19,22,28,33,38,39],"killed_by":"Maw","ascension_level":12}}