{"host":"kh6fvhxn285ncg0o","time":1607962881,"event":{"mods":["Act Like it!","BaseMod","Colored Map","Friendly Minions","Keyboard Shortcuts","Minty Spire (QoL Compilation)","Quick Restart","Relic Stats","StSLib","SuperFastMode"],"gold_per_floor":[12,12,32,52,63,94,94,106,106,106,181,181,207,132,132,211,211,231,251,251,251,266,266,266],"floor_reached":23,"playtime":680,"items_purged":[],"score":452,"play_id":"034ae7a2-36c9-4776-a67f-b02339896e08","local_time":"20201215012121","is_ascension_mode":true,"campfire_choices":[{"data":"Glass Knife","floor":10.0,"key":"SMITH"},{"floor":12.0,"key":"REST"},{"data":"Neutralize","floor":15.0,"key":"SMITH"}],"circlet_count":0,"master_deck":["AscendersBane","Strike_G","Strike_G","Defend_G","Defend_G","Defend_G","Defend_G","Defend_G","Survivor","Neutralize+1","Dagger Spray","Die Die Die","Predator","Glass Knife+1","Phantasmal Killer+1","Tactician+1","Backflip+1","Corpse Explosion+1","Bouncing Flask+1","Acrobatics+1","Footwork"],"relics":["Ring of the Snake","Toxic Egg 2","White Beast Statue","Ancient Tea Set","Black Star"],"acts_visited":["Exordium","TheCity"],"potions_floor_usage":[23,23],"damage_taken":[{"damage":0.0,"enemies":"Cultist","floor":1.0,"turns":3.0},{"damage":0.0,"enemies":"Jaw Worm","floor":3.0,"turns":6.0},{"damage":0.0,"enemies":"2 Louse","floor":4.0,"turns":1.0},{"damage":1.0,"enemies":"Large Slime","floor":5.0,"turns":6.0},{"damage":38.0,"enemies":"Lagavulin","floor":6.0,"turns":6.0},{"damage":0.0,"enemies":"3 Louse","floor":8.0,"turns":2.0},{"damage":0.0,"enemies":"Gremlin Nob","floor":13.0,"turns":2.0},{"damage":19.0,"enemies":"The Guardian","floor":16.0,"turns":17.0},{"damage":0.0,"enemies":"3 Byrds","floor":18.0,"turns":3.0},{"damage":11.0,"enemies":"2 Thieves","floor":19.0,"turns":2.0},{"damage":0.0,"enemies":"Snecko","floor":22.0,"turns":3.0},{"damage":57,"enemies":"Gremlin Leader","floor":23,"turns":5}],"seed_played":"-9012874650128878865","potions_obtained":[{"floor":3.0,"key":"EssenceOfSteel"},{"floor":4.0,"key":"PowerPotion"},{"floor":8.0,"key":"FearPotion"},{"floor":13.0,"key":"ColorlessPotion"},{"floor":16.0,"key":"Explosive Potion"},{"floor":18.0,"key":"BlessingOfTheForge"},{"floor":19.0,"key":"PowerPotion"},{"floor":22.0,"key":"Regen Potion"}],"is_trial":false,"path_per_floor":["M","T","M","M","M","E","?","M","T","R","?","R","E","?","R","B",null,"M","M","?","?","M","E"],"character_chosen":"THE_SILENT","items_purchased":[],"campfire_rested":1,"item_purchase_floors":[],"current_hp_per_floor":[59,59,59,59,58,20,20,20,20,20,9,28,28,28,28,9,52,52,41,41,41,41,0,0],"gold":266,"neow_bonus":"TRANSFORM_TWO_CARDS","is_daily":false,"chose_seed":false,"campfire_upgraded":2,"win_rate":0.0,"timestamp":1607962881,"path_taken":["M","?","M","?","M","E","?","M","T","R","?","R","E","?","R","BOSS","M","M","?","?","M","E"],"items_purchased_type":[],"build_version":"2020-12-13","purchased_purges":0,"victory":false,"max_hp_per_floor":[66,66,66,66,66,66,66,66,66,66,66,66,66,66,66,66,66,66,66,66,66,66,66,66],"relic_stats":{"counters":[12,56],"Black Star":0,"obtain_stats":[{"Black Star":17,"Toxic Egg 2":6,"Ancient Tea Set":13,"White Beast Statue":9,"Ring of the Snake":0},{"Black Star":8,"Toxic Egg 2":5,"Ancient Tea Set":7,"White Beast Statue":6,"Ring of the Snake":0},{"Black Star":43,"Toxic Egg 2":22,"Ancient Tea Set":26,"White Beast Statue":24,"Ring of the Snake":0}],"Ring of the Snake":[24]},"card_choices":[{"not_picked":["Sucker Punch","Dagger Throw","Backflip"],"picked":"SKIP","floor":1.0},{"not_picked":["Cloak And Dagger","Distraction"],"picked":"Predator","floor":3.0},{"not_picked":["Poisoned Stab","All Out Attack","Acrobatics"],"picked":"SKIP","floor":4.0},{"not_picked":["Dodge and Roll","Escape Plan"],"picked":"Glass Knife","floor":5.0},{"not_picked":["Expertise+1","Slice"],"picked":"Phantasmal Killer+1","floor":6.0},{"not_picked":["Underhanded Strike","Backflip+1"],"picked":"Tactician+1","floor":8.0},{"not_picked":["Poisoned Stab","PiercingWail+1"],"picked":"Backflip+1","floor":13.0},{"not_picked":["A Thousand Cuts","Venomology+1"],"picked":"Corpse Explosion+1","floor":16.0},{"not_picked":["Distraction+1","Poisoned Stab"],"picked":"Bouncing Flask+1","floor":18.0},{"not_picked":["Cloak And Dagger+1","Concentrate+1"],"picked":"Acrobatics+1","floor":19.0},{"not_picked":["PiercingWail+1","Acrobatics+1"],"picked":"Footwork","floor":22.0}],"player_experience":3163253,"relics_obtained":[{"floor":6.0,"key":"Toxic Egg 2"},{"floor":9.0,"key":"White Beast Statue"},{"floor":13.0,"key":"Ancient Tea Set"}],"event_choices":[{"damage_healed":0.0,"max_hp_gain":0.0,"max_hp_loss":0.0,"gold_gain":0.0,"event_name":"Shining Light","player_choice":"Ignored","floor":7.0,"gold_loss":0.0,"damage_taken":0.0},{"damage_healed":0.0,"max_hp_gain":0.0,"max_hp_loss":0.0,"gold_gain":75.0,"event_name":"World of Goop","player_choice":"Gather Gold","floor":11.0,"gold_loss":0.0,"damage_taken":11.0},{"cards_removed":["Strike_G"],"damage_healed":0.0,"max_hp_gain":0.0,"max_hp_loss":0.0,"gold_gain":0.0,"event_name":"The Cleric","player_choice":"Card Removal","floor":14.0,"gold_loss":75.0,"damage_taken":0.0},{"damage_healed":0.0,"max_hp_gain":0.0,"max_hp_loss":0.0,"gold_gain":0.0,"event_name":"Vampires","player_choice":"Ignored","floor":20.0,"gold_loss":0.0,"damage_taken":0.0},{"damage_healed":0.0,"max_hp_gain":0.0,"max_hp_loss":0.0,"gold_gain":0.0,"event_name":"Cursed Tome","player_choice":"Ignored","floor":21.0,"gold_loss":0.0,"damage_taken":0.0}],"is_beta":false,"boss_relics":[{"not_picked":["SlaversCollar","Empty Cage"],"picked":"Black Star"}],"items_purged_floors":[],"is_endless":false,"potions_floor_spawned":[3,4,8,13,16,18,19,22],"killed_by":"Gremlin Leader","ascension_level":20}}