{"host":"wwo1kwxjf4eyz37q","time":1607958794,"event":{"mods":["AchievementEnabler","BaseMod","Colored Map","Minty Spire (QoL Compilation)","Quick Restart","SuperFastMode"],"gold_per_floor":[119,135,105,122,141,141,172,182,209,209,219,394,412,73,73,173,173,184,27,41,55,55,55,88,88,135,135,152,165,165,165,165,269,269,283,183,183,58,68,68,96,96,123,171,24,24,38,52,52,52],"floor_reached":51,"playtime":3744,"items_purged":["Doubt","Strike_G","Strike_G"],"score":776,"play_id":"385f5d9e-6aec-4482-9165-16ae9d609d11","local_time":"20201215001314","is_ascension_mode":true,"campfire_choices":[{"data":"Neutralize","floor":6.0,"key":"SMITH"},{"data":"Well Laid Plans","floor":10.0,"key":"SMITH"},{"data":"Choke","floor":15.0,"key":"SMITH"},{"data":"A Thousand Cuts","floor":23.0,"key":"SMITH"},{"data":"Blade Dance","floor":25.0,"key":"SMITH"},{"data":"Tactician","floor":27.0,"key":"SMITH"},{"floor":30.0,"key":"REST"},{"floor":32.0,"key":"REST"},{"data":"Cloak And Dagger","floor":40,"key":"SMITH"},{"data":"Infinite Blades","floor":46,"key":"SMITH"},{"floor":49,"key":"REST"}],"circlet_count":0,"master_deck":["Defend_G","Defend_G","Defend_G","Survivor","Neutralize+1","Underhanded Strike","Slice","Well Laid Plans+1","Tactician+1","Backflip","Acrobatics","Blade Dance+1","Backstab","Infinite Blades+1","Choke+1","A Thousand Cuts+1","Escape Plan+1","Cloak And Dagger+1","Escape Plan+1","Tools of the Trade","Calculated Gamble+1","Infinite Blades+1","Sucker Punch+1","Cloak And Dagger+1","Deep Breath","Swift Strike","Bandage Up","Accuracy+1","Prepared+1","Infinite Blades+1"],"relics":["Ring of the Snake","Ornamental Fan","Art of War","Oddly Smooth Stone","Sozu","Happy Flower","Juzu Bracelet","Snake Skull","Astrolabe","Lantern","Potion Belt","The Specimen","Lee\u0027s Waffle"],"acts_visited":["Exordium","TheCity","TheBeyond"],"potions_floor_usage":[],"damage_taken":[{"damage":2.0,"enemies":"2 Louse","floor":1.0,"turns":3.0},{"damage":1.0,"enemies":"Cultist","floor":2.0,"turns":4.0},{"damage":3.0,"enemies":"Jaw Worm","floor":4.0,"turns":4.0},{"damage":0.0,"enemies":"3 Louse","floor":5.0,"turns":4.0},{"damage":17.0,"enemies":"3 Sentries","floor":7.0,"turns":9.0},{"damage":0.0,"enemies":"Lots of Slimes","floor":8.0,"turns":3.0},{"damage":0.0,"enemies":"2 Fungi Beasts","floor":11.0,"turns":4.0},{"damage":2.0,"enemies":"3 Louse","floor":13.0,"turns":4.0},{"damage":3.0,"enemies":"Hexaghost","floor":16.0,"turns":8.0},{"damage":1.0,"enemies":"Spheric Guardian","floor":18.0,"turns":3.0},{"damage":11.0,"enemies":"Chosen","floor":20.0,"turns":5.0},{"damage":17.0,"enemies":"Shelled Parasite and Fungi","floor":21.0,"turns":4.0},{"damage":5.0,"enemies":"Book of Stabbing","floor":24.0,"turns":4.0},{"damage":20.0,"enemies":"3 Cultists","floor":28.0,"turns":5.0},{"damage":12.0,"enemies":"Snake Plant","floor":29.0,"turns":4.0},{"damage":34.0,"enemies":"Collector","floor":33.0,"turns":9.0},{"damage":14.0,"enemies":"3 Shapes","floor":35.0,"turns":3.0},{"damage":2,"enemies":"Orb Walker","floor":39,"turns":4},{"damage":17,"enemies":"Nemesis","floor":41,"turns":5},{"damage":0,"enemies":"2 Orb Walkers","floor":44,"turns":4},{"damage":23,"enemies":"3 Darklings","floor":47,"turns":2},{"damage":14,"enemies":"Maw","floor":48,"turns":5},{"damage":56,"enemies":"Donu and Deca","floor":50,"turns":7}],"seed_played":"8869426642416667808","potions_obtained":[{"floor":1.0,"key":"Explosive Potion"},{"floor":3.0,"key":"LiquidMemories"},{"floor":3.0,"key":"AttackPotion"},{"floor":8.0,"key":"BlessingOfTheForge"},{"floor":11.0,"key":"Poison Potion"},{"floor":16.0,"key":"EssenceOfSteel"}],"is_trial":false,"path_per_floor":["M","M","?","M","M","R","E","M","T","R","M","?","M","$","R","B",null,"M","$","M","M","$","R","E","R","T","R","M","M","R","?","R","B",null,"M","$","?","$","M","R","E","?","T","?","$","R","M","M","R","B",null],"character_chosen":"THE_SILENT","items_purchased":["Oddly Smooth Stone","Infinite Blades","Choke","Happy Flower","Lee\u0027s Waffle"],"campfire_rested":3,"item_purchase_floors":[14,14,14,19,45],"current_hp_per_floor":[68,67,67,64,64,64,47,47,47,47,47,47,45,45,45,42,70,69,69,58,41,41,41,36,36,36,36,16,4,25,25,46,12,70,56,56,46,46,48,48,35,35,35,39,73,73,50,40,61,9],"gold":52,"neow_bonus":"REMOVE_CARD","is_daily":false,"chose_seed":false,"campfire_upgraded":8,"win_rate":0.0,"timestamp":1607958794,"path_taken":["M","M","?","M","M","R","E","M","T","R","?","?","M","$","R","BOSS","M","$","M","M","$","R","E","R","T","R","M","M","R","?","R","BOSS","M","?","?","$","M","R","E","?","T","?","$","R","M","M","R","BOSS"],"items_purchased_type":["Relic","Card","Card","Relic","Relic"],"build_version":"2020-12-13","purchased_purges":3,"victory":true,"max_hp_per_floor":[70,70,70,70,70,70,70,70,70,70,70,70,70,70,70,70,70,70,70,70,70,70,70,70,70,70,70,70,70,70,70,70,70,70,70,70,70,70,70,70,70,66,66,66,73,73,73,73,73,73],"card_choices":[{"not_picked":["Masterful Stab","Reflex"],"picked":"Underhanded Strike","floor":1.0},{"not_picked":["Tactician","Underhanded Strike"],"picked":"Slice","floor":2.0},{"not_picked":["Blade Dance","PiercingWail"],"picked":"Well Laid Plans","floor":4.0},{"not_picked":["Distraction","Deadly Poison"],"picked":"Tactician","floor":5.0},{"not_picked":["Underhanded Strike","Outmaneuver"],"picked":"Backflip","floor":7.0},{"not_picked":["Unload","Dagger Throw"],"picked":"Acrobatics","floor":8.0},{"not_picked":["Underhanded Strike","Predator"],"picked":"Blade Dance","floor":11.0},{"not_picked":["Sucker Punch","Blade Dance"],"picked":"Backstab","floor":13.0},{"not_picked":["Night Terror","Doppelganger"],"picked":"A Thousand Cuts","floor":16.0},{"not_picked":["Flying Knee","Underhanded Strike"],"picked":"Escape Plan+1","floor":18.0},{"not_picked":["Masterful Stab","Sucker Punch+1","Underhanded Strike"],"picked":"SKIP","floor":20.0},{"not_picked":["Calculated Gamble+1","Riddle With Holes"],"picked":"Cloak And Dagger+1","floor":21.0},{"not_picked":["Quick Slash+1","Flechettes"],"picked":"Escape Plan+1","floor":24.0},{"not_picked":["Leg Sweep","Die Die Die","Dagger Throw"],"picked":"SKIP","floor":28.0},{"not_picked":["Noxious Fumes","Masterful Stab","Deadly Poison"],"picked":"SKIP","floor":29.0},{"not_picked":["Wraith Form v2","Glass Knife"],"picked":"Tools of the Trade","floor":33.0},{"not_picked":["Cloak And Dagger","Prepared","Expertise"],"picked":"SKIP","floor":35.0},{"not_picked":["Prepared","Expertise"],"picked":"Cloak And Dagger","floor":35.0},{"not_picked":["Chrysalis","Enlightenment"],"picked":"Deep Breath","floor":37.0},{"not_picked":["Dramatic Entrance","Purity"],"picked":"Swift Strike","floor":37.0},{"not_picked":["Panacea","Impatience"],"picked":"Bandage Up","floor":37.0},{"not_picked":["Underhanded Strike+1","Flying Knee","Deflect+1"],"picked":"SKIP","floor":39},{"not_picked":["Wraith Form v2","Infinite Blades+1"],"picked":"Accuracy+1","floor":41},{"not_picked":["Sucker Punch","Backstab"],"picked":"Prepared+1","floor":44},{"not_picked":["Underhanded Strike+1","Acrobatics+1"],"picked":"Infinite Blades+1","floor":47},{"not_picked":["Bane","Riddle With Holes+1","Quick Slash"],"picked":"SKIP","floor":48}],"player_experience":126998,"relics_obtained":[{"floor":7.0,"key":"Ornamental Fan"},{"floor":9.0,"key":"Art of War"},{"floor":24.0,"key":"Juzu Bracelet"},{"floor":26.0,"key":"Snake Skull"},{"floor":41,"key":"Lantern"},{"floor":43,"key":"Potion Belt"},{"floor":44,"key":"The Specimen"}],"event_choices":[{"damage_healed":0.0,"max_hp_gain":0.0,"max_hp_loss":0.0,"gold_gain":0.0,"event_name":"The Woman in Blue","player_choice":"Bought 2 Potions","floor":3.0,"gold_loss":0.0,"damage_taken":0.0},{"damage_healed":0.0,"max_hp_gain":0.0,"max_hp_loss":0.0,"gold_gain":175.0,"event_name":"Liars Game","player_choice":"AGREE","floor":12.0,"gold_loss":0.0,"damage_taken":0.0,"cards_obtained":["Doubt"]},{"cards_removed":["Strike_G"],"damage_healed":0.0,"max_hp_gain":0.0,"max_hp_loss":0.0,"gold_gain":0.0,"event_name":"Purifier","player_choice":"Purged","floor":31.0,"gold_loss":0.0,"damage_taken":0.0},{"damage_healed":0.0,"max_hp_gain":0.0,"max_hp_loss":0.0,"gold_gain":0.0,"event_name":"SensoryStone","player_choice":"Memory 3","floor":37.0,"gold_loss":0.0,"damage_taken":10.0},{"damage_healed":0,"gold_gain":0,"player_choice":"Max HP","damage_taken":0,"max_hp_gain":0,"max_hp_loss":4,"event_name":"Winding Halls","floor":42,"gold_loss":0},{"damage_healed":0,"gold_gain":0,"player_choice":"Fight","damage_taken":0,"max_hp_gain":0,"max_hp_loss":0,"event_name":"Mysterious Sphere","floor":44,"gold_loss":0}],"is_beta":false,"boss_relics":[{"not_picked":["Velvet Choker","Cursed Key"],"picked":"Sozu"},{"not_picked":["Busted Crown","Coffee Dripper"],"picked":"Astrolabe"}],"items_purged_floors":[14,36,38],"is_endless":false,"potions_floor_spawned":[1,4,8,11,16,20,28,29,41,44],"ascension_level":4}}