{"host":"15dd7v8o90xso62x","time":1607946043,"event":{"mods":["BaseMod","Minty Spire (QoL Compilation)","Quick Restart","StSLib"],"gold_per_floor":[114,134,114,128,145,145,172,182,209,234,234,292,317,336,336,408,408,422,422,167,67,78,78,110,110,134,134,134,134,134],"floor_reached":29,"playtime":945,"items_purged":["Strike_P","Defend_P"],"score":622,"play_id":"1d1d143c-01c4-420f-81ae-c56dba6a3c6b","local_time":"20201214204043","is_ascension_mode":true,"campfire_choices":[{"data":"Eruption","floor":6.0,"key":"SMITH"},{"data":"WheelKick","floor":11.0,"key":"SMITH"},{"data":"CutThroughFate","floor":15.0,"key":"SMITH"},{"data":"MentalFortress","floor":23.0,"key":"SMITH"},{"data":"TalkToTheHand","floor":25.0,"key":"SMITH"}],"circlet_count":0,"master_deck":["AscendersBane","Strike_P","Strike_P","Strike_P","Defend_P","Defend_P","Eruption+1","Vigilance","CutThroughFate+1","WheelKick+1","PathToVictory","Conclude","TalkToTheHand+1","Prostrate+1","LessonLearned","BowlingBash","Devotion","MentalFortress+1","Purity"],"relics":["PureWater","Thread and Needle","Tiny Chest","Damaru","Incense Burner","VioletLotus","Smiling Mask","Pen Nib","Gremlin Horn"],"acts_visited":["Exordium","TheCity"],"potions_floor_usage":[29],"damage_taken":[{"damage":0.0,"enemies":"Cultist","floor":1.0,"turns":2.0},{"damage":0.0,"enemies":"Jaw Worm","floor":2.0,"turns":3.0},{"damage":8.0,"enemies":"Small Slimes","floor":4.0,"turns":4.0},{"damage":6.0,"enemies":"Exordium Thugs","floor":5.0,"turns":4.0},{"damage":2.0,"enemies":"3 Sentries","floor":7.0,"turns":3.0},{"damage":0.0,"enemies":"3 Louse","floor":8.0,"turns":2.0},{"damage":0.0,"enemies":"Gremlin Nob","floor":10.0,"turns":2.0},{"damage":0.0,"enemies":"Gremlin Nob","floor":12.0,"turns":2.0},{"damage":16.0,"enemies":"3 Sentries","floor":13.0,"turns":3.0},{"damage":0.0,"enemies":"2 Fungi Beasts","floor":14.0,"turns":2.0},{"damage":25.0,"enemies":"The Guardian","floor":16.0,"turns":8.0},{"damage":0.0,"enemies":"3 Byrds","floor":18.0,"turns":3.0},{"damage":18.0,"enemies":"Chosen","floor":22.0,"turns":7.0},{"damage":0.0,"enemies":"Gremlin Leader","floor":24.0,"turns":4.0},{"damage":15,"enemies":"Shelled Parasite and Fungi","floor":29,"turns":3}],"seed_played":"-5507128340970953556","potions_obtained":[{"floor":1.0,"key":"LiquidMemories"},{"floor":3.0,"key":"Ambrosia"},{"floor":5.0,"key":"Swift Potion"},{"floor":7.0,"key":"Dexterity Potion"},{"floor":12.0,"key":"SkillPotion"},{"floor":16.0,"key":"GamblersBrew"},{"floor":24.0,"key":"Block Potion"}],"is_trial":false,"path_per_floor":["M","M","?","M","M","R","E","M","T","E","R","?","E","M","R","B",null,"M","?","$","$","M","R","E","R","T","T","?","M"],"character_chosen":"WATCHER","items_purchased":["MentalFortress","Purity"],"campfire_rested":0,"item_purchase_floors":[20,20],"current_hp_per_floor":[61,61,61,53,47,47,45,45,45,45,45,45,29,29,29,4,52,52,52,52,52,34,34,34,34,34,34,34,19,19],"gold":134,"neow_bonus":"REMOVE_CARD","is_daily":false,"chose_seed":false,"campfire_upgraded":5,"win_rate":0.0,"timestamp":1607946043,"path_taken":["M","M","?","?","M","R","E","M","T","E","R","?","E","M","R","BOSS","M","?","?","$","M","R","E","R","T","?","?","M"],"items_purchased_type":["Card","Card"],"build_version":"2020-12-13","purchased_purges":2,"victory":false,"max_hp_per_floor":[68,68,68,68,68,68,68,68,68,68,68,68,68,68,68,68,68,68,68,68,68,68,68,68,68,68,68,68,68,68],"card_choices":[{"not_picked":["BattleHymn","Evaluate"],"picked":"CutThroughFate","floor":1.0},{"not_picked":["Wallop","Protect"],"picked":"WheelKick","floor":2.0},{"not_picked":["EmptyBody","DeceiveReality","JustLucky"],"picked":"SKIP","floor":4.0},{"not_picked":["SpiritShield","Halt"],"picked":"PathToVictory","floor":5.0},{"not_picked":["Crescendo","FlurryOfBlows","Study"],"picked":"SKIP","floor":7.0},{"not_picked":["JustLucky","FlurryOfBlows","Prostrate"],"picked":"SKIP","floor":8.0},{"not_picked":["EmptyFist","EmptyBody"],"picked":"Conclude","floor":10.0},{"not_picked":["Omniscience","FlurryOfBlows"],"picked":"TalkToTheHand","floor":12.0},{"not_picked":["EmptyBody","FollowUp"],"picked":"Prostrate","floor":13.0},{"not_picked":["Wireheading","FlyingSleeves","WreathOfFlame"],"picked":"SKIP","floor":14.0},{"not_picked":["Alpha","Judgement"],"picked":"LessonLearned","floor":16.0},{"not_picked":["Halt","PathToVictory"],"picked":"BowlingBash","floor":18.0},{"not_picked":["BowlingBash+1","ClearTheMind","CrushJoints"],"picked":"SKIP","floor":22.0},{"not_picked":["Prostrate","CutThroughFate","Weave"],"picked":"SKIP","floor":24.0}],"player_experience":903597,"relics_obtained":[{"floor":7.0,"key":"Thread and Needle"},{"floor":10.0,"key":"Tiny Chest"},{"floor":13.0,"key":"Incense Burner"},{"floor":24.0,"key":"Smiling Mask"},{"floor":26.0,"key":"Pen Nib"},{"floor":27.0,"key":"Gremlin Horn"}],"event_choices":[{"damage_healed":0.0,"max_hp_gain":0.0,"max_hp_loss":0.0,"gold_gain":0.0,"event_name":"The Woman in Blue","player_choice":"Bought 1 Potion","floor":3.0,"gold_loss":0.0,"damage_taken":0.0},{"damage_healed":0.0,"max_hp_gain":0.0,"max_hp_loss":0.0,"gold_gain":0.0,"event_name":"Dead Adventurer","player_choice":"Searched \u00272\u0027 times","floor":12.0,"gold_loss":0.0,"damage_taken":0.0,"relics_obtained":["Damaru"]},{"damage_healed":0.0,"max_hp_gain":0.0,"max_hp_loss":0.0,"gold_gain":0.0,"event_name":"Match and Keep!","player_choice":"1 cards matched","floor":19.0,"gold_loss":0.0,"damage_taken":0.0,"cards_obtained":["Devotion"]},{"damage_healed":0.0,"max_hp_gain":0.0,"max_hp_loss":0.0,"gold_gain":0.0,"event_name":"Cursed Tome","player_choice":"Ignored","floor":28.0,"gold_loss":0.0,"damage_taken":0.0}],"is_beta":false,"boss_relics":[{"not_picked":["Sozu","Philosopher\u0027s Stone"],"picked":"VioletLotus"}],"items_purged_floors":[20,21],"is_endless":false,"potions_floor_spawned":[1,5,7,12,16,24],"killed_by":"Shelled Parasite and Fungi","ascension_level":20}}