{"host":"p9t7qd83igtcp2bh","time":1607924852,"event":{"mods":["2.2 Compatiblity","AchievementEnabler","BaseMod","Colored Map","Colored Powertips","Custom Start","DeckTracker","Keyboard Shortcuts","Minty Spire (QoL Compilation)","Permanent Neow","Spicy Shops","StSLib","SuperFastMode","everything is the same but u backflip on backflip"],"gold_per_floor":[110,124,124,143,143,171,171,171,171,198,8,28,28,28,28,129,129,141,158,158,176,189,189,219,95,95,125,125,125,50,65,65,160,160,172,172,186,6,6,6,41,91,143,8,8,8,25,58,58,58,58,58,58,85,85],"floor_reached":56,"playtime":1678,"items_purged":["Strike_P","Decay","Shame"],"score":1912,"play_id":"f39cc46f-682a-4f2a-a597-c60ed0164b3c","local_time":"20201214144732","is_ascension_mode":true,"campfire_choices":[{"data":"Eruption","floor":7.0,"key":"SMITH"},{"data":"MentalFortress","floor":13.0,"key":"SMITH"},{"data":"CarveReality","floor":15,"key":"SMITH"},{"data":"Scrawl","floor":23,"key":"SMITH"},{"data":"Apotheosis","floor":29,"key":"SMITH"},{"data":"BattleHymn","floor":32,"key":"SMITH"},{"floor":40,"key":"REST"},{"data":"1","floor":45,"key":"LIFT"},{"data":"2","floor":49,"key":"LIFT"},{"data":"3","floor":52,"key":"LIFT"}],"circlet_count":0,"master_deck":["AscendersBane","Strike_P","Defend_P","Defend_P","Defend_P","Eruption+1","Vigilance","CarveReality","CarveReality+1","ClearTheMind","MentalFortress+1","Scrawl+1","EmptyFist+1","Ghostly","Ghostly","Ghostly","Ghostly","Ghostly","CrushJoints","Apotheosis+1","BattleHymn+1","Vault","InnerPeace","Tantrum","Wish"],"relics":["PureWater","Shuriken","Mercury Hourglass","TeardropLocket","Ornamental Fan","Membership Card","Cursed Key","Matryoshka","Blood Vial","Bottled Lightning","Vajra","Sozu","Pantograph","Oddly Smooth Stone","Girya","Bag of Preparation","Nunchaku","Bird Faced Urn","Anchor","TungstenRod","Happy Flower"],"acts_visited":["Exordium","TheCity","TheBeyond","TheEnding"],"potions_floor_usage":[24,33,55],"damage_taken":[{"damage":2.0,"enemies":"Jaw Worm","floor":1.0,"turns":3.0},{"damage":1.0,"enemies":"Small Slimes","floor":2.0,"turns":3.0},{"damage":0.0,"enemies":"Cultist","floor":4.0,"turns":2.0},{"damage":14.0,"enemies":"3 Sentries","floor":6.0,"turns":8.0},{"damage":18.0,"enemies":"Gremlin Nob","floor":10.0,"turns":3.0},{"damage":3.0,"enemies":"Blue Slaver","floor":12.0,"turns":3.0},{"damage":4,"enemies":"Slime Boss","floor":16,"turns":5},{"damage":13,"enemies":"2 Thieves","floor":18,"turns":2},{"damage":0,"enemies":"Spheric Guardian","floor":19,"turns":3},{"damage":0,"enemies":"Shelled Parasite and Fungi","floor":21,"turns":4},{"damage":10,"enemies":"Centurion and Healer","floor":22,"turns":6},{"damage":2,"enemies":"Slavers","floor":24,"turns":5},{"damage":11,"enemies":"Book of Stabbing","floor":27,"turns":5},{"damage":1,"enemies":"Snecko","floor":31,"turns":5},{"damage":12,"enemies":"Collector","floor":33,"turns":7},{"damage":0,"enemies":"Orb Walker","floor":35,"turns":2},{"damage":7,"enemies":"3 Shapes","floor":37,"turns":4},{"damage":13,"enemies":"Giant Head","floor":41,"turns":6},{"damage":0,"enemies":"Mind Bloom Boss Battle","floor":42,"turns":4},{"damage":0,"enemies":"Writhing Mass","floor":47,"turns":4},{"damage":0,"enemies":"Nemesis","floor":48,"turns":2},{"damage":3,"enemies":"Awakened One","floor":50,"turns":7},{"damage":0,"enemies":"Shield and Spear","floor":54,"turns":3},{"damage":0,"enemies":"The Heart","floor":55,"turns":7}],"seed_played":"6827849778211447138","potions_obtained":[{"floor":1.0,"key":"DistilledChaos"},{"floor":2.0,"key":"Block Potion"},{"floor":19,"key":"SteroidPotion"},{"floor":21,"key":"AttackPotion"},{"floor":24,"key":"ColorlessPotion"},{"floor":27,"key":"Strength Potion"}],"is_trial":false,"path_per_floor":["M","M","?","M","?","E","R","T","T","E","$","M","R","?","R","B",null,"M","M","?","M","M","R","E","$","T","E","?","R","?","M","R","B",null,"M","?","M","$","?","R","E","?","T","$","R","$","M","E","R","B",null,"R","$","E","B",null],"character_chosen":"WATCHER","items_purchased":["Membership Card","MentalFortress","Apotheosis","Pantograph","Bird Faced Urn","Anchor"],"campfire_rested":1,"item_purchase_floors":[11,11,25,38,44,44],"current_hp_per_floor":[63,62,67,67,67,53,53,53,53,35,35,32,32,32,32,28,65,52,52,38,38,28,28,26,26,26,17,17,17,17,18,18,8,31,33,33,28,28,28,36,23,36,36,36,36,36,36,36,36,33,35,35,35,36,36],"gold":85,"neow_bonus":"TRANSFORM_CARD","is_daily":false,"chose_seed":false,"campfire_upgraded":6,"win_rate":0.0,"timestamp":1607924852,"path_taken":["M","M","?","M","?","E","R","?","T","E","$","M","R","?","R","BOSS","M","M","?","M","M","R","E","$","T","E","?","R","?","M","R","BOSS","M","?","?","$","?","R","E","?","T","?","R","$","M","E","R","BOSS","R","$","E","BOSS"],"items_purchased_type":["Relic","Card","Card","Relic","Relic","Relic"],"build_version":"2020-12-13","purchased_purges":3,"victory":true,"max_hp_per_floor":[72,72,77,77,77,77,77,77,77,77,77,77,77,77,77,77,77,77,77,38,38,38,38,38,38,38,38,38,38,38,38,38,38,38,38,38,38,38,36,36,36,36,36,36,36,36,36,36,36,36,36,36,36,36,36],"card_choices":[{"not_picked":["Worship","WreathOfFlame","JustLucky"],"picked":"SKIP","floor":1.0},{"not_picked":["WindmillStrike","Worship"],"picked":"CarveReality","floor":2.0},{"not_picked":["Worship","Fasting2","ThirdEye"],"picked":"SKIP","floor":4.0},{"not_picked":["CutThroughFate","FlyingSleeves"],"picked":"ClearTheMind","floor":6.0},{"not_picked":["PathToVictory","JustLucky","Consecrate"],"picked":"SKIP","floor":10.0},{"not_picked":["BowlingBash","Worship","SashWhip"],"picked":"SKIP","floor":12.0},{"not_picked":["Ragnarok","Blasphemy"],"picked":"Scrawl","floor":16},{"not_picked":["Consecrate","Swivel"],"picked":"EmptyFist+1","floor":18},{"not_picked":["Halt","Wireheading","JustLucky"],"picked":"SKIP","floor":19},{"not_picked":["WreathOfFlame","Halt"],"picked":"CrushJoints","floor":21},{"not_picked":["JustLucky","Collect","SashWhip"],"picked":"SKIP","floor":22},{"not_picked":["CarveReality","WaveOfTheHand","ForeignInfluence"],"picked":"SKIP","floor":24},{"not_picked":["JustLucky","Protect","PathToVictory"],"picked":"SKIP","floor":27},{"not_picked":["Perseverance","EmptyBody"],"picked":"BattleHymn","floor":31},{"not_picked":["LessonLearned","Devotion"],"picked":"Vault","floor":33},{"not_picked":["Tantrum","Sanctity","TalkToTheHand+1"],"picked":"SKIP","floor":35},{"not_picked":["EmptyFist","CrushJoints+1","Vengeance+1"],"picked":"SKIP","floor":37},{"not_picked":["CarveReality+1","JustLucky"],"picked":"InnerPeace","floor":41},{"not_picked":["EmptyFist","FollowUp"],"picked":"Tantrum","floor":47},{"not_picked":["CutThroughFate+1","ThirdEye+1","Protect"],"picked":"SKIP","floor":48},{"not_picked":["ForeignInfluence","CrushJoints"],"picked":"Wish","floor":54}],"player_experience":546526,"relics_obtained":[{"floor":6.0,"key":"Shuriken"},{"floor":8.0,"key":"Mercury Hourglass"},{"floor":9.0,"key":"TeardropLocket"},{"floor":10.0,"key":"Ornamental Fan"},{"floor":24,"key":"Matryoshka"},{"floor":26,"key":"Blood Vial"},{"floor":26,"key":"Bottled Lightning"},{"floor":27,"key":"Vajra"},{"floor":41,"key":"Oddly Smooth Stone"},{"floor":42,"key":"Girya"},{"floor":43,"key":"Bag of Preparation"},{"floor":43,"key":"Nunchaku"},{"floor":48,"key":"TungstenRod"},{"floor":54,"key":"Happy Flower"}],"event_choices":[{"damage_healed":0.0,"max_hp_gain":5.0,"max_hp_loss":0.0,"gold_gain":0.0,"event_name":"Big Fish","player_choice":"Donut","floor":3.0,"gold_loss":0.0,"damage_taken":0.0},{"damage_healed":0.0,"max_hp_gain":0.0,"max_hp_loss":0.0,"gold_gain":0.0,"event_name":"Liars Game","player_choice":"Ignored","floor":5.0,"gold_loss":0.0,"damage_taken":0.0},{"cards_removed":["Strike_P"],"damage_healed":0,"gold_gain":0,"player_choice":"Forget","damage_taken":0,"max_hp_gain":0,"max_hp_loss":0,"event_name":"Living Wall","floor":14,"gold_loss":0},{"damage_healed":0,"gold_gain":0,"player_choice":"Became a Ghost","damage_taken":0,"max_hp_gain":0,"max_hp_loss":39,"event_name":"Ghosts","floor":20,"gold_loss":0,"cards_obtained":["Ghostly","Ghostly","Ghostly","Ghostly","Ghostly"]},{"damage_healed":0,"gold_gain":0,"player_choice":"Ignored","damage_taken":0,"max_hp_gain":0,"max_hp_loss":0,"event_name":"Cursed Tome","floor":28,"gold_loss":0},{"cards_removed":["Defend_P"],"damage_healed":0,"gold_gain":0,"player_choice":"Gave Gold","damage_taken":0,"max_hp_gain":0,"max_hp_loss":0,"event_name":"Beggar","floor":30,"gold_loss":75},{"damage_healed":0,"gold_gain":0,"player_choice":"Ignored","damage_taken":0,"max_hp_gain":0,"max_hp_loss":0,"event_name":"SecretPortal","floor":36,"gold_loss":0},{"damage_healed":0,"gold_gain":0,"player_choice":"Max HP","damage_taken":0,"max_hp_gain":0,"max_hp_loss":2,"event_name":"Winding Halls","floor":39,"gold_loss":0},{"damage_healed":0,"gold_gain":0,"player_choice":"Fight","damage_taken":0,"max_hp_gain":0,"max_hp_loss":0,"event_name":"MindBloom","floor":42,"gold_loss":0}],"is_beta":false,"boss_relics":[{"not_picked":["Snecko Eye","Pandora\u0027s Box"],"picked":"Cursed Key"},{"not_picked":["Astrolabe","Runic Dome"],"picked":"Sozu"}],"items_purged_floors":[25,38,44],"is_endless":false,"potions_floor_spawned":[1,2,19,21,24,27,37,42],"ascension_level":11}}