{"host":"hszimsrtxxc2k25w","time":1607982816,"event":{"mods":["AchievementEnabler","BaseMod","Colored Map","DeckTracker","Minty Spire (QoL Compilation)","Rare Cards Sparkle","SuperFastMode"],"gold_per_floor":[119,139,214,214,226,226,244,260,260,39,39,39,62,62,62,159,159,170,94,110,110,122,122,122,122],"floor_reached":24,"playtime":342,"items_purged":["Strike_P"],"score":378,"play_id":"4c492499-9509-450c-859b-441d82f152f4","local_time":"20201215065336","is_ascension_mode":true,"campfire_choices":[{"data":"Eruption","floor":6,"key":"SMITH"},{"data":"WheelKick","floor":11,"key":"SMITH"},{"data":"SandsOfTime","floor":15,"key":"SMITH"},{"floor":23,"key":"REST"}],"circlet_count":0,"master_deck":["AscendersBane","Strike_P","Defend_P","Eruption+1","Vigilance","SandsOfTime+1","WheelKick+1","EmptyFist","WindmillStrike","Vault+1","MentalFortress"],"relics":["PureWater","Mercury Hourglass","Lee\u0027s Waffle","Happy Flower","Empty Cage"],"acts_visited":["Exordium","TheCity"],"potions_floor_usage":[],"damage_taken":[{"damage":18,"enemies":"Jaw Worm","floor":1,"turns":4},{"damage":0,"enemies":"2 Louse","floor":2,"turns":3},{"damage":0,"enemies":"Small Slimes","floor":5,"turns":2},{"damage":15,"enemies":"Exordium Thugs","floor":7,"turns":3},{"damage":0,"enemies":"2 Fungi Beasts","floor":8,"turns":4},{"damage":0,"enemies":"Slime Boss","floor":16,"turns":3},{"damage":9,"enemies":"2 Thieves","floor":18,"turns":3},{"damage":4,"enemies":"Chosen","floor":20,"turns":3},{"damage":19,"enemies":"Centurion and Healer","floor":22,"turns":4},{"damage":0,"enemies":"Slavers","floor":24,"turns":2}],"seed_played":"-5768455814246985303","potions_obtained":[{"floor":1,"key":"SkillPotion"},{"floor":16,"key":"EssenceOfSteel"}],"is_trial":false,"path_per_floor":["M","M","?","?","M","R","M","M","T","$","R","?","T","?","R","B",null,"M","$","M","?","M","R","E"],"character_chosen":"WATCHER","items_purchased":["Lee\u0027s Waffle","MentalFortress"],"campfire_rested":1,"item_purchase_floors":[10,19],"current_hp_per_floor":[47,47,36,29,29,29,14,14,14,79,79,79,79,79,79,79,79,70,70,66,66,47,70,70,70],"gold":122,"neow_bonus":"REMOVE_CARD","is_daily":false,"chose_seed":false,"campfire_upgraded":3,"win_rate":0.0,"timestamp":1607982816,"path_taken":["M","M","?","?","M","R","M","M","T","$","R","?","?","?","R","BOSS","M","$","M","?","M","R","E"],"items_purchased_type":["Relic","Card"],"build_version":"2020-12-13","purchased_purges":1,"victory":false,"max_hp_per_floor":[72,72,72,72,72,72,72,72,72,79,79,79,79,79,79,79,79,79,79,79,79,79,79,79,79],"card_choices":[{"not_picked":["BowlingBash","ClearTheMind"],"picked":"SandsOfTime","floor":1},{"not_picked":["SashWhip","Worship","Nirvana"],"picked":"SKIP","floor":2},{"not_picked":["EmptyFist","Omniscience"],"picked":"WheelKick","floor":5},{"not_picked":["Evaluate","SashWhip","BattleHymn"],"picked":"SKIP","floor":7},{"not_picked":["CarveReality","ClearTheMind"],"picked":"EmptyFist","floor":8},{"not_picked":["Brilliance","Alpha"],"picked":"Vault","floor":16},{"not_picked":["JustLucky","Consecrate","CutThroughFate+1"],"picked":"SKIP","floor":18},{"not_picked":["BowlingBash","Evaluate","PathToVictory"],"picked":"SKIP","floor":20},{"not_picked":["LikeWater","SpiritShield","Worship"],"picked":"SKIP","floor":22}],"player_experience":589954,"relics_obtained":[{"floor":9,"key":"Mercury Hourglass"},{"floor":13,"key":"Happy Flower"}],"event_choices":[{"damage_healed":0,"gold_gain":75,"player_choice":"Gather Gold","damage_taken":11,"max_hp_gain":0,"max_hp_loss":0,"event_name":"World of Goop","floor":3,"gold_loss":0},{"cards_removed":["Defend_P"],"damage_healed":0,"gold_gain":0,"player_choice":"Card Removal","damage_taken":7,"max_hp_gain":0,"max_hp_loss":0,"event_name":"Golden Wing","floor":4,"gold_loss":0},{"damage_healed":0,"gold_gain":0,"player_choice":"Ignored","damage_taken":0,"max_hp_gain":0,"max_hp_loss":0,"event_name":"Liars Game","floor":12,"gold_loss":0},{"damage_healed":0,"gold_gain":0,"cards_transformed":["Defend_P"],"player_choice":"Transformed","damage_taken":0,"max_hp_gain":0,"max_hp_loss":0,"event_name":"Transmorgrifier","floor":14,"gold_loss":0,"cards_obtained":["WindmillStrike"]},{"damage_healed":0,"gold_gain":0,"player_choice":"Forge","damage_taken":0,"max_hp_gain":0,"max_hp_loss":0,"event_name":"Accursed Blacksmith","floor":21,"gold_loss":0,"cards_upgraded":["Vault"]}],"is_beta":false,"boss_relics":[{"not_picked":["Cursed Key","Tiny House"],"picked":"Empty Cage"}],"items_purged_floors":[10],"is_endless":false,"potions_floor_spawned":[1,16,18],"killed_by":"Slavers","ascension_level":12}}