{"host":"15dd7v8o90xso62x","time":1607914958,"event":{"mods":["BaseMod","Minty Spire (QoL Compilation)","Quick Restart","StSLib"],"gold_per_floor":[20,37,48,63,76,76,109,124,150,185,185,202,230,155,155,227,227,243,253,253,263,275,303,303,303],"floor_reached":24,"playtime":1271,"items_purged":[],"score":484,"play_id":"6a074dff-0d40-4bbf-86cc-a2369433b202","local_time":"20201214120238","is_ascension_mode":true,"campfire_choices":[{"floor":6.0,"key":"REST"},{"data":"LessonLearned","floor":11.0,"key":"SMITH"},{"data":"Perseverance","floor":15.0,"key":"SMITH"}],"circlet_count":0,"master_deck":["AscendersBane","Strike_P+1","Strike_P+1","Strike_P+1","Defend_P+1","Defend_P+1","Eruption+1","Vigilance+1","LessonLearned+1","Adaptation+1","CutThroughFate+1","FearNoEvil+1","Perseverance+1","DeusExMachina+1","Omniscience+1"],"relics":["PureWater","Nunchaku","Oddly Smooth Stone","Torii","Strawberry","Empty Cage","War Paint"],"acts_visited":["Exordium","TheCity"],"potions_floor_usage":[],"damage_taken":[{"damage":3.0,"enemies":"Small Slimes","floor":1.0,"turns":6.0},{"damage":7.0,"enemies":"2 Louse","floor":2.0,"turns":5.0},{"damage":6.0,"enemies":"Jaw Worm","floor":3.0,"turns":5.0},{"damage":0.0,"enemies":"Exordium Wildlife","floor":4.0,"turns":3.0},{"damage":9.0,"enemies":"Red Slaver","floor":5.0,"turns":7.0},{"damage":16.0,"enemies":"Gremlin Nob","floor":7.0,"turns":3.0},{"damage":0.0,"enemies":"2 Fungi Beasts","floor":8.0,"turns":3.0},{"damage":10.0,"enemies":"Lagavulin","floor":10.0,"turns":6.0},{"damage":0.0,"enemies":"Large Slime","floor":12.0,"turns":2.0},{"damage":15.0,"enemies":"3 Sentries","floor":13.0,"turns":11.0},{"damage":1.0,"enemies":"Hexaghost","floor":16.0,"turns":9.0},{"damage":15.0,"enemies":"2 Thieves","floor":18.0,"turns":4.0},{"damage":4.0,"enemies":"3 Byrds","floor":19.0,"turns":4.0},{"damage":10.0,"enemies":"Snake Plant","floor":21.0,"turns":4.0},{"damage":0.0,"enemies":"Centurion and Healer","floor":22.0,"turns":5.0},{"damage":39.0,"enemies":"Slavers","floor":23.0,"turns":6.0},{"damage":0,"enemies":"Cultist and Chosen","floor":24,"turns":3}],"seed_played":"7212922841960156046","potions_obtained":[{"floor":1.0,"key":"PowerPotion"},{"floor":2.0,"key":"EntropicBrew"},{"floor":4.0,"key":"FearPotion"},{"floor":7.0,"key":"Regen Potion"},{"floor":12.0,"key":"FearPotion"},{"floor":19.0,"key":"SpeedPotion"},{"floor":22.0,"key":"BottledMiracle"}],"is_trial":false,"path_per_floor":["M","M","M","M","M","R","E","M","T","E","R","M","E","?","R","B",null,"M","M","?","M","M","E","M"],"character_chosen":"WATCHER","items_purchased":[],"campfire_rested":1,"item_purchase_floors":[],"current_hp_per_floor":[58,51,45,45,36,56,40,40,40,30,30,30,37,37,37,36,65,50,46,61,51,51,12,12,12],"gold":303,"neow_bonus":"THREE_RARE_CARDS","is_daily":false,"chose_seed":false,"campfire_upgraded":2,"win_rate":0.0,"timestamp":1607914958,"path_taken":["M","M","M","M","M","R","E","M","T","E","R","M","E","?","R","BOSS","M","M","?","M","M","E","M"],"items_purchased_type":[],"build_version":"2020-12-13","purchased_purges":0,"victory":false,"max_hp_per_floor":[68,68,68,68,68,68,68,68,68,68,68,68,75,75,75,75,75,75,75,75,75,75,75,75,75],"card_choices":[{"not_picked":["Devotion","Establishment"],"picked":"LessonLearned","floor":0.0},{"not_picked":["SashWhip","EmptyBody"],"picked":"Adaptation","floor":1.0},{"not_picked":["ReachHeaven","Crescendo","BowlingBash"],"picked":"SKIP","floor":2.0},{"not_picked":["BowlingBash","PathToVictory","Protect"],"picked":"SKIP","floor":3.0},{"not_picked":["Consecrate","EmptyMind"],"picked":"CutThroughFate","floor":4.0},{"not_picked":["SandsOfTime","ThirdEye","Prostrate"],"picked":"SKIP","floor":5.0},{"not_picked":["BowlingBash","Sanctity","CutThroughFate"],"picked":"SKIP","floor":7.0},{"not_picked":["LessonLearned","Protect"],"picked":"FearNoEvil","floor":8.0},{"not_picked":["FlyingSleeves","FollowUp"],"picked":"Perseverance","floor":10.0},{"not_picked":["JustLucky","EmptyFist","CrushJoints"],"picked":"SKIP","floor":12.0},{"not_picked":["EmptyMind","Sanctity","Perseverance"],"picked":"SKIP","floor":13.0},{"not_picked":["LessonLearned","Ragnarok"],"picked":"DeusExMachina","floor":16.0},{"not_picked":["SandsOfTime","Protect","Crescendo+1"],"picked":"SKIP","floor":18.0},{"not_picked":["Swivel","SashWhip","Protect"],"picked":"SKIP","floor":19.0},{"not_picked":["FearNoEvil","ThirdEye","JustLucky+1"],"picked":"SKIP","floor":21.0},{"not_picked":["CrushJoints","ReachHeaven","Crescendo"],"picked":"SKIP","floor":22.0},{"not_picked":["EmptyBody","Crescendo"],"picked":"Omniscience","floor":23.0}],"player_experience":895020,"relics_obtained":[{"floor":7.0,"key":"Nunchaku"},{"floor":9.0,"key":"Oddly Smooth Stone"},{"floor":10.0,"key":"Torii"},{"floor":13.0,"key":"Strawberry"},{"floor":23.0,"key":"War Paint"}],"event_choices":[{"cards_removed":["Defend_P"],"damage_healed":0.0,"max_hp_gain":0.0,"max_hp_loss":0.0,"gold_gain":0.0,"event_name":"The Cleric","player_choice":"Card Removal","floor":14.0,"gold_loss":75.0,"damage_taken":0.0},{"damage_healed":15.0,"max_hp_gain":0.0,"max_hp_loss":0.0,"gold_gain":0.0,"event_name":"The Library","player_choice":"Heal","floor":20.0,"gold_loss":0.0,"damage_taken":0.0}],"is_beta":false,"boss_relics":[{"not_picked":["HolyWater","Runic Dome"],"picked":"Empty Cage"}],"items_purged_floors":[],"is_endless":false,"potions_floor_spawned":[1,2,4,7,12,19,22],"killed_by":"Cultist and Chosen","ascension_level":20}}