{"host":"exexdi9os29xec1d","time":1607957345,"event":{"mods":["Act Like it!","BaseMod","Colored Map","Conspire","Decade(王小明)","Downfall","Gensokyo","Hero for Fun","HololiveMod","Hubris","Infinite Spire","KinomotoSakuraMod(木之本樱)","Koishi","LagranYue(拉格朗・月)","Marisa（F雨　魔理沙）","Minty Spire (QoL Compilation)","READ ME - Guardian Mod","Remilia（蕾米莉亚）","Replay The Spire","Shop Mod","StSLib","The Animator","The Bladedancer","The Bug Knight","The Cursed","The Disciple","The Hierophant","The Necromancer","The Servant 0.9.4","Youmu（魂魄妖梦）","[地精首领爬塔]The Maniac"],"gold_per_floor":[119,130,141,141,215,215,215],"floor_reached":6,"playtime":220,"items_purged":[],"score":36,"play_id":"b58fa907-c3a4-4cfb-bf1a-413a17532692","local_time":"20201214224905","is_ascension_mode":false,"campfire_choices":[],"circlet_count":0,"master_deck":["LagranYue:BaseAttackCard","LagranYue:BaseAttackCard","LagranYue:BaseAttackCard","LagranYue:BaseDefendCard","LagranYue:BaseDefendCard","LagranYue:BaseDefendCard","LagranYue:AttackTopazCard","LagranYue:SkillBrokenSwordCard","LagranYue:BaseAttackCard","LagranYue:BaseDefendCard","LagranYue:RubyDefendCard","LagranYue:SkillBlazingSevenRingsCard","LagranYue:FantasyCard","LagranYue:SkillCocoonEvolutionCard","LagranYue:SkillIncompleteArchCard"],"relics":["LagranYue:ArmsProficiencyRelics","LagranYue:RandomDrawCardRelic","NeowsBlessing","Dream Catcher"],"acts_visited":["Exordium"],"potions_floor_usage":[],"damage_taken":[{"damage":0,"enemies":"2 Louse","floor":1,"turns":1},{"damage":0,"enemies":"Small Slimes","floor":2,"turns":1},{"damage":0,"enemies":"Jaw Worm","floor":3,"turns":1},{"damage":61,"enemies":"Lagavulin","floor":6,"turns":11}],"seed_played":"-8522329505829236850","potions_obtained":[{"floor":1,"key":"Energy Potion"},{"floor":2,"key":"hexamod:EctoCoolerPotion"},{"floor":3,"key":"Fire Potion"}],"is_trial":false,"path_per_floor":["M","M","M","?","?","E"],"character_chosen":"LagranYueCharacter","items_purchased":[],"campfire_rested":0,"item_purchase_floors":[],"current_hp_per_floor":[75,75,75,75,57,0,0],"gold":215,"neow_bonus":"THREE_ENEMY_KILL","is_daily":false,"chose_seed":false,"campfire_upgraded":0,"win_rate":0.0,"timestamp":1607957345,"path_taken":["M","M","M","?","?","E"],"items_purchased_type":[],"build_version":"2020-12-13","purchased_purges":0,"victory":false,"max_hp_per_floor":[75,75,75,75,75,75,75],"card_choices":[{"not_picked":["LagranYue:EatTigerCard","LagranYue:AttackEngravingRoseCard"],"picked":"LagranYue:RubyDefendCard","floor":1},{"not_picked":["LagranYue:SkillBrokenShieldCard","LagranYue:SkillFalseAerialAceCard"],"picked":"LagranYue:SkillBlazingSevenRingsCard","floor":2},{"not_picked":["LagranYue:SkillDeadlyBloomCard","LagranYue:AttackFaithCard"],"picked":"LagranYue:FantasyCard","floor":3},{"not_picked":["LagranYue:AttackMagicStarsCard","LagranYue:ForgingCard"],"picked":"LagranYue:SkillCocoonEvolutionCard","floor":5},{"not_picked":["LagranYue:AttackEngravingRoseCard","LagranYue:AttackFlintCard"],"picked":"LagranYue:SkillIncompleteArchCard","floor":5}],"player_experience":53773,"relics_obtained":[{"floor":5,"key":"Dream Catcher"}],"event_choices":[{"damage_healed":0,"gold_gain":0,"player_choice":"Leave","damage_taken":0,"max_hp_gain":0,"max_hp_loss":0,"event_name":"The Cleric","floor":4,"gold_loss":0}],"is_beta":false,"boss_relics":[],"items_purged_floors":[],"is_endless":false,"potions_floor_spawned":[1,2,3],"killed_by":"Lagavulin","ascension_level":0}}