{"host":"c2vrdknshfutmcsq","time":1607982563,"event":{"mods":["BaseMod","Minty Spire (QoL Compilation)"],"gold_per_floor":[117,137,150,162,162,193,210,210,233,264,264,298,298,315,315,418,418,429,429,2,2,17,17,17],"floor_reached":23,"playtime":1965,"items_purged":[],"score":338,"play_id":"f04a02f1-84b3-423e-91d2-fabfcb8c704c","local_time":"20201214224923","is_ascension_mode":true,"campfire_choices":[{"data":"Dualcast","floor":8,"key":"SMITH"},{"floor":15,"key":"REST"}],"circlet_count":0,"master_deck":["AscendersBane","Strike_B","Strike_B","Strike_B","Strike_B","Defend_B+1","Defend_B","Defend_B+1","Zap+1","Dualcast+1","Undo","Rebound","Redo","Go for the Eyes","Compile Driver","Rip and Tear","Darkness","Fission","Stack","Rebound","Thunder Strike","Conserve Battery","Lockon","Melter","Self Repair","White Noise","Capacitor"],"relics":["Cracked Core","NeowsBlessing","Letter Opener","Juzu Bracelet","Smiling Mask","Dream Catcher","War Paint","Fusion Hammer","StrikeDummy"],"acts_visited":["Exordium","TheCity"],"potions_floor_usage":[12,16,16],"damage_taken":[{"damage":0,"enemies":"2 Louse","floor":1,"turns":1},{"damage":0,"enemies":"Cultist","floor":2,"turns":1},{"damage":0,"enemies":"Small Slimes","floor":3,"turns":1},{"damage":0,"enemies":"Blue Slaver","floor":4,"turns":5},{"damage":31,"enemies":"Gremlin Nob","floor":6,"turns":5},{"damage":4,"enemies":"Exordium Thugs","floor":7,"turns":5},{"damage":17,"enemies":"3 Sentries","floor":10,"turns":6},{"damage":5,"enemies":"Gremlin Nob","floor":12,"turns":3},{"damage":0,"enemies":"3 Louse","floor":14,"turns":2},{"damage":27,"enemies":"Hexaghost","floor":16,"turns":10},{"damage":20,"enemies":"3 Byrds","floor":18,"turns":5},{"damage":12,"enemies":"Chosen","floor":22,"turns":3},{"damage":27,"enemies":"Slavers","floor":23,"turns":3}],"seed_played":"-2153903907920250314","potions_obtained":[{"floor":1,"key":"Fire Potion"},{"floor":2,"key":"BlessingOfTheForge"},{"floor":12,"key":"AttackPotion"},{"floor":19,"key":"CultistPotion"},{"floor":19,"key":"FairyPotion"}],"is_trial":false,"path_per_floor":["M","M","M","M","?","E","M","R","T","E","?","E","?","M","R","B",null,"M","?","$","?","M","E"],"character_chosen":"DEFECT","items_purchased":["StrikeDummy","Lockon","Melter","Self Repair"],"campfire_rested":1,"item_purchase_floors":[20,20,20,20],"current_hp_per_floor":[68,68,68,68,68,37,33,33,33,16,16,11,11,11,33,6,58,38,38,38,38,33,6,6],"gold":17,"neow_bonus":"THREE_ENEMY_KILL","is_daily":false,"chose_seed":false,"campfire_upgraded":1,"win_rate":0.0,"timestamp":1607982563,"path_taken":["M","M","M","M","?","E","M","R","T","E","?","E","?","M","R","BOSS","M","?","?","?","M","E"],"items_purchased_type":["Relic","Card","Card","Card"],"build_version":"2020-12-13","purchased_purges":0,"victory":false,"max_hp_per_floor":[75,75,75,75,75,75,75,75,75,75,75,75,75,75,75,75,75,75,75,75,75,75,75,75],"card_choices":[{"not_picked":["Redo","Compile Driver"],"picked":"Undo","floor":1},{"not_picked":["Heatsinks","Steam"],"picked":"Rebound","floor":2},{"not_picked":["Cold Snap","Steam"],"picked":"Redo","floor":3},{"not_picked":["Coolheaded","Redo"],"picked":"Go for the Eyes","floor":4},{"not_picked":["Gash","Barrage"],"picked":"Compile Driver","floor":6},{"not_picked":["Coolheaded","Consume"],"picked":"Rip and Tear","floor":7},{"not_picked":["Rebound","Gash"],"picked":"Darkness","floor":10},{"not_picked":["Rebound","Compile Driver"],"picked":"Fission","floor":12},{"not_picked":["Reprogram","Leap"],"picked":"Stack","floor":14},{"not_picked":["Cold Snap","Gash"],"picked":"Rebound","floor":15},{"not_picked":["Fission","Electrodynamics"],"picked":"Thunder Strike","floor":16},{"not_picked":["Turbo","Rebound"],"picked":"Conserve Battery","floor":18},{"not_picked":["Leap+1","Streamline"],"picked":"Capacitor","floor":22}],"player_experience":1127450,"relics_obtained":[{"floor":6,"key":"Letter Opener"},{"floor":9,"key":"Juzu Bracelet"},{"floor":10,"key":"Smiling Mask"},{"floor":12,"key":"War Paint"}],"event_choices":[{"damage_healed":0,"gold_gain":0,"player_choice":"Upgraded","damage_taken":0,"max_hp_gain":0,"max_hp_loss":0,"event_name":"Upgrade Shrine","floor":5,"gold_loss":0,"cards_upgraded":["Zap"]},{"damage_healed":0,"gold_gain":0,"player_choice":"Searched \u00271\u0027 times","damage_taken":0,"relics_obtained":["Dream Catcher"],"max_hp_gain":0,"max_hp_loss":0,"event_name":"Dead Adventurer","floor":11,"gold_loss":0},{"damage_healed":0,"gold_gain":0,"player_choice":"Ignored","damage_taken":0,"max_hp_gain":0,"max_hp_loss":0,"event_name":"Shining Light","floor":13,"gold_loss":0},{"damage_healed":0,"gold_gain":0,"player_choice":"Got Potions","damage_taken":0,"max_hp_gain":0,"max_hp_loss":0,"event_name":"Lab","floor":19,"gold_loss":0},{"damage_healed":0,"gold_gain":0,"cards_transformed":["Defend_B"],"player_choice":"Transformed","damage_taken":0,"max_hp_gain":0,"max_hp_loss":0,"event_name":"Transmorgrifier","floor":21,"gold_loss":0,"cards_obtained":["White Noise"]}],"is_beta":false,"boss_relics":[{"not_picked":["Runic Pyramid","SacredBark"],"picked":"Fusion Hammer"}],"items_purged_floors":[],"is_endless":false,"potions_floor_spawned":[1,2,10,12,22],"killed_by":"Slavers","ascension_level":12}}