{"host":"o3b7ow6d1xe49css","time":1607944692,"event":{"mods":["2.2 Compatiblity","Act Like it!","Aspiration","BaseMod","Bestiary","Better Altar","Better Match","Better Note","Better Sensory Stone","Better Skull","Better Third Choice","Colored Powertips","Conspire","Downfall","Elementarium","Energized Spire","GifTheSpireLib","Halation","Hermit","Hubris","Infinite Spire","Minty Spire (QoL Compilation)","Quick Restart","Replay The Spire","Spicy Shops","Spikes Relics","StSLib","Stuff the Spire","The Blue Laboratory","The Jungle","Wandering Minibosses","vexMod"],"gold_per_floor":[99,113,133,146,162,189,216,216,216,246,246,246,246,279,279,379,379,398,410,70,80,80,107,139,166,166,193,193,226,226,253,253,374,374,410,450,450,450,450,513,572,105,128,164,164,207,107,143,143,143],"floor_reached":51,"playtime":1446,"items_purged":["Strike_R","Strike_R","Strike_R"],"score":1854,"play_id":"25cbe969-76ca-447b-9d1e-0868639d416d","local_time":"20201214021812","daily_mods":["Heirloom","Flight"],"is_ascension_mode":true,"campfire_choices":[{"data":"Whirlwind","floor":8,"key":"SMITH"},{"data":"Hemokinesis","floor":11,"key":"SMITH"},{"data":"Bash","floor":12,"key":"SMITH"},{"data":"hubris:StunningStrike","floor":13,"key":"SMITH"},{"data":"Cleave","floor":15,"key":"SMITH"},{"data":"conspire:HitWhereItHurts","floor":28,"key":"SMITH"},{"data":"StuffTheSpire:Slingshot","floor":30,"key":"SMITH"},{"data":"ReplayTheSpireMod:Muscle Training","floor":32,"key":"SMITH"},{"data":"Thunderclap","floor":45,"key":"SMITH"},{"data":"Pommel Strike","floor":49,"key":"SMITH"}],"circlet_count":0,"master_deck":["Strike_R","Defend_R","Defend_R","Defend_R","Defend_R","Bash+1","ReplayTheSpireMod:LeadingStrike+1","Hemokinesis+1","Pommel Strike+1","Thunderclap+1","hubris:StunningStrike+1","Burning Pact+1","Cleave+1","conspire:HitWhereItHurts+1","ReplayTheSpireMod:Muscle Training+1","Reaper+1","Shrug It Off","StuffTheSpire:Slingshot+1","Glacier+1","Battle Trance+1","conspire:HitWhereItHurts+1","Whirlwind+1","StuffTheSpire:Slingshot+1"],"relics":["Burning Blood","Ring of Chaos","hubris:Icosahedron","StoneCalendar","Chameleon Ring","hubris:SphereOfDissonance","Pantograph","Replay:Bottled Flurry","halation:Toothbrush","aspiration:DefectSkillbook","wanderingMiniBosses:Inkheart","Bag of Marbles","vexMod:InvisibilityCloak","hubris:TinFlute","infinitespire:Magic Flask","hubris:BottledRain","hubris:64BitClover","Replay:Accelerometer","ReplayTheSpireMod:Spearhead","infinitespire:EvilPickle","hubris:Backtick","StuffTheSpire:ForceGauntlet","hubris:Potato","halation:EternalFortune","StuffTheSpire:CocoNut","Replay:Rubber Ducky","StuffTheSpire:Mouthbags","Guide Book","Red Skull","vexMod:FocusSash","halation:Trompette","StuffTheSpire:Barrel"],"acts_visited":["Exordium","TheCity","TheBeyond"],"potions_floor_usage":[6,23,29,31,33,50],"damage_taken":[{"damage":1,"enemies":"Small Slimes","floor":2,"turns":3},{"damage":2,"enemies":"Jaw Worm","floor":3,"turns":1},{"damage":3,"enemies":"2 Louse","floor":4,"turns":2},{"damage":19,"enemies":"Exordium Thugs","floor":5,"turns":6},{"damage":11,"enemies":"Lagavulin","floor":6,"turns":4},{"damage":2,"enemies":"Gremlin Nob","floor":7,"turns":2},{"damage":16,"enemies":"3 Sentries","floor":10,"turns":5},{"damage":2,"enemies":"Lagavulin","floor":14,"turns":3},{"damage":29,"enemies":"Fading Forest","floor":16,"turns":11},{"damage":7,"enemies":"Chosen","floor":18,"turns":3},{"damage":3,"enemies":"3 Byrds","floor":19,"turns":5},{"damage":12,"enemies":"conspire:HollyBat","floor":21,"turns":5},{"damage":3,"enemies":"conspire:Head Lice","floor":23,"turns":2},{"damage":2,"enemies":"conspire:SneckoGhost","floor":24,"turns":2},{"damage":10,"enemies":"Replay:Snechameleon","floor":25,"turns":3},{"damage":1,"enemies":"conspire:Head Lice","floor":27,"turns":3},{"damage":0,"enemies":"Replay:Snechameleon","floor":29,"turns":2},{"damage":3,"enemies":"Nightmare","floor":31,"turns":4},{"damage":10,"enemies":"Pondfish","floor":33,"turns":4},{"damage":4,"enemies":"3 Darklings","floor":35,"turns":3},{"damage":0,"enemies":"Orb Walker","floor":36,"turns":2},{"damage":0,"enemies":"R_Hoarder","floor":40,"turns":3},{"damage":0,"enemies":"Giant Head","floor":41,"turns":1},{"damage":0,"enemies":"Nemesis","floor":44,"turns":1},{"damage":0,"enemies":"R_Hoarder","floor":46,"turns":2},{"damage":0,"enemies":"Nightmare","floor":48,"turns":3},{"damage":30,"enemies":"Donu and Deca","floor":50,"turns":3}],"seed_played":"7532687571463689601","potions_obtained":[{"floor":2,"key":"blueLaboratory:PhilterOfMotion"},{"floor":3,"key":"SpeedPotion"},{"floor":4,"key":"blueLaboratory:ForbiddenFruitJuice"},{"floor":18,"key":"Milkshake"},{"floor":19,"key":"blueLaboratory:FruitPunch"},{"floor":24,"key":"FearPotion"},{"floor":25,"key":"BlessingOfTheForge"},{"floor":31,"key":"ColorlessPotion"},{"floor":36,"key":"blueLaboratory:ConflagurationPotion"},{"floor":44,"key":"blueLaboratory:LouseDecoction"}],"is_trial":true,"path_per_floor":["?","M","M","M","M","E","E","R","T","E","R","R","R","E","R","B",null,"M","M","$","M","?","E","E","E","T","E","R","E","R","NM","R","B",null,"M","M","?","AVR","?","E","E","$","T","E","R","E","$","NM","R","B",null],"character_chosen":"IRONCLAD","items_purchased":["Bag of Marbles","Reaper","Shrug It Off","conspire:HitWhereItHurts+1","StuffTheSpire:Mouthbags","Guide Book"],"campfire_rested":0,"item_purchase_floors":[20,20,20,42,42,42],"current_hp_per_floor":[80,80,80,80,67,62,66,66,66,56,56,56,56,60,60,57,74,73,76,76,70,80,83,83,79,79,83,83,83,83,83,83,82,83,83,83,83,86,89,96,96,102,102,102,102,102,105,105,105,81],"gold":143,"neow_bonus":"","is_daily":false,"chose_seed":false,"campfire_upgraded":10,"win_rate":0.0,"timestamp":1607944692,"path_taken":["?","M","M","M","M","E","E","R","T","E","R","R","R","E","R","BOSS","M","M","$","M","?","E","E","E","T","E","R","E","R","NM","R","BOSS","M","M","?","AVR","?","E","E","$","T","E","R","E","$","NM","R","BOSS"],"items_purchased_type":["Relic","Card","Card","Card","Relic","Relic"],"build_version":"2020-12-13","purchased_purges":3,"victory":true,"max_hp_per_floor":[80,80,80,80,80,80,80,80,80,80,80,80,80,80,80,80,80,80,80,80,80,80,83,83,83,83,83,83,83,83,83,83,83,83,83,83,83,86,89,96,96,102,102,102,102,102,105,105,105,105],"card_choices":[{"not_picked":["Warcry","Thunderclap"],"picked":"Hemokinesis","floor":2},{"not_picked":["Carnage","Hemokinesis"],"picked":"Pommel Strike","floor":3},{"not_picked":["Body Slam","Clothesline"],"picked":"Thunderclap","floor":4},{"not_picked":["hubris:SharpeningStone","Cleave"],"picked":"Whirlwind","floor":5},{"not_picked":["StuffTheSpire:Slingshot","Havoc","Rage"],"picked":"SKIP","floor":6},{"not_picked":["Flex","Iron Wave"],"picked":"hubris:StunningStrike","floor":7},{"not_picked":["Rampage","Headbutt"],"picked":"Burning Pact","floor":10},{"not_picked":["Wild Strike","Thunderclap"],"picked":"Cleave","floor":14},{"not_picked":["Brutality","Limit Break"],"picked":"conspire:HitWhereItHurts","floor":16},{"not_picked":["Cold Snap","Rampage+1","ReplayTheSpireMod:System Scan"],"picked":"ReplayTheSpireMod:Muscle Training","floor":18},{"not_picked":["StuffTheSpire:Pyroclast","Panic Button","Sweeping Beam","Turbo"],"picked":"SKIP","floor":19},{"not_picked":["Body Slam","Sweeping Beam","Armaments","Headbutt"],"picked":"SKIP","floor":21},{"not_picked":["StuffTheSpire:LoadUp","Carnage+1","Redo"],"picked":"StuffTheSpire:Slingshot","floor":23},{"not_picked":["Armaments+1","Go for the Eyes","Sweeping Beam+1","Eclipse"],"picked":"SKIP","floor":24},{"not_picked":["StuffTheSpire:LoadUp","Anger","Reaper","Panic Button"],"picked":"SKIP","floor":25},{"not_picked":["ReplayTheSpireMod:System Scan","Armaments+1","Ball Lightning","Reinforced Body"],"picked":"SKIP","floor":27},{"not_picked":["Seeing Red","Combust+1","Rebound"],"picked":"Glacier+1","floor":29},{"not_picked":["Lockon+1","Chaos","Perfected Strike","Leap"],"picked":"SKIP","floor":31},{"not_picked":["Blizzard+1","Rebound","Thunderclap","Stack+1"],"picked":"SKIP","floor":35},{"not_picked":["StuffTheSpire:LoadUp+1","Wild Strike","Run Through","Clash"],"picked":"SKIP","floor":36},{"not_picked":["Iron Wave","Reprogram+1","Juggernaut"],"picked":"Battle Trance","floor":40},{"not_picked":["StuffTheSpire:Coldhearted","True Grit+1","Streamline+1","Storm+1"],"picked":"SKIP","floor":41},{"not_picked":["Turbo","Streamline+1","Headbutt","hubris:ReadiedAction"],"picked":"SKIP","floor":44},{"not_picked":["Auto Shields+1","Consume","infinitespire:OneForAll","Force Field+1"],"picked":"SKIP","floor":46},{"not_picked":["BootSequence","aspiration:Polymerization","Sword Boomerang"],"picked":"StuffTheSpire:Slingshot+1","floor":48}],"player_experience":1701508,"relics_obtained":[{"floor":6,"key":"Chameleon Ring"},{"floor":7,"key":"hubris:SphereOfDissonance"},{"floor":9,"key":"Pantograph"},{"floor":10,"key":"Replay:Bottled Flurry"},{"floor":14,"key":"halation:Toothbrush"},{"floor":19,"key":"wanderingMiniBosses:Inkheart"},{"floor":23,"key":"vexMod:InvisibilityCloak"},{"floor":24,"key":"hubris:TinFlute"},{"floor":25,"key":"infinitespire:Magic Flask"},{"floor":26,"key":"hubris:BottledRain"},{"floor":27,"key":"hubris:64BitClover"},{"floor":29,"key":"Replay:Accelerometer"},{"floor":31,"key":"ReplayTheSpireMod:Spearhead"},{"floor":40,"key":"StuffTheSpire:CocoNut"},{"floor":41,"key":"Replay:Rubber Ducky"},{"floor":43,"key":"Red Skull"},{"floor":44,"key":"vexMod:FocusSash"},{"floor":46,"key":"halation:Trompette"},{"floor":48,"key":"StuffTheSpire:Barrel"}],"event_choices":[{"damage_healed":10,"gold_gain":0,"player_choice":"Full Heal","damage_taken":0,"max_hp_gain":0,"max_hp_loss":0,"event_name":"Wheel of Change","floor":22,"gold_loss":0}],"is_beta":false,"boss_relics":[{"not_picked":["hubris:Stopwatch","Painkiller Herb"],"picked":"aspiration:DefectSkillbook"},{"not_picked":["ReplayTheSpireMod:DimensionalGlitch","energizedSpire:TabascoSauce"],"picked":"hubris:Backtick"}],"items_purged_floors":[38,42,47],"is_endless":false,"potions_floor_spawned":[2,3,4,18,19,24,25,31,36,40,44],"ascension_level":5}}