{"host":"mvw7i28zi3kj0eu9","time":1607948093,"event":{"mods":["AchievementEnabler","BaseMod","Better Third Choice","BetterRewards","Block Reminder","Conspire","Custom Start","Downfall","Energized Spire","Halation","Hermit","Hubris","Infinite Spire","Jorbs\u0027s Wanderer Trilogy","Minty Spire (QoL Compilation)","Replay The Spire","Shop Mod","Small Relic Pack","Spikes Relics","StSLib","The Blue Laboratory","The Necromancer","The Servant 0.9.4","Virulent Crown"],"gold_per_floor":[119,132,143,143,160,5,35,45,71,71,91,104,116,128,128,224,224,237,237,247,247,258,258,276,276,301,301,289,299,311,331,331,433,433,443,443,443,457,382,382,417,430,430,441,471,490,490,510,510,510,510,510,1,36,36,36],"floor_reached":55,"playtime":1514,"items_purged":["Defend_R","Defend_R","Strike_R","Defend_R","Strike_R","Strike_R","Strike_R+1"],"score":1039,"play_id":"a0b35952-e767-4547-9931-545c259231eb","local_time":"20201214131453","is_ascension_mode":false,"campfire_choices":[{"data":"Bash","floor":10,"key":"SMITH"},{"data":"Flex","floor":15,"key":"SMITH"},{"data":"Pummel","floor":23,"key":"SMITH"},{"data":"Limit Break","floor":27,"key":"SMITH"},{"data":"Strike_R","floor":32,"key":"SMITH"},{"data":"Pummel+1","floor":40,"key":"SMITH"},{"floor":47,"key":"RECALL"},{"data":"Flex+1","floor":49,"key":"SMITH"},{"data":"Flex+2","floor":52,"key":"SMITH"}],"circlet_count":0,"master_deck":["Strike_R+1","Defend_R+1","Bash+1","Shrug It Off+1","Entrench+1","Pummel+2","Flex+3","Limit Break+1","Pummel+1","Flame Barrier+1","Flex","Sword Boomerang","Heavy Blade"],"relics":["Burning Blood","ClockworkSouvenir","Anchor","LugNut","hubris:DeadTorch","conspire:DeflatedDodgeball","Membership Card","Omamori","Boot","The Courier","BlackRope","Black Star","hubris:Towel","Orichalcum","MerchantsRug","conspire:SpecialSausage","hubris:Backtick","conspire:InfiniteJournal","Singing Bowl","MealTicket","conspire:TopHat","infinitespire:Broken Mirror","Shuriken","hubris:MysteriousPyramids","Happy Flower","Kunai","ReplayTheSpireMod:Ninjato","Nunchaku","infinitespire:Joker Card"],"acts_visited":["Exordium","TheCity","TheBeyond","TheEnding"],"potions_floor_usage":[7,7,8,16,16],"damage_taken":[{"damage":1,"enemies":"Cultist","floor":1,"turns":4},{"damage":1,"enemies":"Jaw Worm","floor":2,"turns":3},{"damage":5,"enemies":"2 Louse","floor":3,"turns":3},{"damage":0,"enemies":"conspire:2 RoseBushes","floor":5,"turns":6},{"damage":32,"enemies":"Lagavulin","floor":7,"turns":6},{"damage":0,"enemies":"2 Fungi Beasts","floor":8,"turns":3},{"damage":0,"enemies":"Red Slaver","floor":11,"turns":3},{"damage":12,"enemies":"Blue Slaver","floor":12,"turns":3},{"damage":0,"enemies":"3 Louse","floor":13,"turns":5},{"damage":0,"enemies":"Large Slime","floor":14,"turns":2},{"damage":6,"enemies":"Fading Forest","floor":16,"turns":11},{"damage":0,"enemies":"Spheric Guardian","floor":18,"turns":2},{"damage":2,"enemies":"2 Thieves","floor":20,"turns":4},{"damage":8,"enemies":"Snecko","floor":22,"turns":3},{"damage":16,"enemies":"conspire:HollyBat","floor":24,"turns":5},{"damage":0,"enemies":"Shelled Parasite and Fungi","floor":29,"turns":3},{"damage":0,"enemies":"Cultist and Chosen","floor":30,"turns":2},{"damage":0,"enemies":"Snake Plant","floor":31,"turns":2},{"damage":13,"enemies":"conspire:MysteriousRune","floor":33,"turns":5},{"damage":13,"enemies":"3 Darklings","floor":35,"turns":4},{"damage":11,"enemies":"3 Shapes","floor":38,"turns":6},{"damage":49,"enemies":"Nemesis","floor":41,"turns":5},{"damage":0,"enemies":"Jaw Worm Horde","floor":42,"turns":3},{"damage":2,"enemies":"Transient","floor":44,"turns":5},{"damage":0,"enemies":"Reptomancer","floor":45,"turns":2},{"damage":2,"enemies":"Sphere and 2 Shapes","floor":46,"turns":5},{"damage":0,"enemies":"Jaw Worm Horde","floor":48,"turns":3},{"damage":41,"enemies":"Donu and Deca","floor":50,"turns":8},{"damage":58,"enemies":"Shield and Spear","floor":54,"turns":6},{"damage":96,"enemies":"The Heart","floor":55,"turns":5}],"seed_played":"-5517281395025020609","potions_obtained":[{"floor":1,"key":"Dexterity Potion"},{"floor":2,"key":"Explosive Potion"},{"floor":7,"key":"blueLaboratory:IronCompound"},{"floor":13,"key":"PowerPotion"},{"floor":20,"key":"blueLaboratory:BottleOfVodka"},{"floor":22,"key":"blueLaboratory:HorrorPotion"},{"floor":33,"key":"Explosive Potion"},{"floor":45,"key":"Energy Potion"}],"is_trial":false,"path_per_floor":["M","M","M","?","M","$","E","M","T","R","M","M","M","M","R","B",null,"M","AVR","M","?","M","R","M","?","T","R","$","M","M","M","R","B",null,"M","?","AVR","M","$","R","E","M","T","M","E","M","R","M","R","B",null,"R","$","E","B"],"character_chosen":"IRONCLAD","items_purchased":["Shrug It Off","War Paint","ClockworkSouvenir","Anchor","LugNut","Dead Branch","conspire:DeflatedDodgeball","blueLaboratory:FruitPunch","Membership Card","MerchantsRug","Flex","hubris:MysteriousPyramids","Happy Flower","Kunai","ReplayTheSpireMod:Ninjato","Sword Boomerang","Heavy Blade"],"campfire_rested":0,"item_purchase_floors":[0,0,0,0,0,0,0,0,6,28,53,53,53,53,53,53,53],"current_hp_per_floor":[80,80,80,80,80,80,56,62,62,62,68,63,70,77,77,78,86,87,87,89,89,89,89,84,84,84,84,84,92,100,102,102,97,104,99,99,99,96,96,96,57,67,67,75,85,95,95,105,105,76,140,140,140,92,0,0],"gold":36,"neow_bonus":"","is_daily":false,"chose_seed":false,"campfire_upgraded":8,"win_rate":0.0,"timestamp":1607948093,"path_taken":["M","?","M","?","?","$","E","M","T","R","M","M","M","M","R","BOSS","M","AVR","M","?","M","R","M","?","T","R","$","M","M","M","R","BOSS","M","?","AVR","?","$","R","E","M","T","M","E","M","R","M","R","BOSS","R","$","E","BOSS"],"items_purchased_type":["Card","Relic","Relic","Relic","Relic","Relic","Relic","Potion","Relic","Relic","Card","Relic","Relic","Relic","Relic","Card","Card"],"build_version":"2020-12-13","purchased_purges":7,"victory":false,"max_hp_per_floor":[80,80,80,80,80,80,82,82,82,82,82,83,84,85,85,86,86,87,87,89,89,91,91,96,96,96,96,96,98,100,102,102,104,104,106,106,106,108,108,108,112,116,116,120,124,130,130,134,134,140,140,140,140,144,147,147],"card_choices":[{"not_picked":["Armaments","Rampage","ReplayReversal"],"picked":"SKIP","floor":1},{"not_picked":["Replay:Undeath\u0027s Touch","Clash"],"picked":"Entrench","floor":2},{"not_picked":["Sword Boomerang","hubris:SharpeningStone","ReplayTheSpireMod:Limb From Limb"],"picked":"SKIP","floor":3},{"not_picked":["Pommel Strike","Battle Trance","Cleave"],"picked":"SKIP","floor":5},{"not_picked":["Sword Boomerang","ReplayReversal","Run Through"],"picked":"SKIP","floor":7},{"not_picked":["Burning Pact","Armaments","ReplayTheSpireMod:Muscle Training"],"picked":"SKIP","floor":8},{"not_picked":["Pommel Strike","Run Through"],"picked":"Pummel","floor":11},{"not_picked":["Headbutt","Pommel Strike","ReplayTheSpireMod:Strike From Hell"],"picked":"SKIP","floor":12},{"not_picked":["Fiend Fire","BarbarianYell"],"picked":"Flex","floor":13},{"not_picked":["Uppercut","hubris:ReadiedAction","ReplayTheSpireMod:Strike From Hell"],"picked":"SKIP","floor":14},{"not_picked":["Fiend Fire","Demonic Infusion"],"picked":"Limit Break","floor":16},{"not_picked":["Rupture","hubris:ReadiedAction+1","Clash"],"picked":"SKIP","floor":18},{"not_picked":["Flex","Havoc","conspire:ExplosiveBarrier"],"picked":"SKIP","floor":20},{"not_picked":["Headbutt","ReplayTheSpireMod:Limb From Limb"],"picked":"Pummel","floor":22},{"not_picked":["Anger","Immolate","hubris:ReadiedAction"],"picked":"SKIP","floor":24},{"not_picked":["ReplayTheSpireMod:Strike From Hell","Combust","Anger"],"picked":"SKIP","floor":29},{"not_picked":["ReplayReversal+1","Armaments","Intimidate"],"picked":"SKIP","floor":30},{"not_picked":["Abandon","Run Through+1","Infernal Blade+1"],"picked":"SKIP","floor":31},{"not_picked":["Uppercut+1","Anger","Flex"],"picked":"SKIP","floor":35},{"not_picked":["Headbutt","Run Through"],"picked":"Flame Barrier+1","floor":38},{"not_picked":["Dark Embrace","Clash","conspire:Charge+1"],"picked":"Singing Bowl","floor":41},{"not_picked":["Dual Wield","Heavy Blade","Clash+1"],"picked":"Singing Bowl","floor":42},{"not_picked":["Sentinel+1","Evolve+1","Perfected Strike"],"picked":"Singing Bowl","floor":44},{"not_picked":["Whirlwind+1","Iron Wave+1","Shockwave"],"picked":"Singing Bowl","floor":45},{"not_picked":["ReplayTheSpireMod:Strike From Hell","Havoc","ReplayReversal"],"picked":"Singing Bowl","floor":46},{"not_picked":["hubris:ReadiedAction+1","Demon Form","Sentinel+1"],"picked":"Singing Bowl","floor":48},{"not_picked":["Life Link","Thunderclap+1","Pummel"],"picked":"Singing Bowl","floor":54}],"player_experience":839038,"relics_obtained":[{"floor":7,"key":"halation:SelfBoilingWater"},{"floor":9,"key":"Omamori"},{"floor":17,"key":"Boot"},{"floor":17,"key":"The Courier"},{"floor":17,"key":"BlackRope"},{"floor":26,"key":"Orichalcum"},{"floor":41,"key":"MealTicket"},{"floor":41,"key":"conspire:TopHat"},{"floor":45,"key":"infinitespire:Broken Mirror"},{"floor":45,"key":"Shuriken"},{"floor":54,"key":"Nunchaku"},{"floor":54,"key":"infinitespire:Joker Card"}],"event_choices":[{"damage_healed":0,"gold_gain":0,"player_choice":"Forge","damage_taken":0,"max_hp_gain":0,"max_hp_loss":0,"event_name":"Accursed Blacksmith","floor":4,"gold_loss":0,"cards_upgraded":["Entrench"]},{"damage_healed":0,"gold_gain":0,"player_choice":"Leave","damage_taken":0,"max_hp_gain":0,"max_hp_loss":0,"event_name":"conspire:Investor","floor":21,"gold_loss":0},{"damage_healed":0,"gold_gain":0,"player_choice":"Ignored","damage_taken":0,"max_hp_gain":0,"max_hp_loss":0,"event_name":"Transmorgrifier","floor":36,"gold_loss":0}],"is_beta":false,"boss_relics":[{"not_picked":["Mark of Pain","hubris:Stopwatch"],"picked":"Calling Bell"},{"not_picked":["halation:LoveArrow","hubris:CrackedHourglass"],"picked":"conspire:SpecialSausage"}],"items_purged_floors":[0,0,19,28,37,39,53],"is_endless":false,"potions_floor_spawned":[1,2,3,7,13,20,22,33,35,38,45,46],"killed_by":"The Heart","ascension_level":0}}