{"host":"wuk1ltmmka824l9y","time":1607947958,"event":{"mods":["AchievementEnabler","BaseMod","Custom Start","DeckTracker","Minty Spire (QoL Compilation)","Quick Restart","StSLib","SuperFastMode"],"gold_per_floor":[219,237,237,80,96,96,112,112,112,182,198,158,158,158,174,174,279,279,297,297,207,33,46,46,61,61,61,81,6,39,58,73,73,170,170,180,180,190,46,66,66,66,66,66,66,77,77,109,109,109,109],"floor_reached":52,"playtime":1794,"items_purged":["Defend_G","Strike_G"],"score":875,"play_id":"3af04e26-d099-4bfb-bd37-0b2f242ce76f","local_time":"20201214211238","is_ascension_mode":true,"campfire_choices":[{"data":"Accuracy","floor":6.0,"key":"SMITH"},{"data":"Terror","floor":8.0,"key":"SMITH"},{"data":"Footwork","floor":14.0,"key":"SMITH"},{"data":"Blade Dance","floor":16.0,"key":"SMITH"},{"data":"Accuracy","floor":24.0,"key":"SMITH"},{"data":"A Thousand Cuts","floor":26.0,"key":"SMITH"},{"data":"Blade Dance","floor":33.0,"key":"SMITH"},{"data":"Envenom","floor":41,"key":"SMITH"},{"data":"Prepared","floor":47,"key":"SMITH"},{"floor":50,"key":"REST"}],"circlet_count":0,"master_deck":["Strike_G","Defend_G","Defend_G","Defend_G","Survivor","Infinite Blades","Terror+1","Accuracy+1","Acrobatics","Prepared+1","Acrobatics","Footwork+1","Blade Dance+1","A Thousand Cuts+1","Tactician+1","Accuracy+1","Cloak And Dagger+1","Blur","Infinite Blades+1","Blade Dance+1","Envenom+1","Crippling Poison+1","Backflip+1","Reflex+1"],"relics":["Ring of the Snake","Pantograph","Question Card","Sozu","Nilry\u0027s Codex","Bag of Preparation","Juzu Bracelet","SlaversCollar","HandDrill","White Beast Statue","Dead Branch"],"acts_visited":["Exordium","TheCity","TheBeyond"],"potions_floor_usage":[],"damage_taken":[{"damage":0.0,"enemies":"Small Slimes","floor":1.0,"turns":3.0},{"damage":8.0,"enemies":"Cultist","floor":2.0,"turns":4.0},{"damage":4.0,"enemies":"Jaw Worm","floor":5.0,"turns":4.0},{"damage":8.0,"enemies":"2 Fungi Beasts","floor":7.0,"turns":3.0},{"damage":2.0,"enemies":"Exordium Thugs","floor":11.0,"turns":4.0},{"damage":8.0,"enemies":"3 Louse","floor":15.0,"turns":4.0},{"damage":28.0,"enemies":"The Guardian","floor":17.0,"turns":8.0},{"damage":8.0,"enemies":"Shell Parasite","floor":19.0,"turns":5.0},{"damage":11.0,"enemies":"2 Thieves","floor":23.0,"turns":3.0},{"damage":0.0,"enemies":"3 Cultists","floor":25.0,"turns":3.0},{"damage":0.0,"enemies":"Snecko","floor":28.0,"turns":3.0},{"damage":0.0,"enemies":"Gremlin Leader","floor":30.0,"turns":3.0},{"damage":0.0,"enemies":"Snake Plant","floor":31.0,"turns":2.0},{"damage":12.0,"enemies":"Cultist and Chosen","floor":32.0,"turns":3.0},{"damage":0.0,"enemies":"Automaton","floor":34.0,"turns":5.0},{"damage":37,"enemies":"3 Darklings","floor":36,"turns":4},{"damage":2,"enemies":"Orb Walker","floor":38,"turns":2},{"damage":15,"enemies":"Spire Growth","floor":40,"turns":3},{"damage":4,"enemies":"4 Shapes","floor":46,"turns":5},{"damage":18,"enemies":"Nemesis","floor":48,"turns":3},{"damage":35,"enemies":"Awakened One","floor":51,"turns":6}],"seed_played":"-872066298365773578","potions_obtained":[{"floor":1.0,"key":"Explosive Potion"},{"floor":17.0,"key":"Fire Potion"}],"is_trial":false,"path_per_floor":["M","M","?","$","M","R","M","R","T","T","M","$","?","R","M","R","B",null,"M","?","?","$","M","R","M","R","T","M","?","E","M","M","R","B",null,"M","?","M","$","M","R","?","?","T","?","M","R","E","?","R","B",null],"character_chosen":"THE_SILENT","items_purchased":["Accuracy","Footwork","Accuracy","HandDrill"],"campfire_rested":1,"item_purchase_floors":[4,12,22,39],"current_hp_per_floor":[70,62,62,62,58,58,50,50,50,50,48,48,48,48,40,40,37,70,62,46,46,46,35,35,35,35,35,35,35,35,35,23,23,48,70,33,33,31,31,16,16,16,16,16,61,57,57,39,39,57,26],"gold":109,"neow_bonus":"HUNDRED_GOLD","is_daily":false,"chose_seed":false,"campfire_upgraded":9,"win_rate":0.0,"timestamp":1607947958,"path_taken":["M","M","?","$","M","R","M","R","T","T","M","$","?","R","?","R","BOSS","M","?","?","$","M","R","?","R","T","M","?","E","M","M","R","BOSS","M","?","M","$","M","R","?","?","T","?","M","R","E","?","R","BOSS"],"items_purchased_type":["Card","Card","Card","Relic"],"build_version":"2020-12-13","purchased_purges":2,"victory":true,"max_hp_per_floor":[70,70,70,70,70,70,70,70,70,70,70,70,70,70,70,70,70,70,70,70,70,70,70,70,70,70,70,70,70,70,70,70,70,70,70,70,70,70,70,70,70,70,70,70,61,61,61,61,61,61,61],"card_choices":[{"not_picked":["Prepared","Backflip"],"picked":"Infinite Blades","floor":1.0},{"not_picked":["Setup","Calculated Gamble"],"picked":"Terror","floor":2.0},{"not_picked":["Dagger Throw","Outmaneuver"],"picked":"Acrobatics","floor":5.0},{"not_picked":["Bouncing Flask","Slice"],"picked":"Prepared","floor":7.0},{"not_picked":["Flying Knee","Bane","Prepared"],"picked":"Acrobatics","floor":11.0},{"not_picked":["Crippling Poison","Blur","Catalyst"],"picked":"Blade Dance","floor":15.0},{"not_picked":["Wraith Form v2","Bullet Time","Burst"],"picked":"A Thousand Cuts","floor":17.0},{"not_picked":["Heel Hook","Dagger Throw","Outmaneuver+1"],"picked":"Tactician","floor":19.0},{"not_picked":["Tactician","Blur","Poisoned Stab+1"],"picked":"Cloak And Dagger+1","floor":23.0},{"not_picked":["Flying Knee","Outmaneuver+1","Corpse Explosion"],"picked":"Blur","floor":25.0},{"not_picked":["Outmaneuver","Terror","Quick Slash+1","Heel Hook"],"picked":"SKIP","floor":28.0},{"not_picked":["Dodge and Roll","Dagger Spray+1","Bouncing Flask","Concentrate+1"],"picked":"SKIP","floor":30.0},{"not_picked":["Poisoned Stab","PiercingWail","Flechettes"],"picked":"Infinite Blades+1","floor":31.0},{"not_picked":["Slice","Deflect","Acrobatics"],"picked":"Blade Dance","floor":32.0},{"not_picked":["Grand Finale","Corpse Explosion","Bullet Time"],"picked":"Envenom","floor":34.0},{"not_picked":["Deadly Poison","Dagger Throw+1","Flechettes"],"picked":"Crippling Poison+1","floor":36},{"not_picked":["Calculated Gamble+1","PiercingWail","Flying Knee","Acrobatics+1"],"picked":"SKIP","floor":38},{"not_picked":["Concentrate+1","Deadly Poison","Flying Knee","Dagger Spray"],"picked":"SKIP","floor":40},{"not_picked":["Dagger Throw+1","Infinite Blades+1","Prepared"],"picked":"Backflip+1","floor":46},{"not_picked":["Crippling Poison","Burst","PiercingWail"],"picked":"Reflex+1","floor":48}],"player_experience":319836,"relics_obtained":[{"floor":9.0,"key":"Pantograph"},{"floor":10.0,"key":"Question Card"},{"floor":20.0,"key":"Nilry\u0027s Codex"},{"floor":27.0,"key":"Bag of Preparation"},{"floor":30.0,"key":"Juzu Bracelet"},{"floor":44,"key":"White Beast Statue"},{"floor":48,"key":"Dead Branch"}],"event_choices":[{"cards_removed":["Strike_G"],"damage_healed":0.0,"max_hp_gain":0.0,"max_hp_loss":0.0,"gold_gain":0.0,"event_name":"Living Wall","player_choice":"Forget","floor":3.0,"gold_loss":0.0,"damage_taken":0.0},{"cards_removed":["Defend_G"],"damage_healed":0.0,"max_hp_gain":0.0,"max_hp_loss":0.0,"gold_gain":0.0,"event_name":"Purifier","player_choice":"Purged","floor":13.0,"gold_loss":0.0,"damage_taken":0.0},{"damage_healed":0.0,"max_hp_gain":0.0,"max_hp_loss":0.0,"gold_gain":0.0,"event_name":"Cursed Tome","player_choice":"Obtained Book","floor":20.0,"gold_loss":0.0,"damage_taken":16.0},{"cards_removed":["Strike_G"],"damage_healed":0.0,"max_hp_gain":0.0,"max_hp_loss":0.0,"gold_gain":0.0,"event_name":"Designer","player_choice":"Upgrade and Remove","floor":21.0,"gold_loss":90.0,"damage_taken":0.0,"cards_upgraded":["Tactician"]},{"cards_removed":["Strike_G"],"damage_healed":0.0,"max_hp_gain":0.0,"max_hp_loss":0.0,"gold_gain":0.0,"event_name":"Beggar","player_choice":"Gave Gold","floor":29.0,"gold_loss":75.0,"damage_taken":0.0},{"damage_healed":0,"gold_gain":0,"player_choice":"Bought 0 Potions","damage_taken":0,"max_hp_gain":0,"max_hp_loss":0,"event_name":"The Woman in Blue","floor":37,"gold_loss":0},{"cards_removed":["Neutralize"],"damage_healed":0,"gold_gain":0,"player_choice":"Removed Attack","damage_taken":0,"max_hp_gain":0,"max_hp_loss":0,"event_name":"Falling","floor":42,"gold_loss":0},{"damage_healed":0,"gold_gain":0,"player_choice":"Ignored","damage_taken":0,"max_hp_gain":0,"max_hp_loss":0,"event_name":"Mysterious Sphere","floor":43,"gold_loss":0},{"damage_healed":61,"gold_gain":0,"player_choice":"Heal","damage_taken":0,"max_hp_gain":0,"max_hp_loss":9,"event_name":"The Moai Head","floor":45,"gold_loss":0},{"damage_healed":0,"gold_gain":0,"player_choice":"Ignored","damage_taken":0,"max_hp_gain":0,"max_hp_loss":0,"event_name":"SecretPortal","floor":49,"gold_loss":0}],"is_beta":false,"boss_relics":[{"not_picked":["Astrolabe","Tiny House"],"picked":"Sozu"},{"not_picked":["Ring of the Serpent","Empty Cage"],"picked":"SlaversCollar"}],"items_purged_floors":[4,22],"is_endless":false,"potions_floor_spawned":[1,17,23,25,34,38,40,46,48],"ascension_level":3}}