{"host":"qm4rv4rkpk76sbxu","time":1607969042,"event":{"mods":["BaseMod","Bestiary","Block Reminder","DeckTracker","Filter the Spire","Keyboard Shortcuts","Minty Spire (QoL Compilation)","MonsterHotkey","Potion Indicator Mod","Quick Restart","Random Character Button","Relic Stats","Slay-I","StSLib","ojb\u0027s Better Paths Mod"],"gold_per_floor":[111,261,279,279,292,320,320,352,352,378,398,82,96,112,112,186,186,201,213,263,263,282,307,307,307,307],"floor_reached":25,"playtime":895,"items_purged":["Doubt"],"score":486,"play_id":"85c958e5-87c6-4d69-a381-feb2a4f0b9f0","local_time":"20201214190402","is_ascension_mode":true,"campfire_choices":[{"data":"Zap","floor":7.0,"key":"SMITH"},{"data":"Thunder Strike","floor":15.0,"key":"SMITH"},{"data":"Dualcast","floor":24.0,"key":"SMITH"}],"circlet_count":0,"master_deck":["AscendersBane","Strike_B","Strike_B","Defend_B","Defend_B","Defend_B","Defend_B","Zap+1","Dualcast+1","Ball Lightning","Ball Lightning","Ball Lightning","Steam","FTL","Compile Driver","Thunder Strike+1","Reinforced Body+1","Machine Learning","Cold Snap","Chill","Biased Cognition+1"],"relics":["Cracked Core","Meat on the Bone","Gremlin Horn","Pear","Smiling Mask","HornCleat","Philosopher\u0027s Stone","Frozen Egg 2"],"acts_visited":["Exordium","TheCity"],"potions_floor_usage":[25],"damage_taken":[{"damage":2.0,"enemies":"Jaw Worm","floor":1.0,"turns":5.0},{"damage":0.0,"enemies":"Cultist","floor":3.0,"turns":3.0},{"damage":5.0,"enemies":"2 Louse","floor":5.0,"turns":2.0},{"damage":20.0,"enemies":"Lagavulin","floor":6.0,"turns":5.0},{"damage":20.0,"enemies":"3 Sentries","floor":8.0,"turns":5.0},{"damage":30.0,"enemies":"Lagavulin","floor":10.0,"turns":5.0},{"damage":2.0,"enemies":"Looter","floor":11.0,"turns":3.0},{"damage":8.0,"enemies":"Exordium Wildlife","floor":13.0,"turns":3.0},{"damage":1.0,"enemies":"Exordium Thugs","floor":14.0,"turns":3.0},{"damage":25.0,"enemies":"Hexaghost","floor":16.0,"turns":8.0},{"damage":19.0,"enemies":"Shell Parasite","floor":18.0,"turns":3.0},{"damage":12.0,"enemies":"3 Byrds","floor":19.0,"turns":4.0},{"damage":2.0,"enemies":"Snake Plant","floor":22.0,"turns":4.0},{"damage":43.0,"enemies":"Book of Stabbing","floor":23.0,"turns":5.0},{"damage":26,"enemies":"Gremlin Leader","floor":25,"turns":3}],"seed_played":"7898985549337928403","potions_obtained":[{"floor":0.0,"key":"DuplicationPotion"},{"floor":0.0,"key":"PowerPotion"},{"floor":6.0,"key":"FocusPotion"},{"floor":8.0,"key":"FearPotion"},{"floor":10.0,"key":"DuplicationPotion"},{"floor":18.0,"key":"Ancient Potion"}],"is_trial":false,"path_per_floor":["M","?","M","?","M","E","R","E","T","E","M","$","M","M","R","B",null,"M","M","?","?","M","E","R","E"],"character_chosen":"DEFECT","items_purchased":["HornCleat"],"campfire_rested":0,"item_purchase_floors":[12],"current_hp_per_floor":[62,62,62,71,66,46,46,38,48,30,40,40,44,43,43,30,68,49,49,49,49,47,16,16,0,0],"gold":307,"neow_bonus":"THREE_SMALL_POTIONS","is_daily":false,"chose_seed":false,"campfire_upgraded":3,"win_rate":0.0,"timestamp":1607969042,"path_taken":["M","?","M","?","?","E","R","E","T","E","M","?","?","M","R","BOSS","M","?","?","?","M","E","R","E"],"items_purchased_type":["Relic"],"build_version":"2020-12-13","purchased_purges":1,"victory":false,"max_hp_per_floor":[71,71,71,71,71,71,71,71,81,81,81,81,81,81,81,81,81,81,81,81,81,81,81,81,81,81],"relic_stats":{"Gremlin Horn":[6,6],"counters":[15,61],"Smiling Mask":25,"obtain_stats":[{"Pear":9,"HornCleat":12,"Gremlin Horn":8,"Philosopher\u0027s Stone":17,"Frozen Egg 2":23,"Cracked Core":0,"Smiling Mask":10,"Meat on the Bone":6},{"Pear":5,"HornCleat":7,"Gremlin Horn":5,"Philosopher\u0027s Stone":10,"Frozen Egg 2":14,"Cracked Core":0,"Smiling Mask":6,"Meat on the Bone":4},{"Pear":20,"HornCleat":28,"Gremlin Horn":20,"Philosopher\u0027s Stone":42,"Frozen Egg 2":58,"Cracked Core":0,"Smiling Mask":25,"Meat on the Bone":15}],"Meat on the Bone":84},"card_choices":[{"not_picked":["Stack","Coolheaded"],"picked":"Ball Lightning","floor":1.0},{"not_picked":["Chaos","Steam"],"picked":"Ball Lightning","floor":3.0},{"not_picked":["Stack","Scrape"],"picked":"Ball Lightning","floor":5.0},{"not_picked":["Meteor Strike","Hologram","Turbo"],"picked":"SKIP","floor":6.0},{"not_picked":["Recycle","Chaos","Meteor Strike"],"picked":"SKIP","floor":8.0},{"not_picked":["Loop","Rebound"],"picked":"Steam","floor":10.0},{"not_picked":["Coolheaded","Sweeping Beam"],"picked":"FTL","floor":11.0},{"not_picked":["Steam","Force Field"],"picked":"Compile Driver","floor":13.0},{"not_picked":["Hologram","Coolheaded"],"picked":"Thunder Strike","floor":14.0},{"not_picked":["Ball Lightning","Barrage","Sweeping Beam"],"picked":"SKIP","floor":18.0},{"not_picked":["FTL","Sweeping Beam+1"],"picked":"Reinforced Body+1","floor":19.0},{"not_picked":["Glacier","Blizzard"],"picked":"Chill","floor":22.0},{"not_picked":["Ball Lightning","Glacier"],"picked":"Biased Cognition+1","floor":23.0}],"player_experience":1051573,"relics_obtained":[{"floor":6.0,"key":"Meat on the Bone"},{"floor":8.0,"key":"Gremlin Horn"},{"floor":9.0,"key":"Pear"},{"floor":10.0,"key":"Smiling Mask"},{"floor":23.0,"key":"Frozen Egg 2"}],"event_choices":[{"damage_healed":0.0,"max_hp_gain":0.0,"max_hp_loss":0.0,"gold_gain":150.0,"event_name":"Liars Game","player_choice":"AGREE","floor":2.0,"gold_loss":0.0,"damage_taken":0.0,"cards_obtained":["Doubt"]},{"damage_healed":9.0,"max_hp_gain":0.0,"max_hp_loss":0.0,"gold_gain":0.0,"event_name":"Wheel of Change","player_choice":"Full Heal","floor":4.0,"gold_loss":0.0,"damage_taken":0.0},{"damage_healed":0.0,"max_hp_gain":0.0,"max_hp_loss":0.0,"gold_gain":50.0,"event_name":"Nest","player_choice":"Stole From Cult","floor":20.0,"gold_loss":0.0,"damage_taken":0.0},{"damage_healed":0.0,"max_hp_gain":0.0,"max_hp_loss":0.0,"gold_gain":0.0,"cards_transformed":["Strike_B","Strike_B"],"event_name":"Drug Dealer","player_choice":"Became Test Subject","floor":21.0,"gold_loss":0.0,"damage_taken":0.0,"cards_obtained":["Machine Learning","Cold Snap"]}],"is_beta":false,"boss_relics":[{"not_picked":["Sozu","Tiny House"],"picked":"Philosopher\u0027s Stone"}],"items_purged_floors":[12],"is_endless":false,"potions_floor_spawned":[1,6,8,10,14,18],"killed_by":"Gremlin Leader","ascension_level":20}}