{"host":"4ugtdcdg2eymglhf","time":1607910871,"event":{"mods":["Aspiration","BaseMod","BetterRewards","Hubris","Infinite Spire","Minty Spire (QoL Compilation)","Replay The Spire","StSLib","The Jungle","The Necromancer"],"gold_per_floor":[111,61,61,80,97,97,126,138,138,138,160,160,170,183,183,288,288,275,289,33,33,33,68,68,68,68,95,35,35,50,50,50,50,50],"floor_reached":33,"playtime":1817,"items_purged":["Strike_W"],"score":323,"play_id":"d2881505-9a3f-4199-a456-41c6e43a8a38","local_time":"20201213175431","is_ascension_mode":true,"campfire_choices":[{"floor":6,"key":"RECALL"},{"data":"Slay_Living","floor":10,"key":"SMITH"},{"data":"Cloudkill","floor":12,"key":"SMITH"},{"data":"Negative_Energy_Burst","floor":15,"key":"SMITH"},{"data":"ReplayTheSpireMod:Black Plague","floor":25,"key":"SMITH"},{"data":"Reap_The_Weak","floor":29,"key":"SMITH"},{"data":"Consume_Illness","floor":32,"key":"SMITH"}],"circlet_count":0,"master_deck":["Strike_W","Strike_W","Defend_W","Defend_W","Defend_W","Defend_W","Negative_Energy_Arrows","Bone_Wall","Death_March_Dance","Cloudkill+1","Summon_Lich","Slay_Living+1","Consume_Illness+1","Negative_Energy_Burst+1","Toxic_Smoke_Screen","Negative_Energy_Javelin","Reap_The_Weak+1","Corrupt","ReplayTheSpireMod:Black Plague+1","infinitespire:FutureSight"],"relics":["Vampire_Amulet","aspiration:DSix","Anchor","Odd Mushroom","Runic Pyramid","Bottled Tornado","MutagenicStrength","Black Star","BargainBundle","aspiration:ChemicalBlood","Replay:WaspNest","hubris:Icosahedron","infinitespire:Satchel","Ornamental Fan"],"acts_visited":["Exordium","TheCity"],"potions_floor_usage":[16,16,16,27,33,33,33],"damage_taken":[{"damage":7,"enemies":"2 Louse","floor":1,"turns":3},{"damage":8,"enemies":"Small Slimes","floor":4,"turns":2},{"damage":0,"enemies":"Cultist","floor":5,"turns":4},{"damage":39,"enemies":"3 Sentries","floor":7,"turns":7},{"damage":4,"enemies":"Blue Slaver","floor":8,"turns":4},{"damage":13,"enemies":"The Mushroom Lair","floor":11,"turns":3},{"damage":13,"enemies":"Looter","floor":13,"turns":4},{"damage":0,"enemies":"3 Louse","floor":14,"turns":1},{"damage":4,"enemies":"Fading Forest","floor":16,"turns":11},{"damage":18,"enemies":"2 Thieves","floor":18,"turns":4},{"damage":28,"enemies":"Spheric Guardian","floor":19,"turns":8},{"damage":6,"enemies":"Replay:Snechameleon","floor":23,"turns":7},{"damage":10,"enemies":"Nightmare","floor":27,"turns":7},{"damage":0,"enemies":"Snecko","floor":30,"turns":3},{"damage":61,"enemies":"hubris:MusketHawk","floor":33,"turns":6}],"seed_played":"-1071838095322742107","potions_obtained":[{"floor":7,"key":"BlessingOfTheForge"},{"floor":11,"key":"Ancient Potion"},{"floor":13,"key":"Fire Potion"},{"floor":14,"key":"Reflective Coating"},{"floor":23,"key":"AttackPotion"},{"floor":30,"key":"FearPotion"}],"is_trial":false,"path_per_floor":["M","?","?","M","M","R","E","M","T","R","?","R","M","M","R","B",null,"M","M","$","?","AVR","E","?","R","T","NM","?","R","M","$","R","B"],"character_chosen":"NECROMANCER","items_purchased":["Bottled Tornado"],"campfire_rested":0,"item_purchase_floors":[20],"current_hp_per_floor":[70,70,70,66,68,68,35,33,33,33,26,26,15,21,21,40,75,59,36,36,36,36,32,32,32,32,24,24,24,29,29,29,0,0],"gold":50,"neow_bonus":"DSIX","is_daily":false,"chose_seed":false,"campfire_upgraded":6,"win_rate":0.0,"timestamp":1607910871,"path_taken":["M","?","?","M","M","R","E","?","T","R","?","R","M","M","R","BOSS","M","M","$","?","AVR","E","?","R","T","NM","?","R","M","$","R","BOSS"],"items_purchased_type":["Relic"],"build_version":"2020-12-13","purchased_purges":1,"victory":false,"max_hp_per_floor":[75,75,75,75,75,75,75,75,75,75,75,75,75,75,75,75,75,75,75,75,75,75,75,75,75,75,75,75,75,75,75,75,75,75],"card_choices":[{"not_picked":["Scare","Pandemic"],"picked":"Death_March_Dance","floor":1},{"not_picked":["Spectral_Armor","Summon_Undead"],"picked":"Summon_Lich","floor":4},{"not_picked":["Bone_Shift","Deaths_Shadow"],"picked":"Slay_Living","floor":5},{"not_picked":["Bone_Shift","Blood_Whip"],"picked":"Consume_Illness","floor":7},{"not_picked":["Requiem","Shackles_Of_Pain"],"picked":"Negative_Energy_Burst","floor":8},{"not_picked":["Shade_Step","Vampiric_Strike"],"picked":"Toxic_Smoke_Screen","floor":11},{"not_picked":["Bones_to_Steel","Blood_Whip"],"picked":"Negative_Energy_Javelin","floor":13},{"not_picked":["Negative_Energy_Mist","Blood_Whip","Summon_Lich"],"picked":"SKIP","floor":14},{"not_picked":["Blood_Magic","Cloudkill"],"picked":"Reap_The_Weak","floor":16},{"not_picked":["Stop_Heart","Violent_Necrosis","Finger_Of_Death"],"picked":"SKIP","floor":18},{"not_picked":["Blood_Whip","Life_Tap"],"picked":"Corrupt","floor":19},{"not_picked":["Summon_Lich","Death_Knell","Negative_Energy_Javelin"],"picked":"SKIP","floor":23},{"not_picked":["Negative_Energy_Javelin","Death_Knell+1","Scare"],"picked":"SKIP","floor":27},{"not_picked":["Siphon_Strength","Plague_Bolt","Toxic_Smoke_Screen"],"picked":"SKIP","floor":30}],"player_experience":327521,"relics_obtained":[{"floor":7,"key":"Anchor"},{"floor":11,"key":"Odd Mushroom"},{"floor":23,"key":"aspiration:ChemicalBlood"},{"floor":23,"key":"Replay:WaspNest"},{"floor":27,"key":"infinitespire:Satchel"},{"floor":27,"key":"Ornamental Fan"}],"event_choices":[{"cards_removed":["Strike_W"],"damage_healed":0,"gold_gain":0,"player_choice":"Card Removal","damage_taken":0,"max_hp_gain":0,"max_hp_loss":0,"event_name":"The Cleric","floor":2,"gold_loss":50},{"damage_healed":0,"gold_gain":0,"player_choice":"1 cards matched","damage_taken":0,"max_hp_gain":0,"max_hp_loss":0,"event_name":"Match and Keep!","floor":3,"gold_loss":0,"cards_obtained":["Cloudkill"]},{"damage_healed":0,"gold_gain":0,"player_choice":"Fought Mushrooms","damage_taken":0,"max_hp_gain":0,"max_hp_loss":0,"event_name":"Mushrooms","floor":11,"gold_loss":0},{"damage_healed":0,"gold_gain":0,"player_choice":"Inject Mutagens","damage_taken":0,"relics_obtained":["MutagenicStrength"],"max_hp_gain":0,"max_hp_loss":0,"event_name":"Drug Dealer","floor":21,"gold_loss":0}],"is_beta":false,"boss_relics":[{"not_picked":["hubris:RunicObelisk","aspiration:WatcherSkillbook"],"picked":"Runic Pyramid"}],"items_purged_floors":[22],"is_endless":true,"potions_floor_spawned":[7,11,13,14,23,30],"killed_by":"hubris:MusketHawk","ascension_level":1}}