{"host":"x6tlfgqpy55vgxdn","time":1607950089,"event":{"mods":["AchievementEnabler","BaseMod","DeckTracker","Minty Spire (QoL Compilation)","Permanent Neow","StSLib","SuperFastMode"],"gold_per_floor":[19,34,34,54,73,101,26,45,71,71,21,35,35,45,45,170,170,218,233,277,323,367,430,488,339,366,426,426,475,540,540,540,669,669,742,813,1035,172,273,273,360,432,504,504,417,455,470,517,517,517],"floor_reached":51,"playtime":4607,"items_purged":["Defend_P","Defend_P+1","Strike_P+1"],"score":1215,"play_id":"d88db2b8-50fc-4316-a36d-6fd888c775ac","local_time":"20201214214809","is_ascension_mode":true,"campfire_choices":[{"data":"Eruption","floor":13.0,"key":"SMITH"},{"data":"Wish","floor":15.0,"key":"SMITH"},{"floor":28.0,"key":"REST"},{"floor":32.0,"key":"REST"},{"floor":44.0,"key":"REST"},{"floor":49,"key":"REST"}],"circlet_count":0,"master_deck":["AscendersBane","Eruption+1","Vigilance+1","DeusExMachina+1","JustLucky+1","Halt+1","EmptyBody+1","Scrawl+1","ClearTheMind+1","FlurryOfBlows+1","Evaluate+1","Wish+1","LessonLearned+1","CrushJoints+1","Tantrum+1","MasterReality+1","Adaptation+1","Wish+1","FearNoEvil+1","Enlightenment+1"],"relics":["HolyWater","Bronze Scales","Toy Ornithopter","Fusion Hammer","Oddly Smooth Stone","Red Mask","PreservedInsect","Nunchaku","Pen Nib","TheAbacus","HornCleat","Ancient Tea Set","FossilizedHelix","TeardropLocket","Letter Opener","Blood Vial"],"acts_visited":["Exordium","TheCity","TheBeyond"],"potions_floor_usage":[47,50,50],"damage_taken":[{"damage":10.0,"enemies":"Jaw Worm","floor":1.0,"turns":3.0},{"damage":5.0,"enemies":"Small Slimes","floor":2.0,"turns":2.0},{"damage":0.0,"enemies":"2 Louse","floor":4.0,"turns":3.0},{"damage":2.0,"enemies":"Exordium Wildlife","floor":5.0,"turns":3.0},{"damage":30.0,"enemies":"3 Sentries","floor":6.0,"turns":6.0},{"damage":0.0,"enemies":"Large Slime","floor":8.0,"turns":3.0},{"damage":3.0,"enemies":"Looter","floor":12.0,"turns":2.0},{"damage":0.0,"enemies":"3 Louse","floor":14.0,"turns":3.0},{"damage":11.0,"enemies":"The Guardian","floor":16.0,"turns":10.0},{"damage":0.0,"enemies":"Chosen","floor":18.0,"turns":3.0},{"damage":0.0,"enemies":"2 Thieves","floor":19.0,"turns":3.0},{"damage":2.0,"enemies":"3 Cultists","floor":20.0,"turns":5.0},{"damage":10.0,"enemies":"Snake Plant","floor":21.0,"turns":4.0},{"damage":16.0,"enemies":"Snecko","floor":22.0,"turns":5.0},{"damage":0.0,"enemies":"Gremlin Leader","floor":23.0,"turns":3.0},{"damage":0.0,"enemies":"Masked Bandits","floor":24.0,"turns":3.0},{"damage":1.0,"enemies":"Slavers","floor":27.0,"turns":3.0},{"damage":0.0,"enemies":"Centurion and Healer","floor":29.0,"turns":3.0},{"damage":4.0,"enemies":"Gremlin Leader","floor":30.0,"turns":2.0},{"damage":17.0,"enemies":"Automaton","floor":33.0,"turns":7.0},{"damage":6.0,"enemies":"Orb Walker","floor":35.0,"turns":3.0},{"damage":8.0,"enemies":"3 Darklings","floor":36.0,"turns":6.0},{"damage":20.0,"enemies":"2 Orb Walkers","floor":39.0,"turns":3.0},{"damage":33.0,"enemies":"Reptomancer","floor":41.0,"turns":4.0},{"damage":0.0,"enemies":"Jaw Worm Horde","floor":42.0,"turns":4.0},{"damage":0.0,"enemies":"Writhing Mass","floor":46.0,"turns":3.0},{"damage":0,"enemies":"3 Darklings","floor":47,"turns":1},{"damage":0,"enemies":"Sphere and 2 Shapes","floor":48,"turns":2},{"damage":0,"enemies":"Awakened One","floor":50,"turns":4}],"seed_played":"-8773045547474556889","potions_obtained":[{"floor":1.0,"key":"LiquidBronze"},{"floor":5.0,"key":"Weak Potion"},{"floor":8.0,"key":"LiquidMemories"},{"floor":14.0,"key":"Dexterity Potion"},{"floor":20.0,"key":"Weak Potion"},{"floor":21.0,"key":"LiquidMemories"},{"floor":22.0,"key":"SneckoOil"},{"floor":24.0,"key":"Explosive Potion"},{"floor":30.0,"key":"Ancient Potion"},{"floor":36.0,"key":"Weak Potion"},{"floor":41.0,"key":"PowerPotion"},{"floor":42.0,"key":"AttackPotion"},{"floor":46.0,"key":"StancePotion"}],"is_trial":false,"path_per_floor":["M","M","?","M","M","E","$","M","T","?","?","M","R","M","R","B",null,"M","M","M","M","M","E","?","$","T","E","R","M","E","?","R","B",null,"M","M","?","$","?","?","E","M","T","R","?","M","M","M","R","B",null],"character_chosen":"WATCHER","items_purchased":["Fire Potion","TheAbacus","Enlightenment","HornCleat","Ancient Tea Set","GamblersBrew"],"campfire_rested":4,"item_purchase_floors":[25,38,38,38,38,38],"current_hp_per_floor":[55,50,50,50,48,18,18,18,18,11,11,8,8,8,8,7,56,56,56,54,49,38,38,43,43,43,47,68,68,69,69,72,55,68,62,59,59,59,44,44,16,16,16,36,36,43,50,52,68,68],"gold":517,"neow_bonus":"TRANSFORM_TWO_CARDS","is_daily":false,"chose_seed":false,"campfire_upgraded":2,"win_rate":0.0,"timestamp":1607950089,"path_taken":["M","M","?","M","M","E","$","M","T","?","?","?","R","M","R","BOSS","M","M","M","M","M","E","?","$","T","E","R","M","E","?","R","BOSS","M","M","?","$","?","?","E","M","T","R","?","M","M","?","R","BOSS"],"items_purchased_type":["Potion","Relic","Card","Relic","Relic","Potion"],"build_version":"2020-12-13","purchased_purges":3,"victory":true,"max_hp_per_floor":[72,72,72,72,72,72,72,72,72,72,72,72,72,72,72,72,72,72,72,72,72,72,72,72,72,72,72,72,72,72,72,72,72,72,72,72,72,72,72,68,68,68,68,68,68,68,68,68,68,68],"card_choices":[{"not_picked":["JustLucky","Protect"],"picked":"Halt","floor":1.0},{"not_picked":["CrushJoints","PathToVictory"],"picked":"EmptyBody","floor":2.0},{"not_picked":["Weave","WaveOfTheHand"],"picked":"Scrawl","floor":4.0},{"not_picked":["Prostrate","Crescendo"],"picked":"ClearTheMind","floor":5.0},{"not_picked":["ClearTheMind","Vengeance"],"picked":"FlurryOfBlows","floor":6.0},{"not_picked":["Protect","FlurryOfBlows","ClearTheMind"],"picked":"SKIP","floor":8.0},{"not_picked":["FlyingSleeves","Study"],"picked":"Evaluate","floor":12.0},{"not_picked":["Nirvana","Indignation"],"picked":"Wish","floor":14.0},{"not_picked":["Scrawl","Wish"],"picked":"LessonLearned","floor":16.0},{"not_picked":["DeceiveReality","Wireheading","BowlingBash"],"picked":"SKIP","floor":18.0},{"not_picked":["JustLucky","CutThroughFate+1","Halt"],"picked":"SKIP","floor":19.0},{"not_picked":["CutThroughFate","EmptyFist"],"picked":"CrushJoints+1","floor":20.0},{"not_picked":["DeceiveReality","InnerPeace","Swivel+1"],"picked":"SKIP","floor":21.0},{"not_picked":["WheelKick+1","ClearTheMind"],"picked":"Tantrum","floor":22.0},{"not_picked":["Conclude","FlurryOfBlows","Halt"],"picked":"SKIP","floor":23.0},{"not_picked":["Pray","FlurryOfBlows","Evaluate"],"picked":"SKIP","floor":27.0},{"not_picked":["FlyingSleeves","Wireheading+1","SandsOfTime+1"],"picked":"SKIP","floor":29.0},{"not_picked":["EmptyBody","Scrawl"],"picked":"MasterReality","floor":30.0},{"not_picked":["Devotion","MasterReality"],"picked":"Wish","floor":33.0},{"not_picked":["FlurryOfBlows","ClearTheMind"],"picked":"FearNoEvil","floor":35.0},{"not_picked":["Evaluate+1","ThirdEye+1","Prostrate+1"],"picked":"SKIP","floor":36.0},{"not_picked":["Prostrate+1","BowlingBash","EmptyBody+1"],"picked":"SKIP","floor":41.0},{"not_picked":["CutThroughFate","Consecrate","EmptyFist"],"picked":"SKIP","floor":42.0},{"not_picked":["FollowUp+1","CutThroughFate","CarveReality+1"],"picked":"SKIP","floor":46.0},{"not_picked":["Crescendo+1","SignatureMove","SashWhip"],"picked":"SKIP","floor":47},{"not_picked":["ClearTheMind+1","Weave","Crescendo"],"picked":"SKIP","floor":48}],"player_experience":147863,"relics_obtained":[{"floor":6.0,"key":"Bronze Scales"},{"floor":9.0,"key":"Toy Ornithopter"},{"floor":23.0,"key":"Oddly Smooth Stone"},{"floor":24.0,"key":"Red Mask"},{"floor":26.0,"key":"PreservedInsect"},{"floor":27.0,"key":"Nunchaku"},{"floor":30.0,"key":"Pen Nib"},{"floor":39.0,"key":"FossilizedHelix"},{"floor":41.0,"key":"TeardropLocket"},{"floor":43.0,"key":"Letter Opener"}],"event_choices":[{"cards_removed":["Strike_P"],"damage_healed":0.0,"max_hp_gain":0.0,"max_hp_loss":0.0,"gold_gain":0.0,"event_name":"Living Wall","player_choice":"Forget","floor":3.0,"gold_loss":0.0,"damage_taken":0.0},{"cards_removed":["Strike_P"],"damage_healed":0.0,"max_hp_gain":0.0,"max_hp_loss":0.0,"gold_gain":0.0,"event_name":"Golden Wing","player_choice":"Card Removal","floor":10.0,"gold_loss":0.0,"damage_taken":7.0},{"cards_removed":["Strike_P"],"damage_healed":0.0,"max_hp_gain":0.0,"max_hp_loss":0.0,"gold_gain":0.0,"event_name":"The Cleric","player_choice":"Card Removal","floor":11.0,"gold_loss":50.0,"damage_taken":0.0},{"damage_healed":0.0,"max_hp_gain":0.0,"max_hp_loss":0.0,"gold_gain":0.0,"event_name":"Masked Bandits","player_choice":"Fought Bandits","floor":24.0,"gold_loss":0.0,"damage_taken":0.0},{"damage_healed":0.0,"max_hp_gain":0.0,"max_hp_loss":0.0,"gold_gain":0.0,"event_name":"The Library","player_choice":"Read","floor":31.0,"gold_loss":0.0,"damage_taken":0.0,"cards_obtained":["Adaptation"]},{"damage_healed":0.0,"max_hp_gain":0.0,"max_hp_loss":0.0,"gold_gain":222.0,"event_name":"Tomb of Lord Red Mask","player_choice":"Wore Mask","floor":37.0,"gold_loss":0.0,"damage_taken":0.0},{"damage_healed":0.0,"max_hp_gain":0.0,"max_hp_loss":0.0,"gold_gain":0.0,"event_name":"Mysterious Sphere","player_choice":"Fight","floor":39.0,"gold_loss":0.0,"damage_taken":0.0},{"damage_healed":0.0,"max_hp_gain":0.0,"max_hp_loss":4.0,"gold_gain":0.0,"event_name":"Winding Halls","player_choice":"Max HP","floor":40.0,"gold_loss":0.0,"damage_taken":0.0},{"damage_healed":0.0,"max_hp_gain":0.0,"max_hp_loss":0.0,"gold_gain":0.0,"event_name":"WeMeetAgain","player_choice":"Paid Gold","floor":45.0,"gold_loss":87.0,"damage_taken":0.0,"relics_obtained":["Blood Vial"]}],"is_beta":false,"boss_relics":[{"not_picked":["Black Star","Astrolabe"],"picked":"Fusion Hammer"},{"not_picked":["Tiny House","Velvet Choker"],"picked":"HolyWater"}],"items_purged_floors":[7,25,38],"is_endless":false,"potions_floor_spawned":[1,5,8,14,20,21,22,24,30,36,41,42,46],"ascension_level":10}}