{"host":"o7j6aatxjwpw1421","time":1607968030,"event":{"mods":["2.2 Compatiblity","BaseMod","Colored Map","DeckTracker","Highlight Path","Keyboard Shortcuts","Minty Spire (QoL Compilation)","Permanent Neow","Quick Restart","StSLib","SuperFastMode","everything is the same but u backflip on backflip"],"gold_per_floor":[364,382,401,198,212,212,238,238,238,238,163,183,183,212,212,287,287,304,338,338,263,274,290,300,300,378,405,418,431,431,285,285,285,285],"floor_reached":33,"playtime":2982,"items_purged":[],"score":485,"play_id":"2c7f5c16-da1c-43d2-b1d6-725aa10c49c1","local_time":"20201215024710","is_ascension_mode":true,"campfire_choices":[{"data":"Bane","floor":6.0,"key":"SMITH"},{"data":"Cloak And Dagger","floor":8.0,"key":"SMITH"},{"floor":10.0,"key":"REST"},{"data":"Bouncing Flask","floor":15.0,"key":"SMITH"},{"floor":25,"key":"REST"},{"floor":32,"key":"REST"}],"circlet_count":0,"master_deck":["AscendersBane","Strike_G","Strike_G","Strike_G","Defend_G","Defend_G","Defend_G","Defend_G","Defend_G","Survivor","Neutralize","Cloak And Dagger+1","Leg Sweep","Backstab","Adrenaline","Noxious Fumes","Bane+1","Noxious Fumes","Well Laid Plans","Bouncing Flask+1","Malaise","Grand Finale","Blur+1","Expertise+1","Setup","PiercingWail+1","After Image","Acrobatics","Dodge and Roll+1"],"relics":["Ring of the Snake","Gremlin Horn","Letter Opener","Bottled Lightning","WristBlade","Red Mask","Ninja Scroll","StoneCalendar","MealTicket"],"acts_visited":["Exordium","TheCity"],"potions_floor_usage":[16,19,28,28,33],"damage_taken":[{"damage":8.0,"enemies":"Cultist","floor":1.0,"turns":6.0},{"damage":2.0,"enemies":"Small Slimes","floor":2.0,"turns":4.0},{"damage":1.0,"enemies":"Jaw Worm","floor":3.0,"turns":5.0},{"damage":0.0,"enemies":"Looter","floor":5.0,"turns":4.0},{"damage":15.0,"enemies":"3 Sentries","floor":7.0,"turns":7.0},{"damage":0.0,"enemies":"3 Louse","floor":12.0,"turns":4.0},{"damage":12.0,"enemies":"Lagavulin","floor":14.0,"turns":5.0},{"damage":3,"enemies":"The Guardian","floor":16,"turns":8},{"damage":7,"enemies":"Shell Parasite","floor":18,"turns":7},{"damage":0,"enemies":"Masked Bandits","floor":19,"turns":1},{"damage":6,"enemies":"Spheric Guardian","floor":22,"turns":4},{"damage":16,"enemies":"Centurion and Healer","floor":23,"turns":4},{"damage":10,"enemies":"Snake Plant","floor":24,"turns":7},{"damage":7,"enemies":"Gremlin Leader","floor":27,"turns":5},{"damage":11,"enemies":"Snecko","floor":28,"turns":5},{"damage":5,"enemies":"Chosen and Byrds","floor":29,"turns":5},{"damage":30,"enemies":"Champ","floor":33,"turns":12}],"seed_played":"-794300118423054846","potions_obtained":[{"floor":7.0,"key":"GamblersBrew"},{"floor":14.0,"key":"DistilledChaos"},{"floor":16,"key":"Dexterity Potion"},{"floor":18,"key":"SkillPotion"},{"floor":24,"key":"Block Potion"},{"floor":27,"key":"ColorlessPotion"},{"floor":29,"key":"DistilledChaos"}],"is_trial":false,"path_per_floor":["M","M","M","$","M","R","E","R","T","R","?","M","?","E","R","B",null,"M","?","?","?","M","M","M","R","T","E","M","M","?","$","R","B"],"character_chosen":"THE_SILENT","items_purchased":["Adrenaline","Noxious Fumes","Bane","MealTicket"],"campfire_rested":3,"item_purchase_floors":[4,4,4,31],"current_hp_per_floor":[36,34,33,33,33,33,18,18,18,37,37,37,37,25,25,22,55,48,48,48,48,42,26,16,35,35,28,17,12,12,12,31,1,1],"gold":285,"neow_bonus":"TWO_FIFTY_GOLD","is_daily":false,"chose_seed":false,"campfire_upgraded":3,"win_rate":0.0,"timestamp":1607968030,"path_taken":["M","?","M","$","?","R","E","R","T","R","?","M","?","E","R","BOSS","M","?","?","?","M","M","M","R","T","E","M","M","?","$","R","BOSS"],"items_purchased_type":["Card","Card","Card","Relic"],"build_version":"2020-12-13","purchased_purges":0,"victory":false,"max_hp_per_floor":[66,66,66,66,66,66,66,66,66,66,66,66,66,66,66,66,66,66,66,66,66,66,66,66,66,66,66,66,66,66,66,66,66,66],"card_choices":[{"not_picked":["Blade Dance","Acrobatics"],"picked":"Cloak And Dagger","floor":1.0},{"not_picked":["PiercingWail","Backflip"],"picked":"Leg Sweep","floor":2.0},{"not_picked":["Outmaneuver","Prepared"],"picked":"Backstab","floor":3.0},{"not_picked":["Noxious Fumes","Eviscerate","Backflip"],"picked":"SKIP","floor":5.0},{"not_picked":["Eviscerate","Backflip"],"picked":"Noxious Fumes","floor":5.0},{"not_picked":["Terror","Endless Agony"],"picked":"Well Laid Plans","floor":7.0},{"not_picked":["Bane","Phantasmal Killer"],"picked":"Bouncing Flask","floor":12.0},{"not_picked":["Quick Slash","Underhanded Strike"],"picked":"Malaise","floor":14.0},{"not_picked":["Tools of the Trade","Phantasmal Killer"],"picked":"Grand Finale","floor":16},{"not_picked":["Distraction","Dagger Throw"],"picked":"Blur+1","floor":18},{"not_picked":["Outmaneuver","Expertise+1","Sucker Punch"],"picked":"SKIP","floor":22},{"not_picked":["Outmaneuver","Sucker Punch"],"picked":"Expertise+1","floor":22},{"not_picked":["Dash","Masterful Stab"],"picked":"Setup","floor":23},{"not_picked":["Slice","Distraction"],"picked":"PiercingWail+1","floor":24},{"not_picked":["Expertise","Slice","After Image"],"picked":"SKIP","floor":27},{"not_picked":["Expertise","Slice"],"picked":"After Image","floor":27},{"not_picked":["Backflip","PiercingWail+1"],"picked":"Acrobatics","floor":28},{"not_picked":["Acrobatics","Slice"],"picked":"Dodge and Roll+1","floor":29}],"player_experience":239914,"relics_obtained":[{"floor":7.0,"key":"Gremlin Horn"},{"floor":9.0,"key":"Letter Opener"},{"floor":14.0,"key":"Bottled Lightning"},{"floor":19,"key":"Red Mask"},{"floor":26,"key":"Ninja Scroll"},{"floor":27,"key":"StoneCalendar"}],"event_choices":[{"cards_removed":["Strike_G"],"damage_healed":0.0,"max_hp_gain":0.0,"max_hp_loss":0.0,"gold_gain":0.0,"event_name":"The Cleric","player_choice":"Card Removal","floor":11.0,"gold_loss":75.0,"damage_taken":0.0},{"damage_healed":0.0,"max_hp_gain":0.0,"max_hp_loss":0.0,"gold_gain":0.0,"event_name":"Liars Game","player_choice":"Ignored","floor":13.0,"gold_loss":0.0,"damage_taken":0.0},{"damage_healed":0,"gold_gain":0,"player_choice":"Fought Bandits","damage_taken":0,"max_hp_gain":0,"max_hp_loss":0,"event_name":"Masked Bandits","floor":19,"gold_loss":0},{"damage_healed":0,"gold_gain":0,"player_choice":"Ignored","damage_taken":0,"max_hp_gain":0,"max_hp_loss":0,"event_name":"Vampires","floor":20,"gold_loss":0},{"cards_removed":["Strike_G"],"damage_healed":0,"gold_gain":0,"player_choice":"Gave Gold","damage_taken":0,"max_hp_gain":0,"max_hp_loss":0,"event_name":"Beggar","floor":21,"gold_loss":75},{"damage_healed":0,"gold_gain":0,"player_choice":"0 cards matched","damage_taken":0,"max_hp_gain":0,"max_hp_loss":0,"event_name":"Match and Keep!","floor":30,"gold_loss":0,"cards_obtained":[]}],"is_beta":false,"boss_relics":[{"not_picked":["SacredBark","Philosopher\u0027s Stone"],"picked":"WristBlade"}],"items_purged_floors":[],"is_endless":false,"potions_floor_spawned":[7,14,16,18,24,27,29],"killed_by":"Champ","ascension_level":15}}