{"host":"56xwnffi6e9z5l58","time":1607962031,"event":{"mods":["Aspiration","BaseMod","Better Match","Better Note","Better Sensory Stone","BetterRewards","Colored Map","Colored Powertips","Conspire","GifTheSpireLib","Hermit","Highlight Path","Hubris","Infinite Spire","Key Reminder","Minty Spire (QoL Compilation)","Permanent Neow","Quick Restart","Rare Cards Sparkle","Replay The Spire","StSLib","Stuff the Spire","SuperFastMode","Unceasing Turn Reminder"],"gold_per_floor":[114,127,146,146,158,191,191,221,290,290,302,320,338,41,41,136,136,152,152,152,152,171,198,198,215,215,244,244,244,244,244,244,90,90,192,192,210,222,238,254,254,254,254,254,254,0,0,12,27,41,41,41],"floor_reached":53,"playtime":1570,"items_purged":["Strike_B","Doubt"],"score":609,"play_id":"94a5c4bf-4b12-41f7-b283-d03c41b7d281","local_time":"20201215000711","is_ascension_mode":false,"campfire_choices":[{"data":"Sweeping Beam","floor":7,"key":"SMITH"},{"floor":10,"key":"REST"},{"floor":15,"key":"DIG"},{"floor":24,"key":"REST"},{"data":"Darkness","floor":29,"key":"SMITH"},{"floor":42,"key":"REST"},{"data":"conspire:Banana","floor":44,"key":"SMITH"},{"data":"Zap","floor":44,"key":"SMITH"},{"data":"Streamline","floor":47,"key":"SMITH"},{"data":"Thunder Strike","floor":47,"key":"SMITH"},{"data":"Mirror Shield","floor":51,"key":"SMITH"},{"data":"Mirror Shield","floor":51,"key":"SMITH"}],"circlet_count":0,"master_deck":["Defend_B","Defend_B","Defend_B","Defend_B","Zap+1","Dualcast","Storm","Steam","Sweeping Beam+1","Panic Button","Mirror Shield+1","Storm","Streamline+1","White Noise+1","Echo Form","hubris:PowerSurge","All For One","Doom and Gloom","FTL","Conserve Battery+1","Darkness+1","Rebound","StuffTheSpire:Synthwave","Capacitor+1","Specialist","Thunder Strike+1","Conserve Battery","Double Energy","All For One","Crystallizer","conspire:Banana+1","Finesse","infinitespire:Starlight","Hologram","Hologram","Self Repair","Streamline+1","Amplify","Mirror Shield+1"],"relics":["Cracked Core","infinitespire:Lychee Nut","Letter Opener","aspiration:FaultyCoupler","Matryoshka","Raider\u0027s Mask","ReplayFunnel","aspiration:BursterCore","ReplayTheSpireMod:EnergyBall","infinitespire:Golems Mask","Oddly Smooth Stone","aspiration:FrozenJewel","Nloth\u0027s Gift","ReplayTheSpireMod:Ring of Collecting","Ring of Hypnosis","Philosopher\u0027s Stone","Replay:Arrowhead","conspire:SpecialSausage","conspire:DeflatedDodgeball","Ring of Panic","infinitespire:SolderingIron","ClockworkSouvenir"],"acts_visited":["Exordium","TheCity","TheBeyond"],"potions_floor_usage":[6,8,23,35,35],"damage_taken":[{"damage":1,"enemies":"Jaw Worm","floor":1,"turns":4},{"damage":6,"enemies":"Cultist","floor":2,"turns":4},{"damage":2,"enemies":"Small Slimes","floor":3,"turns":4},{"damage":5,"enemies":"2 Fungi Beasts","floor":5,"turns":4},{"damage":26,"enemies":"Replay:BlueRogue","floor":6,"turns":5},{"damage":27,"enemies":"Gremlin Nob","floor":8,"turns":5},{"damage":1,"enemies":"Blue Slaver","floor":11,"turns":4},{"damage":3,"enemies":"conspire:2 RoseBushes","floor":12,"turns":4},{"damage":5,"enemies":"Looter","floor":13,"turns":2},{"damage":21,"enemies":"Hexaghost","floor":16,"turns":7},{"damage":5,"enemies":"Chosen","floor":18,"turns":4},{"damage":5,"enemies":"3 Byrds","floor":22,"turns":3},{"damage":47,"enemies":"Book of Stabbing","floor":23,"turns":6},{"damage":0,"enemies":"Snecko","floor":25,"turns":4},{"damage":0,"enemies":"conspire:Head Lice","floor":27,"turns":4},{"damage":54,"enemies":"Champ","floor":35,"turns":8},{"damage":14,"enemies":"3 Darklings","floor":37,"turns":5},{"damage":20,"enemies":"3 Shapes","floor":38,"turns":4},{"damage":21,"enemies":"Jaw Worm Horde","floor":39,"turns":3},{"damage":12,"enemies":"Transient","floor":40,"turns":5},{"damage":0,"enemies":"3 Darklings","floor":48,"turns":2},{"damage":0,"enemies":"Spire Growth","floor":49,"turns":4},{"damage":33,"enemies":"Jaw Worm Horde","floor":50,"turns":3},{"damage":28,"enemies":"Replay:Hell Engine","floor":52,"turns":6}],"seed_played":"319918071683199510","potions_obtained":[{"floor":2,"key":"SteroidPotion"},{"floor":5,"key":"Fire Potion"},{"floor":11,"key":"Venom Potion"},{"floor":13,"key":"LifebloodPotion"},{"floor":22,"key":"infinitespire:BlackPotion"},{"floor":25,"key":"Cursed Concoction"},{"floor":27,"key":"Regen Potion"},{"floor":37,"key":"Death Potion"},{"floor":40,"key":"LiquidMemories"}],"is_trial":false,"path_per_floor":["M","M","M","?","M","E","R","E","T","R","M","M","M","$","R_BF","B",null,"M","?","?","AVR","M","E","R","M","T","E","?","R","PTL","PTL","?","$","R_BF","B",null,"M","M","M","M","?","R","AVR","R","T","$","R","M","M","M","R","B",null],"character_chosen":"DEFECT","items_purchased":["Raider\u0027s Mask","hubris:PowerSurge","Capacitor+1","Specialist","Hologram","ClockworkSouvenir","Self Repair"],"campfire_rested":3,"item_purchase_floors":[14,14,33,33,46,46,46],"current_hp_per_floor":[51,46,50,50,48,28,28,7,7,22,27,30,30,30,30,15,51,46,46,46,46,46,5,20,26,26,32,32,32,32,32,32,32,47,13,51,40,26,10,4,4,19,19,19,19,19,19,34,55,26,26,23],"gold":41,"neow_bonus":"ONE_RARE_RELIC","is_daily":false,"chose_seed":false,"campfire_upgraded":8,"win_rate":0.0,"timestamp":1607962031,"path_taken":["M","M","M","?","M","E","R","E","T","R","M","M","?","?","R_BF","BOSS","M","?","?","AVR","?","E","R","M","T","E","?","R","PTL","PTL","?","?","R_BF","BOSS","M","?","M","M","?","R","AVR","R","T","$","R","M","M","M","R","BOSS"],"items_purchased_type":["Relic","Card","Card","Card","Card","Relic","Card"],"build_version":"2020-12-13","purchased_purges":2,"victory":true,"max_hp_per_floor":[51,51,51,51,51,51,51,51,51,51,51,51,51,51,51,51,51,51,51,51,51,51,51,51,51,51,51,51,51,51,51,51,51,51,51,51,51,51,51,51,51,51,51,51,51,51,51,53,55,57,57,59],"card_choices":[{"not_picked":["Steam","Sweeping Beam"],"picked":"Storm","floor":1},{"not_picked":["Turbo","Stack"],"picked":"Steam","floor":2},{"not_picked":["Go for the Eyes","Gash"],"picked":"Sweeping Beam","floor":3},{"not_picked":["Sweeping Beam","hubris:Prefetch"],"picked":"Panic Button","floor":5},{"not_picked":["StuffTheSpire:LaunchingStrike","aspiration:Polymerization"],"picked":"Mirror Shield","floor":6},{"not_picked":["StuffTheSpire:LoadUp","Stack"],"picked":"Storm","floor":8},{"not_picked":["Reinforced Body","Sweeping Beam"],"picked":"Streamline","floor":11},{"not_picked":["Go for the Eyes","Coolheaded"],"picked":"White Noise","floor":12},{"not_picked":["BasicCrystalCard","Lockon"],"picked":"Echo Form","floor":13},{"not_picked":["hubris:DoWhile","Echo Form"],"picked":"All For One","floor":16},{"not_picked":["Streamline","Turbo+1"],"picked":"Doom and Gloom","floor":18},{"not_picked":["StuffTheSpire:SnapShoot","Hologram"],"picked":"Conserve Battery+1","floor":22},{"not_picked":["Genetic Algorithm","FTL"],"picked":"Darkness","floor":23},{"not_picked":["Steam","Conserve Battery"],"picked":"Rebound","floor":25},{"not_picked":["Blizzard","ReplayTheSpireMod:System Scan"],"picked":"StuffTheSpire:Synthwave","floor":27},{"not_picked":["Core Surge","ReplayRNGCard"],"picked":"Thunder Strike","floor":35},{"not_picked":["Steam","StuffTheSpire:LoadUp+1"],"picked":"Conserve Battery","floor":37},{"not_picked":["Redo","Conserve Battery+1"],"picked":"Double Energy","floor":38},{"not_picked":["Turbo","StuffTheSpire:LoadUp"],"picked":"All For One","floor":39},{"not_picked":["Go for the Eyes+1","Leap"],"picked":"Crystallizer","floor":40},{"not_picked":["Forethought","Midas Touch"],"picked":"conspire:Banana","floor":41},{"not_picked":["Replay:Parry","Blind"],"picked":"Finesse","floor":41},{"not_picked":["Hologram","Coolheaded"],"picked":"Streamline+1","floor":48},{"not_picked":["Compile Driver","Melter"],"picked":"Amplify","floor":49},{"not_picked":["Recycle","Sweeping Beam+1"],"picked":"Mirror Shield","floor":50}],"player_experience":939702,"relics_obtained":[{"floor":6,"key":"Letter Opener"},{"floor":8,"key":"aspiration:FaultyCoupler"},{"floor":9,"key":"Matryoshka"},{"floor":15,"key":"ReplayFunnel"},{"floor":23,"key":"infinitespire:Golems Mask"},{"floor":26,"key":"Oddly Smooth Stone"},{"floor":26,"key":"aspiration:FrozenJewel"},{"floor":27,"key":"hubris:DeckOfHolding"},{"floor":32,"key":"ReplayTheSpireMod:Ring of Collecting"},{"floor":32,"key":"Ring of Hypnosis"},{"floor":45,"key":"conspire:DeflatedDodgeball"},{"floor":45,"key":"Ring of Panic"},{"floor":45,"key":"infinitespire:SolderingIron"}],"event_choices":[{"cards_removed":["Strike_B"],"damage_healed":0,"gold_gain":0,"player_choice":"Purged","damage_taken":0,"max_hp_gain":0,"max_hp_loss":0,"event_name":"Purifier","floor":4,"gold_loss":0},{"cards_removed":["Strike_B"],"damage_healed":0,"gold_gain":0,"player_choice":"Purged","damage_taken":0,"max_hp_gain":0,"max_hp_loss":0,"event_name":"Purifier","floor":19,"gold_loss":0},{"damage_healed":0,"gold_gain":0,"cards_transformed":["Strike_B"],"player_choice":"Transformed","damage_taken":0,"max_hp_gain":0,"max_hp_loss":0,"event_name":"Transmorgrifier","floor":20,"gold_loss":0,"cards_obtained":["FTL"]},{"damage_healed":0,"gold_gain":0,"player_choice":"Traded Relic","damage_taken":0,"relics_obtained":["Nloth\u0027s Gift"],"max_hp_gain":0,"max_hp_loss":0,"event_name":"N\u0027loth","floor":28,"relics_lost":["hubris:DeckOfHolding"],"gold_loss":0},{"damage_healed":0,"gold_gain":3,"player_choice":"1","damage_taken":0,"max_hp_gain":0,"max_hp_loss":0,"event_name":"betterStone:BetterStone","floor":41,"gold_loss":0}],"is_beta":false,"boss_relics":[{"not_picked":["FrozenCore","Replay:Ancient Bell"],"picked":"aspiration:BursterCore"},{"not_picked":["Busted Crown","aspiration:FutureDiary"],"picked":"Philosopher\u0027s Stone"}],"items_purged_floors":[14,43],"is_endless":false,"potions_floor_spawned":[2,5,11,13,22,25,27,37,40,48],"ascension_level":0}}