{"host":"6wux4armhsntp4yb","time":1607954555,"event":{"mods":["BaseMod","Colored Map","Minty Spire (QoL Compilation)","Relic Stats"],"gold_per_floor":[109,34,45,45,45,45,76,76,99,112,152,170,204,227,227,321,321,344,367,380,401,416,450,450,450,450,465,506,506,521,556,556,647,647,666,1665,1665,1688,2021,2021,2047,2047,2047,2047,2078,2091,2101,1675,1675,1675,1675,1675],"floor_reached":51,"playtime":6751,"items_purged":["Normality"],"score":1849,"play_id":"b4e836b0-af99-46de-b44b-0ca546b8a581","local_time":"20201214230235","is_ascension_mode":true,"campfire_choices":[{"data":"Dash","floor":6.0,"key":"SMITH"},{"data":"Bouncing Flask","floor":8.0,"key":"SMITH"},{"data":"Crippling Poison","floor":15.0,"key":"SMITH"},{"data":"Well Laid Plans","floor":24.0,"key":"SMITH"},{"data":"Calculated Gamble","floor":29.0,"key":"SMITH"},{"data":"Tactician","floor":32.0,"key":"SMITH"},{"data":"Wraith Form v2","floor":40.0,"key":"SMITH"},{"data":"Calculated Gamble","floor":42.0,"key":"SMITH"},{"data":"Catalyst","floor":44.0,"key":"SMITH"},{"floor":49.0,"key":"RECALL"}],"circlet_count":0,"master_deck":["AscendersBane","Survivor","Neutralize+1","Backflip","Bouncing Flask+1","Dash+1","Dagger Spray","Backstab","Die Die Die","PiercingWail","Blade Dance","Crippling Poison+1","Corpse Explosion","Tools of the Trade","Calculated Gamble+1","Escape Plan","Sucker Punch","Catalyst+1","Calculated Gamble+1","Distraction+1","Distraction","Well Laid Plans+1","Blade Dance+1","Cloak And Dagger+1","Tactician+1","Finisher","Acrobatics","Reflex+1","Eviscerate","Malaise","PiercingWail","Normality","Wraith Form v2+1","Predator+1","Well Laid Plans","PiercingWail","Well Laid Plans"],"relics":["Ring of the Snake","Bronze Scales","Anchor","Nunchaku","FossilizedHelix","Blue Candle","Pandora\u0027s Box","Dream Catcher","Mummified Hand","War Paint","The Specimen","HoveringKite","PreservedInsect","Ancient Tea Set","Membership Card","Happy Flower","Strawberry"],"acts_visited":["Exordium","TheCity","TheBeyond"],"potions_floor_usage":[],"damage_taken":[{"damage":1.0,"enemies":"Jaw Worm","floor":1.0,"turns":4.0},{"damage":3.0,"enemies":"2 Louse","floor":3.0,"turns":3.0},{"damage":6.0,"enemies":"Gremlin Nob","floor":7.0,"turns":3.0},{"damage":0.0,"enemies":"Cultist","floor":10.0,"turns":3.0},{"damage":10.0,"enemies":"3 Sentries","floor":11.0,"turns":5.0},{"damage":0.0,"enemies":"Lots of Slimes","floor":12.0,"turns":2.0},{"damage":0.0,"enemies":"Lagavulin","floor":13.0,"turns":5.0},{"damage":0.0,"enemies":"3 Louse","floor":14.0,"turns":1.0},{"damage":12.0,"enemies":"Hexaghost","floor":16.0,"turns":9.0},{"damage":0.0,"enemies":"2 Thieves","floor":18.0,"turns":2.0},{"damage":8.0,"enemies":"Shell Parasite","floor":19.0,"turns":5.0},{"damage":0.0,"enemies":"Snecko","floor":20.0,"turns":3.0},{"damage":0.0,"enemies":"3 Cultists","floor":21.0,"turns":2.0},{"damage":0.0,"enemies":"Centurion and Healer","floor":22.0,"turns":5.0},{"damage":0.0,"enemies":"Book of Stabbing","floor":23.0,"turns":4.0},{"damage":0.0,"enemies":"Snake Plant","floor":27.0,"turns":2.0},{"damage":0.0,"enemies":"Gremlin Leader","floor":28.0,"turns":4.0},{"damage":9.0,"enemies":"Shelled Parasite and Fungi","floor":30.0,"turns":3.0},{"damage":0.0,"enemies":"Book of Stabbing","floor":31.0,"turns":3.0},{"damage":16.0,"enemies":"Collector","floor":33.0,"turns":6.0},{"damage":0.0,"enemies":"3 Shapes","floor":35.0,"turns":2.0},{"damage":4.0,"enemies":"3 Darklings","floor":38.0,"turns":3.0},{"damage":17.0,"enemies":"Reptomancer","floor":41.0,"turns":5.0},{"damage":0.0,"enemies":"Nemesis","floor":45.0,"turns":4.0},{"damage":3.0,"enemies":"Maw","floor":46.0,"turns":5.0},{"damage":0.0,"enemies":"Jaw Worm Horde","floor":47.0,"turns":3.0},{"damage":22.0,"enemies":"Awakened One","floor":50.0,"turns":10.0},{"damage":21,"enemies":"Time Eater","floor":51,"turns":2}],"seed_played":"777986066345819677","potions_obtained":[{"floor":1.0,"key":"FearPotion"},{"floor":3.0,"key":"Fire Potion"},{"floor":11.0,"key":"DuplicationPotion"},{"floor":12.0,"key":"AttackPotion"},{"floor":13.0,"key":"DistilledChaos"},{"floor":19.0,"key":"Strength Potion"},{"floor":23.0,"key":"Poison Potion"},{"floor":27.0,"key":"BlessingOfTheForge"},{"floor":30.0,"key":"Ancient Potion"},{"floor":38.0,"key":"SteroidPotion"}],"is_trial":false,"path_per_floor":["M","$","M","?","?","R","E","R","T","M","E","M","E","M","R","B",null,"M","M","M","M","M","E","R","?","T","M","E","R","M","E","R","B",null,"M","?","?","M","?","R","E","R","T","R","E","M","M","$","R","B","B"],"character_chosen":"THE_SILENT","items_purchased":["Bouncing Flask","Membership Card","Happy Flower","Strawberry","PiercingWail","Well Laid Plans"],"campfire_rested":0,"item_purchase_floors":[2,48,48,48,48,48],"current_hp_per_floor":[58,58,55,55,55,55,49,49,49,49,39,39,39,39,39,27,52,52,44,44,44,44,44,44,49,49,49,49,49,40,40,40,24,51,51,51,51,47,47,47,30,30,30,30,30,27,27,34,34,12,0,0],"gold":1675,"neow_bonus":"UPGRADE_CARD","is_daily":false,"chose_seed":false,"campfire_upgraded":9,"win_rate":0.0,"timestamp":1607954555,"path_taken":["M","$","M","?","?","R","E","R","T","M","E","M","E","M","R","BOSS","M","?","M","M","?","E","R","?","T","?","E","R","M","E","R","BOSS","M","?","?","M","?","R","E","R","T","R","E","M","M","$","R","BOSS","BOSS"],"items_purchased_type":["Card","Relic","Relic","Relic","Card","Card"],"build_version":"2020-12-13","purchased_purges":1,"victory":false,"max_hp_per_floor":[66,66,66,60,60,60,60,60,60,60,60,60,60,60,60,60,60,60,60,60,60,60,60,60,60,60,60,60,60,60,60,60,60,60,60,60,60,60,60,60,60,60,60,60,60,60,60,67,67,67,67,67],"relic_stats":{"Happy Flower":[4],"counters":[28,108],"Blue Candle":[8],"HoveringKite":[25],"PreservedInsect":50,"War Paint":["Reflex","Distraction"],"Nunchaku":[34],"Dream Catcher":0,"Mummified Hand":[21],"Bronze Scales":[304],"Pandora\u0027s Box":["Tools of the Trade","Calculated Gamble","Escape Plan","Sucker Punch","Catalyst","Outmaneuver","Calculated Gamble","Distraction","Distraction","Well Laid Plans"],"obtain_stats":[{"The Specimen":31,"Happy Flower":48,"Golden Idol":4,"Blue Candle":13,"HoveringKite":34,"PreservedInsect":41,"War Paint":28,"Ancient Tea Set":45,"Anchor":7,"Nunchaku":9,"Dream Catcher":23,"Mummified Hand":26,"Bronze Scales":5,"Strawberry":48,"Pandora\u0027s Box":17,"Membership Card":48,"FossilizedHelix":11,"Ring of the Snake":0},{"The Specimen":19,"Happy Flower":26,"Golden Idol":2,"Blue Candle":7,"HoveringKite":20,"PreservedInsect":23,"War Paint":17,"Ancient Tea Set":24,"Anchor":3,"Nunchaku":3,"Dream Catcher":15,"Mummified Hand":15,"Bronze Scales":2,"Strawberry":26,"Pandora\u0027s Box":9,"Membership Card":26,"FossilizedHelix":5,"Ring of the Snake":0},{"The Specimen":68,"Happy Flower":96,"Golden Idol":7,"Blue Candle":25,"HoveringKite":74,"PreservedInsect":84,"War Paint":62,"Ancient Tea Set":88,"Anchor":10,"Nunchaku":10,"Dream Catcher":56,"Mummified Hand":56,"Bronze Scales":7,"Strawberry":96,"Pandora\u0027s Box":35,"Membership Card":96,"FossilizedHelix":18,"Ring of the Snake":0}],"Ring of the Snake":[56]},"card_choices":[{"not_picked":["Acrobatics","Accuracy"],"picked":"Backflip","floor":1.0},{"not_picked":["Cloak And Dagger","Underhanded Strike"],"picked":"Dash","floor":3.0},{"not_picked":["Blade Dance","Dodge and Roll"],"picked":"Dagger Spray","floor":7.0},{"not_picked":["Deadly Poison","Dagger Throw"],"picked":"Backstab","floor":10.0},{"not_picked":["Calculated Gamble","Dodge and Roll"],"picked":"Die Die Die","floor":11.0},{"not_picked":["Outmaneuver","Acrobatics"],"picked":"PiercingWail","floor":12.0},{"not_picked":["Choke","Quick Slash"],"picked":"Blade Dance","floor":13.0},{"not_picked":["Poisoned Stab","Blade Dance"],"picked":"Crippling Poison","floor":14.0},{"not_picked":["Venomology","Tools of the Trade"],"picked":"Corpse Explosion","floor":16.0},{"not_picked":["Dagger Spray","Infinite Blades","Slice"],"picked":"SKIP","floor":18.0},{"not_picked":["Skewer","Flying Knee"],"picked":"Blade Dance+1","floor":19.0},{"not_picked":["Sucker Punch","Blade Dance"],"picked":"Cloak And Dagger+1","floor":20.0},{"not_picked":["Slice","Bane"],"picked":"Tactician","floor":21.0},{"not_picked":["Dagger Spray","All Out Attack"],"picked":"Finisher","floor":22.0},{"not_picked":["Outmaneuver","Bane","Unload"],"picked":"SKIP","floor":23.0},{"not_picked":["Bouncing Flask","All Out Attack"],"picked":"Acrobatics","floor":27.0},{"not_picked":["Backstab+1","Unload"],"picked":"Reflex","floor":28.0},{"not_picked":["Predator","Flying Knee"],"picked":"Eviscerate","floor":30.0},{"not_picked":["Bane","Poisoned Stab","Dodge and Roll"],"picked":"SKIP","floor":31.0},{"not_picked":["Phantasmal Killer","Corpse Explosion"],"picked":"Malaise","floor":33.0},{"not_picked":["Prepared","Underhanded Strike+1"],"picked":"PiercingWail","floor":35.0},{"not_picked":["Deadly Poison","Sucker Punch"],"picked":"Wraith Form v2","floor":38.0},{"not_picked":["Blade Dance","Cloak And Dagger","Flying Knee"],"picked":"SKIP","floor":41.0},{"not_picked":["Riddle With Holes","Dodge and Roll+1"],"picked":"Predator+1","floor":45.0},{"not_picked":["Dash","Masterful Stab+1","Heel Hook+1"],"picked":"SKIP","floor":46.0},{"not_picked":["Dash","Masterful Stab+1","Heel Hook+1"],"picked":"SKIP","floor":46.0},{"not_picked":["Reflex","Skewer"],"picked":"Well Laid Plans","floor":47.0}],"player_experience":5628895,"relics_obtained":[{"floor":5.0,"key":"Bronze Scales"},{"floor":7.0,"key":"Anchor"},{"floor":9.0,"key":"Nunchaku"},{"floor":11.0,"key":"FossilizedHelix"},{"floor":13.0,"key":"Blue Candle"},{"floor":23.0,"key":"Dream Catcher"},{"floor":26.0,"key":"Mummified Hand"},{"floor":28.0,"key":"War Paint"},{"floor":31.0,"key":"The Specimen"},{"floor":41.0,"key":"PreservedInsect"},{"floor":45.0,"key":"Ancient Tea Set"}],"event_choices":[{"damage_healed":0.0,"max_hp_gain":0.0,"max_hp_loss":6.0,"gold_gain":0.0,"event_name":"Golden Idol","player_choice":"Lose Max HP","floor":4.0,"gold_loss":0.0,"damage_taken":0.0,"relics_obtained":["Golden Idol"]},{"damage_healed":0.0,"max_hp_gain":0.0,"max_hp_loss":0.0,"gold_gain":0.0,"event_name":"Wheel of Change","player_choice":"Relic","floor":5.0,"gold_loss":0.0,"damage_taken":0.0},{"cards_removed":["Outmaneuver"],"damage_healed":5.0,"max_hp_gain":0.0,"max_hp_loss":0.0,"gold_gain":0.0,"event_name":"Bonfire Elementals","player_choice":"Offered Common","floor":25.0,"gold_loss":0.0,"damage_taken":0.0},{"cards_removed":["Outmaneuver"],"damage_healed":5.0,"max_hp_gain":0.0,"max_hp_loss":0.0,"gold_gain":0.0,"event_name":"Bonfire Elementals","player_choice":"Offered Special","floor":25.0,"gold_loss":0.0,"damage_taken":0.0},{"damage_healed":0.0,"max_hp_gain":0.0,"max_hp_loss":0.0,"gold_gain":999.0,"event_name":"MindBloom","player_choice":"Gold","floor":36.0,"gold_loss":0.0,"damage_taken":0.0,"cards_obtained":["Normality","Normality"]},{"damage_healed":0.0,"max_hp_gain":0.0,"max_hp_loss":0.0,"gold_gain":0.0,"event_name":"Tomb of Lord Red Mask","player_choice":"Ignored","floor":37.0,"gold_loss":0.0,"damage_taken":0.0},{"damage_healed":0.0,"max_hp_gain":0.0,"max_hp_loss":0.0,"gold_gain":333.0,"event_name":"The Moai Head","player_choice":"Gave Idol","floor":39.0,"relics_lost":["Golden Idol"],"gold_loss":0.0,"damage_taken":0.0}],"is_beta":false,"boss_relics":[{"not_picked":["Black Star","Velvet Choker"],"picked":"Pandora\u0027s Box"},{"not_picked":["Runic Pyramid","Sozu"],"picked":"HoveringKite"}],"items_purged_floors":[48],"is_endless":false,"potions_floor_spawned":[1,3,11,12,13,19,21,23,27,30,35,38,46,47],"killed_by":"Time Eater","ascension_level":20}}