{"host":"dpbezu80jg8zk7un","time":1607968907,"event":{"mods":["BaseMod","Colored Map","Colored Powertips","Custom Start","DeckTracker","Minty Spire (QoL Compilation)","Quick Restart","StSLib","SuperFastMode"],"gold_per_floor":[110,121,121,171,190,190,223,148,148,148,148],"floor_reached":10,"playtime":134,"items_purged":["Defend_P"],"score":132,"play_id":"0e2c871a-ea90-4773-98ca-4e9ff5ae1dae","local_time":"20201215030147","is_ascension_mode":true,"campfire_choices":[{"data":"Eruption","floor":6,"key":"SMITH"}],"circlet_count":0,"master_deck":["AscendersBane","Strike_P","Strike_P","Strike_P","Strike_P","Defend_P","Defend_P","Defend_P","Eruption+1","Vigilance","CrushJoints"],"relics":["PureWater","NeowsBlessing","Singing Bowl"],"acts_visited":["Exordium"],"potions_floor_usage":[7,10],"damage_taken":[{"damage":0.0,"enemies":"Cultist","floor":1.0,"turns":1.0},{"damage":0.0,"enemies":"Small Slimes","floor":2.0,"turns":1.0},{"damage":0,"enemies":"2 Louse","floor":5,"turns":1},{"damage":31,"enemies":"Gremlin Nob","floor":7,"turns":4},{"damage":32,"enemies":"3 Sentries","floor":10,"turns":4}],"seed_played":"-4886468968334364664","potions_obtained":[{"floor":1.0,"key":"Swift Potion"},{"floor":2.0,"key":"PowerPotion"}],"is_trial":false,"path_per_floor":["M","M","?","?","M","R","E","$","T","E"],"character_chosen":"WATCHER","items_purchased":[],"campfire_rested":0,"item_purchase_floors":[],"current_hp_per_floor":[61,61,66,59,59,59,28,28,28,0,0],"gold":148,"neow_bonus":"THREE_ENEMY_KILL","is_daily":false,"chose_seed":false,"campfire_upgraded":1,"win_rate":0.0,"timestamp":1607968907,"path_taken":["M","?","?","?","M","R","E","$","T","E"],"items_purchased_type":[],"build_version":"2020-12-13","purchased_purges":1,"victory":false,"max_hp_per_floor":[68,68,73,73,73,73,73,73,73,73,73],"card_choices":[{"not_picked":["Fasting2","ThirdEye","Study"],"picked":"SKIP","floor":1.0},{"not_picked":["BowlingBash","TalkToTheHand","Weave"],"picked":"SKIP","floor":2.0},{"not_picked":["JustLucky","Wallop","ClearTheMind"],"picked":"SKIP","floor":5},{"not_picked":["Weave","ConjureBlade"],"picked":"CrushJoints","floor":7}],"player_experience":2746372,"relics_obtained":[{"floor":7,"key":"Singing Bowl"}],"event_choices":[{"damage_healed":0.0,"max_hp_gain":5.0,"max_hp_loss":0.0,"gold_gain":0.0,"event_name":"Big Fish","player_choice":"Donut","floor":3.0,"gold_loss":0.0,"damage_taken":0.0},{"damage_healed":0,"gold_gain":50,"player_choice":"Touch","damage_taken":7,"max_hp_gain":0,"max_hp_loss":0,"event_name":"FaceTrader","floor":4,"gold_loss":0}],"is_beta":false,"boss_relics":[],"items_purged_floors":[8],"is_endless":false,"potions_floor_spawned":[1,2],"killed_by":"3 Sentries","ascension_level":20}}