{"host":"ow9msrs9p2ctkx99","time":1607956867,"event":{"mods":["AchievementEnabler","BaseMod","Colored Map","Colored Powertips","Minty Spire (QoL Compilation)","Permanent Neow","Quick Restart","SuperFastMode"],"gold_per_floor":[116,132,132,147,222,222,39,53,103,103,103],"floor_reached":10,"playtime":264,"items_purged":[],"score":104,"play_id":"e6f8b87b-e6c3-4839-a325-50bd4b69b8f8","local_time":"20201214154107","is_ascension_mode":true,"campfire_choices":[{"data":"Neutralize","floor":6.0,"key":"SMITH"}],"circlet_count":0,"master_deck":["AscendersBane","Strike_G","Strike_G","Strike_G","Strike_G","Defend_G","Defend_G","Defend_G","Defend_G","Defend_G","Survivor","Neutralize+1","PiercingWail","Catalyst","Blur","Accuracy","Flash of Steel","PiercingWail"],"relics":["WristBlade","MealTicket"],"acts_visited":["Exordium"],"potions_floor_usage":[10,10],"damage_taken":[{"damage":0.0,"enemies":"Small Slimes","floor":1.0,"turns":4.0},{"damage":3.0,"enemies":"Cultist","floor":2.0,"turns":5.0},{"damage":7.0,"enemies":"Jaw Worm","floor":4.0,"turns":6.0},{"damage":4.0,"enemies":"Exordium Wildlife","floor":8.0,"turns":4.0},{"damage":39,"enemies":"Gremlin Nob","floor":10,"turns":5}],"seed_played":"-5704255414611129782","potions_obtained":[{"floor":2.0,"key":"PowerPotion"},{"floor":8.0,"key":"BlessingOfTheForge"}],"is_trial":false,"path_per_floor":["M","M","?","M","?","R","$","M","T","E"],"character_chosen":"THE_SILENT","items_purchased":["Accuracy","Flash of Steel"],"campfire_rested":0,"item_purchase_floors":[7,7],"current_hp_per_floor":[59,56,56,49,38,38,38,34,34,0,0],"gold":103,"neow_bonus":"BOSS_RELIC","is_daily":false,"chose_seed":false,"campfire_upgraded":1,"win_rate":0.0,"timestamp":1607956867,"path_taken":["M","M","?","?","?","R","$","M","T","E"],"items_purchased_type":["Card","Card"],"build_version":"2020-12-13","purchased_purges":0,"victory":false,"max_hp_per_floor":[66,66,66,66,66,66,66,66,66,66,66],"card_choices":[{"not_picked":["Flechettes","Bane"],"picked":"PiercingWail","floor":1.0},{"not_picked":["Dodge and Roll","Masterful Stab"],"picked":"Catalyst","floor":2.0},{"not_picked":["Caltrops","Bane"],"picked":"Blur","floor":4.0},{"not_picked":["Backflip","Finisher"],"picked":"PiercingWail","floor":8.0}],"player_experience":1062304,"relics_obtained":[{"floor":9.0,"key":"MealTicket"}],"event_choices":[{"cards_removed":["Strike_G"],"damage_healed":0.0,"max_hp_gain":0.0,"max_hp_loss":0.0,"gold_gain":0.0,"event_name":"Purifier","player_choice":"Purged","floor":3.0,"gold_loss":0.0,"damage_taken":0.0},{"damage_healed":0.0,"max_hp_gain":0.0,"max_hp_loss":0.0,"gold_gain":75.0,"event_name":"World of Goop","player_choice":"Gather Gold","floor":5.0,"gold_loss":0.0,"damage_taken":11.0}],"is_beta":false,"boss_relics":[],"items_purged_floors":[],"is_endless":false,"potions_floor_spawned":[2,8],"killed_by":"Gremlin Nob","ascension_level":16}}