{"host":"79x1xq0joessh4ki","time":1607952297,"event":{"mods":["BaseMod","Hermit","Minty Spire (QoL Compilation)","Relic Stats","StSLib"],"gold_per_floor":[116,128,145,145,163,188,204,204,204,204,224,224,224],"floor_reached":12,"playtime":445,"items_purged":[],"score":164,"play_id":"d5c10ec1-82ac-4671-ab35-a68f1894a6e5","local_time":"20201214142457","is_ascension_mode":true,"campfire_choices":[{"floor":8,"key":"REST"},{"data":"hermit:Snapshot","floor":10,"key":"SMITH"}],"circlet_count":0,"master_deck":["AscendersBane","hermit:Strike_Hermit","hermit:Strike_Hermit","hermit:Strike_Hermit","hermit:Strike_Hermit","hermit:Defend_Hermit+1","hermit:Defend_Hermit","hermit:Defend_Hermit","hermit:Defend_Hermit","hermit:Snapshot+1","hermit:Covet+1","hermit:Ricochet","hermit:Snipe","hermit:GhostlyPresence","hermit:GhostlyPresence","hermit:LoneWolf","hermit:Enervate"],"relics":["Runic Pyramid","Mercury Hourglass","Oddly Smooth Stone"],"acts_visited":["Exordium"],"potions_floor_usage":[],"damage_taken":[{"damage":0,"enemies":"2 Louse","floor":1,"turns":3},{"damage":2,"enemies":"Jaw Worm","floor":2,"turns":3},{"damage":0,"enemies":"Cultist","floor":3,"turns":3},{"damage":3,"enemies":"Looter","floor":5,"turns":2},{"damage":20,"enemies":"Lagavulin","floor":6,"turns":5},{"damage":0,"enemies":"Exordium Wildlife","floor":7,"turns":4},{"damage":0,"enemies":"Large Slime","floor":11,"turns":5},{"damage":8,"enemies":"Gremlin Nob","floor":12,"turns":3}],"seed_played":"-471549083548960498","potions_obtained":[{"floor":5,"key":"hermit:Eclipse"},{"floor":11,"key":"Energy Potion"}],"is_trial":false,"path_per_floor":["M","M","M","?","M","E","M","R","T","R","M","E"],"character_chosen":"HERMIT","items_purchased":[],"campfire_rested":1,"item_purchase_floors":[],"current_hp_per_floor":[64,62,62,41,38,18,18,39,39,39,39,31,31],"gold":224,"neow_bonus":"BOSS_RELIC","is_daily":false,"chose_seed":false,"campfire_upgraded":1,"win_rate":0.0,"timestamp":1607952297,"path_taken":["M","M","M","?","M","E","M","R","T","R","M","E"],"items_purchased_type":[],"build_version":"2020-12-13","purchased_purges":0,"victory":false,"max_hp_per_floor":[71,71,71,71,71,71,71,71,71,71,71,71,71],"relic_stats":{"counters":[8,28],"obtain_stats":[{"Oddly Smooth Stone":9,"hermit:Momento":0,"Runic Pyramid":0,"Mercury Hourglass":6},{"Oddly Smooth Stone":6,"hermit:Momento":0,"Runic Pyramid":0,"Mercury Hourglass":5},{"Oddly Smooth Stone":20,"hermit:Momento":0,"Runic Pyramid":0,"Mercury Hourglass":16}],"Mercury Hourglass":[39]},"card_choices":[{"not_picked":["hermit:Vantage","hermit:Glare","hermit:Dive"],"picked":"SKIP","floor":1},{"not_picked":["hermit:Feint","hermit:Vantage"],"picked":"hermit:Ricochet","floor":2},{"not_picked":["hermit:Manifest","hermit:Virtue"],"picked":"hermit:Snipe","floor":3},{"not_picked":["hermit:TakeAim","hermit:TakeCover"],"picked":"hermit:GhostlyPresence","floor":5},{"not_picked":["hermit:Roughhouse","hermit:Dive"],"picked":"hermit:GhostlyPresence","floor":6},{"not_picked":["hermit:CalledShot","hermit:Scavenge"],"picked":"hermit:LoneWolf","floor":7},{"not_picked":["hermit:Dive","hermit:Vantage"],"picked":"hermit:Enervate","floor":11}],"player_experience":688788,"relics_obtained":[{"floor":6,"key":"Mercury Hourglass"},{"floor":9,"key":"Oddly Smooth Stone"}],"event_choices":[{"damage_healed":0,"gold_gain":0,"player_choice":"Entered Light","damage_taken":21,"max_hp_gain":0,"max_hp_loss":0,"event_name":"Shining Light","floor":4,"gold_loss":0,"cards_upgraded":["hermit:Defend_Hermit","hermit:Covet"]}],"is_beta":false,"boss_relics":[],"items_purged_floors":[],"is_endless":false,"potions_floor_spawned":[5,11],"killed_by":"Gremlin Nob","ascension_level":20}}