{"host":"auv68s8i97pkmhwr","time":1607937744,"event":{"mods":["AchievementEnabler","BaseMod","Best Route Mod","Bestiary","Better Altar","Better Match","Better Note","Better Sensory Stone","Better Skull","Better Third Choice","Better Vampires","BetterRewards","Block Reminder","Colored Map","Colored Powertips","Displayed Cursed Tome","Minty Spire (QoL Compilation)","StSLib","SuperFastMode","Uncapped","Unceasing Turn Reminder"],"gold_per_floor":[113,126,140,140,155,155,188,188,268,268,299,382,413,468,480,616,628,653,575,587,599,624,671,683,734,792,804,847,875,902,914,926,1061,1073,1109,651,669,669,689,722,781,804,804,819,863,863,887,921,921,921,921,921,567,608,608],"floor_reached":56,"playtime":1573,"items_purged":["Strike_R","Strike_R","Strike_R"],"score":2573,"play_id":"f856ca6d-9dfb-4751-9fb3-dfe5db985b87","local_time":"20201214172224","is_ascension_mode":true,"campfire_choices":[{"data":"Inflame","floor":6,"key":"SMITH"},{"data":"Whirlwind","floor":8,"key":"SMITH"},{"data":"Sword Boomerang","floor":15,"key":"SMITH"},{"data":"True Grit","floor":27,"key":"SMITH"},{"data":"Bash","floor":32,"key":"SMITH"},{"data":"Limit Break","floor":46,"key":"SMITH"},{"floor":49,"key":"RECALL"},{"data":"Inflame","floor":52,"key":"SMITH"}],"circlet_count":0,"master_deck":["AscendersBane","Strike_R","Defend_R","Defend_R","Bash+1","Shrug It Off+1","Inflame+1","Whirlwind+1","Sword Boomerang+1","True Grit+1","Shockwave+1","Double Tap+1","Iron Wave+1","Dropkick+1","Inflame+1","Body Slam+1","Shrug It Off","Limit Break+1","Burning Pact","Corruption"],"relics":["Burning Blood","Pocketwatch","Blood Vial","Bag of Preparation","CaptainsWheel","Sling","Thread and Needle","Gremlin Horn","Peace Pipe","Golden Idol","Magic Flower","MawBank","Molten Egg 2","Boot","Sozu","Oddly Smooth Stone","War Paint","Happy Flower","Dead Branch","Enchiridion","Mark of Pain","Mummified Hand","Bag of Marbles","Pen Nib","StoneCalendar","Calipers","Question Card","Dream Catcher","Membership Card","Vajra","InkBottle","HornCleat"],"acts_visited":["Exordium","TheCity","TheBeyond","TheEnding"],"potions_floor_usage":[12,16,55,55],"damage_taken":[{"damage":0,"enemies":"Jaw Worm","floor":1,"turns":3},{"damage":8,"enemies":"Small Slimes","floor":2,"turns":3},{"damage":9,"enemies":"2 Louse","floor":3,"turns":2},{"damage":2,"enemies":"Exordium Thugs","floor":5,"turns":4},{"damage":12,"enemies":"Gremlin Nob","floor":7,"turns":3},{"damage":15,"enemies":"3 Sentries","floor":11,"turns":3},{"damage":6,"enemies":"3 Sentries","floor":12,"turns":2},{"damage":0,"enemies":"3 Louse","floor":13,"turns":1},{"damage":0,"enemies":"Lagavulin","floor":14,"turns":4},{"damage":27,"enemies":"Hexaghost","floor":16,"turns":5},{"damage":0,"enemies":"Spheric Guardian","floor":18,"turns":2},{"damage":0,"enemies":"Chosen","floor":22,"turns":4},{"damage":0,"enemies":"Gremlin Leader","floor":23,"turns":3},{"damage":0,"enemies":"Book of Stabbing","floor":25,"turns":3},{"damage":0,"enemies":"Slavers","floor":28,"turns":1},{"damage":0,"enemies":"Snecko","floor":29,"turns":2},{"damage":0,"enemies":"3 Cultists","floor":30,"turns":2},{"damage":50,"enemies":"Automaton","floor":33,"turns":8},{"damage":3,"enemies":"3 Shapes","floor":35,"turns":1},{"damage":0,"enemies":"Orb Walker","floor":37,"turns":2},{"damage":0,"enemies":"Spire Growth","floor":39,"turns":2},{"damage":0,"enemies":"Giant Head","floor":40,"turns":4},{"damage":1,"enemies":"2 Orb Walkers","floor":41,"turns":2},{"damage":5,"enemies":"Maw","floor":42,"turns":3},{"damage":20,"enemies":"4 Shapes","floor":44,"turns":1},{"damage":0,"enemies":"Reptomancer","floor":45,"turns":1},{"damage":3,"enemies":"Transient","floor":47,"turns":3},{"damage":0,"enemies":"Nemesis","floor":48,"turns":1},{"damage":3,"enemies":"Donu and Deca","floor":50,"turns":3},{"damage":23,"enemies":"Shield and Spear","floor":54,"turns":3},{"damage":18,"enemies":"The Heart","floor":55,"turns":5}],"seed_played":"-4884552214761935253","potions_obtained":[{"floor":1,"key":"Strength Potion"},{"floor":5,"key":"EssenceOfSteel"},{"floor":13,"key":"SneckoOil"},{"floor":16,"key":"Fruit Juice"}],"is_trial":false,"path_per_floor":["M","M","M","?","M","R","E","R","T","$","E","?","M","E","R","B",null,"M","?","?","$","M","E","?","E","T","R","E","M","M","?","R","B",null,"M","$","M","?","M","E","?","M","T","M","E","R","M","E","R","B",null,"R","$","E","B",null],"character_chosen":"IRONCLAD","items_purchased":["Blood Vial","Bag of Preparation","CaptainsWheel","Sling","Shrug It Off","Gremlin Horn","Inflame","SteroidPotion","ColorlessPotion","Mummified Hand","Bag of Marbles","Inflame","Membership Card","Vajra","InkBottle"],"campfire_rested":0,"item_purchase_floors":[0,0,0,0,0,0,0,0,0,36,36,36,53,53,53],"current_hp_per_floor":[80,78,77,57,63,63,59,59,59,59,56,62,74,80,80,62,76,80,80,80,80,80,80,80,80,80,80,80,80,80,64,64,26,67,76,76,80,76,76,76,76,76,76,65,76,76,76,76,76,76,76,76,76,62,64],"gold":608,"neow_bonus":"","is_daily":false,"chose_seed":false,"campfire_upgraded":7,"win_rate":0.0,"timestamp":1607937744,"path_taken":["M","M","M","?","M","R","E","R","T","$","E","?","M","E","R","BOSS","M","?","?","$","?","E","?","E","T","R","E","M","M","?","R","BOSS","M","$","M","?","M","E","?","M","T","M","E","R","M","E","R","BOSS","R","$","E","BOSS"],"items_purchased_type":["Relic","Relic","Relic","Relic","Card","Relic","Card","Potion","Potion","Relic","Relic","Card","Relic","Relic","Relic"],"build_version":"2020-12-13","purchased_purges":3,"victory":true,"max_hp_per_floor":[80,80,80,80,80,80,80,80,80,80,80,80,80,80,80,80,80,80,80,80,80,80,80,80,80,80,80,80,80,80,80,80,80,80,80,80,80,76,76,76,76,76,76,76,76,76,76,76,76,76,76,76,76,76,81],"card_choices":[{"not_picked":["Intimidate","Havoc","Flex"],"picked":"SKIP","floor":1},{"not_picked":["Feel No Pain","Rupture"],"picked":"Whirlwind","floor":2},{"not_picked":["Wild Strike","Cleave","Heavy Blade"],"picked":"SKIP","floor":3},{"not_picked":["Twin Strike","Immolate","Heavy Blade"],"picked":"SKIP","floor":5},{"not_picked":["Clash","True Grit"],"picked":"Sword Boomerang","floor":7},{"not_picked":["Uppercut","Thunderclap"],"picked":"True Grit","floor":11},{"not_picked":["Feed+1","Armaments"],"picked":"Shockwave","floor":13},{"not_picked":["Rampage+1","Pommel Strike+1","Warcry"],"picked":"SKIP","floor":14},{"not_picked":["Impervious","Barricade"],"picked":"Double Tap","floor":16},{"not_picked":["Headbutt+1","Cleave+1","Heavy Blade+1"],"picked":"SKIP","floor":18},{"not_picked":["Perfected Strike+1","Armaments","Clothesline+1"],"picked":"SKIP","floor":22},{"not_picked":["Iron Wave+1","Hemokinesis+1","Flame Barrier"],"picked":"SKIP","floor":23},{"not_picked":["Iron Wave+1","Body Slam+1"],"picked":"Dropkick+1","floor":25},{"not_picked":["Thunderclap+1","Anger+1","Reckless Charge+1"],"picked":"SKIP","floor":28},{"not_picked":["Thunderclap+1","Anger+1","Reckless Charge+1"],"picked":"SKIP","floor":28},{"not_picked":["Perfected Strike+1","Intimidate","True Grit+1"],"picked":"SKIP","floor":29},{"not_picked":["Ghostly Armor","Havoc+1","Pummel+1"],"picked":"SKIP","floor":30},{"not_picked":["Clash+1","Dropkick+1","Sword Boomerang+1"],"picked":"SKIP","floor":35},{"not_picked":["Anger+1","Bloodletting+1","Blood for Blood+1"],"picked":"SKIP","floor":37},{"not_picked":["Searing Blow+1","Blood for Blood+1","Flex"],"picked":"SKIP","floor":39},{"not_picked":["Rampage+1","Ghostly Armor"],"picked":"Body Slam+1","floor":40},{"not_picked":["Body Slam+1","Sentinel+1","Bloodletting+1"],"picked":"SKIP","floor":42},{"not_picked":["Power Through","Clothesline+1"],"picked":"Shrug It Off","floor":44},{"not_picked":["True Grit","Twin Strike+1"],"picked":"Limit Break","floor":45},{"not_picked":["Dropkick+1","Clothesline+1","Wild Strike+1","Armaments"],"picked":"SKIP","floor":47},{"not_picked":["Uppercut+1","Cleave+1","Perfected Strike+1"],"picked":"Burning Pact","floor":48},{"not_picked":["True Grit","Headbutt+1","Twin Strike+1"],"picked":"Corruption","floor":54}],"player_experience":1223612,"relics_obtained":[{"floor":7,"key":"Magic Flower"},{"floor":11,"key":"MawBank"},{"floor":14,"key":"Boot"},{"floor":23,"key":"Oddly Smooth Stone"},{"floor":25,"key":"War Paint"},{"floor":26,"key":"Happy Flower"},{"floor":28,"key":"Dead Branch"},{"floor":40,"key":"Pen Nib"},{"floor":41,"key":"StoneCalendar"},{"floor":43,"key":"Calipers"},{"floor":45,"key":"Question Card"},{"floor":48,"key":"Dream Catcher"},{"floor":54,"key":"HornCleat"}],"event_choices":[{"damage_healed":0,"gold_gain":0,"player_choice":"Take Damage","damage_taken":20,"relics_obtained":["Golden Idol"],"max_hp_gain":0,"max_hp_loss":0,"event_name":"Golden Idol","floor":4,"gold_loss":0},{"damage_healed":0,"gold_gain":30,"player_choice":"Searched \u00273\u0027 times","damage_taken":0,"relics_obtained":["Molten Egg 2"],"max_hp_gain":0,"max_hp_loss":0,"event_name":"Dead Adventurer","floor":12,"gold_loss":0},{"cards_removed":["Strike_R"],"damage_healed":0,"gold_gain":0,"player_choice":"Upgrade and Remove","damage_taken":0,"max_hp_gain":0,"max_hp_loss":0,"event_name":"Designer","floor":19,"gold_loss":90,"cards_upgraded":["Shrug It Off"]},{"cards_removed":["Defend_R"],"damage_healed":0,"gold_gain":0,"player_choice":"Card Removal","damage_taken":0,"max_hp_gain":0,"max_hp_loss":0,"event_name":"Wheel of Change","floor":20,"gold_loss":0},{"damage_healed":0,"gold_gain":0,"cards_transformed":["Defend_R"],"player_choice":"Transformed","damage_taken":0,"max_hp_gain":0,"max_hp_loss":0,"event_name":"Transmorgrifier","floor":24,"gold_loss":0,"cards_obtained":["Iron Wave"]},{"damage_healed":0,"gold_gain":0,"player_choice":"Obtained Book","damage_taken":16,"max_hp_gain":0,"max_hp_loss":0,"event_name":"Cursed Tome","floor":31,"gold_loss":0},{"damage_healed":0,"gold_gain":0,"player_choice":"Max HP","damage_taken":0,"max_hp_gain":0,"max_hp_loss":4,"event_name":"Winding Halls","floor":38,"gold_loss":0},{"damage_healed":0,"gold_gain":0,"player_choice":"Fight","damage_taken":0,"max_hp_gain":0,"max_hp_loss":0,"event_name":"Mysterious Sphere","floor":41,"gold_loss":0}],"is_beta":false,"boss_relics":[{"not_picked":["Busted Crown","Pandora\u0027s Box"],"picked":"Sozu"},{"not_picked":["Empty Cage","SlaversCollar"],"picked":"Mark of Pain"}],"items_purged_floors":[0,0,0],"is_endless":false,"potions_floor_spawned":[1,5,13,16,22,25,30,37,41,42,44,47],"ascension_level":10}}