{"host":"wwt2ezt6nhdbor27","time":1607912759,"event":{"mods":["Act Like it!","Bard","BaseMod","Beaked The Cultist","Colored Map","Glutton Mod","Hermit","Highlight Path","Jorbs\u0027s Wanderer Trilogy","Mad Scientist","Marisa????????","Minty Spire (QoL Compilation)","Relic Stats","StSLib","The Bug Knight","The Construct","The Cursed","The Mystic","The Servant 0.9.4","The Witch"],"gold_per_floor":[119,119,119,137,161,161,177,177,177,177,220,220,236,260,260,385,385,410,423,442,4,27,58,58,58,126,159,172,196,196,196,196],"floor_reached":31,"playtime":4840,"items_purged":[],"score":329,"play_id":"9135890d-e0e9-46ec-964a-250898484407","local_time":"20201213182559","is_ascension_mode":false,"campfire_choices":[{"data":"Comet","floor":6,"key":"SMITH"},{"data":"Gouge","floor":8,"key":"SMITH"},{"data":"KidneyShot","floor":10,"key":"SMITH"},{"floor":15,"key":"REST"},{"floor":24,"key":"REST"}],"circlet_count":0,"master_deck":["Strike_S","Strike_S","Defend_S","Defend_S","Defend_S","Defend_S","KidneyShot+1","Exchange","Defy+1","Ricochet","Comet+1","Gouge+1","StarChef+1","BottledTime","Contraction","SoulSculpture+1","TheCursedMod:Dregs","Rewind+1","BestPractice+1","Contraction+1","Barrier","TimeWarp+1","Potential+1","Spin","BottledTime","Read","GearUp","BottledTime+1","InstantArmor+1","FastForward","Moonlight","Starlight","SilverBlades+1","InstantArmor","Comet"],"relics":["Uniform","Golden Idol","Frozen Egg 2","Mummified Hand","WarpedTongs","Astrolabe","PreservedInsect","Orrery","Whetstone","Lantern","Letter Opener","Juzu Bracelet"],"acts_visited":["Exordium","TheCity"],"potions_floor_usage":[11,22,31],"damage_taken":[{"damage":0,"enemies":"2 Louse","floor":1,"turns":3},{"damage":0,"enemies":"Small Slimes","floor":4,"turns":4},{"damage":1,"enemies":"Cultist","floor":5,"turns":4},{"damage":6,"enemies":"3 Louse","floor":7,"turns":3},{"damage":3,"enemies":"Lagavulin","floor":11,"turns":5},{"damage":9,"enemies":"Gremlin Gang","floor":13,"turns":7},{"damage":8,"enemies":"Red Slaver","floor":14,"turns":4},{"damage":15,"enemies":"Hexaghost","floor":16,"turns":11},{"damage":0,"enemies":"Spheric Guardian","floor":18,"turns":4},{"damage":0,"enemies":"Shell Parasite","floor":19,"turns":8},{"damage":0,"enemies":"Snecko","floor":20,"turns":6},{"damage":28,"enemies":"Cultist and Chosen","floor":22,"turns":15},{"damage":35,"enemies":"Slavers","floor":23,"turns":9},{"damage":0,"enemies":"HollowMod:Nosk","floor":27,"turns":11},{"damage":0,"enemies":"Snake Plant","floor":28,"turns":4},{"damage":0,"enemies":"Sentry and Sphere","floor":29,"turns":4},{"damage":22,"enemies":"3 Cultists","floor":31,"turns":4}],"seed_played":"5592036975210747732","potions_obtained":[{"floor":7,"key":"BlessingOfTheForge"},{"floor":11,"key":"BlessingOfTheForge"},{"floor":13,"key":"Ancient Potion"},{"floor":19,"key":"Swift Potion"},{"floor":23,"key":"SteroidPotion"},{"floor":28,"key":"BlessingOfTheForge"}],"is_trial":false,"path_per_floor":["M","?","?","M","M","R","M","R","T","R","E","?","M","M","R","B",null,"M","M","M","$","M","E","R","?","T","E","M","M","?","M"],"character_chosen":"THE_SERVANT","items_purchased":["PreservedInsect","Potential","Spin","BottledTime","Orrery"],"campfire_rested":2,"item_purchase_floors":[21,21,21,21,21],"current_hp_per_floor":[71,54,54,54,53,53,47,47,47,47,44,44,35,27,48,33,71,71,71,71,71,43,8,29,29,29,29,29,29,20,0,0],"gold":196,"neow_bonus":"TEN_PERCENT_HP_BONUS","is_daily":false,"chose_seed":false,"campfire_upgraded":3,"win_rate":0.0,"timestamp":1607912759,"path_taken":["M","?","?","M","M","R","M","R","T","R","E","?","M","M","R","BOSS","M","?","M","$","M","E","R","?","T","E","M","M","?","M"],"items_purchased_type":["Relic","Card","Card","Card","Relic"],"build_version":"2020-12-13","purchased_purges":0,"victory":false,"max_hp_per_floor":[71,71,71,71,71,71,71,71,71,71,71,71,71,71,71,71,71,71,71,71,71,71,71,71,71,71,71,71,71,71,71,71],"relic_stats":{"counters":[17,106],"Golden Idol":92,"Mummified Hand":[25],"Astrolabe":["TheCursedMod:Dregs","Rewind","BestPractice"],"PreservedInsect":51,"Juzu Bracelet":1,"Whetstone":["SoulSculpture","Potential"],"Letter Opener":[69],"obtain_stats":[{"Lantern":25,"Golden Idol":2,"Mummified Hand":11,"Astrolabe":17,"Orrery":21,"PreservedInsect":21,"Uniform":0,"Juzu Bracelet":27,"Whetstone":23,"Letter Opener":26,"Frozen Egg 2":9,"WarpedTongs":12},{"Lantern":13,"Golden Idol":1,"Mummified Hand":5,"Astrolabe":8,"Orrery":11,"PreservedInsect":11,"Uniform":0,"Juzu Bracelet":14,"Whetstone":13,"Letter Opener":13,"Frozen Egg 2":4,"WarpedTongs":5},{"Lantern":83,"Golden Idol":3,"Mummified Hand":19,"Astrolabe":41,"Orrery":59,"PreservedInsect":59,"Uniform":0,"Juzu Bracelet":94,"Whetstone":83,"Letter Opener":83,"Frozen Egg 2":14,"WarpedTongs":19}],"WarpedTongs":[79]},"card_choices":[{"not_picked":["Unruled","Starlight"],"picked":"Defy","floor":1},{"not_picked":["Unruled","Potential"],"picked":"Ricochet","floor":4},{"not_picked":["WasteNot","Rearm"],"picked":"Comet","floor":5},{"not_picked":["Moonlight","Potential"],"picked":"Gouge","floor":7},{"not_picked":["RealityMarble+1","Collapse"],"picked":"StarChef+1","floor":11},{"not_picked":["ShatteredReality","Read"],"picked":"BottledTime","floor":13},{"not_picked":["Replace","SpecialFormula"],"picked":"Contraction","floor":14},{"not_picked":["Duplication","FlawlessForm+1"],"picked":"SoulSculpture","floor":16},{"not_picked":["TimeWarp","FastForward"],"picked":"Contraction+1","floor":18},{"not_picked":["Replace","Alleviate"],"picked":"Barrier","floor":19},{"not_picked":["RealityMarble+1","Ricochet"],"picked":"TimeWarp+1","floor":20},{"not_picked":["Ricochet","TimeWarp"],"picked":"Read","floor":21},{"not_picked":["Unruled","StarChef+1"],"picked":"GearUp","floor":21},{"not_picked":["TimeWarp+1","Shuttle"],"picked":"BottledTime+1","floor":21},{"not_picked":["FanOfKnives","Replace+1"],"picked":"InstantArmor+1","floor":21},{"not_picked":["Rearm","Rewind+1"],"picked":"FastForward","floor":21},{"not_picked":["FastForward","PendulumOfEternity"],"picked":"Moonlight","floor":22},{"not_picked":["Revamp","Gouge"],"picked":"Starlight","floor":23},{"not_picked":["Reset","Desolation+1"],"picked":"SilverBlades+1","floor":27},{"not_picked":["Starlight","Snipe"],"picked":"InstantArmor","floor":28},{"not_picked":["Ricochet+1","InstantArmor"],"picked":"Comet","floor":29}],"player_experience":172604,"relics_obtained":[{"floor":9,"key":"Frozen Egg 2"},{"floor":11,"key":"Mummified Hand"},{"floor":23,"key":"Whetstone"},{"floor":26,"key":"Letter Opener"},{"floor":27,"key":"Juzu Bracelet"}],"event_choices":[{"damage_healed":0,"gold_gain":0,"player_choice":"Take Damage","damage_taken":17,"relics_obtained":["Golden Idol"],"max_hp_gain":0,"max_hp_loss":0,"event_name":"Golden Idol","floor":2,"gold_loss":0},{"damage_healed":0,"gold_gain":0,"player_choice":"Grow","damage_taken":0,"max_hp_gain":0,"max_hp_loss":0,"event_name":"Living Wall","floor":3,"gold_loss":0,"cards_upgraded":["Defy"]},{"damage_healed":0,"gold_gain":0,"player_choice":"Rummage","damage_taken":0,"relics_obtained":["WarpedTongs"],"max_hp_gain":0,"max_hp_loss":0,"event_name":"Accursed Blacksmith","floor":12,"gold_loss":0,"cards_obtained":["Pain"]},{"damage_healed":0,"gold_gain":0,"player_choice":"Gave Potion","damage_taken":0,"relics_obtained":["Lantern"],"max_hp_gain":0,"max_hp_loss":0,"event_name":"WeMeetAgain","floor":25,"gold_loss":0},{"damage_healed":0,"gold_gain":0,"player_choice":"Stopped","damage_taken":9,"max_hp_gain":0,"max_hp_loss":0,"event_name":"Cursed Tome","floor":30,"gold_loss":0}],"is_beta":false,"boss_relics":[{"not_picked":["SacredBark","construct:ClawGrip"],"picked":"Astrolabe"}],"items_purged_floors":[],"is_endless":false,"potions_floor_spawned":[7,11,13,19,20,23,28],"killed_by":"3 Cultists","ascension_level":0}}