{"host":"hlo0wt5fjlilsn9r","time":1607974967,"event":{"mods":["AchievementEnabler","Aspiration","Bard","BaseMod","Beaked The Cultist","Better Altar","Better Match","Better Note","Better Sensory Stone","Better Skull","Better Third Choice","BetterRewards","CCEM","Colored Map","Conspire","Downfall","Friendly Minions","GifTheSpireLib","Halation","Hermit","Highlight Path","Hubris","Hunter ?人","Jedi Mod","Jorbs\u0027s Wanderer Trilogy","Kiyohime（清?）","Mad Scientist","Marisa（霧雨　魔理沙）","Mimic Mod","Minty Spire (QoL Compilation)","Permanent Neow","Replay The Spire","Shade Mod","Spicy Shops","StSLib","Stuff the Spire","Td1madao Mod","The Administrix","The Blackbeard","The Bug Knight","The Construct","The Cursed","The Disciple","The Gatherer","The Hierophant","The Mystic","The Necromancer","The Runesmith","The Servant 0.9.4","The Spell Scribe","The Witch","Unceasing Turn Reminder","[IsaacMod]以撒尖塔"],"gold_per_floor":[110,110,129,129,129,163,163,178,209,226,237,237,252,252,252,348,348,361,361,372,382,227,227,227,227],"floor_reached":24,"playtime":1822,"items_purged":[],"score":198,"play_id":"0cea5bf6-f2d6-40b3-98b4-eb40f80b41a8","local_time":"20201214114247","is_ascension_mode":false,"campfire_choices":[{"floor":12,"key":"REST"},{"data":"SilverBlades","floor":15,"key":"SMITH"},{"floor":23,"key":"REST"}],"circlet_count":0,"master_deck":["Strike_S","Strike_S","Strike_S","Defend_S","Defend_S","Defend_S","Defend_S","KidneyShot","Exchange","FastForward+1","Deny","BottledTime","Injury","Moonlight+1","SilverBlades+1","SurpressingFire","Ricochet+1","FloweringNight","Ricochet+1","Sunlight+1","StarChef","SilverBlades+1","SurpressingFire","Rearm"],"relics":["Uniform","HushsDoor","TheBean","halation:PurpleSoulGem","Molten Egg 2","Letter Opener","halation:BottledHappiness"],"acts_visited":["Exordium","TheCity"],"potions_floor_usage":[11,18,21],"damage_taken":[{"damage":1,"enemies":"Cultist","floor":1,"turns":5},{"damage":3,"enemies":"conspire:RoseBush","floor":3,"turns":4},{"damage":37,"enemies":"3 Sentries","floor":6,"turns":14},{"damage":5,"enemies":"Small Slimes","floor":8,"turns":2},{"damage":0,"enemies":"Blue Slaver","floor":9,"turns":6},{"damage":5,"enemies":"Blue Slaver","floor":10,"turns":4},{"damage":0,"enemies":"Large Slime","floor":11,"turns":4},{"damage":5,"enemies":"Looter","floor":13,"turns":4},{"damage":25,"enemies":"Hexaghost","floor":16,"turns":8},{"damage":27,"enemies":"2 Thieves","floor":18,"turns":4},{"damage":18,"enemies":"Shell Parasite","floor":20,"turns":5},{"damage":19,"enemies":"Cultist and Chosen","floor":21,"turns":6},{"damage":23,"enemies":"conspire:Head Lice","floor":24,"turns":3}],"seed_played":"-1383417335015844873","potions_obtained":[{"floor":3,"key":"jedi:holywater"},{"floor":8,"key":"Venom Potion"},{"floor":10,"key":"LifebloodPotion"},{"floor":11,"key":"Dexterity Potion"},{"floor":16,"key":"jedi:hoardpotion"}],"is_trial":false,"path_per_floor":["M","?","M","?","?","E","$","M","MIM","M","M","R","M","?","R","B",null,"M","?","M","M","$","R","E"],"character_chosen":"THE_SERVANT","items_purchased":["halation:BottledHappiness"],"campfire_rested":2,"item_purchase_floors":[22],"current_hp_per_floor":[64,64,61,61,61,24,24,19,19,14,14,33,28,49,49,24,65,38,38,20,1,1,20,0,0],"gold":227,"neow_bonus":"TRANSFORM_CARD","is_daily":false,"chose_seed":false,"campfire_upgraded":1,"win_rate":0.0,"timestamp":1607974967,"path_taken":["M","?","M","?","?","E","?","M","MIM","M","?","R","M","?","R","BOSS","M","?","M","M","$","R","E"],"items_purchased_type":["Relic"],"build_version":"2020-12-13","purchased_purges":0,"victory":false,"max_hp_per_floor":[65,65,65,65,65,65,65,65,65,65,65,65,65,65,65,65,65,65,65,65,65,65,65,65,65],"card_choices":[{"not_picked":["DoubleEdge","Unruled"],"picked":"Deny","floor":1},{"not_picked":["Defy","FastForward"],"picked":"BottledTime","floor":3},{"not_picked":["Reset","Comet+1"],"picked":"Moonlight+1","floor":6},{"not_picked":["DualDimension","Ricochet+1"],"picked":"SilverBlades","floor":8},{"not_picked":["Barrier","Ricochet+1"],"picked":"SurpressingFire","floor":9},{"not_picked":["Replace","Defy"],"picked":"Ricochet+1","floor":10},{"not_picked":["TimeWarp+1","Alleviate"],"picked":"FloweringNight","floor":11},{"not_picked":["Revamp","DoubleEdge+1"],"picked":"Ricochet+1","floor":13},{"not_picked":["LightFlow+1","FloweringNight"],"picked":"Sunlight+1","floor":16},{"not_picked":["BottledTime","Potential+1"],"picked":"StarChef","floor":18},{"not_picked":["Ricochet+1","Alleviate"],"picked":"SurpressingFire","floor":20},{"not_picked":["Defy","Revamp"],"picked":"Rearm","floor":21}],"player_experience":202293,"relics_obtained":[{"floor":6,"key":"Letter Opener"}],"event_choices":[{"damage_healed":21,"gold_gain":0,"player_choice":"Banana","damage_taken":0,"max_hp_gain":0,"max_hp_loss":0,"event_name":"Big Fish","floor":14,"gold_loss":0},{"damage_healed":0,"gold_gain":0,"player_choice":"Copied","damage_taken":0,"max_hp_gain":0,"max_hp_loss":0,"event_name":"Duplicator","floor":19,"gold_loss":0,"cards_obtained":["SilverBlades"]}],"is_beta":false,"boss_relics":[{"not_picked":["halation:PlatinumPhoenix","StuffTheSpire:RunicConfusion","ChewingGum"]}],"items_purged_floors":[],"is_endless":false,"potions_floor_spawned":[3,8,10,11,16],"killed_by":"conspire:Head Lice","ascension_level":0}}