{"host":"0vkf1k7bkmi4whcf","time":1607953854,"event":{"mods":["Act Like it!","Bartender","BaseMod","Better Third Choice","CapriCore","Displayed Cursed Tome","Elementarium","GungeonMod","Koishi","Marisa????????","Menagerie","Minty Spire (QoL Compilation)","Reimu??????","Relic Stats","Remilia??????","StSLib","Td1madao Mod","The Alterego","The Immortal","The Servant 0.9.4","The Wild Card","Waifu the Spire","Yuyuko","???????????mod"],"gold_per_floor":[137,287,287,302,302,302,302,302],"floor_reached":7,"playtime":126,"items_purged":[],"score":74,"play_id":"4dc594aa-595a-4687-881d-0be1d12a6a7f","local_time":"20201214145054","is_ascension_mode":true,"campfire_choices":[{"data":"Observe_purple_2","floor":6,"key":"SMITH"}],"circlet_count":0,"master_deck":["AscendersBane","AT_purpleEX","AT_purpleEX","AT_purpleEX","AT_purpleEX","Defend_purpleEX","Defend_purpleEX","Defend_purpleEX","Defend_purpleEX","Observe_purple_1","Observe_purple_2+1","EighthInstrument_OneDividesIntoTwo_purple","Doubt","Injury","OmniscientAndOmnipotent_Monster_purple"],"relics":["Boundary_crack","Memoryfragments_purpleEX","Golden Idol"],"acts_visited":["Exordium"],"potions_floor_usage":[],"damage_taken":[{"damage":8.0,"enemies":"Small Slimes","floor":1.0,"turns":3.0},{"damage":15.0,"enemies":"2 Louse","floor":4.0,"turns":4.0},{"damage":31,"enemies":"Gremlin Nob","floor":7,"turns":4}],"seed_played":"1750064475110015129","potions_obtained":[],"is_trial":false,"path_per_floor":["M","?","?","M","?","R","E"],"character_chosen":"Youkari","items_purchased":[],"campfire_rested":0,"item_purchase_floors":[],"current_hp_per_floor":[58,58,58,44,49,49,18,18],"gold":302,"neow_bonus":"TEN_PERCENT_HP_BONUS","is_daily":false,"chose_seed":false,"campfire_upgraded":1,"win_rate":0.0,"timestamp":1607953854,"path_taken":["M","?","?","M","?","R","E"],"items_purchased_type":[],"build_version":"2020-12-13","purchased_purges":0,"victory":false,"max_hp_per_floor":[71,71,71,71,76,76,76,76],"relic_stats":{"counters":[3,11],"Golden Idol":3,"obtain_stats":[{"Golden Idol":3,"Boundary_crack":0,"Memoryfragments_purpleEX":0},{"Golden Idol":1,"Boundary_crack":0,"Memoryfragments_purpleEX":0},{"Golden Idol":3,"Boundary_crack":0,"Memoryfragments_purpleEX":0}]},"card_choices":[{"not_picked":["Mirror_FormAndEmptin_purple","SharpContractionReality_purple"],"picked":"EighthInstrument_OneDividesIntoTwo_purple","floor":1.0},{"not_picked":["RuleDissolution_purple","AdvanceAttack_purple"],"picked":"OmniscientAndOmnipotent_Monster_purple","floor":4.0}],"player_experience":703077,"relics_obtained":[],"event_choices":[{"damage_healed":0.0,"max_hp_gain":0.0,"max_hp_loss":0.0,"gold_gain":150.0,"event_name":"betterThird:BetterSerpent","player_choice":"AGREE","floor":2.0,"gold_loss":0.0,"damage_taken":137.0},{"damage_healed":0.0,"max_hp_gain":0.0,"max_hp_loss":0.0,"gold_gain":0.0,"event_name":"Golden Idol","player_choice":"Take Wound","floor":3.0,"gold_loss":0.0,"damage_taken":0.0,"relics_obtained":["Golden Idol"],"cards_obtained":["Injury"]}],"is_beta":false,"boss_relics":[],"items_purged_floors":[],"is_endless":false,"potions_floor_spawned":[],"killed_by":"Gremlin Nob","ascension_level":18}}