{"host":"auv68s8i97pkmhwr","time":1607951173,"event":{"mods":["AchievementEnabler","BaseMod","Best Route Mod","Bestiary","Better Altar","Better Match","Better Note","Better Sensory Stone","Better Skull","Better Third Choice","Better Vampires","BetterRewards","Block Reminder","Colored Map","Colored Powertips","Displayed Cursed Tome","Minty Spire (QoL Compilation)","StSLib","SuperFastMode","Uncapped","Unceasing Turn Reminder"],"gold_per_floor":[109,109,128,145,95,121,121,153,153,164,199,214,214,262,262,365,365,377,387,28,40,3,33,44,74,99,133,133,145,172,187,187,288,288,298,298,310,310,326,358,358,383,410,423,453,466,112,123,123,123,123,123,3,30,30],"floor_reached":56,"playtime":1930,"items_purged":["Strike_R","Strike_R","Strike_R"],"score":2424,"play_id":"5b5abb8f-60a1-487a-8e55-9ea2d37d1209","local_time":"20201214210613","is_ascension_mode":true,"campfire_choices":[{"data":"Disarm","floor":7.0,"key":"SMITH"},{"data":"Limit Break","floor":15.0,"key":"SMITH"},{"data":"Inflame","floor":28.0,"key":"SMITH"},{"data":"Double Tap","floor":32.0,"key":"SMITH"},{"floor":41.0,"key":"REST"},{"floor":49.0,"key":"RECALL"},{"data":"Feel No Pain","floor":52.0,"key":"SMITH"}],"circlet_count":0,"master_deck":["AscendersBane","Strike_R","Defend_R","Defend_R","Defend_R","Limit Break+1","Uppercut+1","Shrug It Off","Feel No Pain+1","Sword Boomerang+1","Disarm+1","Flex","Second Wind+1","Heavy Blade+1","Cleave+1","Double Tap+1","Disarm","Offering","Whirlwind+1","Body Slam+1","Feel No Pain+1","Inflame+1","Power Through+1","Dramatic Entrance+1","True Grit+1","Limit Break+1"],"relics":["Burning Blood","Gremlin Horn","ClockworkSouvenir","Molten Egg 2","Lizard Tail","HornCleat","Mango","Champion Belt","The Courier","Pear","Dream Catcher","Meat on the Bone","Velvet Choker","Gambling Chip","Toy Ornithopter","Letter Opener","Anchor","Darkstone Periapt","Singing Bowl","Sozu","Du-Vu Doll","War Paint","Regal Pillow","Torii","DollysMirror","Dead Branch","Bag of Preparation","Centennial Puzzle"],"acts_visited":["Exordium","TheCity","TheBeyond","TheEnding"],"potions_floor_usage":[],"damage_taken":[{"damage":1.0,"enemies":"2 Louse","floor":1.0,"turns":4.0},{"damage":4.0,"enemies":"Small Slimes","floor":3.0,"turns":3.0},{"damage":0.0,"enemies":"Cultist","floor":4.0,"turns":3.0},{"damage":2.0,"enemies":"3 Sentries","floor":6.0,"turns":8.0},{"damage":9.0,"enemies":"Gremlin Nob","floor":8.0,"turns":5.0},{"damage":10.0,"enemies":"Red Slaver","floor":10.0,"turns":3.0},{"damage":12.0,"enemies":"Lagavulin","floor":11.0,"turns":4.0},{"damage":9.0,"enemies":"Exordium Wildlife","floor":12.0,"turns":5.0},{"damage":0.0,"enemies":"Gremlin Nob","floor":14.0,"turns":3.0},{"damage":15.0,"enemies":"Slime Boss","floor":16.0,"turns":7.0},{"damage":0.0,"enemies":"Chosen","floor":18.0,"turns":5.0},{"damage":17.0,"enemies":"2 Thieves","floor":19.0,"turns":3.0},{"damage":13.0,"enemies":"Snake Plant","floor":21.0,"turns":5.0},{"damage":20.0,"enemies":"Book of Stabbing","floor":23.0,"turns":4.0},{"damage":15.0,"enemies":"Snecko","floor":24.0,"turns":4.0},{"damage":6.0,"enemies":"Slavers","floor":25.0,"turns":1.0},{"damage":23.0,"enemies":"Gremlin Leader","floor":27.0,"turns":6.0},{"damage":2.0,"enemies":"Centurion and Healer","floor":29.0,"turns":4.0},{"damage":8.0,"enemies":"Slavers","floor":30.0,"turns":2.0},{"damage":14.0,"enemies":"Snake Plant","floor":31.0,"turns":4.0},{"damage":21.0,"enemies":"Champ","floor":33.0,"turns":7.0},{"damage":0.0,"enemies":"Orb Walker","floor":35.0,"turns":3.0},{"damage":29.0,"enemies":"3 Shapes","floor":37.0,"turns":4.0},{"damage":6.0,"enemies":"Transient","floor":39.0,"turns":5.0},{"damage":61.0,"enemies":"Giant Head","floor":40.0,"turns":7.0},{"damage":18.0,"enemies":"Reptomancer","floor":42.0,"turns":3.0},{"damage":0.0,"enemies":"Spire Growth","floor":44.0,"turns":4.0},{"damage":52.0,"enemies":"Giant Head","floor":45.0,"turns":7.0},{"damage":6.0,"enemies":"Sphere and 2 Shapes","floor":46.0,"turns":3.0},{"damage":6.0,"enemies":"Transient","floor":48.0,"turns":5.0},{"damage":27.0,"enemies":"Time Eater","floor":50.0,"turns":5.0},{"damage":35.0,"enemies":"Shield and Spear","floor":54.0,"turns":5.0},{"damage":69,"enemies":"The Heart","floor":55,"turns":7}],"seed_played":"5622256717291211779","potions_obtained":[{"floor":1.0,"key":"PowerPotion"},{"floor":3.0,"key":"Block Potion"},{"floor":6.0,"key":"GamblersBrew"},{"floor":11.0,"key":"ColorlessPotion"},{"floor":16.0,"key":"PowerPotion"},{"floor":19.0,"key":"LiquidMemories"},{"floor":21.0,"key":"FairyPotion"},{"floor":29.0,"key":"DistilledChaos"},{"floor":30.0,"key":"SmokeBomb"}],"is_trial":false,"path_per_floor":["M","?","M","M","?","E","R","E","T","M","E","M","?","E","R","B",null,"M","M","$","M","$","E","M","E","T","E","R","M","E","M","R","B",null,"M","?","M","?","M","E","R","E","T","M","E","M","$","M","R","B",null,"R","$","E","B",null],"character_chosen":"IRONCLAD","items_purchased":["Gremlin Horn","ClockworkSouvenir","Limit Break","Molten Egg 2","Uppercut+1","Shrug It Off","HornCleat","Feel No Pain","Gambling Chip","Offering","Body Slam+1","DollysMirror","Dead Branch","Bag of Preparation"],"campfire_rested":1,"item_purchase_floors":[0,0,0,0,0,0,0,0,20,20,22,47,47,53],"current_hp_per_floor":[91,84,86,92,92,94,94,101,101,97,91,88,88,94,94,85,99,104,93,93,86,86,72,63,63,63,58,58,62,67,73,73,72,101,107,109,88,88,90,49,86,76,76,84,52,64,64,78,78,69,113,113,113,86,35],"gold":30,"neow_bonus":"","is_daily":false,"chose_seed":false,"campfire_upgraded":5,"win_rate":0.0,"timestamp":1607951173,"path_taken":["M","?","M","M","?","E","R","E","T","M","E","M","?","E","R","BOSS","M","?","?","M","$","E","M","E","T","E","R","M","E","M","R","BOSS","M","?","M","?","?","E","R","E","T","M","E","M","$","M","R","BOSS","R","$","E","BOSS"],"items_purchased_type":["Relic","Relic","Card","Relic","Card","Card","Relic","Card","Relic","Card","Card","Relic","Relic","Relic"],"build_version":"2020-12-13","purchased_purges":3,"victory":true,"max_hp_per_floor":[94,94,94,94,94,94,94,104,104,104,104,104,104,104,104,104,104,104,104,104,104,104,104,104,104,104,104,104,104,106,108,108,110,110,110,112,114,114,116,118,120,122,122,124,126,126,126,128,128,128,128,128,128,130,130],"card_choices":[{"not_picked":["Wild Strike+1","Perfected Strike+1"],"picked":"Sword Boomerang+1","floor":1.0},{"not_picked":["Sword Boomerang+1","Sentinel","Clothesline+1"],"picked":"SKIP","floor":3.0},{"not_picked":["Headbutt+1","Clash+1"],"picked":"Disarm","floor":4.0},{"not_picked":["Searing Blow+1","Armaments","Anger+1"],"picked":"SKIP","floor":6.0},{"not_picked":["Carnage+1","Entrench"],"picked":"Flex","floor":8.0},{"not_picked":["Power Through","Flex"],"picked":"Second Wind","floor":10.0},{"not_picked":["Dual Wield","Reckless Charge+1","Combust"],"picked":"SKIP","floor":11.0},{"not_picked":["Twin Strike+1","Body Slam+1"],"picked":"Heavy Blade+1","floor":12.0},{"not_picked":["Rupture","Pommel Strike+1"],"picked":"Cleave+1","floor":14.0},{"not_picked":["Fiend Fire+1","Exhume"],"picked":"Double Tap","floor":16.0},{"not_picked":["Fire Breathing","Flex","Twin Strike+1"],"picked":"SKIP","floor":18.0},{"not_picked":["Anger+1","Perfected Strike+1"],"picked":"Disarm","floor":19.0},{"not_picked":["Flex","Wild Strike+1"],"picked":"Whirlwind+1","floor":21.0},{"not_picked":["Iron Wave+1","Evolve+1"],"picked":"Feel No Pain+1","floor":23.0},{"not_picked":["Sword Boomerang+1","Perfected Strike+1"],"picked":"Inflame","floor":24.0},{"not_picked":["Feel No Pain","Ghostly Armor","Offering"],"picked":"SKIP","floor":25.0},{"not_picked":["Wild Strike+1","Blood for Blood+1","Whirlwind+1"],"picked":"SKIP","floor":27.0},{"not_picked":["Dropkick+1","Twin Strike+1","Havoc"],"picked":"SKIP","floor":29.0},{"not_picked":["Ghostly Armor","Pommel Strike+1","Armaments"],"picked":"Singing Bowl","floor":30.0},{"not_picked":["Dark Embrace","Clash+1","Havoc+1"],"picked":"Singing Bowl","floor":31.0},{"not_picked":["Juggernaut","Bludgeon+1","Fiend Fire+1"],"picked":"Singing Bowl","floor":33.0},{"not_picked":["Clash+1","Hemokinesis+1"],"picked":"Power Through","floor":35.0},{"not_picked":["Transmutation","Jack Of All Trades"],"picked":"Dramatic Entrance+1","floor":36.0},{"not_picked":["Secret Weapon","Panacea","Discovery"],"picked":"Singing Bowl","floor":36.0},{"not_picked":["Iron Wave+1","Cleave+1","Carnage+1"],"picked":"Singing Bowl","floor":37.0},{"not_picked":["Sword Boomerang+1","Pommel Strike+1","Seeing Red+1"],"picked":"Singing Bowl","floor":39.0},{"not_picked":["Sever Soul+1","Dark Embrace+1","Wild Strike+1"],"picked":"Singing Bowl","floor":40.0},{"not_picked":["Clothesline+1","Havoc+1","Twin Strike+1"],"picked":"Singing Bowl","floor":41.0},{"not_picked":["Spot Weakness+1","Iron Wave+1","Second Wind+1"],"picked":"Singing Bowl","floor":42.0},{"not_picked":["Warcry","True Grit","Clothesline+1"],"picked":"Singing Bowl","floor":44.0},{"not_picked":["Iron Wave+1","True Grit","Headbutt+1"],"picked":"Singing Bowl","floor":45.0},{"not_picked":["Intimidate+1","Fire Breathing"],"picked":"True Grit+1","floor":46.0},{"not_picked":["Evolve","Offering","Dark Embrace+1"],"picked":"Singing Bowl","floor":48.0},{"not_picked":["Burning Pact","Clash+1","Perfected Strike+1"],"picked":"Singing Bowl","floor":54.0}],"player_experience":1225185,"relics_obtained":[{"floor":6.0,"key":"The Courier"},{"floor":8.0,"key":"Pear"},{"floor":11.0,"key":"Dream Catcher"},{"floor":14.0,"key":"Meat on the Bone"},{"floor":23.0,"key":"Toy Ornithopter"},{"floor":25.0,"key":"Letter Opener"},{"floor":26.0,"key":"Anchor"},{"floor":27.0,"key":"Darkstone Periapt"},{"floor":30.0,"key":"Singing Bowl"},{"floor":40.0,"key":"Du-Vu Doll"},{"floor":42.0,"key":"War Paint"},{"floor":43.0,"key":"Regal Pillow"},{"floor":45.0,"key":"Torii"},{"floor":54.0,"key":"Centennial Puzzle"}],"event_choices":[{"cards_removed":["Defend_R"],"damage_healed":0.0,"max_hp_gain":0.0,"max_hp_loss":0.0,"gold_gain":0.0,"event_name":"Golden Wing","player_choice":"Card Removal","floor":2.0,"gold_loss":0.0,"damage_taken":7.0},{"cards_removed":["Strike_R"],"damage_healed":0.0,"max_hp_gain":0.0,"max_hp_loss":0.0,"gold_gain":0.0,"event_name":"The Cleric","player_choice":"Card Removal","floor":5.0,"gold_loss":50.0,"damage_taken":0.0},{"cards_removed":["Bash"],"damage_healed":0.0,"max_hp_gain":0.0,"max_hp_loss":0.0,"gold_gain":0.0,"event_name":"Bonfire Elementals","player_choice":"Offered Basic","floor":13.0,"gold_loss":0.0,"damage_taken":0.0},{"damage_healed":0.0,"max_hp_gain":0.0,"max_hp_loss":0.0,"gold_gain":3.0,"event_name":"betterStone:BetterStone","player_choice":"1","floor":36.0,"gold_loss":0.0,"damage_taken":0.0},{"damage_healed":0.0,"max_hp_gain":0.0,"max_hp_loss":0.0,"gold_gain":0.0,"event_name":"Mysterious Sphere","player_choice":"Ignored","floor":38.0,"gold_loss":0.0,"damage_taken":0.0}],"is_beta":false,"boss_relics":[{"not_picked":["Tiny House","Runic Pyramid"],"picked":"Velvet Choker"},{"not_picked":["Coffee Dripper","SacredBark"],"picked":"Sozu"}],"items_purged_floors":[0,0,0],"is_endless":false,"potions_floor_spawned":[1,3,6,11,16,19,21,29,30,40,44,45,54],"ascension_level":10}}