{"host":"2n2g1vowfllvjtvi","time":1607935546,"event":{"mods":["AchievementEnabler","BaseMod","Custom Start","GifTheSpireLib","Keyboard Shortcuts","Minty Spire (QoL Compilation)","Quick Restart","Rare Cards Sparkle","StSLib","SuperFastMode"],"gold_per_floor":[117,117,42,55,55,86,96,96,96,96,21,21,37,67,67,67,67],"floor_reached":16,"playtime":197,"items_purged":["Defend_P"],"score":200,"play_id":"a9b3b21e-c4ab-430e-8d7c-4065379618c0","local_time":"20201214174546","is_ascension_mode":true,"campfire_choices":[{"data":"Eruption","floor":10.0,"key":"SMITH"},{"data":"TalkToTheHand","floor":12.0,"key":"SMITH"},{"data":"Scrawl","floor":15.0,"key":"SMITH"}],"circlet_count":0,"master_deck":["AscendersBane","Strike_P","Strike_P","Strike_P","Defend_P","Defend_P","Defend_P","Eruption+1","Vigilance","EmptyFist","FlurryOfBlows","TalkToTheHand+1","Tantrum","Scrawl+1"],"relics":["PureWater","NeowsBlessing","MealTicket","HornCleat","White Beast Statue","Art of War"],"acts_visited":["Exordium"],"potions_floor_usage":[],"damage_taken":[{"damage":0.0,"enemies":"Jaw Worm","floor":1.0,"turns":1.0},{"damage":0.0,"enemies":"2 Louse","floor":4.0,"turns":1.0},{"damage":0.0,"enemies":"Lagavulin","floor":6.0,"turns":2.0},{"damage":0.0,"enemies":"Small Slimes","floor":7.0,"turns":2.0},{"damage":6.0,"enemies":"Exordium Thugs","floor":13.0,"turns":5.0},{"damage":20.0,"enemies":"3 Sentries","floor":14.0,"turns":4.0},{"damage":0,"enemies":"Slime Boss","floor":16,"turns":4}],"seed_played":"-6615271485147133149","potions_obtained":[{"floor":1.0,"key":"FearPotion"},{"floor":13.0,"key":"GamblersBrew"},{"floor":14.0,"key":"BottledMiracle"}],"is_trial":false,"path_per_floor":["M","?","$","M","?","E","M","?","T","R","$","R","M","E","R","B"],"character_chosen":"WATCHER","items_purchased":["TalkToTheHand"],"campfire_rested":0,"item_purchase_floors":[11],"current_hp_per_floor":[65,47,62,62,62,62,62,55,55,55,70,70,64,44,44,44,44],"gold":67,"neow_bonus":"THREE_ENEMY_KILL","is_daily":false,"chose_seed":false,"campfire_upgraded":3,"win_rate":0.0,"timestamp":1607935546,"path_taken":["M","?","$","M","?","E","M","?","T","R","?","R","M","E","R","BOSS"],"items_purchased_type":["Card"],"build_version":"2020-12-13","purchased_purges":1,"victory":false,"max_hp_per_floor":[72,72,72,72,72,72,72,72,72,72,72,72,72,72,72,72,72],"card_choices":[{"not_picked":["Perseverance","Crescendo","EmptyBody"],"picked":"SKIP","floor":1.0},{"not_picked":["ThirdEye","Indignation","Evaluate"],"picked":"SKIP","floor":4.0},{"not_picked":["Prostrate","Vengeance"],"picked":"EmptyFist","floor":6.0},{"not_picked":["Wallop","SignatureMove"],"picked":"FlurryOfBlows","floor":7.0},{"not_picked":["Halt","CrushJoints"],"picked":"Tantrum","floor":13.0},{"not_picked":["EmptyBody","JustLucky"],"picked":"Scrawl","floor":14.0}],"player_experience":450959,"relics_obtained":[{"floor":6.0,"key":"HornCleat"},{"floor":9.0,"key":"White Beast Statue"},{"floor":14.0,"key":"Art of War"}],"event_choices":[{"damage_healed":0.0,"max_hp_gain":0.0,"max_hp_loss":0.0,"gold_gain":0.0,"event_name":"Scrap Ooze","player_choice":"Success","floor":2.0,"gold_loss":0.0,"damage_taken":18.0,"relics_obtained":["MealTicket"]},{"damage_healed":0.0,"max_hp_gain":0.0,"max_hp_loss":0.0,"gold_gain":0.0,"event_name":"Liars Game","player_choice":"Ignored","floor":5.0,"gold_loss":0.0,"damage_taken":0.0},{"cards_removed":["Strike_P"],"damage_healed":0.0,"max_hp_gain":0.0,"max_hp_loss":0.0,"gold_gain":0.0,"event_name":"Golden Wing","player_choice":"Card Removal","floor":8.0,"gold_loss":0.0,"damage_taken":7.0}],"is_beta":false,"boss_relics":[],"items_purged_floors":[3],"is_endless":false,"potions_floor_spawned":[1,13,14],"killed_by":"Slime Boss","ascension_level":10}}