{"host":"s4klbi5zf1bej8mm","time":1607937701,"event":{"mods":["2.2 Compatiblity","Act Like it!","BaseMod","Block Reminder","Colored Map","Colored Powertips","DeckTracker","Downfall","Highlight Path","Jorbs\u0027s Wanderer Trilogy","Minty Spire (QoL Compilation)","Permanent Neow","Quick Restart","Random Character Button","Relic Sorter","Relic Stats","Replay The Spire","Shade Mod","Spicy Shops","StSLib","The Blackbeard","The Cursed","The Hierophant","The Necromancer","Unknown Chances"],"gold_per_floor":[112,130,130,25,42,72,86,105,130,130,51,51,77,77,77,182,182,206,94,126,153,153,197,197,214,214,248,281,294,244,246,246],"floor_reached":31,"playtime":1936,"items_purged":["Death_March_Dance"],"score":304,"play_id":"db317c30-cdb0-4e79-9f64-c523fde2f285","local_time":"20201214032141","is_ascension_mode":false,"campfire_choices":[{"data":"Summon_Undead_Army","floor":10,"key":"SMITH"},{"data":"Summon_Undead_Army","floor":12,"key":"SMITH"},{"data":"Summon_Undead","floor":24,"key":"SMITH"}],"circlet_count":0,"master_deck":["Strike_W","Strike_W","Strike_W+1","Defend_W","Defend_W","Defend_W","Defend_W","Negative_Energy_Arrows","Bone_Wall","Grasp_Heart","Negative_Energy_Burst+1","Death_March_Dance","Summon_Undead_Army+1","Death_March_Dance","Negative_Energy_Shield","Bones_to_Steel","Summon_Undead_Army+1","Negative_Energy_Javelin+1","Cloudkill","Summon_Undead+1","Bone_Armory","Bone_Armor+1","Ghostly","Ghostly","Ghostly","Ghostly","Ghostly","Chill_Blood+1","Bones_to_Steel","Summon_Lich","Finger_Of_Death"],"relics":["Vampire_Amulet","Bag of Marbles","Replay:Bandana","Philosopher\u0027s Stone","Ancient Tea Set","Ornamental Fan","Replay:Wax Seal"],"acts_visited":["Exordium","TheCity"],"potions_floor_usage":[8,8,8,23,23,23,28,29],"damage_taken":[{"damage":0,"enemies":"2 Louse","floor":1,"turns":3},{"damage":8,"enemies":"Jaw Worm","floor":2,"turns":3},{"damage":1,"enemies":"Cultist","floor":5,"turns":4},{"damage":31,"enemies":"Lagavulin","floor":6,"turns":7},{"damage":2,"enemies":"Exordium Wildlife","floor":7,"turns":4},{"damage":0,"enemies":"Blue Slaver","floor":8,"turns":1},{"damage":10,"enemies":"Looter","floor":13,"turns":2},{"damage":8,"enemies":"Slime Boss","floor":16,"turns":6},{"damage":9,"enemies":"2 Thieves","floor":18,"turns":2},{"damage":12,"enemies":"Shell Parasite","floor":20,"turns":2},{"damage":11,"enemies":"3 Cultists","floor":21,"turns":3},{"damage":15,"enemies":"Gremlin Leader","floor":23,"turns":8},{"damage":3,"enemies":"Cultist and Chosen","floor":25,"turns":6},{"damage":13,"enemies":"Replay:Snechameleon","floor":27,"turns":6},{"damage":2,"enemies":"Centurion and Healer","floor":28,"turns":5},{"damage":9,"enemies":"Snecko","floor":29,"turns":5},{"damage":19,"enemies":"Snake Plant","floor":31,"turns":1}],"seed_played":"5460510946209798659","potions_obtained":[{"floor":1,"key":"SteroidPotion"},{"floor":2,"key":"SteroidPotion"},{"floor":7,"key":"ColorlessPotion"},{"floor":13,"key":"DistilledChaos"},{"floor":16,"key":"Weak Potion"},{"floor":18,"key":"Swift Potion"},{"floor":23,"key":"Strength Potion"},{"floor":27,"key":"Adrenaline Potion"},{"floor":28,"key":"Adrenaline Potion"}],"is_trial":false,"path_per_floor":["M","M","?","$","M","E","M","M","T","R","$","R","M","?","R_BF","B",null,"M","$","M","M","?","E","R","M","T","E","M","M","?","M"],"character_chosen":"NECROMANCER","items_purchased":["Summon_Undead_Army","Death_March_Dance","Summon_Undead_Army","Bone_Armory"],"campfire_rested":0,"item_purchase_floors":[4,4,11,19],"current_hp_per_floor":[75,69,54,54,55,26,28,30,30,30,30,30,22,15,37,35,75,68,68,58,53,37,26,26,27,27,16,21,14,14,0,0],"gold":246,"neow_bonus":"ONE_RANDOM_RARE_CARD","is_daily":false,"chose_seed":false,"campfire_upgraded":3,"win_rate":0.0,"timestamp":1607937701,"path_taken":["M","M","?","$","M","E","M","M","T","R","$","R","M","?","R_BF","BOSS","M","$","M","M","?","E","R","M","T","E","M","M","?","?"],"items_purchased_type":["Card","Card","Card","Card"],"build_version":"2020-12-13","purchased_purges":1,"victory":false,"max_hp_per_floor":[75,75,75,75,75,75,75,75,75,75,75,75,75,75,75,75,75,75,75,75,75,37,37,37,37,37,37,37,37,37,37,37],"relic_stats":{"counters":[17,68],"Ornamental Fan":[4],"obtain_stats":[{"Replay:Bandana":9,"Ornamental Fan":26,"Philosopher\u0027s Stone":17,"Vampire_Amulet":0,"Bag of Marbles":6,"Replay:Wax Seal":27,"Ancient Tea Set":23},{"Replay:Bandana":6,"Ornamental Fan":13,"Philosopher\u0027s Stone":8,"Vampire_Amulet":0,"Bag of Marbles":4,"Replay:Wax Seal":14,"Ancient Tea Set":12},{"Replay:Bandana":22,"Ornamental Fan":51,"Philosopher\u0027s Stone":30,"Vampire_Amulet":0,"Bag of Marbles":17,"Replay:Wax Seal":57,"Ancient Tea Set":45}]},"card_choices":[{"not_picked":["Spectral_Armor","Thousand_Bone_Knives"],"picked":"Negative_Energy_Burst","floor":1},{"not_picked":["Necromantic_Selection","Chill_Blood"],"picked":"Death_March_Dance","floor":2},{"not_picked":["Corrupt","Deaths_Shadow","Bones_to_Steel"],"picked":"SKIP","floor":5},{"not_picked":["Corrupt","Deaths_Shadow","Bones_to_Steel"],"picked":"SKIP","floor":5},{"not_picked":["Chill_Blood","Negative_Energy_Mist"],"picked":"Negative_Energy_Shield","floor":6},{"not_picked":["Negative_Energy_Burst","Chill_Blood","Blood_Is_Power"],"picked":"SKIP","floor":7},{"not_picked":["Life_Tap","Epidemic"],"picked":"Bones_to_Steel","floor":8},{"not_picked":["Spectral_Armor","Corrupt"],"picked":"Negative_Energy_Javelin","floor":13},{"not_picked":["Detonate_Bones","Hellfire"],"picked":"Cloudkill","floor":16},{"not_picked":["Bone_Bullets","Bone_Spikes"],"picked":"Summon_Undead","floor":18},{"not_picked":["Blood_Whip","Finger_Of_Death"],"picked":"Bone_Armor+1","floor":20},{"not_picked":["Blood_Is_Power","Chill_Blood","Thousand_Bone_Knives"],"picked":"SKIP","floor":21},{"not_picked":["Detonate_Bones","Blood_Curse","Spectral_Armor+1"],"picked":"SKIP","floor":23},{"not_picked":["Scare","Blood_Whip"],"picked":"Chill_Blood+1","floor":25},{"not_picked":["Blood_for_Blood","Hellfire"],"picked":"Bones_to_Steel","floor":27},{"not_picked":["Negative_Energy_Javelin","Death_Coil"],"picked":"Summon_Lich","floor":28},{"not_picked":["Blood_Whip","Negative_Energy_Shield"],"picked":"Finger_Of_Death","floor":29}],"player_experience":120880,"relics_obtained":[{"floor":6,"key":"Bag of Marbles"},{"floor":9,"key":"Replay:Bandana"},{"floor":23,"key":"Ancient Tea Set"},{"floor":26,"key":"Ornamental Fan"},{"floor":27,"key":"Replay:Wax Seal"}],"event_choices":[{"damage_healed":0,"gold_gain":0,"player_choice":"Entered Light","damage_taken":15,"max_hp_gain":0,"max_hp_loss":0,"event_name":"Shining Light","floor":3,"gold_loss":0,"cards_upgraded":["Negative_Energy_Burst","Strike_W"]},{"cards_removed":["Strike_W"],"damage_healed":0,"gold_gain":0,"player_choice":"Card Removal","damage_taken":7,"max_hp_gain":0,"max_hp_loss":0,"event_name":"Golden Wing","floor":14,"gold_loss":0},{"damage_healed":0,"gold_gain":0,"player_choice":"Became a Ghost","damage_taken":0,"max_hp_gain":0,"max_hp_loss":38,"event_name":"Ghosts","floor":22,"gold_loss":0,"cards_obtained":["Ghostly","Ghostly","Ghostly","Ghostly","Ghostly"]},{"damage_healed":0,"gold_gain":0,"player_choice":"Bet on Owner","damage_taken":0,"max_hp_gain":0,"max_hp_loss":0,"event_name":"The Joust","floor":30,"gold_loss":50}],"is_beta":false,"boss_relics":[{"not_picked":["Fusion Hammer","Ectoplasm"],"picked":"Philosopher\u0027s Stone"}],"items_purged_floors":[19],"is_endless":false,"potions_floor_spawned":[1,2,7,13,16,18,20,23,27,28],"killed_by":"Snake Plant","ascension_level":0}}