{"host":"lqpbaqqqwrg4tibr","time":1607959672,"event":{"mods":["Act Like it!","BaseMod","Downfall","Minty Spire (QoL Compilation)","StSLib","vexMod"],"gold_per_floor":[99,132,132,132,132,157,181,181,181,181,200,175,187,204,224,326,326,326,357,367,367,367,385,385,385,398,726,726,726],"floor_reached":28,"playtime":1961,"items_purged":[],"score":289,"play_id":"5254efa0-8df4-4eb9-bd7d-b51cc71ec202","local_time":"20201214232752","is_ascension_mode":false,"campfire_choices":[{"data":"Guardian:TwinSlam","floor":1,"key":"SMITH"},{"data":"Guardian:SentryBeam","floor":3,"key":"SMITH"},{"data":"Guardian:DonusPower","floor":8,"key":"SMITH"},{"data":"Guardian:PiercingHide","floor":10,"key":"SMITH"},{"data":"Guardian:SpikerProtocol","floor":18,"key":"SMITH"}],"circlet_count":0,"master_deck":["Guardian:Strike_Guardian","Guardian:Strike_Guardian","Guardian:Strike_Guardian","Guardian:Defend_Guardian","Guardian:Defend_Guardian","Guardian:Defend_Guardian","Guardian:Defend_Guardian","Guardian:CurlUp","Guardian:TwinSlam+1","Guardian:SentryBeam+1","Guardian:PiercingHide+1","Guardian:DonusPower+1","Guardian:MultiBeam","Guardian:SpikerProtocol+1","Guardian:RevengeProtocol","Guardian:PrismaticBarrier","Necronomicurse","Guardian:Gem_Blue","Guardian:Gem_White","Guardian:Gem_Crimson"],"relics":["Guardian:ModeShifter","downfall:HeartsMalice","Regal Pillow","Dream Catcher","Philosopher\u0027s Stone","Guardian:PickAxe","Necronomicon","downfall:RedIOU","Kunai","Old Coin"],"acts_visited":["Exordium","TheCity"],"potions_floor_usage":[16,16,19,19,19,19],"damage_taken":[{"damage":0,"enemies":"Gremlin Nob","floor":2,"turns":1},{"damage":0,"enemies":"Small Slimes","floor":4,"turns":1},{"damage":0,"enemies":"Jaw Worm","floor":5,"turns":1},{"damage":18,"enemies":"Lagavulin","floor":6,"turns":6},{"damage":0,"enemies":"Cultist","floor":11,"turns":3},{"damage":0,"enemies":"Large Slime","floor":13,"turns":5},{"damage":5,"enemies":"Blue Slaver","floor":14,"turns":3},{"damage":0,"enemies":"3 Louse","floor":15,"turns":1},{"damage":13,"enemies":"downfall:Silent","floor":16,"turns":6},{"damage":19,"enemies":"Slavers","floor":19,"turns":3},{"damage":6,"enemies":"Spheric Guardian","floor":20,"turns":3},{"damage":6,"enemies":"Shell Parasite","floor":23,"turns":4},{"damage":18,"enemies":"Snake Plant","floor":26,"turns":3},{"damage":1,"enemies":"Book of Stabbing","floor":27,"turns":5},{"damage":18,"enemies":"Snecko","floor":28,"turns":4}],"seed_played":"3928557809773694940","potions_obtained":[{"floor":6,"key":"EntropicBrew"},{"floor":13,"key":"CultistPotion"},{"floor":14,"key":"BlessingOfTheForge"},{"floor":19,"key":"Ancient Potion"},{"floor":27,"key":"Fire Potion"}],"is_trial":false,"path_per_floor":["R","E","R","M","M","E","T","R","?","R","M","?","M","M","M","B",null,"R","E","M","?","?","M","T","R","M","E","M"],"character_chosen":"GUARDIAN","items_purchased":[],"campfire_rested":0,"item_purchase_floors":[],"current_hp_per_floor":[80,80,80,80,80,62,62,62,62,62,62,62,62,57,57,44,80,80,61,55,39,39,33,33,33,15,14,0,0],"gold":726,"neow_bonus":"THREE_ENEMY_KILL","is_daily":false,"chose_seed":false,"campfire_upgraded":5,"win_rate":0.0,"timestamp":1607959672,"path_taken":["R","E","R","M","M","E","T","R","?","R","M","?","M","M","M","BOSS","R","E","M","?","?","?","T","R","M","E","M"],"items_purchased_type":[],"build_version":"2020-12-13","purchased_purges":0,"victory":false,"max_hp_per_floor":[80,80,80,80,80,80,80,80,80,80,80,80,80,80,80,80,80,80,80,80,80,80,80,80,80,80,80,80,80],"card_choices":[{"not_picked":["Guardian:PiercingHide","Guardian:VentSteam"],"picked":"Guardian:SentryBeam","floor":2},{"not_picked":["Guardian:PrimingBeam","Guardian:CrystalBeam"],"picked":"Guardian:PiercingHide","floor":4},{"not_picked":["Guardian:PrimingBeam","Guardian:Reroute"],"picked":"Guardian:DonusPower","floor":5},{"not_picked":["Guardian:BaubleBeam","Guardian:ChargeCore"],"picked":"Guardian:Gem_Green","floor":6},{"not_picked":["Guardian:PrimingBeam","Guardian:ShieldCharger"],"picked":"Guardian:Gem_Crimson","floor":11},{"not_picked":["Guardian:BronzeArmor","Guardian:PolyBeam"],"picked":"Guardian:MultiBeam","floor":13},{"not_picked":["Guardian:PrimingBeam","Guardian:PiercingHide"],"picked":"Guardian:Gem_Purple","floor":14},{"not_picked":["Guardian:Gem_Cyan","Guardian:CrystalBeam"],"picked":"Guardian:SpikerProtocol","floor":15},{"not_picked":["Guardian:ConstructionForm","Guardian:FastForward"],"picked":"Guardian:RevengeProtocol","floor":16},{"not_picked":["Guardian:ShieldCharger","Guardian:VentSteam"],"picked":"Guardian:PrismaticBarrier","floor":19},{"not_picked":["Guardian:PrismaticBeam","Guardian:ChargeCore"],"picked":"Guardian:Gem_Green","floor":20},{"not_picked":["Guardian:Recover","Guardian:CrystalBeam","Guardian:BronzeArmor"],"picked":"SKIP","floor":23},{"not_picked":["Guardian:Recover","Guardian:CrystalBeam","Guardian:WalkerClaw"],"picked":"SKIP","floor":26},{"not_picked":["Guardian:Incinerate","Guardian:RevengeProtocol"],"picked":"Guardian:Gem_Crimson","floor":27}],"player_experience":146786,"relics_obtained":[{"floor":2,"key":"Regal Pillow"},{"floor":6,"key":"Dream Catcher"},{"floor":7,"key":"vexMod:MemoryStick"},{"floor":19,"key":"Guardian:PickAxe"},{"floor":21,"key":"Necronomicon"},{"floor":24,"key":"Kunai"},{"floor":27,"key":"Old Coin"}],"event_choices":[{"cards_removed":["Guardian:Strike_Guardian"],"damage_healed":0,"gold_gain":0,"player_choice":"Forget","damage_taken":0,"max_hp_gain":0,"max_hp_loss":0,"event_name":"Living Wall","floor":9,"gold_loss":0}],"is_beta":false,"boss_relics":[{"not_picked":["SlaversCollar","vexMod:CursedCompass"],"picked":"Philosopher\u0027s Stone"}],"items_purged_floors":[],"is_endless":false,"potions_floor_spawned":[6,13,14,15,19,27],"killed_by":"Snecko","ascension_level":0}}