{"host":"8dhn6p16jorj0i1s","time":1607984237,"event":{"mods":["BaseMod","Colored Map","DeckTracker","Minty Spire (QoL Compilation)","Permanent Neow","Quick Restart"],"gold_per_floor":[118,43,63,63,238,238,271,271,294,327,602,602,613,391,391,493,493,510,84,84,94,94,124,139,139,139,173,23,38,53,63,63,164,164,181,201,201,214,232,232,257,268,268,268,0,18,37,37,37,37,37],"floor_reached":50,"playtime":2857,"items_purged":["Strike_P","Doubt","Regret","Defend_P"],"score":777,"play_id":"ea26df14-d520-43ce-96b0-883d032b727b","local_time":"20201214231717","is_ascension_mode":true,"campfire_choices":[{"data":"Eruption","floor":6.0,"key":"SMITH"},{"data":"Vigilance","floor":8.0,"key":"SMITH"},{"data":"Prostrate","floor":12.0,"key":"SMITH"},{"data":"Worship","floor":15.0,"key":"SMITH"},{"data":"Ragnarok","floor":25.0,"key":"SMITH"},{"floor":32.0,"key":"RECALL"},{"floor":40.0,"key":"REST"},{"data":"Devotion","floor":49.0,"key":"SMITH"}],"circlet_count":0,"master_deck":["Strike_P+1","Defend_P+1","Defend_P+1","Defend_P+1","Eruption+1","Vigilance+1","Brilliance+1","SandsOfTime+1","Prostrate+1","Ragnarok+1","Worship+1","Prostrate+1","Scrawl+1","CarveReality+1","FlurryOfBlows+1","Crescendo+1","BattleHymn+1","ConjureBlade+1","Perseverance+1","Devotion+1"],"relics":["PureWater","Yang","Nunchaku","Bag of Preparation","Velvet Choker","Ice Cream","Lantern","Potion Belt","Black Star","Mark of the Bloom","Bronze Scales","Blue Candle","Bottled Lightning","Red Mask"],"acts_visited":["Exordium","TheCity","TheBeyond"],"potions_floor_usage":[50],"damage_taken":[{"damage":6.0,"enemies":"Jaw Worm","floor":1.0,"turns":4.0},{"damage":0.0,"enemies":"Small Slimes","floor":3.0,"turns":2.0},{"damage":0.0,"enemies":"Gremlin Nob","floor":7.0,"turns":2.0},{"damage":4.0,"enemies":"3 Sentries","floor":10.0,"turns":7.0},{"damage":0.0,"enemies":"Cultist","floor":13.0,"turns":2.0},{"damage":12.0,"enemies":"The Guardian","floor":16.0,"turns":6.0},{"damage":11.0,"enemies":"2 Thieves","floor":18.0,"turns":3.0},{"damage":0.0,"enemies":"3 Byrds","floor":21.0,"turns":2.0},{"damage":18.0,"enemies":"Slavers","floor":23.0,"turns":3.0},{"damage":0.0,"enemies":"Centurion and Healer","floor":24.0,"turns":2.0},{"damage":0.0,"enemies":"Gremlin Leader","floor":27.0,"turns":3.0},{"damage":0.0,"enemies":"Snecko","floor":29.0,"turns":2.0},{"damage":7.0,"enemies":"Shelled Parasite and Fungi","floor":30.0,"turns":2.0},{"damage":0.0,"enemies":"Centurion and Healer","floor":31.0,"turns":3.0},{"damage":30.0,"enemies":"Champ","floor":33.0,"turns":4.0},{"damage":0.0,"enemies":"3 Shapes","floor":35.0,"turns":1.0},{"damage":0.0,"enemies":"Orb Walker","floor":36.0,"turns":1.0},{"damage":15.0,"enemies":"Writhing Mass","floor":38.0,"turns":4.0},{"damage":12.0,"enemies":"Spire Growth","floor":39.0,"turns":3.0},{"damage":15.0,"enemies":"Reptomancer","floor":41.0,"turns":4.0},{"damage":8.0,"enemies":"Jaw Worm Horde","floor":42.0,"turns":2.0},{"damage":0.0,"enemies":"4 Shapes","floor":44.0,"turns":1.0},{"damage":4.0,"enemies":"3 Darklings","floor":46.0,"turns":3.0},{"damage":11.0,"enemies":"Spire Growth","floor":47.0,"turns":3.0},{"damage":0.0,"enemies":"Nemesis","floor":48.0,"turns":2.0},{"damage":11,"enemies":"Awakened One","floor":50,"turns":2}],"seed_played":"8206720387618351474","potions_obtained":[{"floor":3.0,"key":"Weak Potion"},{"floor":7.0,"key":"GamblersBrew"},{"floor":13.0,"key":"Regen Potion"},{"floor":16.0,"key":"Explosive Potion"},{"floor":18.0,"key":"StancePotion"},{"floor":23.0,"key":"DuplicationPotion"},{"floor":29.0,"key":"SmokeBomb"},{"floor":31.0,"key":"DistilledChaos"},{"floor":33.0,"key":"SmokeBomb"},{"floor":35.0,"key":"Explosive Potion"},{"floor":41.0,"key":"Strength Potion"},{"floor":46.0,"key":"DuplicationPotion"}],"is_trial":false,"path_per_floor":["M","$","M","?","?","R","E","R","T","E","?","R","M","$","R","B",null,"M","$","?","M","$","E","M","R","T","E","$","M","M","M","R","B",null,"M","M","?","M","M","R","E","M","T","M","?","M","M","E","R","B"],"character_chosen":"WATCHER","items_purchased":["Worship","Prostrate","Ice Cream"],"campfire_rested":1,"item_purchase_floors":[14,14,19],"current_hp_per_floor":[45,45,45,38,38,38,38,38,38,34,34,34,34,34,34,36,72,61,61,61,61,61,43,43,43,43,43,43,43,36,36,36,6,72,72,72,72,57,45,45,30,22,22,22,22,18,7,7,7,0,0],"gold":37,"neow_bonus":"THREE_RARE_CARDS","is_daily":false,"chose_seed":false,"campfire_upgraded":6,"win_rate":0.0,"timestamp":1607984237,"path_taken":["M","$","M","?","?","R","E","R","T","E","?","R","M","$","R","BOSS","M","?","?","?","$","E","M","R","T","E","$","M","M","M","R","BOSS","M","M","?","M","M","R","E","M","T","M","?","M","M","E","R","BOSS"],"items_purchased_type":["Card","Card","Relic"],"build_version":"2020-12-13","purchased_purges":4,"victory":false,"max_hp_per_floor":[72,72,72,72,72,72,72,72,72,72,72,72,72,72,72,72,72,72,72,72,72,72,72,72,72,72,72,72,72,72,72,72,72,72,72,72,72,72,72,72,72,72,72,72,72,72,72,72,72,72,72],"card_choices":[{"not_picked":["Vault","Judgement"],"picked":"Brilliance","floor":0.0},{"not_picked":["JustLucky","Meditate"],"picked":"SandsOfTime","floor":1.0},{"not_picked":["ClearTheMind","Halt","PathToVictory"],"picked":"SKIP","floor":3.0},{"not_picked":["TalkToTheHand","WindmillStrike"],"picked":"Prostrate","floor":7.0},{"not_picked":["WindmillStrike","PathToVictory","Consecrate"],"picked":"SKIP","floor":10.0},{"not_picked":["FollowUp","Consecrate"],"picked":"Ragnarok","floor":13.0},{"not_picked":["MasterReality","Omniscience"],"picked":"Scrawl","floor":16.0},{"not_picked":["EmptyMind+1","Meditate"],"picked":"CarveReality+1","floor":18.0},{"not_picked":["CutThroughFate","CrushJoints"],"picked":"FlurryOfBlows+1","floor":21.0},{"not_picked":["FlyingSleeves+1","ReachHeaven","WreathOfFlame"],"picked":"SKIP","floor":23.0},{"not_picked":["ReachHeaven","EmptyBody"],"picked":"Crescendo+1","floor":24.0},{"not_picked":["LikeWater","Halt","FollowUp+1"],"picked":"SKIP","floor":27.0},{"not_picked":["Sanctity","TalkToTheHand"],"picked":"BattleHymn+1","floor":29.0},{"not_picked":["Prostrate","CutThroughFate","FlyingSleeves"],"picked":"SKIP","floor":30.0},{"not_picked":["DeusExMachina","EmptyBody","Worship"],"picked":"SKIP","floor":31.0},{"not_picked":["Establishment","MasterReality"],"picked":"ConjureBlade","floor":33.0},{"not_picked":["FlyingSleeves","WindmillStrike","Crescendo+1"],"picked":"SKIP","floor":35.0},{"not_picked":["FlyingSleeves","Study+1","Prostrate"],"picked":"SKIP","floor":36.0},{"not_picked":["BowlingBash+1","Wallop","PathToVictory"],"picked":"SKIP","floor":38.0},{"not_picked":["CutThroughFate","PathToVictory","CrushJoints"],"picked":"SKIP","floor":39.0},{"not_picked":["CutThroughFate+1","BattleHymn"],"picked":"Perseverance+1","floor":41.0},{"not_picked":["Crescendo","Protect+1"],"picked":"Devotion","floor":42.0},{"not_picked":["Indignation+1","SashWhip+1","Evaluate+1"],"picked":"SKIP","floor":46.0},{"not_picked":["ThirdEye","BowlingBash+1","CrushJoints+1"],"picked":"SKIP","floor":47.0}],"player_experience":284631,"relics_obtained":[{"floor":7.0,"key":"Yang"},{"floor":9.0,"key":"Nunchaku"},{"floor":10.0,"key":"Bag of Preparation"},{"floor":23.0,"key":"Lantern"},{"floor":27.0,"key":"Potion Belt"},{"floor":41.0,"key":"Bronze Scales"},{"floor":41.0,"key":"Blue Candle"},{"floor":43.0,"key":"Bottled Lightning"}],"event_choices":[{"cards_removed":["Strike_P"],"damage_healed":0.0,"max_hp_gain":0.0,"max_hp_loss":0.0,"gold_gain":0.0,"event_name":"Golden Wing","player_choice":"Card Removal","floor":4.0,"gold_loss":0.0,"damage_taken":7.0},{"damage_healed":0.0,"max_hp_gain":0.0,"max_hp_loss":0.0,"gold_gain":175.0,"event_name":"Liars Game","player_choice":"AGREE","floor":5.0,"gold_loss":0.0,"damage_taken":0.0,"cards_obtained":["Doubt"]},{"damage_healed":0.0,"max_hp_gain":0.0,"max_hp_loss":0.0,"gold_gain":275.0,"event_name":"Golden Shrine","player_choice":"Desecrate","floor":11.0,"gold_loss":0.0,"damage_taken":0.0,"cards_obtained":["Regret"]},{"cards_removed":["Strike_P"],"damage_healed":0.0,"max_hp_gain":0.0,"max_hp_loss":0.0,"gold_gain":0.0,"event_name":"Bonfire Elementals","player_choice":"Offered Basic","floor":20.0,"gold_loss":0.0,"damage_taken":0.0},{"damage_healed":0.0,"max_hp_gain":0.0,"max_hp_loss":0.0,"gold_gain":0.0,"event_name":"MindBloom","player_choice":"Upgrade","floor":37.0,"gold_loss":0.0,"damage_taken":0.0,"cards_upgraded":["Strike_P","Defend_P","Defend_P","Defend_P","Brilliance","SandsOfTime","Prostrate","Scrawl","ConjureBlade"],"relics_obtained":["Mark of the Bloom"]},{"damage_healed":0.0,"max_hp_gain":0.0,"max_hp_loss":0.0,"gold_gain":0.0,"event_name":"Tomb of Lord Red Mask","player_choice":"Paid","floor":45.0,"gold_loss":268.0,"damage_taken":0.0,"relics_obtained":["Red Mask"]}],"is_beta":false,"boss_relics":[{"not_picked":["Runic Dome","Runic Pyramid"],"picked":"Velvet Choker"},{"not_picked":["SacredBark","SlaversCollar"],"picked":"Black Star"}],"items_purged_floors":[2,14,19,28],"is_endless":false,"potions_floor_spawned":[3,7,13,16,18,23,29,31,33,35,41,44,46],"killed_by":"Awakened One","ascension_level":3}}