{"host":"lhth1efayex2023z","time":1607906830,"event":{"mods":["BaseMod","Colored Map","Googly Eyes","Minty Spire (QoL Compilation)","StSLib"],"gold_per_floor":[118,118,138,138,155,184,197,197,276,276,305,4,30,205,205,205,205],"floor_reached":16,"playtime":441,"items_purged":["Strike_B"],"score":269,"play_id":"1679b316-6d11-40eb-89b8-5264e8aa13f9","local_time":"20201213174710","is_ascension_mode":true,"campfire_choices":[{"data":"Zap","floor":8,"key":"SMITH"},{"data":"Storm","floor":10,"key":"SMITH"},{"data":"Redo","floor":15,"key":"SMITH"}],"circlet_count":0,"master_deck":["AscendersBane","Defend_B","Defend_B","Defend_B","Defend_B","Zap+1","Dualcast","Hyperbeam+1","Rebound","Loop+1","Storm+1","Force Field","Redo+1","Capacitor","Doubt"],"relics":["Cracked Core","TungstenRod","Letter Opener","Vajra","Runic Capacitor","Frozen Egg 2"],"acts_visited":["Exordium"],"potions_floor_usage":[6,11],"damage_taken":[{"damage":0,"enemies":"Cultist","floor":1,"turns":3},{"damage":2,"enemies":"Small Slimes","floor":3,"turns":3},{"damage":9,"enemies":"Jaw Worm","floor":5,"turns":4},{"damage":0,"enemies":"Gremlin Nob","floor":6,"turns":2},{"damage":0,"enemies":"2 Fungi Beasts","floor":7,"turns":2},{"damage":0,"enemies":"Lagavulin","floor":11,"turns":5},{"damage":4,"enemies":"3 Sentries","floor":13,"turns":2},{"damage":48,"enemies":"The Guardian","floor":16,"turns":7}],"seed_played":"-8053499062180509111","potions_obtained":[{"floor":3,"key":"LiquidMemories"},{"floor":5,"key":"PotionOfCapacity"},{"floor":6,"key":"PowerPotion"}],"is_trial":false,"path_per_floor":["M","?","M","?","M","E","M","R","T","R","E","$","E","?","R","B"],"character_chosen":"DEFECT","items_purchased":["Runic Capacitor","Capacitor"],"campfire_rested":0,"item_purchase_floors":[12,12],"current_hp_per_floor":[68,68,66,52,43,43,43,43,43,43,43,43,39,39,39,0,0],"gold":205,"neow_bonus":"TRANSFORM_TWO_CARDS","is_daily":false,"chose_seed":false,"campfire_upgraded":3,"win_rate":0.0,"timestamp":1607906830,"path_taken":["M","?","M","?","M","E","M","R","T","R","E","?","E","?","R","BOSS"],"items_purchased_type":["Relic","Card"],"build_version":"2020-11-30","purchased_purges":1,"victory":false,"max_hp_per_floor":[68,68,68,68,68,68,68,68,68,68,68,68,68,68,68,68,68],"card_choices":[{"not_picked":["Rebound","Barrage"],"picked":"Loop","floor":1},{"not_picked":["Darkness","Streamline"],"picked":"Storm","floor":3},{"not_picked":["Sweeping Beam","Leap","Rebound"],"picked":"SKIP","floor":5},{"not_picked":["Rip and Tear","Gash"],"picked":"Force Field","floor":6},{"not_picked":["Steam","Beam Cell","Skim"],"picked":"SKIP","floor":7},{"not_picked":["Reprogram","Conserve Battery"],"picked":"Redo","floor":11},{"not_picked":["Cold Snap","Streamline","Compile Driver"],"picked":"SKIP","floor":13}],"player_experience":358914,"relics_obtained":[{"floor":6,"key":"TungstenRod"},{"floor":9,"key":"Letter Opener"},{"floor":11,"key":"Vajra"},{"floor":13,"key":"Frozen Egg 2"}],"event_choices":[{"cards_removed":["Strike_B"],"damage_healed":0,"gold_gain":0,"player_choice":"Forget","damage_taken":0,"max_hp_gain":0,"max_hp_loss":0,"event_name":"Living Wall","floor":2,"gold_loss":0},{"damage_healed":0,"gold_gain":0,"player_choice":"Entered Light","damage_taken":14,"max_hp_gain":0,"max_hp_loss":0,"event_name":"Shining Light","floor":4,"gold_loss":0,"cards_upgraded":["Loop","Hyperbeam"]},{"damage_healed":0,"gold_gain":175,"player_choice":"AGREE","damage_taken":0,"max_hp_gain":0,"max_hp_loss":0,"event_name":"Liars Game","floor":14,"gold_loss":0,"cards_obtained":["Doubt"]}],"is_beta":false,"boss_relics":[],"items_purged_floors":[12],"is_endless":false,"potions_floor_spawned":[3,5,6],"killed_by":"The Guardian","ascension_level":12}}