{"host":"63rwe7p34ct1i0qu","time":1607951705,"event":{"mods":["BaseMod","DeckTracker","Minty Spire (QoL Compilation)","Permanent Neow","Quick Restart","StSLib"],"gold_per_floor":[16,16,16,16,36,74,74,114,114,157,177,177,177,193,193,321,321,335,356,281,297,317,317,317,357,402,437,437,470,501,551,563,706,718,748,1116,1461,1485,1517,1529,1031,1031,1031,1031,1043,1072,1072,449,449,449],"floor_reached":51,"playtime":1516,"items_purged":["Strike_R","Armaments+1","Clumsy"],"score":1051,"play_id":"f691faf8-1cfd-4f5c-b3db-a71473ae7b3a","local_time":"20201214221505","is_ascension_mode":true,"campfire_choices":[{"floor":12,"key":"REST"},{"data":"Whirlwind","floor":15,"key":"SMITH"},{"data":"Feed","floor":23,"key":"SMITH"},{"data":"Defend_R","floor":32,"key":"SMITH"},{"data":"Defend_R","floor":40,"key":"SMITH"},{"data":"Defend_R","floor":44,"key":"SMITH"},{"floor":47,"key":"REST"},{"floor":49,"key":"REST"}],"circlet_count":0,"master_deck":["Defend_R+1","Defend_R+1","Defend_R+1","Defend_R+1","Bash+1","Whirlwind+1","Feed+1","Necronomicurse","Shockwave+1","Warcry+1","Combust","Impervious"],"relics":["Burning Blood","Magic Flower","Paper Frog","Thread and Needle","Singing Bowl","Vajra","Art of War","Cursed Key","Necronomicon","Ancient Tea Set","Happy Flower","Bag of Preparation","MawBank","Red Mask","Astrolabe","Old Coin","Bronze Scales","Darkstone Periapt","Bird Faced Urn","Dream Catcher","Nunchaku","Cauldron"],"acts_visited":["Exordium","TheCity","TheBeyond"],"potions_floor_usage":[8,10,30,33,33,46,50],"damage_taken":[{"damage":9,"enemies":"2 Louse","floor":1,"turns":3},{"damage":0,"enemies":"Small Slimes","floor":5,"turns":3},{"damage":24,"enemies":"Gremlin Nob","floor":6,"turns":4},{"damage":18,"enemies":"3 Sentries","floor":8,"turns":6},{"damage":17,"enemies":"Gremlin Nob","floor":10,"turns":5},{"damage":0,"enemies":"Cultist","floor":11,"turns":2},{"damage":4,"enemies":"Blue Slaver","floor":14,"turns":3},{"damage":46,"enemies":"The Guardian","floor":16,"turns":10},{"damage":15,"enemies":"Shell Parasite","floor":18,"turns":5},{"damage":3,"enemies":"3 Byrds","floor":19,"turns":3},{"damage":1,"enemies":"3 Cultists","floor":21,"turns":4},{"damage":3,"enemies":"Chosen and Byrds","floor":22,"turns":4},{"damage":0,"enemies":"Slavers","floor":25,"turns":1},{"damage":13,"enemies":"Gremlin Leader","floor":27,"turns":3},{"damage":0,"enemies":"Slavers","floor":29,"turns":1},{"damage":0,"enemies":"Snake Plant","floor":30,"turns":2},{"damage":0,"enemies":"Masked Bandits","floor":31,"turns":1},{"damage":71,"enemies":"Champ","floor":33,"turns":8},{"damage":4,"enemies":"Orb Walker","floor":35,"turns":3},{"damage":17,"enemies":"2 Orb Walkers","floor":36,"turns":3},{"damage":0,"enemies":"3 Darklings","floor":38,"turns":2},{"damage":0,"enemies":"Jaw Worm Horde","floor":39,"turns":2},{"damage":24,"enemies":"Writhing Mass","floor":45,"turns":3},{"damage":22,"enemies":"Giant Head","floor":46,"turns":6},{"damage":32,"enemies":"Donu and Deca","floor":50,"turns":5}],"seed_played":"-1668626756970782142","potions_obtained":[{"floor":6,"key":"ColorlessPotion"},{"floor":8,"key":"ColorlessPotion"},{"floor":10,"key":"SteroidPotion"},{"floor":25,"key":"Weak Potion"},{"floor":27,"key":"CultistPotion"},{"floor":29,"key":"Fire Potion"},{"floor":31,"key":"FairyPotion"},{"floor":33,"key":"EssenceOfSteel"},{"floor":35,"key":"FearPotion"},{"floor":36,"key":"Regen Potion"},{"floor":39,"key":"DistilledChaos"}],"is_trial":false,"path_per_floor":["M","?","?","?","M","E","$","E","T","E","M","R","?","M","R","B",null,"M","M","$","M","M","R","?","E","T","E","?","E","M","?","R","B",null,"M","?","?","M","M","R","$","?","T","R","M","E","R","$","R","B",null],"character_chosen":"IRONCLAD","items_purchased":["Bronze Scales","Darkstone Periapt","Nunchaku","Impervious","Cauldron","Swift Potion"],"campfire_rested":3,"item_purchase_floors":[41,41,48,48,48,48],"current_hp_per_floor":[80,60,44,44,53,38,38,29,29,23,34,59,59,66,66,29,86,82,90,90,95,100,100,84,95,95,93,93,104,112,114,114,54,116,118,112,112,122,128,128,128,128,134,134,121,128,140,140,142,119],"gold":449,"neow_bonus":"ONE_RARE_RELIC","is_daily":false,"chose_seed":false,"campfire_upgraded":5,"win_rate":0.0,"timestamp":1607951705,"path_taken":["M","?","?","?","?","E","$","E","T","E","M","R","?","M","R","BOSS","M","?","$","M","M","R","?","E","T","E","?","E","?","?","R","BOSS","M","?","?","M","M","R","$","?","T","R","M","E","R","$","R","BOSS"],"items_purchased_type":["Relic","Relic","Relic","Card","Relic","Potion"],"build_version":"2020-12-13","purchased_purges":3,"victory":true,"max_hp_per_floor":[80,80,80,80,80,80,80,80,80,82,84,84,84,86,86,86,86,88,90,90,95,100,100,100,102,102,104,104,106,112,114,114,116,116,118,120,120,122,128,128,128,128,134,134,136,138,140,140,142,142],"card_choices":[{"not_picked":["Body Slam","Warcry","Havoc"],"picked":"SKIP","floor":1},{"not_picked":["Infernal Blade","Fire Breathing"],"picked":"Whirlwind","floor":5},{"not_picked":["Warcry","Flex","Twin Strike"],"picked":"SKIP","floor":6},{"not_picked":["Headbutt","Pommel Strike","Sword Boomerang"],"picked":"SKIP","floor":8},{"not_picked":["Inflame","Headbutt","Havoc"],"picked":"Singing Bowl","floor":10},{"not_picked":["Perfected Strike","Disarm","Cleave"],"picked":"Singing Bowl","floor":11},{"not_picked":["Thunderclap","Barricade","Iron Wave"],"picked":"Singing Bowl","floor":14},{"not_picked":["Corruption","Exhume"],"picked":"Feed","floor":16},{"not_picked":["Rage","Perfected Strike","Warcry"],"picked":"Singing Bowl","floor":18},{"not_picked":["Rage+1","Twin Strike","Clash"],"picked":"Singing Bowl","floor":19},{"not_picked":["Cleave","Armaments","Headbutt"],"picked":"Singing Bowl","floor":21},{"not_picked":["Clothesline","Iron Wave","Brutality"],"picked":"Singing Bowl","floor":22},{"not_picked":["Headbutt","True Grit","Sword Boomerang"],"picked":"Singing Bowl","floor":25},{"not_picked":["Flex+1","Anger","Clash"],"picked":"Singing Bowl","floor":27},{"not_picked":["Clash","Rage","Berserk"],"picked":"Singing Bowl","floor":29},{"not_picked":["Fire Breathing+1","Shrug It Off","Carnage+1"],"picked":"Singing Bowl","floor":30},{"not_picked":["Hemokinesis","Rupture+1","Rage+1"],"picked":"Singing Bowl","floor":31},{"not_picked":["Corruption","Bludgeon","Berserk"],"picked":"Singing Bowl","floor":33},{"not_picked":["Headbutt","Dark Embrace","Disarm+1"],"picked":"Singing Bowl","floor":35},{"not_picked":["Body Slam","Sever Soul+1","Spot Weakness+1"],"picked":"Singing Bowl","floor":36},{"not_picked":["Thunderclap+1","Warcry","Clothesline+1"],"picked":"Singing Bowl","floor":38},{"not_picked":["Flex","Rupture","Evolve"],"picked":"Singing Bowl","floor":39},{"not_picked":["Thunderclap","True Grit","Power Through"],"picked":"Singing Bowl","floor":45},{"not_picked":["Pummel","Heavy Blade+1","Rupture"],"picked":"Singing Bowl","floor":46},{"not_picked":["Thunderclap","Flame Barrier","Armaments+1"],"picked":"Singing Bowl","floor":47},{"not_picked":["Clothesline+1","Sentinel+1","Anger"],"picked":"Singing Bowl","floor":49}],"player_experience":765464,"relics_obtained":[{"floor":6,"key":"Paper Frog"},{"floor":8,"key":"Thread and Needle"},{"floor":9,"key":"Singing Bowl"},{"floor":10,"key":"Vajra"},{"floor":24,"key":"Necronomicon"},{"floor":25,"key":"Ancient Tea Set"},{"floor":26,"key":"Happy Flower"},{"floor":27,"key":"Bag of Preparation"},{"floor":29,"key":"MawBank"},{"floor":31,"key":"Red Mask"},{"floor":36,"key":"Old Coin"},{"floor":43,"key":"Bird Faced Urn"},{"floor":46,"key":"Dream Catcher"}],"event_choices":[{"damage_healed":0,"gold_gain":0,"player_choice":"Take Damage","damage_taken":20,"relics_obtained":["Golden Idol"],"max_hp_gain":0,"max_hp_loss":0,"event_name":"Golden Idol","floor":2,"gold_loss":0},{"damage_healed":0,"gold_gain":0,"player_choice":"Entered Light","damage_taken":16,"max_hp_gain":0,"max_hp_loss":0,"event_name":"Shining Light","floor":3,"gold_loss":0,"cards_upgraded":["Strike_R","Bash"]},{"damage_healed":0,"gold_gain":0,"player_choice":"Upgraded","damage_taken":0,"max_hp_gain":0,"max_hp_loss":0,"event_name":"Upgrade Shrine","floor":4,"gold_loss":0,"cards_upgraded":["Defend_R"]},{"damage_healed":0,"gold_gain":0,"player_choice":"Gave Potion","damage_taken":0,"relics_obtained":["Art of War"],"max_hp_gain":0,"max_hp_loss":0,"event_name":"WeMeetAgain","floor":13,"gold_loss":0},{"damage_healed":0,"gold_gain":0,"player_choice":"Obtained Book","damage_taken":16,"max_hp_gain":0,"max_hp_loss":0,"event_name":"Cursed Tome","floor":24,"gold_loss":0},{"cards_removed":["Normality"],"damage_healed":0,"gold_gain":0,"player_choice":"Removed Curses","damage_taken":0,"max_hp_gain":0,"max_hp_loss":0,"event_name":"Fountain of Cleansing","floor":28,"gold_loss":0},{"damage_healed":0,"gold_gain":0,"player_choice":"Fought Bandits","damage_taken":0,"max_hp_gain":0,"max_hp_loss":0,"event_name":"Masked Bandits","floor":31,"gold_loss":0},{"damage_healed":0,"gold_gain":0,"player_choice":"Fight","damage_taken":0,"max_hp_gain":0,"max_hp_loss":0,"event_name":"Mysterious Sphere","floor":36,"gold_loss":0},{"damage_healed":0,"gold_gain":333,"player_choice":"Gave Idol","damage_taken":0,"max_hp_gain":0,"max_hp_loss":0,"event_name":"The Moai Head","floor":37,"relics_lost":["Golden Idol"],"gold_loss":0},{"damage_healed":0,"gold_gain":0,"cards_transformed":["Strike_R"],"player_choice":"Transformed","damage_taken":0,"max_hp_gain":0,"max_hp_loss":0,"event_name":"Transmorgrifier","floor":42,"gold_loss":0,"cards_obtained":["Combust"]}],"is_beta":false,"boss_relics":[{"not_picked":["Ectoplasm","Black Star"],"picked":"Cursed Key"},{"not_picked":["Pandora\u0027s Box","Sozu"],"picked":"Astrolabe"}],"items_purged_floors":[20,41,48],"is_endless":false,"potions_floor_spawned":[6,8,10,25,27,29,31,33,35,36,39,45],"ascension_level":2}}