{"host":"x6tlfgqpy55vgxdn","time":1607960266,"event":{"mods":["AchievementEnabler","BaseMod","DeckTracker","Minty Spire (QoL Compilation)","Permanent Neow","StSLib","SuperFastMode"],"gold_per_floor":[110,120,139,154,154,154,182,182,182,182,238,263,263,17,17,91,91,103,103,115,115,115,115,142,142,142,142,67,99,99,114,114,186,186,198,1197,1197,539,550,550,560,560,560,573,606,49,49,82,82,82],"floor_reached":51,"playtime":1390,"items_purged":["Strike_P","Normality","Strike_P"],"score":1540,"play_id":"0d3c4110-ab7c-48df-bc5a-be81319209a0","local_time":"20201215003746","is_ascension_mode":true,"campfire_choices":[{"data":"Eruption","floor":6.0,"key":"SMITH"},{"data":"Blasphemy","floor":8.0,"key":"SMITH"},{"data":"SandsOfTime","floor":13.0,"key":"SMITH"},{"data":"CrushJoints","floor":15.0,"key":"SMITH"},{"data":"RitualDagger","floor":23.0,"key":"SMITH"},{"data":"Defend_P","floor":25.0,"key":"PURGE"},{"data":"Strike_P","floor":27.0,"key":"PURGE"},{"data":"Defend_P","floor":32.0,"key":"PURGE"},{"data":"Normality","floor":40.0,"key":"PURGE"},{"data":"Defend_P","floor":42,"key":"PURGE"},{"data":"Conclude","floor":49,"key":"PURGE"}],"circlet_count":0,"master_deck":["AscendersBane","Eruption+1","Vigilance","DevaForm","CrushJoints+1","Blasphemy+1","SandsOfTime+1","DeusExMachina","Meditate+1","RitualDagger+1","Ragnarok","RitualDagger+1","Enlightenment","Sanctity"],"relics":["HolyWater","White Beast Statue","StrikeDummy","Gremlin Horn","Bottled Lightning","Singing Bowl","Nilry\u0027s Codex","Peace Pipe","InkBottle","Mercury Hourglass","Potion Belt","Busted Crown","Eternal Feather","DollysMirror","Akabeko","Bronze Scales","Orichalcum","Mango","Meat on the Bone"],"acts_visited":["Exordium","TheCity","TheBeyond"],"potions_floor_usage":[41,44,45,48,50],"damage_taken":[{"damage":0.0,"enemies":"2 Louse","floor":1.0,"turns":3.0},{"damage":2.0,"enemies":"Jaw Worm","floor":2.0,"turns":2.0},{"damage":0.0,"enemies":"Cultist","floor":3.0,"turns":2.0},{"damage":0.0,"enemies":"Red Slaver","floor":4.0,"turns":1.0},{"damage":0.0,"enemies":"Gremlin Nob","floor":7.0,"turns":2.0},{"damage":17.0,"enemies":"3 Sentries","floor":11.0,"turns":3.0},{"damage":0.0,"enemies":"Lagavulin","floor":12.0,"turns":3.0},{"damage":18.0,"enemies":"Hexaghost","floor":16.0,"turns":5.0},{"damage":0.0,"enemies":"Spheric Guardian","floor":18.0,"turns":1.0},{"damage":0.0,"enemies":"Chosen","floor":20.0,"turns":1.0},{"damage":0.0,"enemies":"Gremlin Leader","floor":24.0,"turns":3.0},{"damage":4.0,"enemies":"Book of Stabbing","floor":29.0,"turns":2.0},{"damage":21.0,"enemies":"Centurion and Healer","floor":31.0,"turns":4.0},{"damage":3.0,"enemies":"Collector","floor":33.0,"turns":3.0},{"damage":17.0,"enemies":"Orb Walker","floor":35.0,"turns":3.0},{"damage":0.0,"enemies":"3 Shapes","floor":39.0,"turns":2.0},{"damage":0,"enemies":"Jaw Worm Horde","floor":41,"turns":2},{"damage":0,"enemies":"Maw","floor":44,"turns":2},{"damage":5,"enemies":"Giant Head","floor":45,"turns":2},{"damage":22,"enemies":"Nemesis","floor":48,"turns":3},{"damage":0,"enemies":"Time Eater","floor":50,"turns":1}],"seed_played":"-5213471099088170214","potions_obtained":[{"floor":1.0,"key":"Ancient Potion"},{"floor":2.0,"key":"Swift Potion"},{"floor":11.0,"key":"BottledMiracle"},{"floor":16.0,"key":"AttackPotion"},{"floor":24.0,"key":"Block Potion"},{"floor":29.0,"key":"EssenceOfSteel"},{"floor":31.0,"key":"PowerPotion"},{"floor":33.0,"key":"BlessingOfTheForge"},{"floor":35.0,"key":"Swift Potion"},{"floor":39.0,"key":"AttackPotion"},{"floor":41,"key":"DuplicationPotion"},{"floor":44,"key":"Weak Potion"},{"floor":45,"key":"ColorlessPotion"},{"floor":48,"key":"Weak Potion"}],"is_trial":false,"path_per_floor":["M","M","M","M","?","R","E","R","T","T","?","E","R","$","R","B",null,"M","?","M","T","?","R","E","R","T","R","$","E","$","M","R","B",null,"M","?","?","$","M","R","M","R","T","M","E","$","?","E","R","B",null],"character_chosen":"WATCHER","items_purchased":["Singing Bowl","Eternal Feather","DollysMirror","Akabeko","Mango","Enlightenment","Sanctity"],"campfire_rested":0,"item_purchase_floors":[14,38,38,38,46,46,46],"current_hp_per_floor":[61,59,59,59,59,59,59,59,59,59,42,42,42,42,42,24,57,59,43,43,43,37,37,39,39,39,39,39,37,37,18,18,15,61,46,46,46,46,48,57,59,68,68,70,67,81,81,61,70,70],"gold":82,"neow_bonus":"TRANSFORM_CARD","is_daily":false,"chose_seed":false,"campfire_upgraded":5,"win_rate":0.0,"timestamp":1607960266,"path_taken":["M","M","M","M","?","R","E","R","T","?","?","E","R","?","R","BOSS","M","?","M","?","?","R","E","R","T","R","?","E","$","?","R","BOSS","M","?","?","$","M","R","?","R","T","M","E","$","?","E","R","BOSS"],"items_purchased_type":["Relic","Relic","Relic","Relic","Relic","Card","Card"],"build_version":"2020-12-13","purchased_purges":3,"victory":true,"max_hp_per_floor":[68,68,68,68,68,68,68,68,68,68,68,68,68,68,68,68,68,70,70,70,70,70,70,72,72,72,72,72,74,74,76,76,76,76,78,78,78,78,80,80,82,82,82,84,86,100,95,97,97,97],"card_choices":[{"not_picked":["DeceiveReality","ThirdEye"],"picked":"Conclude","floor":1.0},{"not_picked":["ThirdEye","Halt"],"picked":"CrushJoints","floor":2.0},{"not_picked":["CutThroughFate","BowlingBash"],"picked":"Blasphemy","floor":3.0},{"not_picked":["JustLucky","FollowUp","Evaluate"],"picked":"SKIP","floor":4.0},{"not_picked":["SandsOfTime","PathToVictory","Swivel"],"picked":"SKIP","floor":7.0},{"not_picked":["PathToVictory","Swivel"],"picked":"SandsOfTime","floor":7.0},{"not_picked":["SignatureMove","Alpha","BowlingBash"],"picked":"SKIP","floor":12.0},{"not_picked":["Devotion","Judgement"],"picked":"DeusExMachina","floor":16.0},{"not_picked":["Tantrum","ReachHeaven","SignatureMove"],"picked":"Singing Bowl","floor":18.0},{"not_picked":["Fasting2","WindmillStrike"],"picked":"Meditate+1","floor":20.0},{"not_picked":["FlurryOfBlows","Crescendo","BowlingBash"],"picked":"Singing Bowl","floor":24.0},{"not_picked":["BattleHymn","WaveOfTheHand","DevaForm"],"picked":"Singing Bowl","floor":29.0},{"not_picked":["CutThroughFate","Sanctity","Prostrate"],"picked":"Singing Bowl","floor":31.0},{"not_picked":["SpiritShield","MasterReality"],"picked":"Ragnarok","floor":33.0},{"not_picked":["SashWhip"],"picked":"Singing Bowl","floor":35.0},{"not_picked":["Nirvana"],"picked":"Singing Bowl","floor":39.0},{"not_picked":["Nirvana+1"],"picked":"Singing Bowl","floor":41},{"not_picked":["FlyingSleeves"],"picked":"Singing Bowl","floor":44},{"not_picked":["Vengeance+1"],"picked":"Singing Bowl","floor":45},{"not_picked":["SignatureMove+1"],"picked":"Singing Bowl","floor":48}],"player_experience":158544,"relics_obtained":[{"floor":7.0,"key":"White Beast Statue"},{"floor":9.0,"key":"StrikeDummy"},{"floor":10.0,"key":"Gremlin Horn"},{"floor":12.0,"key":"Bottled Lightning"},{"floor":19.0,"key":"Nilry\u0027s Codex"},{"floor":21.0,"key":"Peace Pipe"},{"floor":24.0,"key":"InkBottle"},{"floor":26.0,"key":"Mercury Hourglass"},{"floor":29.0,"key":"Potion Belt"},{"floor":43,"key":"Bronze Scales"},{"floor":45,"key":"Orichalcum"},{"floor":48,"key":"Meat on the Bone"}],"event_choices":[{"damage_healed":0.0,"max_hp_gain":0.0,"max_hp_loss":0.0,"gold_gain":0.0,"event_name":"Liars Game","player_choice":"Ignored","floor":5.0,"gold_loss":0.0,"damage_taken":0.0},{"damage_healed":0.0,"max_hp_gain":0.0,"max_hp_loss":0.0,"gold_gain":0.0,"event_name":"Dead Adventurer","player_choice":"Searched \u00272\u0027 times","floor":11.0,"gold_loss":0.0,"damage_taken":0.0},{"damage_healed":0.0,"max_hp_gain":0.0,"max_hp_loss":0.0,"gold_gain":0.0,"event_name":"Cursed Tome","player_choice":"Obtained Book","floor":19.0,"gold_loss":0.0,"damage_taken":16.0},{"damage_healed":0.0,"max_hp_gain":0.0,"max_hp_loss":0.0,"gold_gain":0.0,"event_name":"Nest","player_choice":"Joined the Cult","floor":22.0,"gold_loss":0.0,"damage_taken":6.0,"cards_obtained":["RitualDagger"]},{"damage_healed":0.0,"max_hp_gain":0.0,"max_hp_loss":0.0,"gold_gain":999.0,"event_name":"MindBloom","player_choice":"Gold","floor":36.0,"gold_loss":0.0,"damage_taken":0.0,"cards_obtained":["Normality","Normality"]},{"cards_removed":["Strike_P"],"damage_healed":0.0,"max_hp_gain":0.0,"max_hp_loss":0.0,"gold_gain":0.0,"event_name":"Falling","player_choice":"Removed Attack","floor":37.0,"gold_loss":0.0,"damage_taken":0.0},{"damage_healed":0,"gold_gain":0,"player_choice":"Max HP","damage_taken":0,"max_hp_gain":0,"max_hp_loss":5,"event_name":"Winding Halls","floor":47,"gold_loss":0}],"is_beta":false,"boss_relics":[{"not_picked":["Tiny House","Empty Cage"],"picked":"HolyWater"},{"not_picked":["Coffee Dripper","Philosopher\u0027s Stone"],"picked":"Busted Crown"}],"items_purged_floors":[28,38,46],"is_endless":false,"potions_floor_spawned":[1,2,11,12,16,18,20,24,29,31,33,35,39,41,44,45,48],"ascension_level":14}}