{"host":"15ff3ltgpietarej","time":1607977117,"event":{"mods":["BaseMod","Downfall","Highlight Path","Minty Spire (QoL Compilation)","StSLib"],"gold_per_floor":[99,199,242,251,292,319,319,319,344,385,414,434,461,470,499,612,621,621,648,648,757,278,378,423,451,451,495,495,76,88,88,107,219,219,219,244,169,208,226,226,278,307,348,198,224,278,328,428,458,458,458,494,5,5,5],"floor_reached":56,"playtime":3416,"items_purged":["Guardian:TimeBomb"],"score":1751,"play_id":"09537ba2-1841-4b93-a0f6-6a9671690c23","local_time":"20201214211837","is_ascension_mode":true,"campfire_choices":[{"data":"Guardian:TwinSlam","floor":1.0,"key":"SMITH"},{"data":"Guardian:Suspension","floor":18.0,"key":"SMITH"},{"data":"Guardian:Orbwalk","floor":20.0,"key":"SMITH"},{"floor":26.0,"key":"REST"},{"floor":35.0,"key":"RECALL"},{"floor":37.0,"key":"REST"},{"floor":40.0,"key":"REST"},{"floor":44.0,"key":"REST"},{"floor":54.0,"key":"REST"}],"circlet_count":0,"master_deck":["Guardian:Strike_Guardian","Guardian:Strike_Guardian","Guardian:Strike_Guardian","Guardian:Strike_Guardian","Guardian:Defend_Guardian","Guardian:Defend_Guardian","Guardian:Defend_Guardian","Guardian:CurlUp","Guardian:TwinSlam+1","Guardian:EvasiveProtocol","Guardian:Suspension+1","Guardian:VentSteam","Guardian:Orbwalk+1","Guardian:RollAttack","Guardian:ArmoredProtocol","Guardian:Gem_Synthetic","Guardian:PolyBeam","Guardian:BaubleBeam","CurseOfTheBell","Guardian:GuardianWhirl+1","Guardian:EvasiveProtocol","Guardian:Suspension","Guardian:DonusPower","Guardian:Preprogram","Guardian:PolyBeam","Guardian:ShieldCharger+1","Guardian:TimeSifter","Guardian:BronzeOrb","Guardian:Orbwalk","Blind","Guardian:Repulse","Guardian:PiercingHide+1","Guardian:RevengeProtocol","Guardian:EvasiveProtocol","Guardian:ChargeUp","Guardian:Incinerate","Guardian:PolyBeam+1","Guardian:Suspension","Parasite","Guardian:Repulse+1","Guardian:HyperBeam_Guardian","Guardian:TimeBomb","Guardian:EvasiveProtocol","Guardian:Planning"],"relics":["Guardian:ModeShifter","downfall:HeartsMalice","CeramicFish","Tiny Chest","Guardian:PickAxe","FossilizedHelix","Bronze Scales","Vajra","Calling Bell","Guardian:PocketSentry","Letter Opener","StoneCalendar","Lizard Tail","Kunai","Happy Flower","Guardian:StasisUpgradeRelic","downfall:GremlinWheel","Guardian:SackOfGems","Guardian:StasisCodex","Blood Vial","WingedGreaves","Darkstone Periapt","Lee\u0027s Waffle","Boot","Fusion Hammer","downfall:HeartBlessingRed","Peace Pipe","Pen Nib","downfall:HeartBlessingBlue","downfall:HeartBlessingGreen","hexamod:BolsterEngine","Orrery","downfall:GremlinWheel","Frozen Eye","Oddly Smooth Stone","Orichalcum","Art of War"],"acts_visited":["Exordium","TheCity","TheBeyond","TheEnding"],"potions_floor_usage":[55,55],"damage_taken":[{"damage":0.0,"enemies":"3 Sentries","floor":3.0,"turns":1.0},{"damage":0.0,"enemies":"2 Louse","floor":4.0,"turns":1.0},{"damage":0.0,"enemies":"Gremlin Nob","floor":5.0,"turns":1.0},{"damage":0.0,"enemies":"Jaw Worm","floor":9.0,"turns":5.0},{"damage":29.0,"enemies":"3 Sentries","floor":10.0,"turns":12.0},{"damage":0.0,"enemies":"Cultist","floor":11.0,"turns":2.0},{"damage":21.0,"enemies":"Gremlin Gang","floor":12.0,"turns":4.0},{"damage":0.0,"enemies":"3 Louse","floor":15.0,"turns":3.0},{"damage":35.0,"enemies":"downfall:Silent","floor":16.0,"turns":7.0},{"damage":0.0,"enemies":"Chosen","floor":19.0,"turns":4.0},{"damage":25.0,"enemies":"downfall:Defect","floor":21.0,"turns":7.0},{"damage":0.0,"enemies":"downfall:FleeingMerchant","floor":22.0,"turns":4.0},{"damage":0.0,"enemies":"downfall:FleeingMerchant","floor":23.0,"turns":4.0},{"damage":29.0,"enemies":"Slavers","floor":25.0,"turns":4.0},{"damage":19.0,"enemies":"Book of Stabbing","floor":27.0,"turns":5.0},{"damage":0.0,"enemies":"downfall:FleeingMerchant","floor":29.0,"turns":4.0},{"damage":6.0,"enemies":"Shell Parasite","floor":30.0,"turns":5.0},{"damage":7.0,"enemies":"Snecko","floor":32.0,"turns":4.0},{"damage":5.0,"enemies":"downfall:Ironclad","floor":33.0,"turns":7.0},{"damage":7.0,"enemies":"3 Shapes","floor":36.0,"turns":4.0},{"damage":37.0,"enemies":"Reptomancer","floor":38.0,"turns":6.0},{"damage":27.0,"enemies":"3 Darklings","floor":42.0,"turns":5.0},{"damage":33.0,"enemies":"Nemesis","floor":43.0,"turns":7.0},{"damage":18.0,"enemies":"4 Shapes","floor":45.0,"turns":3.0},{"damage":0.0,"enemies":"downfall:FleeingMerchant","floor":47.0,"turns":3.0},{"damage":0.0,"enemies":"downfall:FleeingMerchant","floor":48.0,"turns":3.0},{"damage":9.0,"enemies":"Writhing Mass","floor":49.0,"turns":6.0},{"damage":15.0,"enemies":"downfall:Defect","floor":50.0,"turns":7.0},{"damage":61.0,"enemies":"downfall:CharBossMerchant","floor":52.0,"turns":9.0},{"damage":37,"enemies":"downfall:NeowBoss","floor":55,"turns":21}],"seed_played":"6599217412620379269","potions_obtained":[{"floor":3.0,"key":"Regen Potion"},{"floor":9.0,"key":"Weak Potion"},{"floor":10.0,"key":"champ:CounterPotion"},{"floor":16.0,"key":"Dexterity Potion"},{"floor":19.0,"key":"FearPotion"},{"floor":25.0,"key":"Fire Potion"},{"floor":27.0,"key":"Fire Potion"},{"floor":32.0,"key":"Energy Potion"},{"floor":33.0,"key":"FairyPotion"},{"floor":38.0,"key":"DistilledChaos"},{"floor":42.0,"key":"champ:CounterPotion"},{"floor":52.0,"key":"Explosive Potion"}],"is_trial":false,"path_per_floor":["R","?","E","M","E","?","T","?","M","E","M","M","T","?","M","B",null,"R","M","R","?","$","?","T","E","R","E","T","$","M","?","M","B",null,"R","M","R","E","?","R","T","M","E","R","M","T","$","?","M","B",null,"E","$","R","B",null],"character_chosen":"GUARDIAN","items_purchased":["Guardian:EvasiveProtocol","Guardian:Suspension","Guardian:DonusPower","Happy Flower","Guardian:StasisUpgradeRelic","Lee\u0027s Waffle","Boot","Guardian:PolyBeam","Guardian:EvasiveProtocol","Guardian:ChargeUp","Guardian:Incinerate","Orrery","Guardian:TimeBomb","Orichalcum","Art of War","Guardian:EvasiveProtocol","Guardian:Planning","BlessingOfTheForge"],"campfire_rested":5,"item_purchase_floors":[22,22,22,22,22,29,29,29,47,47,47,47,53,53,53,53,53,53],"current_hp_per_floor":[72,72,72,72,72,72,72,72,72,43,43,22,22,22,22,2,61,61,61,61,36,36,36,36,7,31,14,14,87,81,81,76,73,84,84,79,87,50,50,76,76,51,20,59,43,43,45,47,46,33,86,27,27,57,22],"gold":5,"neow_bonus":"THREE_ENEMY_KILL","is_daily":false,"chose_seed":false,"campfire_upgraded":3,"win_rate":0.0,"timestamp":1607977117,"path_taken":["R","?","E","M","E","?","T","?","M","E","M","?","?","?","M","BOSS","R","M","R","?","$","?","T","E","R","E","?","$","M","?","M","BOSS","R","M","R","E","?","R","T","M","E","R","?","?","$","?","M","BOSS","E","$","R","BOSS"],"items_purchased_type":["Card","Card","Card","Relic","Relic","Relic","Relic","Card","Card","Card","Card","Relic","Card","Relic","Relic","Card","Card","Potion"],"build_version":"2020-12-13","purchased_purges":1,"victory":true,"max_hp_per_floor":[80,80,80,80,80,80,80,80,80,80,80,80,80,80,80,80,80,80,80,80,80,80,80,80,80,80,80,80,87,87,87,87,87,87,87,87,87,87,87,87,87,87,87,97,97,97,97,97,103,103,103,103,103,103,103],"card_choices":[{"not_picked":["Guardian:CrystalBeam","Guardian:TemporalStrike"],"picked":"Guardian:EvasiveProtocol","floor":3.0},{"not_picked":["Guardian:SpikerProtocol","Guardian:SentryBeam"],"picked":"Guardian:Suspension","floor":4.0},{"not_picked":["Guardian:CrystalBeam","Guardian:Suspension"],"picked":"Guardian:VentSteam","floor":5.0},{"not_picked":["Guardian:Gem_Cyan","Guardian:PiercingHide"],"picked":"Guardian:Orbwalk","floor":9.0},{"not_picked":["Guardian:StasisField","Guardian:Clone"],"picked":"Guardian:RollAttack","floor":10.0},{"not_picked":["Guardian:Gem_Crimson","Guardian:WalkerClaw"],"picked":"Guardian:ArmoredProtocol","floor":11.0},{"not_picked":["Guardian:ShieldCharger","Guardian:Clone","Guardian:PrismaticBeam"],"picked":"SKIP","floor":12.0},{"not_picked":["Guardian:Planning","Guardian:PolyBeam","Guardian:ShieldCharger"],"picked":"SKIP","floor":15.0},{"not_picked":["Guardian:Planning","Guardian:ShieldCharger"],"picked":"Guardian:PolyBeam","floor":15.0},{"not_picked":["Guardian:AncientConstruct","Guardian:FastForward"],"picked":"Guardian:BaubleBeam","floor":16.0},{"not_picked":["Guardian:DecasProtection","Guardian:Planning"],"picked":"Guardian:Gem_Purple","floor":19.0},{"not_picked":["Guardian:Planning","Guardian:SpikerProtocol"],"picked":"Guardian:GuardianWhirl+1","floor":21.0},{"not_picked":["Guardian:RefractedBeam","Guardian:Reroute"],"picked":"Guardian:TimeBomb","floor":22.0},{"not_picked":["Guardian:ConstructionForm","Guardian:ShieldCharger","Guardian:CrystalBeam"],"picked":"SKIP","floor":25.0},{"not_picked":["Guardian:TimeCapacitor","Guardian:BronzeOrb"],"picked":"Guardian:Preprogram","floor":27.0},{"not_picked":["Guardian:BronzeOrb","Guardian:SpikerProtocol"],"picked":"Guardian:Gem_Fragmented","floor":29.0},{"not_picked":["Guardian:Preprogram","Guardian:Suspension+1","Guardian:RefractedBeam"],"picked":"SKIP","floor":30.0},{"not_picked":["Guardian:Reroute+1","Guardian:Suspension"],"picked":"Guardian:ShieldCharger+1","floor":32.0},{"not_picked":["Guardian:Gem_Synthetic","Guardian:StasisStrike"],"picked":"Guardian:TimeSifter","floor":33.0},{"not_picked":["Guardian:Gem_Purple","Guardian:VentSteam+1"],"picked":"Guardian:BronzeOrb","floor":36.0},{"not_picked":["Guardian:Reroute+1","Guardian:PrimingBeam"],"picked":"Guardian:Orbwalk","floor":38.0},{"not_picked":["Guardian:CrystalBeam","Guardian:Orbwalk+1"],"picked":"Guardian:Repulse","floor":42.0},{"not_picked":["Guardian:Preprogram","Guardian:Gem_Crimson"],"picked":"Guardian:PiercingHide+1","floor":43.0},{"not_picked":["Guardian:TemporalShield+1","Guardian:CrystalBeam+1"],"picked":"Guardian:Gem_Blue","floor":45.0},{"not_picked":["Guardian:CrystalBeam+1","Guardian:Gem_Blue"],"picked":"Guardian:RevengeProtocol","floor":47.0},{"not_picked":["Guardian:CrystalBeam+1","Guardian:Gem_Purple"],"picked":"Guardian:PolyBeam+1","floor":47.0},{"not_picked":["Guardian:RollAttack","Guardian:Orbwalk+1"],"picked":"Guardian:Gem_Purple","floor":47.0},{"not_picked":["Guardian:CompilePackage","Guardian:Incinerate+1"],"picked":"Guardian:Suspension","floor":47.0},{"not_picked":["Guardian:Planning","Guardian:PrimingBeam"],"picked":"Guardian:Repulse+1","floor":49.0},{"not_picked":["Guardian:Reroute+1","Guardian:Gem_Synthetic"],"picked":"Guardian:HyperBeam_Guardian","floor":52.0}],"player_experience":382543,"relics_obtained":[{"floor":3.0,"key":"CeramicFish"},{"floor":5.0,"key":"Tiny Chest"},{"floor":7.0,"key":"FossilizedHelix"},{"floor":10.0,"key":"Bronze Scales"},{"floor":13.0,"key":"Vajra"},{"floor":17.0,"key":"Guardian:PocketSentry"},{"floor":17.0,"key":"Letter Opener"},{"floor":17.0,"key":"StoneCalendar"},{"floor":21.0,"key":"Lizard Tail"},{"floor":21.0,"key":"Kunai"},{"floor":23.0,"key":"downfall:GremlinWheel"},{"floor":24.0,"key":"Guardian:SackOfGems"},{"floor":25.0,"key":"Guardian:StasisCodex"},{"floor":26.0,"key":"Blood Vial"},{"floor":27.0,"key":"WingedGreaves"},{"floor":28.0,"key":"Darkstone Periapt"},{"floor":38.0,"key":"Peace Pipe"},{"floor":43.0,"key":"Pen Nib"},{"floor":46.0,"key":"hexamod:BolsterEngine"},{"floor":48.0,"key":"downfall:GremlinWheel"},{"floor":52.0,"key":"Frozen Eye"},{"floor":52.0,"key":"Oddly Smooth Stone"}],"event_choices":[{"damage_healed":0.0,"max_hp_gain":0.0,"max_hp_loss":0.0,"gold_gain":0.0,"event_name":"FaceTrader","player_choice":"Leave","floor":8.0,"gold_loss":0.0,"damage_taken":0.0},{"damage_healed":0.0,"max_hp_gain":0.0,"max_hp_loss":0.0,"gold_gain":0.0,"event_name":"Wheel of Change","player_choice":"Relic","floor":26.0,"gold_loss":0.0,"damage_taken":0.0},{"damage_healed":0.0,"max_hp_gain":0.0,"max_hp_loss":0.0,"gold_gain":0.0,"event_name":"Ghosts","player_choice":"Ignored","floor":31.0,"gold_loss":0.0,"damage_taken":0.0}],"is_beta":false,"boss_relics":[{"not_picked":["Philosopher\u0027s Stone","SacredBark"],"picked":"Calling Bell"},{"not_picked":["Empty Cage","Guardian:StasisSlotReductionRelic"],"picked":"Fusion Hammer"}],"items_purged_floors":[29],"is_endless":false,"potions_floor_spawned":[3,9,10,16,19,25,27,32,33,38,42,43,49,52],"ascension_level":7}}