{"host":"15dd7v8o90xso62x","time":1607913331,"event":{"mods":["BaseMod","Minty Spire (QoL Compilation)","Quick Restart","StSLib"],"gold_per_floor":[111,111,126,126,153,197,210,226,226,262,315,315,330,370,370,370,370],"floor_reached":16,"playtime":355,"items_purged":[],"score":340,"play_id":"43a604ae-a401-4ac5-b527-299cc953c4c5","local_time":"20201214113531","is_ascension_mode":true,"campfire_choices":[{"data":"Eruption","floor":12.0,"key":"SMITH"},{"data":"ConjureBlade","floor":15,"key":"SMITH"}],"circlet_count":0,"master_deck":["AscendersBane","Strike_P","Strike_P","Strike_P","Strike_P","Defend_P","Defend_P","Defend_P","Eruption+1","Vigilance","Worship","Halt","Tantrum","ClearTheMind","TalkToTheHand","InnerPeace","Prostrate","ConjureBlade+1"],"relics":["PureWater","NeowsBlessing","Golden Idol","Regal Pillow","Girya","Ornamental Fan","Bag of Marbles","Art of War","Orichalcum"],"acts_visited":["Exordium"],"potions_floor_usage":[14],"damage_taken":[{"damage":0.0,"enemies":"Jaw Worm","floor":1.0,"turns":1.0},{"damage":0.0,"enemies":"Small Slimes","floor":3.0,"turns":2.0},{"damage":0.0,"enemies":"Gremlin Nob","floor":6.0,"turns":1.0},{"damage":0.0,"enemies":"2 Louse","floor":7.0,"turns":3.0},{"damage":0.0,"enemies":"2 Fungi Beasts","floor":8.0,"turns":3.0},{"damage":6.0,"enemies":"Lagavulin","floor":10.0,"turns":5.0},{"damage":8.0,"enemies":"3 Louse","floor":13.0,"turns":3.0},{"damage":0,"enemies":"Gremlin Nob","floor":14,"turns":2},{"damage":25,"enemies":"Slime Boss","floor":16,"turns":3}],"seed_played":"-744613581337111300","potions_obtained":[{"floor":1.0,"key":"Ambrosia"},{"floor":3.0,"key":"EntropicBrew"},{"floor":13.0,"key":"EssenceOfSteel"}],"is_trial":false,"path_per_floor":["M","?","M","?","T","E","M","M","T","E","T","R","M","E","R","B"],"character_chosen":"WATCHER","items_purchased":[],"campfire_rested":0,"item_purchase_floors":[],"current_hp_per_floor":[61,38,38,38,38,38,38,38,38,32,32,32,24,24,24,0,0],"gold":370,"neow_bonus":"THREE_ENEMY_KILL","is_daily":false,"chose_seed":false,"campfire_upgraded":2,"win_rate":0.0,"timestamp":1607913331,"path_taken":["M","?","M","?","?","E","M","M","T","E","?","R","M","E","R","BOSS"],"items_purchased_type":[],"build_version":"2020-12-13","purchased_purges":0,"victory":false,"max_hp_per_floor":[68,68,68,68,68,68,68,68,68,68,68,68,68,68,68,68,68],"card_choices":[{"not_picked":["PathToVictory","Crescendo"],"picked":"Worship","floor":1.0},{"not_picked":["JustLucky","SashWhip"],"picked":"Halt","floor":3.0},{"not_picked":["Wireheading","Indignation"],"picked":"ClearTheMind","floor":6.0},{"not_picked":["Halt","Crescendo"],"picked":"TalkToTheHand","floor":7.0},{"not_picked":["EmptyFist","BowlingBash","WindmillStrike"],"picked":"SKIP","floor":8.0},{"not_picked":["Prostrate","ThirdEye"],"picked":"InnerPeace","floor":10.0},{"not_picked":["PathToVictory","Evaluate"],"picked":"Prostrate","floor":13.0},{"not_picked":["EmptyFist","EmptyBody"],"picked":"ConjureBlade","floor":14}],"player_experience":894665,"relics_obtained":[{"floor":5.0,"key":"Regal Pillow"},{"floor":6.0,"key":"Girya"},{"floor":9.0,"key":"Ornamental Fan"},{"floor":10.0,"key":"Bag of Marbles"},{"floor":11.0,"key":"Art of War"},{"floor":14,"key":"Orichalcum"}],"event_choices":[{"damage_healed":0.0,"max_hp_gain":0.0,"max_hp_loss":0.0,"gold_gain":0.0,"event_name":"Golden Idol","player_choice":"Take Damage","floor":2.0,"gold_loss":0.0,"damage_taken":23.0,"relics_obtained":["Golden Idol"]},{"damage_healed":0.0,"max_hp_gain":0.0,"max_hp_loss":0.0,"gold_gain":0.0,"cards_transformed":["Defend_P"],"event_name":"Living Wall","player_choice":"Change","floor":4.0,"gold_loss":0.0,"damage_taken":0.0,"cards_obtained":["Tantrum"]}],"is_beta":false,"boss_relics":[],"items_purged_floors":[],"is_endless":false,"potions_floor_spawned":[1,3,7,13],"killed_by":"Slime Boss","ascension_level":20}}