{"host":"hb254truj5uxpodn","time":1607933686,"event":{"mods":["2.2 Compatiblity","AchievementEnabler","Aspiration","Bartender","BaseMod","Bestiary","Better Altar","Better Match","Better Note","Better Sensory Stone","Better Skull","Better Third Choice","Better Vampires","BetterRewards","Colored Map","Colored Powertips","Conspire","Downfall","Energized Spire","Friendly Minions","GifTheSpireLib","Highlight Path","Hubris","Infinite Spire","Minty Spire (QoL Compilation)","Permanent Neow","Practice Mode","Quick Restart","Relic Stats","Replay The Spire","Shop Mod","Spicy Shops","StSLib","SuperFastMode","Uncapped","vexMod"],"gold_per_floor":[118,118,118,138,150,150,180,180,192,192,192,212,224,224,255,265,265,32,46,64,76,86,86,184,184,202,222,234,137,137,157,157,173,187,202,231,243,280,292,304,364,411,465,527,539,713,725,799,874,947,959,971,983,1088,1100,1138,1211,1292,1304,1316,1403,1415,1753,1765,1951,1963,2060,2275,2287,2299,2311,2605,2617,2629,2641,2930,3248,3586,3598,3805,3817,3829,3769,4111,4216],"floor_reached":86,"playtime":7893,"items_purged":["conspire:GhostlyStrike","conspire:GhostlyStrike","conspire:GhostlyDefend","conspire:GhostlyDefend","conspire:GhostlyDefend"],"score":1843,"play_id":"2e05dde9-6309-45ca-a964-d91bc3ffb1de","local_time":"20201214001446","is_ascension_mode":false,"campfire_choices":[{"floor":6.0,"key":"RECALL"},{"data":"hexamod:Incineration","floor":14.0,"key":"SMITH"},{"data":"conspire:GhostlyStrike","floor":23.0,"key":"PURGE"},{"data":"hexamod:VolcanoVisage","floor":37.0,"key":"SMITH"},{"floor":45.0,"key":"REST"},{"data":"hexamod:WildfireWeapon","floor":53.0,"key":"SMITH"},{"data":"hexamod:SearingWound","floor":55.0,"key":"SMITH"},{"floor":62.0,"key":"REST"},{"data":"infinitespire:Gouge","floor":70.0,"key":"SMITH"},{"data":"hexamod:EmpoweringStance","floor":79,"key":"SMITH"},{"data":"hexamod:SoulSteal","floor":82,"key":"SMITH"}],"circlet_count":0,"master_deck":["hexamod:Sear","hexamod:Float","hexamod:BurningTouch","hexamod:Incineration+1","hexamod:Firestarter","hexamod:GhostflameBarrier","hexamod:HeatMetal","hexamod:VolcanoVisage+1","hexamod:ExtraCrispy","hexamod:PhantomFireball","hexamod:SpectralSpark","conspire:Banana+1","hexamod:SuperheatedStrike","hexamod:RainOfEmbers","hexamod:EmpoweringStance+1","hexamod:SoulSteal+1","hexamod:ThermalTransfer","hexamod:GhostflameBarrier","hexamod:SearingWound+1","hexamod:WildfireWeapon+1","hexamod:ThermalTransfer","hexamod:FirstSeal","infinitespire:Gouge+1","hexamod:ExtraCrispy+1","Inflame+1"],"relics":["hexamod:SpiritBrand","hubris:Towel","CultistMask","Omamori","Meat on the Bone","Membership Card","energizedSpire:MagnifyingGlass","MawBank","Mummified Hand","Replay:Bandana","Toolbox","Painkiller Herb","PrismaticShard","InkBottle","Replay:Rubber Ducky","infinitespire:EvilPickle","aspiration:IroncladSkillbook","hexamod:SoulConsumer","Replay:Kaleidoscope","aspiration:StickyExplosives","ReplayTheSpireMod:Ninjato","ReplayFunnel","FossilizedHelix"],"acts_visited":["Exordium","Exordium","TheCity","Exordium","TheCity","TheBeyond","TheEnding"],"potions_floor_usage":[],"damage_taken":[{"damage":0.0,"enemies":"Jaw Worm","floor":1.0,"turns":3.0},{"damage":1.0,"enemies":"2 Louse","floor":4.0,"turns":3.0},{"damage":0.0,"enemies":"conspire:RoseBush","floor":5.0,"turns":3.0},{"damage":58.0,"enemies":"Gremlin Nob","floor":7.0,"turns":5.0},{"damage":0.0,"enemies":"Jaw Worm","floor":9.0,"turns":4.0},{"damage":1.0,"enemies":"Small Slimes","floor":12.0,"turns":4.0},{"damage":0.0,"enemies":"2 Louse","floor":13.0,"turns":3.0},{"damage":20.0,"enemies":"Lagavulin","floor":15.0,"turns":5.0},{"damage":7.0,"enemies":"2 Fungi Beasts","floor":16.0,"turns":4.0},{"damage":0.0,"enemies":"Large Slime","floor":19.0,"turns":3.0},{"damage":7.0,"enemies":"Exordium Thugs","floor":20.0,"turns":3.0},{"damage":0.0,"enemies":"Exordium Wildlife","floor":21.0,"turns":4.0},{"damage":7.0,"enemies":"Blue Slaver","floor":22.0,"turns":3.0},{"damage":16.0,"enemies":"Slime Boss","floor":24.0,"turns":7.0},{"damage":15.0,"enemies":"Chosen","floor":26.0,"turns":5.0},{"damage":0.0,"enemies":"Spheric Guardian","floor":27.0,"turns":3.0},{"damage":55.0,"enemies":"Cultist and Chosen","floor":28.0,"turns":8.0},{"damage":11.0,"enemies":"Jaw Worm","floor":31.0,"turns":3.0},{"damage":0.0,"enemies":"Small Slimes","floor":33.0,"turns":3.0},{"damage":0.0,"enemies":"Cultist","floor":34.0,"turns":2.0},{"damage":2.0,"enemies":"Lots of Slimes","floor":35.0,"turns":5.0},{"damage":0.0,"enemies":"Lagavulin","floor":36.0,"turns":3.0},{"damage":12.0,"enemies":"3 Sentries","floor":38.0,"turns":6.0},{"damage":0.0,"enemies":"Looter","floor":41.0,"turns":3.0},{"damage":1.0,"enemies":"Blue Slaver","floor":42.0,"turns":3.0},{"damage":1.0,"enemies":"Red Slaver","floor":43.0,"turns":3.0},{"damage":8.0,"enemies":"Lots of Slimes","floor":44.0,"turns":3.0},{"damage":0.0,"enemies":"Slime Boss","floor":46.0,"turns":6.0},{"damage":0.0,"enemies":"Shell Parasite","floor":48.0,"turns":3.0},{"damage":0.0,"enemies":"Spheric Guardian","floor":49.0,"turns":3.0},{"damage":21.0,"enemies":"Snake Plant","floor":50.0,"turns":3.0},{"damage":10.0,"enemies":"Snecko","floor":54.0,"turns":3.0},{"damage":17.0,"enemies":"Centurion and Healer","floor":57.0,"turns":3.0},{"damage":0.0,"enemies":"Cultist and Chosen","floor":58.0,"turns":5.0},{"damage":0.0,"enemies":"Snake Plant","floor":61.0,"turns":2.0},{"damage":25.0,"enemies":"Pondfish","floor":63.0,"turns":7.0},{"damage":0.0,"enemies":"3 Darklings","floor":65.0,"turns":3.0},{"damage":0.0,"enemies":"Mind Bloom Boss Battle","floor":67.0,"turns":3.0},{"damage":0.0,"enemies":"Orb Walker","floor":68.0,"turns":4.0},{"damage":0.0,"enemies":"Transient","floor":72.0,"turns":5.0},{"damage":0,"enemies":"Nemesis","floor":76,"turns":5},{"damage":0,"enemies":"Maw","floor":77,"turns":4},{"damage":1,"enemies":"Writhing Mass","floor":78,"turns":4},{"damage":52,"enemies":"hubris:GrandSnecko","floor":80,"turns":10},{"damage":37,"enemies":"Shield and Spear","floor":84,"turns":4},{"damage":6,"enemies":"The Heart","floor":85,"turns":8}],"seed_played":"7876874320468880330","potions_obtained":[{"floor":4.0,"key":"Elixir"},{"floor":9.0,"key":"Elixir"},{"floor":12.0,"key":"Block Potion"}],"is_trial":false,"path_per_floor":["M","?","?","M","M","R","E","M","M","?","?","M","M","R","E","M","T","$","M","M","M","M","R_BF","B",null,"M","M","M","$","M","M","?","M","M","M","E","R","E","T","AVR","M","M","M","M","R","B",null,"?","?","?","?","?","T","?","T","T","?","?","AVR","T","?","T","B",null,"?","?","?","?","AVR","T","?","?","T","?","?","E","?","?","T","B",null,"T","T","E","B",null],"character_chosen":"THE_SPIRIT","items_purchased":["Membership Card","hexamod:SpectralSpark","ReplayFunnel"],"campfire_rested":2,"item_purchase_floors":[18,29,83],"current_hp_per_floor":[75,75,75,74,74,74,16,80,80,80,80,79,79,79,59,52,52,52,52,45,45,50,50,46,80,65,65,22,22,85,74,74,76,78,78,80,80,70,70,70,72,73,74,68,98,100,105,107,109,88,88,80,80,70,70,70,65,65,65,65,65,97,74,111,113,106,115,117,117,117,117,119,119,119,119,121,123,125,125,86,127,127,127,96,103],"gold":4216,"neow_bonus":"RANDOM_EVENT","is_daily":false,"chose_seed":false,"campfire_upgraded":7,"win_rate":0.0,"timestamp":1607933686,"path_taken":["M","?","?","M","M","R","E","M","M","?","?","M","M","R","E","M","T","$","M","M","M","M","R_BF","BOSS","M","?","M","?","M","M","?","M","M","M","E","R","E","T","AVR","?","M","M","M","R","BOSS","?","?","?","?","?","T","?","T","T","?","?","AVR","?","?","T","BOSS","?","?","?","?","AVR","T","?","?","T","?","?","E","?","?","T","BOSS","T","T","E","BOSS"],"items_purchased_type":["Relic","Card","Relic"],"build_version":"2020-12-13","purchased_purges":5,"victory":true,"max_hp_per_floor":[75,75,75,75,75,75,75,80,80,80,80,80,80,80,80,80,80,80,80,80,80,80,80,80,80,80,80,80,80,85,85,85,87,89,91,93,93,95,95,95,97,99,101,103,103,105,105,107,109,109,109,109,109,109,109,109,109,109,109,109,109,109,111,111,113,113,115,117,117,117,117,119,119,119,119,121,123,125,125,127,127,127,127,129,131],"relic_stats":{"counters":[48,194],"Mummified Hand":[78],"MawBank":564,"obtain_stats":[{"ReplayFunnel":83,"aspiration:StickyExplosives":73,"ReplayTheSpireMod:Ninjato":76,"Painkiller Herb":47,"Omamori":15,"Replay:Kaleidoscope":69,"hubris:Towel":3,"MawBank":36,"PrismaticShard":52,"aspiration:IroncladSkillbook":64,"Replay:Rubber Ducky":60,"infinitespire:EvilPickle":63,"Replay:Baseball":7,"Replay:Bandana":39,"Mummified Hand":38,"Toolbox":40,"CultistMask":11,"energizedSpire:MagnifyingGlass":25,"Membership Card":18,"hexamod:SoulConsumer":67,"hexamod:SpiritBrand":0,"InkBottle":59,"FossilizedHelix":84,"Meat on the Bone":17},{"ReplayFunnel":46,"aspiration:StickyExplosives":42,"ReplayTheSpireMod:Ninjato":43,"Painkiller Herb":30,"Omamori":9,"Replay:Kaleidoscope":41,"hubris:Towel":1,"MawBank":24,"PrismaticShard":33,"aspiration:IroncladSkillbook":38,"Replay:Rubber Ducky":36,"infinitespire:EvilPickle":38,"Replay:Baseball":4,"Replay:Bandana":25,"Mummified Hand":25,"Toolbox":25,"CultistMask":6,"energizedSpire:MagnifyingGlass":15,"Membership Card":10,"hexamod:SoulConsumer":40,"hexamod:SpiritBrand":0,"InkBottle":36,"FossilizedHelix":47,"Meat on the Bone":10},{"ReplayFunnel":182,"aspiration:StickyExplosives":159,"ReplayTheSpireMod:Ninjato":164,"Painkiller Herb":115,"Omamori":32,"Replay:Kaleidoscope":154,"hubris:Towel":3,"MawBank":91,"PrismaticShard":124,"aspiration:IroncladSkillbook":144,"Replay:Rubber Ducky":135,"infinitespire:EvilPickle":144,"Replay:Baseball":14,"Replay:Bandana":97,"Mummified Hand":97,"Toolbox":97,"CultistMask":20,"energizedSpire:MagnifyingGlass":56,"Membership Card":36,"hexamod:SoulConsumer":150,"hexamod:SpiritBrand":0,"InkBottle":135,"FossilizedHelix":186,"Meat on the Bone":36}],"InkBottle":[32],"Meat on the Bone":48},"card_choices":[{"not_picked":["hexamod:GhostShield","hexamod:GhostLash"],"picked":"hexamod:BurningTouch","floor":1.0},{"not_picked":["hexamod:Again","hexamod:GhostShield","hexamod:AdvancingGuard"],"picked":"SKIP","floor":4.0},{"not_picked":["hexamod:BurningTouch","hexamod:SwordOfDarkness","hexamod:NightmareGuise"],"picked":"SKIP","floor":5.0},{"not_picked":["hexamod:ApocalypseNow","hexamod:AdvancingGuard"],"picked":"hexamod:Incineration","floor":7.0},{"not_picked":["hexamod:FastForward","hexamod:HeatShield","hexamod:HauntingEcho"],"picked":"SKIP","floor":9.0},{"not_picked":["hexamod:NightmareGuise","hexamod:NightmareStrike"],"picked":"hexamod:Firestarter","floor":12.0},{"not_picked":["hexamod:InspiringFlames","hexamod:AdvancingGuard","hexamod:DynamicBlow"],"picked":"SKIP","floor":13.0},{"not_picked":["hexamod:GhostOfSpirePast","hexamod:RainOfEmbers"],"picked":"hexamod:GhostflameBarrier","floor":15.0},{"not_picked":["hexamod:BurningTouch","hexamod:HauntingEcho","hexamod:NightmareStrike"],"picked":"SKIP","floor":16.0},{"not_picked":["hexamod:EtherealExpedition","hexamod:HexaLevel","hexamod:NightmareGuise"],"picked":"SKIP","floor":19.0},{"not_picked":["hexamod:FastForward","hexamod:Incineration","hexamod:Firestarter"],"picked":"SKIP","floor":20.0},{"not_picked":["hexamod:SpectersWail","hexamod:GhostShield"],"picked":"hexamod:HeatMetal","floor":21.0},{"not_picked":["hexamod:NightmareStrike","hexamod:GhostLash","hexamod:PowerFromBeyond"],"picked":"SKIP","floor":22.0},{"not_picked":["hexamod:SearingWound","hexamod:ApocalypticArmor"],"picked":"hexamod:VolcanoVisage","floor":24.0},{"not_picked":["hexamod:FirstSeal","hexamod:BacktrackSmack"],"picked":"hexamod:ExtraCrispy","floor":26.0},{"not_picked":["hexamod:ThirdSeal","hexamod:SpectersWail"],"picked":"hexamod:PhantomFireball","floor":27.0},{"not_picked":["hexamod:Rewind+1","hexamod:NightmareStrike+1","hexamod:Hexaguard+1"],"picked":"SKIP","floor":28.0},{"not_picked":["hexamod:AdvancingGuard","hexamod:ShieldOfDarkness","hexamod:GiftsFromTheDead"],"picked":"SKIP","floor":31.0},{"not_picked":["hexamod:PhantomCloak","hexamod:NightmareGuise"],"picked":"hexamod:SuperheatedStrike","floor":33.0},{"not_picked":["hexamod:NightmareStrike","hexamod:GhostLash","hexamod:SwordOfDarkness"],"picked":"SKIP","floor":34.0},{"not_picked":["hexamod:RetreatToShadows","hexamod:SpectersWail","hexamod:Firestarter"],"picked":"SKIP","floor":35.0},{"not_picked":["hexamod:RetreatToShadows","hexamod:SpectersWail","hexamod:Firestarter"],"picked":"SKIP","floor":35.0},{"not_picked":["hexamod:StepThrough","hexamod:GhostLash"],"picked":"hexamod:RainOfEmbers","floor":36.0},{"not_picked":["hexamod:Hexaguard","hexamod:GhostOfSpireFuture"],"picked":"hexamod:EmpoweringStance","floor":38.0},{"not_picked":["hexamod:SkipABeat","hexamod:StepThrough","hexamod:ThirdSeal"],"picked":"SKIP","floor":41.0},{"not_picked":["hexamod:BurningTouch","hexamod:InspiringFlames"],"picked":"hexamod:SoulSteal","floor":42.0},{"not_picked":["hexamod:PhantomFireball","hexamod:NightmareStrike"],"picked":"hexamod:ThermalTransfer","floor":43.0},{"not_picked":["hexamod:SecondSeal","hexamod:FourthSeal"],"picked":"hexamod:GhostflameBarrier","floor":44.0},{"not_picked":["hexamod:TimeWarp","hexamod:WildfireWeapon"],"picked":"hexamod:SearingWound","floor":46.0},{"not_picked":["hexamod:CatchUp","hexamod:BurningTouch+1","hexamod:BacktrackSmack"],"picked":"SKIP","floor":48.0},{"not_picked":["hexamod:Firestarter","hexamod:PowerFromBeyond"],"picked":"hexamod:WildfireWeapon","floor":49.0},{"not_picked":["hexamod:GhostShield","hexamod:SpectersWail+1"],"picked":"hexamod:ThermalTransfer","floor":50.0},{"not_picked":["Havoc","hexamod:Haunt","Guardian:Incinerate+1"],"picked":"SKIP","floor":54.0},{"not_picked":["champ:FlashCut","Prostrate","Guardian:Gem_Green"],"picked":"SKIP","floor":57.0},{"not_picked":["Replay:ManipulateFuture","sneckomod:UnknownEthereal","Bane"],"picked":"SKIP","floor":58.0},{"not_picked":["BasicCrystalCard","EmptyFist","Streamline"],"picked":"SKIP","floor":61.0},{"not_picked":["Meditate+1","Scoop+1","Blizzard","hubris:ReadiedAction"],"picked":"SKIP","floor":65.0},{"not_picked":["Hello World+1","BasicCrystalCard+1","Double Energy","Pommel Strike+1"],"picked":"SKIP","floor":68.0},{"not_picked":["Streamline+1","sneckomod:QuickBite","hexamod:HeatMetal"],"picked":"hexamod:ExtraCrispy+1","floor":72.0},{"not_picked":["Anger","sneckomod:DefensiveFlair","Redo","hexamod:NightmareGuise"],"picked":"SKIP","floor":76},{"not_picked":["sneckomod:DiceBlock+1","Dagger Spray","Beam Cell","hexamod:GhostOfSpireFuture"],"picked":"SKIP","floor":77},{"not_picked":["Quick Slash","Guardian:ChargeCore+1","Slimebound:LeechEnergy","Limit Break"],"picked":"SKIP","floor":78},{"not_picked":["Dragonkick+1","SandsOfTime+1","hexamod:UnleashSpirits"],"picked":"Inflame+1","floor":84}],"player_experience":1079876,"relics_obtained":[{"floor":7.0,"key":"Replay:Baseball"},{"floor":15.0,"key":"Omamori"},{"floor":17.0,"key":"Meat on the Bone"},{"floor":36.0,"key":"MawBank"},{"floor":38.0,"key":"Mummified Hand"},{"floor":39.0,"key":"Replay:Bandana"},{"floor":52.0,"key":"PrismaticShard"},{"floor":60.0,"key":"Replay:Rubber Ducky"},{"floor":67.0,"key":"hexamod:SoulConsumer"},{"floor":73.0,"key":"aspiration:StickyExplosives"},{"floor":76,"key":"ReplayTheSpireMod:Ninjato"},{"floor":84,"key":"FossilizedHelix"}],"event_choices":[{"damage_healed":0.0,"max_hp_gain":5.0,"max_hp_loss":0.0,"gold_gain":0.0,"event_name":"Big Fish","player_choice":"Donut","floor":0.0,"gold_loss":0.0,"damage_taken":0.0},{"damage_healed":0.0,"max_hp_gain":5.0,"max_hp_loss":0.0,"gold_gain":0.0,"event_name":"Big Fish","player_choice":"Donut","floor":8.0,"gold_loss":0.0,"damage_taken":0.0},{"damage_healed":0.0,"max_hp_gain":0.0,"max_hp_loss":0.0,"gold_gain":0.0,"event_name":"conspire:LoneGhost","player_choice":"Agree","floor":10.0,"gold_loss":0.0,"damage_taken":0.0},{"damage_healed":0.0,"max_hp_gain":0.0,"max_hp_loss":0.0,"gold_gain":0.0,"event_name":"FaceTrader","player_choice":"Trade","floor":11.0,"gold_loss":0.0,"damage_taken":0.0,"relics_obtained":["CultistMask"]},{"damage_healed":0.0,"max_hp_gain":5.0,"max_hp_loss":0.0,"gold_gain":0.0,"event_name":"Big Fish","player_choice":"Donut","floor":30.0,"gold_loss":0.0,"damage_taken":0.0},{"cards_removed":["hexamod:VolcanoVisage"],"damage_healed":0.0,"max_hp_gain":0.0,"max_hp_loss":0.0,"gold_gain":0.0,"event_name":"betterNote:BetterNote","player_choice":"Take \u0026 Give","floor":32.0,"gold_loss":0.0,"damage_taken":0.0,"cards_obtained":["conspire:Banana"]},{"damage_healed":0.0,"max_hp_gain":0.0,"max_hp_loss":0.0,"gold_gain":0.0,"event_name":"The Mausoleum","player_choice":"Ignored","floor":51.0,"gold_loss":0.0,"damage_taken":0.0},{"damage_healed":0.0,"max_hp_gain":0.0,"max_hp_loss":0.0,"gold_gain":0.0,"event_name":"MindBloom","player_choice":"Fight","floor":67.0,"gold_loss":0.0,"damage_taken":0.0},{"damage_healed":0.0,"max_hp_gain":0.0,"max_hp_loss":0.0,"gold_gain":0.0,"event_name":"conspire:Investor","player_choice":"Leave","floor":71.0,"gold_loss":0.0,"damage_taken":0.0},{"damage_healed":0,"gold_gain":0,"player_choice":"Ignored","damage_taken":0,"max_hp_gain":0,"max_hp_loss":0,"event_name":"Transmorgrifier","floor":75,"gold_loss":0}],"is_beta":false,"boss_relics":[{"not_picked":["energizedSpire:CursedPentagram","Replay:Grab Bag"],"picked":"energizedSpire:MagnifyingGlass"},{"not_picked":["Astrolabe","energizedSpire:EnergizedDie"],"picked":"Painkiller Herb"},{"not_picked":["hubris:TerracottaHorce","vexMod:RockOfEvil"],"picked":"aspiration:IroncladSkillbook"}],"items_purged_floors":[18,18,29,40,59],"is_endless":false,"potions_floor_spawned":[4,9,12,13,16,21,26,31,34,36,42,43,48,61,63,65,68,72,84],"ascension_level":0}}