{"host":"fj97s2ebyjeio3oc","time":1607970891,"event":{"mods":["AchievementEnabler","BaseMod","Colored Map","Colored Powertips","Hermit","Hubris","Infinite Spire","Koishi","Minty Spire (QoL Compilation)","StSLib","The Animator","The Bug Knight","The Cursed","The Disciple","The Jungle","The Necromancer"],"gold_per_floor":[19,19,31,31,50,50,5,5,28,28,45,45,220,240,240,340,340,351,351,370,380,400,400,85,85,135,153,153,179,179,195,195,295,295,305,316,316,433,433,433,449,449,449,462,481,481,498,548,548,548,548],"floor_reached":50,"playtime":4026,"items_purged":["Strike_W"],"score":511,"play_id":"f3762bef-79ca-43c4-844b-cc9c25bc1fb8","local_time":"20201214193451","is_ascension_mode":false,"campfire_choices":[{"data":"Corrupt","floor":6,"key":"SMITH"},{"data":"Death_March_Dance","floor":8,"key":"SMITH"},{"data":"infinitespire:Punishment","floor":12,"key":"SMITH"},{"data":"Toxic_Smoke_Screen","floor":15,"key":"SMITH"},{"data":"Cloudkill","floor":23,"key":"SMITH"},{"data":"Cloudkill","floor":30,"key":"SMITH"},{"data":"Vampiric_Strike","floor":32,"key":"SMITH"},{"floor":40,"key":"RECALL"},{"floor":42,"key":"REST"},{"floor":46,"key":"REST"},{"floor":49,"key":"REST"}],"circlet_count":0,"master_deck":["Strike_W+1","Strike_W+1","Defend_W+1","Defend_W+1","Defend_W+1","Negative_Energy_Arrows","Bone_Wall","Bone_Spikes","infinitespire:Punishment+1","Corrupt+1","Bone_Armor","Corrupt+1","Death_March_Dance+1","Spectral_Walk","Stop_Heart","Doubt","Bone_Armor","Toxic_Smoke_Screen+1","Cloudkill+1","Bone_Bullets+1","Cloudkill+1","Toxic_Smoke_Screen","Stop_Heart","Spectral_Armor+1","Summon_Undead_Army+1","Vampiric_Strike+1","Parasite","Toxic_Smoke_Screen","Slay_Living+1","hubris:Compulsion","Vampiric_Strike","Vampiric_Strike+1","Requiem","Bone_Armor+1","Violent_Necrosis","Death_March_Dance+1","Violent_Necrosis+1","Consume_Illness+1","Bone_Armory","Cloudkill","Siphon_Strength+1","Bones_to_Steel+1","Vampiric_Strike+1","Vampiric_Strike+1"],"relics":["Vampire_Amulet","Prayer Wheel","infinitespire:PuzzleCube","Cursed Key","Membership Card","infinitespire:Bottled Soul","Centennial Puzzle","Art of War","Black Star","hubris:Icosahedron","hubris:Towel","hubris:BundleOfHerbs"],"acts_visited":["Exordium","TheCity","TheBeyond"],"potions_floor_usage":[16,16,22,33,36,41,47,48,50],"damage_taken":[{"damage":1,"enemies":"Small Slimes","floor":1,"turns":3},{"damage":0,"enemies":"Jaw Worm","floor":3,"turns":3},{"damage":0,"enemies":"2 Louse","floor":5,"turns":2},{"damage":0,"enemies":"Looter","floor":11,"turns":3},{"damage":1,"enemies":"Large Slime","floor":14,"turns":4},{"damage":10,"enemies":"The Guardian","floor":16,"turns":9},{"damage":14,"enemies":"2 Thieves","floor":18,"turns":3},{"damage":6,"enemies":"3 Byrds","floor":20,"turns":4},{"damage":10,"enemies":"Centurion and Healer","floor":21,"turns":5},{"damage":3,"enemies":"Snake Plant","floor":22,"turns":4},{"damage":0,"enemies":"Shelled Parasite and Fungi","floor":27,"turns":4},{"damage":4,"enemies":"Sentry and Sphere","floor":31,"turns":4},{"damage":47,"enemies":"Automaton","floor":33,"turns":8},{"damage":10,"enemies":"3 Darklings","floor":35,"turns":3},{"damage":1,"enemies":"3 Shapes","floor":36,"turns":3},{"damage":28,"enemies":"Maw","floor":38,"turns":8},{"damage":24,"enemies":"Spire Growth","floor":41,"turns":4},{"damage":20,"enemies":"Jaw Worm Horde","floor":44,"turns":5},{"damage":23,"enemies":"4 Shapes","floor":45,"turns":2},{"damage":1,"enemies":"Sphere and 2 Shapes","floor":47,"turns":3},{"damage":18,"enemies":"Mind Bloom Boss Battle","floor":48,"turns":6},{"damage":110,"enemies":"hubris:GrandSnecko","floor":50,"turns":8}],"seed_played":"-5001824552962922976","potions_obtained":[{"floor":3,"key":"PowerPotion"},{"floor":14,"key":"Dexterity Potion"},{"floor":21,"key":"DistilledChaos"},{"floor":22,"key":"Energy Potion"},{"floor":31,"key":"Explosive Potion"},{"floor":38,"key":"Swift Potion"},{"floor":44,"key":"Dexterity Potion"},{"floor":45,"key":"DistilledChaos"},{"floor":48,"key":"SkillPotion"}],"is_trial":false,"path_per_floor":["M","?","M","?","M","R","$","R","T","?","M","R","?","M","R","B",null,"M","?","M","M","M","R","$","?","T","M","?","T","R","M","R","B",null,"M","M","?","M","?","R","M","R","T","M","M","R","M","?","R","B"],"character_chosen":"NECROMANCER","items_purchased":["Death_March_Dance","Membership Card","infinitespire:Bottled Soul"],"campfire_rested":3,"item_purchase_floors":[7,24,24],"current_hp_per_floor":[75,57,59,52,56,56,56,56,56,56,58,58,58,61,61,68,75,65,59,59,53,52,52,52,52,52,57,57,57,57,57,57,21,75,70,75,75,49,49,49,27,49,49,35,26,48,56,52,74,0,0],"gold":548,"neow_bonus":"REMOVE_TWO","is_daily":false,"chose_seed":false,"campfire_upgraded":7,"win_rate":0.0,"timestamp":1607970891,"path_taken":["M","?","M","?","M","R","$","R","T","?","M","R","?","M","R","BOSS","M","?","?","M","M","R","$","?","T","M","?","?","R","M","R","BOSS","M","?","?","M","?","R","M","R","T","M","M","R","M","?","R","BOSS"],"items_purchased_type":["Card","Relic","Relic"],"build_version":"2020-12-13","purchased_purges":1,"victory":false,"max_hp_per_floor":[75,75,75,75,75,75,75,75,75,75,75,75,75,75,75,75,75,75,75,75,75,75,75,75,75,75,75,75,75,75,75,75,75,75,75,75,75,75,75,75,75,75,75,75,75,75,75,75,75,75,75],"card_choices":[{"not_picked":["Negative_Energy_Burst","Death_Coil"],"picked":"Bone_Spikes","floor":1},{"not_picked":["hubris:InfiniteBlow","infinitespire:FinalStrike"],"picked":"infinitespire:Punishment","floor":2},{"not_picked":["Bone_Shift","Negative_Energy_Mist"],"picked":"Corrupt","floor":3},{"not_picked":["Consume_Illness","Blood_Curse"],"picked":"Bone_Armor","floor":5},{"not_picked":["Negative_Energy_Shield","Uncharnel"],"picked":"Corrupt","floor":5},{"not_picked":["Flesh_Made_Foul","Negative_Energy_Mist"],"picked":"Spectral_Walk","floor":11},{"not_picked":["Strike_from_Beyond","Consume_Illness"],"picked":"Stop_Heart","floor":11},{"not_picked":["Bone_Bullets","Blood_Whip"],"picked":"Bone_Armor","floor":14},{"not_picked":["Uncharnel","Spectral_Walk"],"picked":"Toxic_Smoke_Screen","floor":14},{"not_picked":["Reap_The_Weak","Blood_Wake"],"picked":"Cloudkill","floor":16},{"not_picked":["Death_Coil","Scare"],"picked":"Bone_Bullets+1","floor":18},{"not_picked":["Bone_Bullets","Uncharnel","Strike_from_Beyond"],"picked":"SKIP","floor":18},{"not_picked":["Bone_Bullets","Uncharnel","Strike_from_Beyond"],"picked":"SKIP","floor":18},{"not_picked":["Death_Coil","Pandemic"],"picked":"Cloudkill","floor":20},{"not_picked":["Bones_to_Steel","Blood_Shield+1"],"picked":"Toxic_Smoke_Screen","floor":20},{"not_picked":["Uncharnel","Blood_Whip"],"picked":"Stop_Heart","floor":21},{"not_picked":["Corrupt","Negative_Energy_Shield"],"picked":"Spectral_Armor+1","floor":21},{"not_picked":["Bones_to_Steel","Consume_Illness+1"],"picked":"Summon_Undead_Army+1","floor":22},{"not_picked":["Scare","Spectral_Walk+1"],"picked":"Vampiric_Strike","floor":22},{"not_picked":["Consume_Illness","Strike_from_Beyond"],"picked":"Toxic_Smoke_Screen","floor":27},{"not_picked":["Cloudkill","Bone_Shift+1"],"picked":"Slay_Living+1","floor":27},{"not_picked":["Bone_Spikes","Deaths_Shadow"],"picked":"Vampiric_Strike","floor":31},{"not_picked":["Finger_Of_Death","Life_Tap+1"],"picked":"Vampiric_Strike+1","floor":31},{"not_picked":["Blood_Magic","Skeleton_Dragon"],"picked":"Requiem","floor":33},{"not_picked":["Bone_Bullets+1","Strike_from_Beyond"],"picked":"Bone_Armor+1","floor":35},{"not_picked":["Bone_Shift","Bone_Spikes","Shackles_Of_Pain"],"picked":"SKIP","floor":35},{"not_picked":["Bone_Shift","Detonate_Bones"],"picked":"Violent_Necrosis","floor":36},{"not_picked":["Chill_Blood","Bone_Spikes"],"picked":"Death_March_Dance+1","floor":36},{"not_picked":["Bone_Armor","Shackles_Of_Pain"],"picked":"Violent_Necrosis+1","floor":38},{"not_picked":["Life_Drain","Blood_Whip+1"],"picked":"Consume_Illness+1","floor":38},{"not_picked":["Slay_Living","Blood_Is_Power"],"picked":"Bone_Armory","floor":41},{"not_picked":["Chill_Blood","Whirlwind_of_Bones","Reap_The_Weak"],"picked":"SKIP","floor":41},{"not_picked":["Bone_Spikes","Negative_Energy_Burst+1"],"picked":"Cloudkill","floor":44},{"not_picked":["Negative_Energy_Mist+1","Exploit+1"],"picked":"Siphon_Strength+1","floor":44},{"not_picked":["Chill_Blood","Vampiric_Strike"],"picked":"Bones_to_Steel+1","floor":45},{"not_picked":["Finger_Of_Death+1","Uncharnel","Negative_Energy_Mist"],"picked":"SKIP","floor":45},{"not_picked":["Reap_The_Weak","Bones_to_Steel"],"picked":"Vampiric_Strike+1","floor":47},{"not_picked":["Death_March_Dance","Flesh_Made_Foul+1"],"picked":"Vampiric_Strike+1","floor":47}],"player_experience":412144,"relics_obtained":[{"floor":9,"key":"infinitespire:PuzzleCube"},{"floor":26,"key":"Centennial Puzzle"},{"floor":29,"key":"Art of War"},{"floor":48,"key":"hubris:BundleOfHerbs"}],"event_choices":[{"damage_healed":0,"gold_gain":0,"player_choice":"Success","damage_taken":7,"relics_obtained":["Prayer Wheel"],"max_hp_gain":0,"max_hp_loss":0,"event_name":"Scrap Ooze","floor":4,"gold_loss":0},{"damage_healed":0,"gold_gain":0,"player_choice":"Grow","damage_taken":0,"max_hp_gain":0,"max_hp_loss":0,"event_name":"Living Wall","floor":10,"gold_loss":0,"cards_upgraded":["Corrupt"]},{"damage_healed":0,"gold_gain":175,"player_choice":"AGREE","damage_taken":0,"max_hp_gain":0,"max_hp_loss":0,"event_name":"Liars Game","floor":13,"gold_loss":0,"cards_obtained":["Doubt"]},{"damage_healed":0,"gold_gain":0,"player_choice":"","damage_taken":6,"max_hp_gain":0,"max_hp_loss":0,"event_name":"Knowing Skull","floor":19,"potions_obtained":[],"gold_loss":0,"cards_obtained":[]},{"damage_healed":0,"gold_gain":0,"player_choice":"Simplicity","damage_taken":0,"max_hp_gain":0,"max_hp_loss":0,"event_name":"Back to Basics","floor":25,"gold_loss":0,"cards_upgraded":["Strike_W","Strike_W","Defend_W","Defend_W","Defend_W"]},{"damage_healed":0,"gold_gain":0,"player_choice":"Ignored","damage_taken":0,"max_hp_gain":0,"max_hp_loss":0,"event_name":"Vampires","floor":28,"gold_loss":0},{"damage_healed":0,"gold_gain":0,"player_choice":"Fight","damage_taken":0,"max_hp_gain":0,"max_hp_loss":0,"event_name":"MindBloom","floor":48,"gold_loss":0}],"is_beta":false,"boss_relics":[{"not_picked":["Coffee Dripper","hubris:TerracottaHorce"],"picked":"Cursed Key"},{"not_picked":["hubris:CrackedHourglass","Pandora\u0027s Box"],"picked":"Black Star"}],"items_purged_floors":[24],"is_endless":false,"potions_floor_spawned":[3,14,21,22,31,38,44,45,48],"killed_by":"hubris:GrandSnecko","ascension_level":0}}