{"host":"o2evyl5sbrgotc3u","time":1607959373,"event":{"mods":["AchievementEnabler","BaseMod","Colored Map","DeckTracker","Faster Ascension Climbing","Keyboard Shortcuts","Minty Spire (QoL Compilation)","Permanent Neow","Quick Restart","Relic Stats","StSLib","SuperFastMode","everything is the same but u backflip on backflip"],"gold_per_floor":[363,363,383,145,200,200,282,282,282,336,336,390,390,425,425,520,520,565,397,367,367],"floor_reached":20,"playtime":438,"items_purged":["Strike_B","Strike_B"],"score":216,"play_id":"1677b2b9-9965-4899-a025-67980582289c","local_time":"20201215002253","is_ascension_mode":true,"campfire_choices":[{"data":"HandOfGreed","floor":6.0,"key":"SMITH"},{"floor":13.0,"key":"REST"},{"data":"Defragment","floor":15.0,"key":"SMITH"}],"circlet_count":0,"master_deck":["Strike_B","Strike_B","Defend_B","Defend_B+1","Defend_B","Defend_B","Zap+1","Dualcast","Defragment+1","Consume","HandOfGreed+1","Conserve Battery","Turbo","Echo Form","Capacitor"],"relics":["Cracked Core","Regal Pillow","Vajra","Odd Mushroom","Philosopher\u0027s Stone"],"acts_visited":["Exordium","TheCity"],"potions_floor_usage":[],"damage_taken":[{"damage":0.0,"enemies":"Small Slimes","floor":1.0,"turns":3.0},{"damage":7.0,"enemies":"Jaw Worm","floor":3.0,"turns":3.0},{"damage":1.0,"enemies":"2 Louse","floor":5.0,"turns":3.0},{"damage":29.0,"enemies":"3 Sentries","floor":7.0,"turns":8.0},{"damage":5.0,"enemies":"Lagavulin","floor":10.0,"turns":6.0},{"damage":9.0,"enemies":"The Mushroom Lair","floor":12.0,"turns":3.0},{"damage":6.0,"enemies":"2 Fungi Beasts","floor":14.0,"turns":4.0},{"damage":15.0,"enemies":"The Guardian","floor":16.0,"turns":9.0},{"damage":59,"enemies":"3 Byrds","floor":18,"turns":4},{"damage":17,"enemies":"2 Thieves","floor":20,"turns":1}],"seed_played":"-2159453933166567426","potions_obtained":[{"floor":1.0,"key":"Energy Potion"},{"floor":3.0,"key":"ColorlessPotion"},{"floor":10.0,"key":"LiquidBronze"},{"floor":16.0,"key":"FearPotion"},{"floor":18,"key":"FocusPotion"}],"is_trial":false,"path_per_floor":["M","?","M","$","M","R","E","?","T","E","?","?","R","M","R","B",null,"M","$","M"],"character_chosen":"DEFECT","items_purchased":["HandOfGreed","Capacitor"],"campfire_rested":1,"item_purchase_floors":[4,19],"current_hp_per_floor":[68,54,47,47,46,46,17,17,17,12,12,3,38,32,32,17,68,9,9,0,0],"gold":367,"neow_bonus":"TWO_FIFTY_GOLD","is_daily":false,"chose_seed":false,"campfire_upgraded":2,"win_rate":0.0,"timestamp":1607959373,"path_taken":["M","?","M","$","M","R","E","?","T","E","?","?","R","M","R","BOSS","M","$","M"],"items_purchased_type":["Card","Card"],"build_version":"2020-12-13","purchased_purges":2,"victory":false,"max_hp_per_floor":[68,68,68,68,68,68,68,68,68,68,68,68,68,68,68,68,68,68,68,68,68],"relic_stats":{"Regal Pillow":15,"counters":[10,44],"obtain_stats":[{"Regal Pillow":9,"Vajra":10,"Philosopher\u0027s Stone":17,"Odd Mushroom":12,"Cracked Core":0},{"Regal Pillow":4,"Vajra":5,"Philosopher\u0027s Stone":8,"Odd Mushroom":6,"Cracked Core":0},{"Regal Pillow":17,"Vajra":23,"Philosopher\u0027s Stone":39,"Odd Mushroom":26,"Cracked Core":0}]},"card_choices":[{"not_picked":["Turbo","Go for the Eyes"],"picked":"Defragment","floor":1.0},{"not_picked":["Steam","Hologram"],"picked":"Consume","floor":3.0},{"not_picked":["Loop","Go for the Eyes","Streamline"],"picked":"SKIP","floor":5.0},{"not_picked":["Doom and Gloom","Sweeping Beam"],"picked":"Conserve Battery","floor":7.0},{"not_picked":["Rip and Tear","Chill"],"picked":"Turbo","floor":10.0},{"not_picked":["Reprogram","Blizzard","FTL"],"picked":"SKIP","floor":14.0},{"not_picked":["Core Surge","Thunder Strike"],"picked":"Echo Form","floor":16.0},{"not_picked":["Redo","Streamline+1","Storm"],"picked":"SKIP","floor":18}],"player_experience":281336,"relics_obtained":[{"floor":9.0,"key":"Regal Pillow"},{"floor":10.0,"key":"Vajra"},{"floor":12.0,"key":"Odd Mushroom"}],"event_choices":[{"damage_healed":0.0,"max_hp_gain":0.0,"max_hp_loss":0.0,"gold_gain":0.0,"event_name":"Shining Light","player_choice":"Entered Light","floor":2.0,"gold_loss":0.0,"damage_taken":14.0,"cards_upgraded":["Defend_B","Zap"]},{"damage_healed":0.0,"max_hp_gain":0.0,"max_hp_loss":0.0,"gold_gain":0.0,"event_name":"Liars Game","player_choice":"Ignored","floor":8.0,"gold_loss":0.0,"damage_taken":0.0},{"damage_healed":0.0,"max_hp_gain":0.0,"max_hp_loss":0.0,"gold_gain":0.0,"event_name":"Dead Adventurer","player_choice":"Searched \u00271\u0027 times","floor":11.0,"gold_loss":0.0,"damage_taken":0.0},{"damage_healed":0.0,"max_hp_gain":0.0,"max_hp_loss":0.0,"gold_gain":0.0,"event_name":"Mushrooms","player_choice":"Fought Mushrooms","floor":12.0,"gold_loss":0.0,"damage_taken":0.0}],"is_beta":false,"boss_relics":[{"not_picked":["Pandora\u0027s Box","SacredBark"],"picked":"Philosopher\u0027s Stone"}],"items_purged_floors":[4,19],"is_endless":false,"potions_floor_spawned":[1,3,10,16,18],"killed_by":"2 Thieves","ascension_level":4}}