{"host":"4qkvkh7pd9qr2mca","time":1607985772,"event":{"mods":["AchievementEnabler","BaseMod","Colored Map","Colored Powertips","Highlight Path","Minty Spire (QoL Compilation)","Permanent Neow","Quick Restart","StSLib","SuperFastMode"],"gold_per_floor":[111,111,34,54,54,87,162,181,235,235,252,269,269,269,269],"floor_reached":14,"playtime":327,"items_purged":[],"score":180,"play_id":"83c82264-fd08-473b-b257-06120409415c","local_time":"20201214234252","is_ascension_mode":true,"campfire_choices":[{"floor":10,"key":"REST"},{"data":"Footwork","floor":13,"key":"SMITH"}],"circlet_count":0,"master_deck":["AscendersBane","Strike_G","Strike_G","Strike_G","Strike_G","Strike_G","Defend_G","Defend_G","Defend_G","Defend_G","Defend_G","Survivor","Neutralize","Writhe","Die Die Die","Terror","Footwork+1","Well Laid Plans","Escape Plan","Dagger Spray","Dagger Throw","Crippling Poison"],"relics":["Ring of the Snake","Smiling Mask","Potion Belt"],"acts_visited":["Exordium"],"potions_floor_usage":[6],"damage_taken":[{"damage":12,"enemies":"Jaw Worm","floor":1,"turns":4},{"damage":0,"enemies":"Cultist","floor":4,"turns":3},{"damage":11,"enemies":"Lagavulin","floor":6,"turns":7},{"damage":3,"enemies":"Small Slimes","floor":8,"turns":5},{"damage":0,"enemies":"3 Louse","floor":11,"turns":2},{"damage":15,"enemies":"Exordium Thugs","floor":12,"turns":3},{"damage":0,"enemies":"3 Sentries","floor":14,"turns":1}],"seed_played":"8407557927088271225","potions_obtained":[{"floor":1,"key":"Strength Potion"},{"floor":8,"key":"Dexterity Potion"},{"floor":11,"key":"EssenceOfSteel"}],"is_trial":false,"path_per_floor":["M","?","$","M","$","E","?","M","T","R","M","M","R","E"],"character_chosen":"THE_SILENT","items_purchased":["Footwork"],"campfire_rested":1,"item_purchase_floors":[3],"current_hp_per_floor":[47,47,47,47,47,36,25,22,22,41,41,26,26,26,26],"gold":269,"neow_bonus":"THREE_RARE_CARDS","is_daily":false,"chose_seed":false,"campfire_upgraded":1,"win_rate":0.0,"timestamp":1607985772,"path_taken":["M","?","$","?","$","E","?","M","T","R","M","M","R","E"],"items_purchased_type":["Card"],"build_version":"2020-12-13","purchased_purges":0,"victory":false,"max_hp_per_floor":[66,66,66,66,66,66,66,66,66,66,66,66,66,66,66],"card_choices":[{"not_picked":["Corpse Explosion","Doppelganger"],"picked":"Die Die Die","floor":0},{"not_picked":["Setup","Accuracy"],"picked":"Terror","floor":1},{"not_picked":["Quick Slash","Escape Plan"],"picked":"Well Laid Plans","floor":4},{"not_picked":["Well Laid Plans","Expertise"],"picked":"Escape Plan","floor":6},{"not_picked":["Catalyst","Bane"],"picked":"Dagger Spray","floor":8},{"not_picked":["Escape Plan","Cloak And Dagger"],"picked":"Dagger Throw","floor":11},{"not_picked":["Acrobatics","Dagger Spray"],"picked":"Crippling Poison","floor":12}],"player_experience":330881,"relics_obtained":[{"floor":6,"key":"Smiling Mask"},{"floor":9,"key":"Potion Belt"}],"event_choices":[{"damage_healed":0,"gold_gain":0,"player_choice":"0 cards matched","damage_taken":0,"max_hp_gain":0,"max_hp_loss":0,"event_name":"Match and Keep!","floor":2,"gold_loss":0,"cards_obtained":[]},{"damage_healed":0,"gold_gain":75,"player_choice":"Gather Gold","damage_taken":11,"max_hp_gain":0,"max_hp_loss":0,"event_name":"World of Goop","floor":7,"gold_loss":0}],"is_beta":false,"boss_relics":[],"items_purged_floors":[],"is_endless":false,"potions_floor_spawned":[1,8,11],"killed_by":"3 Sentries","ascension_level":20}}