{"host":"q9718omregw4er46","time":1607977797,"event":{"mods":["BaseMod","Bestiary","Colored Powertips","Custom Start","Highlight Path","Minty Spire (QoL Compilation)","Practice Mode","Quick Restart","Relic Stats"],"gold_per_floor":[112,187,187,207,30,61,61,74,74,100,100,119,119,137,137,212,212,226,238,77,77,97,130,142,142,167,195,195,195,195,210,210,210,210],"floor_reached":33,"playtime":1138,"items_purged":["Strike_B"],"score":624,"play_id":"568db91d-cccb-4840-a2d2-5acd693fb120","local_time":"20201215012957","is_ascension_mode":true,"campfire_choices":[{"data":"Capacitor","floor":7,"key":"SMITH"},{"data":"Electrodynamics","floor":11,"key":"SMITH"},{"data":"Barrage","floor":13,"key":"SMITH"},{"data":"Hologram","floor":15,"key":"SMITH"},{"floor":25,"key":"REST"},{"floor":28,"key":"REST"},{"floor":30,"key":"RECALL"},{"floor":32,"key":"REST"}],"circlet_count":0,"master_deck":["AscendersBane","Strike_B+1","Strike_B+1","Strike_B+1","Defend_B+1","Defend_B+1","Defend_B+1","Defend_B+1","Zap","Dualcast","Capacitor+1","Hologram+1","Electrodynamics+1","Melter","Conserve Battery","FTL","Barrage+1","White Noise","Buffer","Skim","Glacier","Chill"],"relics":["Cracked Core","NeowsBlessing","Unceasing Top","HornCleat","Singing Bowl","Fusion Hammer","Omamori","Anchor","Bag of Preparation"],"acts_visited":["Exordium","TheCity"],"potions_floor_usage":[10,16,16,27],"damage_taken":[{"damage":0,"enemies":"Jaw Worm","floor":1,"turns":1},{"damage":0,"enemies":"Cultist","floor":4,"turns":1},{"damage":0,"enemies":"3 Sentries","floor":6,"turns":1},{"damage":0,"enemies":"2 Louse","floor":8,"turns":1},{"damage":24,"enemies":"Gremlin Nob","floor":10,"turns":4},{"damage":0,"enemies":"2 Fungi Beasts","floor":12,"turns":3},{"damage":0,"enemies":"Blue Slaver","floor":14,"turns":3},{"damage":23,"enemies":"Slime Boss","floor":16,"turns":8},{"damage":1,"enemies":"3 Byrds","floor":18,"turns":3},{"damage":9,"enemies":"Shell Parasite","floor":19,"turns":5},{"damage":11,"enemies":"Shelled Parasite and Fungi","floor":22,"turns":5},{"damage":18,"enemies":"Gremlin Leader","floor":23,"turns":6},{"damage":5,"enemies":"Snake Plant","floor":24,"turns":4},{"damage":9,"enemies":"Slavers","floor":27,"turns":4},{"damage":0,"enemies":"3 Cultists","floor":31,"turns":3},{"damage":87,"enemies":"Automaton","floor":33,"turns":12}],"seed_played":"-2911089055061465512","potions_obtained":[{"floor":1,"key":"EssenceOfSteel"},{"floor":3,"key":"SmokeBomb"},{"floor":3,"key":"Strength Potion"},{"floor":8,"key":"Swift Potion"},{"floor":12,"key":"Fruit Juice"},{"floor":16,"key":"SteroidPotion"},{"floor":19,"key":"BlessingOfTheForge"},{"floor":23,"key":"FocusPotion"}],"is_trial":false,"path_per_floor":["M","?","?","M","$","E","R","M","T","E","R","M","R","M","R","B",null,"M","M","$","?","M","E","M","R","T","E","R","?","R","M","R","B"],"character_chosen":"DEFECT","items_purchased":["Electrodynamics","Glacier"],"campfire_rested":3,"item_purchase_floors":[5,20],"current_hp_per_floor":[64,53,53,53,53,53,53,53,53,29,29,29,29,29,29,11,60,59,52,52,52,43,27,24,49,49,42,67,67,67,67,86,0,0],"gold":210,"neow_bonus":"THREE_ENEMY_KILL","is_daily":false,"chose_seed":false,"campfire_upgraded":4,"win_rate":0.0,"timestamp":1607977797,"path_taken":["M","?","?","M","$","E","R","?","T","E","R","M","R","M","R","BOSS","M","M","$","?","M","E","M","R","T","E","R","?","R","M","R","BOSS"],"items_purchased_type":["Card","Card"],"build_version":"2020-12-13","purchased_purges":1,"victory":false,"max_hp_per_floor":[71,71,71,71,71,71,71,71,71,71,71,71,71,71,71,76,76,76,78,78,78,80,82,84,84,84,86,86,86,86,86,86,86,86],"relic_stats":{"Singing Bowl":10,"counters":[16,64],"Bag of Preparation":[4],"obtain_stats":[{"Anchor":26,"HornCleat":9,"NeowsBlessing":0,"Singing Bowl":10,"Fusion Hammer":17,"Omamori":23,"Bag of Preparation":27,"Cracked Core":0,"Unceasing Top":6},{"Anchor":13,"HornCleat":4,"NeowsBlessing":0,"Singing Bowl":5,"Fusion Hammer":8,"Omamori":12,"Bag of Preparation":14,"Cracked Core":0,"Unceasing Top":3},{"Anchor":45,"HornCleat":4,"NeowsBlessing":0,"Singing Bowl":8,"Fusion Hammer":22,"Omamori":41,"Bag of Preparation":49,"Cracked Core":0,"Unceasing Top":3}],"Unceasing Top":[0]},"card_choices":[{"not_picked":["Scrape","Genetic Algorithm"],"picked":"Capacitor","floor":1},{"not_picked":["Reprogram","Redo"],"picked":"Hologram","floor":4},{"not_picked":["Chaos","Steam"],"picked":"Melter","floor":6},{"not_picked":["Leap","Gash"],"picked":"Conserve Battery","floor":8},{"not_picked":["Darkness","Leap"],"picked":"FTL","floor":10},{"not_picked":["Electrodynamics","Leap"],"picked":"Barrage","floor":12},{"not_picked":["Lockon","Heatsinks"],"picked":"White Noise","floor":14},{"not_picked":["All For One","Meteor Strike"],"picked":"Buffer","floor":16},{"not_picked":["Redo+1","Ball Lightning"],"picked":"Skim","floor":18},{"not_picked":["Steam","Go for the Eyes","Sweeping Beam"],"picked":"Singing Bowl","floor":19},{"not_picked":["Streamline","Sunder","Doom and Gloom"],"picked":"Singing Bowl","floor":22},{"not_picked":["Coolheaded","Ball Lightning","Skim"],"picked":"Singing Bowl","floor":23},{"not_picked":["Recycle","FTL","Steam Power"],"picked":"Singing Bowl","floor":24},{"not_picked":["Hologram","Auto Shields","Darkness"],"picked":"Singing Bowl","floor":27},{"not_picked":["Hologram","Tempest"],"picked":"Chill","floor":31}],"player_experience":1012209,"relics_obtained":[{"floor":6,"key":"Unceasing Top"},{"floor":9,"key":"HornCleat"},{"floor":10,"key":"Singing Bowl"},{"floor":23,"key":"Omamori"},{"floor":26,"key":"Anchor"},{"floor":27,"key":"Bag of Preparation"}],"event_choices":[{"damage_healed":0,"gold_gain":75,"player_choice":"Gather Gold","damage_taken":11,"max_hp_gain":0,"max_hp_loss":0,"event_name":"World of Goop","floor":2,"gold_loss":0},{"damage_healed":0,"gold_gain":0,"player_choice":"Got Potions","damage_taken":0,"max_hp_gain":0,"max_hp_loss":0,"event_name":"Lab","floor":3,"gold_loss":0},{"damage_healed":0,"gold_gain":0,"player_choice":"Simplicity","damage_taken":0,"max_hp_gain":0,"max_hp_loss":0,"event_name":"Back to Basics","floor":21,"gold_loss":0,"cards_upgraded":["Strike_B","Strike_B","Strike_B","Defend_B","Defend_B","Defend_B","Defend_B"]},{"damage_healed":0,"gold_gain":0,"player_choice":"Ignored","damage_taken":0,"max_hp_gain":0,"max_hp_loss":0,"event_name":"Vampires","floor":29,"gold_loss":0}],"is_beta":false,"boss_relics":[{"not_picked":["Empty Cage","Ectoplasm"],"picked":"Fusion Hammer"}],"items_purged_floors":[20],"is_endless":false,"potions_floor_spawned":[1,8,12,16,19,23],"killed_by":"Automaton","ascension_level":19}}