{"host":"7t8rqoeeopyy0nh0","time":1607968584,"event":{"mods":["AchievementEnabler","BaseMod","Better Third Choice","BetterRewards","Colored Map","Colored Powertips","Downfall","Hubris","Infinite Spire","Minty Spire (QoL Compilation)","Replay The Spire","StSLib"],"gold_per_floor":[99,111,143,143,143,171,196,216,244,244,263,181,181,17,41,149,149,74,93,127,127,52,91,116,116,134,171,171,171,35,45,71,178,178,178,193,226,239,264,307,307,340,350,382,382,382,398,398,416,416],"floor_reached":51,"playtime":3707,"items_purged":["hexamod:Strike"],"score":936,"play_id":"ed41e028-5608-4177-baac-7517697af309","local_time":"20201214125624","is_ascension_mode":true,"campfire_choices":[{"floor":1,"key":"RECALL"},{"floor":4,"key":"REST"},{"floor":10,"key":"REST"},{"data":"hexamod:EmpoweringStance","floor":18,"key":"SMITH"},{"data":"hexamod:GiftsFromTheDead","floor":22,"key":"SMITH"},{"floor":25,"key":"REST"},{"data":"hexamod:ParanormalForm","floor":35,"key":"SMITH"}],"circlet_count":0,"master_deck":["hexamod:Strike","hexamod:Strike","hexamod:Defend","hexamod:Defend","hexamod:Defend","hexamod:Defend","hexamod:Sear+1","hexamod:Float+1","hexamod:SpectersWail+1","hexamod:PowerFromBeyond+1","hexamod:GhostLash+1","hexamod:GhostShield+1","hexamod:Hexaguard+1","hexamod:EmpoweringStance+1","hexamod:NightmareGuise","hexamod:GhostShield+1","hexamod:GiftsFromTheDead+1","hexamod:GhostShield+1","hexamod:GhostLash+1","hexamod:GhostLash+1","hexamod:EmpoweringStance","hexamod:ParanormalForm+1","hexamod:RecurringNightmare+1","hexamod:UnleashSpirits+1","hexamod:ParanormalForm+1","Overencumbered","infinitespire:Starlight","hexamod:Hexaguard+1","hexamod:NightmareStrike","hexamod:RetreatToShadows+1","hexamod:GhostOfSpirePresent+1","hexamod:FifthSeal","hexamod:NightmareGuise+1","hexamod:NightmareStrike+1","hexamod:FifthSeal","Parasite","hexamod:SixthSeal","hexamod:ThirdSeal","hexamod:NightmareStrike+1","hexamod:FourthSeal","hexamod:FifthSeal","hexamod:ThirdSeal","hexamod:RecurringNightmare+1","hexamod:FirstSeal","hexamod:SecondSeal","hexamod:SecondSeal"],"relics":["SlaversCollar","Ornamental Fan","Lizard Tail","Bronze Scales","Prayer Wheel","Membership Card","hubris:ScarierMask","downfall:HeartBlessingRed","Whetstone","downfall:HeartBlessingGreen","Simple Rune","ReplayFunnel","Replay:Towering Pillar of Hats","Mummified Hand","ReplayTheSpireMod:SealedPack","infinitespire:EmpoweringShard","hubris:BottledRain","infinitespire:Lucky Rock","hexamod:TheBrokenSeal","infinitespire:Satchel","Replay:Bottled Eggs","Ring of Hypnosis","Ring of Fury"],"acts_visited":["Exordium","TheCity","TheBeyond"],"potions_floor_usage":[9,9,16,23,33,36],"damage_taken":[{"damage":2,"enemies":"2 Louse","floor":2,"turns":3},{"damage":40,"enemies":"Gremlin Nob","floor":3,"turns":5},{"damage":6,"enemies":"Replay:BlueRogue","floor":6,"turns":6},{"damage":1,"enemies":"Cultist","floor":8,"turns":3},{"damage":4,"enemies":"Gremlin Nob","floor":9,"turns":3},{"damage":8,"enemies":"Small Slimes","floor":11,"turns":2},{"damage":0,"enemies":"downfall:FleeingMerchant","floor":12,"turns":4},{"damage":5,"enemies":"downfall:FleeingMerchant","floor":14,"turns":4},{"damage":4,"enemies":"Blue Slaver","floor":15,"turns":3},{"damage":33,"enemies":"downfall:Ironclad","floor":16,"turns":13},{"damage":0,"enemies":"3 Byrds","floor":19,"turns":3},{"damage":21,"enemies":"Book of Stabbing","floor":20,"turns":6},{"damage":18,"enemies":"Gremlin Leader","floor":23,"turns":7},{"damage":4,"enemies":"Shell Parasite","floor":26,"turns":5},{"damage":9,"enemies":"Book of Stabbing","floor":27,"turns":5},{"damage":0,"enemies":"downfall:FleeingMerchant","floor":30,"turns":4},{"damage":0,"enemies":"Sentry and Sphere","floor":31,"turns":1},{"damage":17,"enemies":"Snake Plant","floor":32,"turns":5},{"damage":1,"enemies":"downfall:Silent","floor":33,"turns":5},{"damage":5,"enemies":"Orb Walker","floor":36,"turns":3},{"damage":0,"enemies":"R_Hoarder","floor":37,"turns":7},{"damage":8,"enemies":"3 Darklings","floor":38,"turns":3},{"damage":18,"enemies":"Transient","floor":39,"turns":5},{"damage":18,"enemies":"Reptomancer","floor":40,"turns":5},{"damage":0,"enemies":"R_Hoarder","floor":42,"turns":7},{"damage":29,"enemies":"Writhing Mass","floor":43,"turns":7},{"damage":0,"enemies":"Giant Head","floor":44,"turns":6},{"damage":34,"enemies":"Spire Growth","floor":47,"turns":5},{"damage":0,"enemies":"3 Darklings","floor":49,"turns":3},{"damage":40,"enemies":"downfall:Defect","floor":50,"turns":7}],"seed_played":"5852756694224966706","potions_obtained":[{"floor":6,"key":"SkillPotion"},{"floor":8,"key":"Toxic Potion"},{"floor":15,"key":"Block Potion"},{"floor":16,"key":"Languid Potion"},{"floor":19,"key":"Regen Potion"},{"floor":27,"key":"sneckomod:MuddlingPotion"},{"floor":31,"key":"Elixir"},{"floor":32,"key":"LiquidBronze"},{"floor":38,"key":"Fire Potion"},{"floor":39,"key":"Languid Potion"},{"floor":39,"key":"EssenceOfSteel"}],"is_trial":false,"path_per_floor":["R","M","E","R","?","E","T","M","E","R","M","$","T","$","M","B",null,"R","M","E","?","R","E","T","R","M","E","?","?","$","M","M","B",null,"R","M","E","M","M","E","T","E","M","E","?","?","M","?","M","B",null],"character_chosen":"THE_SPIRIT","items_purchased":["Membership Card","Mummified Hand"],"campfire_rested":3,"item_purchase_floors":[14,30],"current_hp_per_floor":[70,68,28,49,49,43,43,42,38,59,51,51,51,46,42,9,70,70,70,49,49,49,31,31,52,48,39,62,62,62,62,45,44,70,70,65,65,57,49,41,41,80,61,71,71,71,46,46,46,23],"gold":416,"neow_bonus":"BOSS_RELIC","is_daily":false,"chose_seed":false,"campfire_upgraded":3,"win_rate":0.0,"timestamp":1607968584,"path_taken":["R","M","E","R","?","E","T","?","E","R","M","$","?","$","M","BOSS","R","M","E","?","R","E","T","R","M","E","?","?","$","?","M","BOSS","R","M","E","M","M","E","T","E","M","E","?","?","M","?","M","BOSS"],"items_purchased_type":["Relic","Relic"],"build_version":"2020-12-13","purchased_purges":1,"victory":true,"max_hp_per_floor":[70,70,70,70,70,70,70,70,70,70,70,70,70,70,70,70,70,70,70,70,70,70,70,70,70,70,70,70,70,70,70,70,70,70,70,70,70,70,70,70,70,80,80,80,80,80,80,80,80,80],"card_choices":[{"not_picked":["hexamod:DynamicBlow","hexamod:FastForward"],"picked":"hexamod:SpectersWail","floor":2},{"not_picked":["hexamod:EmpoweredFlame","hexamod:Again"],"picked":"hexamod:PowerFromBeyond","floor":3},{"not_picked":["hexamod:TimeOfNeed","hexamod:SpectralAdrenaline"],"picked":"hexamod:GhostLash","floor":6},{"not_picked":["hexamod:InspiringFlames","hexamod:Again"],"picked":"hexamod:GhostShield","floor":8},{"not_picked":["hexamod:BacktrackSmack","hexamod:Rewind"],"picked":"hexamod:SecondSeal","floor":9},{"not_picked":["hexamod:NecessarySacrifice","hexamod:FastForward","hexamod:BacktrackSmack"],"picked":"SKIP","floor":11},{"not_picked":["hexamod:ChargedBarrage","hexamod:NightmareGuise","hexamod:Firestarter"],"picked":"SKIP","floor":12},{"not_picked":["hexamod:InspiringFlames","hexamod:GhostOfSpireFuture"],"picked":"hexamod:SixthSeal","floor":14},{"not_picked":["hexamod:InspiringFlames","hexamod:PowerFromBeyond"],"picked":"hexamod:Hexaguard","floor":15},{"not_picked":["hexamod:ThermalTransfer","hexamod:InspiringFlames","hexamod:ShieldOfDarkness"],"picked":"SKIP","floor":15},{"not_picked":["hexamod:TurnItUp","hexamod:SixthSeal"],"picked":"hexamod:EmpoweringStance","floor":16},{"not_picked":["hexamod:AdvancingGuard","hexamod:SwordOfDarkness"],"picked":"hexamod:NightmareGuise","floor":19},{"not_picked":["hexamod:InspiringFlames+1","hexamod:Firestarter"],"picked":"hexamod:GhostShield","floor":19},{"not_picked":["hexamod:GhostOfSpireFuture","hexamod:HauntingEcho"],"picked":"hexamod:GiftsFromTheDead","floor":20},{"not_picked":["hexamod:RainOfEmbers","hexamod:FastForward"],"picked":"hexamod:GhostShield","floor":23},{"not_picked":["hexamod:FastForward","hexamod:GhostShield+1"],"picked":"hexamod:GhostLash","floor":26},{"not_picked":["hexamod:ThermalTransfer","hexamod:SpectersWail"],"picked":"hexamod:GhostLash","floor":26},{"not_picked":["hexamod:InspiringFlames","hexamod:SwordOfDarkness"],"picked":"hexamod:EmpoweringStance","floor":27},{"not_picked":["hexamod:GhostOfSpireFuture","hexamod:ShieldOfDarkness","hexamod:ThermalTransfer"],"picked":"SKIP","floor":30},{"not_picked":["hexamod:GhostOfSpirePresent","hexamod:BurningTouch"],"picked":"hexamod:ThirdSeal","floor":31},{"not_picked":["hexamod:InspiringFlames","hexamod:BurningTouch","hexamod:HeatCrush+1"],"picked":"SKIP","floor":31},{"not_picked":["hexamod:Hexaguard","hexamod:ShieldOfDarkness"],"picked":"hexamod:ParanormalForm","floor":32},{"not_picked":["hexamod:Firestarter+1","hexamod:BacktrackSmack+1"],"picked":"hexamod:RecurringNightmare","floor":32},{"not_picked":["hexamod:ShieldOfDarkness+1","hexamod:CrushingStance","hexamod:BurningTouch"],"picked":"SKIP","floor":32},{"not_picked":["hexamod:EmpoweringStance","hexamod:GhostflameInferno"],"picked":"hexamod:UnleashSpirits","floor":33},{"not_picked":["hexamod:VolcanoVisage","hexamod:GhostflameInferno"],"picked":"hexamod:ParanormalForm","floor":33},{"not_picked":["infinitespire:Execution","ReplayTheSpireMod:Black Plague"],"picked":"infinitespire:Starlight","floor":34},{"not_picked":["hexamod:NecessarySacrifice","hexamod:AdvancingGuard+1"],"picked":"hexamod:Hexaguard+1","floor":36},{"not_picked":["hexamod:Firestarter","hexamod:InspiringFlames+1","hexamod:FastForward+1"],"picked":"SKIP","floor":36},{"not_picked":["hexamod:ThirdSeal","hexamod:SecondSeal"],"picked":"hexamod:FourthSeal","floor":37},{"not_picked":["hexamod:AdvancingGuard+1","hexamod:VolcanoVisage","hexamod:GhostShield"],"picked":"SKIP","floor":37},{"not_picked":["hexamod:GhostOfSpireFuture+1","hexamod:SkipABeat","hexamod:Again+1"],"picked":"SKIP","floor":37},{"not_picked":["hexamod:ThermalTransfer+1","hexamod:GhostShield+1"],"picked":"hexamod:NightmareStrike","floor":38},{"not_picked":["hexamod:RainOfEmbers+1","hexamod:GhostShield+1"],"picked":"hexamod:RetreatToShadows+1","floor":38},{"not_picked":["hexamod:GhostLash","hexamod:SecondSeal","hexamod:Firestarter+1"],"picked":"SKIP","floor":38},{"not_picked":["hexamod:CatchUp","hexamod:BacktrackSmack"],"picked":"hexamod:FifthSeal","floor":39},{"not_picked":["hexamod:FastForward+1","hexamod:AdvancingGuard"],"picked":"hexamod:GhostOfSpirePresent+1","floor":39},{"not_picked":["hexamod:ShieldOfDarkness","hexamod:ExtraCrispy","hexamod:RainOfEmbers+1"],"picked":"SKIP","floor":39},{"not_picked":["hexamod:TurnItUp","hexamod:SpectersWail+1"],"picked":"hexamod:FirstSeal","floor":40},{"not_picked":["hexamod:FourthSeal","hexamod:ThirdSeal"],"picked":"hexamod:FifthSeal","floor":40},{"not_picked":["hexamod:FlamesFromBeyond","hexamod:InspiringFlames"],"picked":"hexamod:NightmareGuise+1","floor":40},{"not_picked":["hexamod:NecessarySacrifice+1","hexamod:BacktrackSmack+1"],"picked":"hexamod:NightmareStrike+1","floor":42},{"not_picked":["hexamod:FourthSeal","hexamod:FirstSeal"],"picked":"hexamod:FifthSeal","floor":42},{"not_picked":["hexamod:TimeWarp","hexamod:GhostOfSpirePresent","hexamod:NightmareGuise"],"picked":"SKIP","floor":42},{"not_picked":["hexamod:FifthSeal","hexamod:SecondSeal"],"picked":"hexamod:SixthSeal","floor":43},{"not_picked":["hexamod:SixthSeal","hexamod:FifthSeal"],"picked":"hexamod:ThirdSeal","floor":43},{"not_picked":["hexamod:TimeWarp","hexamod:InspiringFlames+1"],"picked":"hexamod:NightmareStrike+1","floor":43},{"not_picked":["hexamod:AdvancingGuard+1","hexamod:RainOfEmbers+1","hexamod:PhantomCloak"],"picked":"SKIP","floor":43},{"not_picked":["hexamod:FifthSeal","hexamod:ThirdSeal"],"picked":"hexamod:FourthSeal","floor":44},{"not_picked":["hexamod:ThirdSeal","hexamod:SixthSeal"],"picked":"hexamod:FifthSeal","floor":44},{"not_picked":["hexamod:NightmareGuise+1","hexamod:SwordOfDarkness"],"picked":"hexamod:ThirdSeal","floor":44},{"not_picked":["hexamod:Firestarter","hexamod:NightmareGuise","hexamod:RainOfEmbers"],"picked":"SKIP","floor":44},{"not_picked":["hexamod:HeatShield","hexamod:RainOfEmbers+1"],"picked":"hexamod:RecurringNightmare+1","floor":47},{"not_picked":["hexamod:SixthSeal","hexamod:ThirdSeal"],"picked":"hexamod:FirstSeal","floor":47},{"not_picked":["hexamod:FourthSeal","hexamod:FifthSeal"],"picked":"hexamod:SecondSeal","floor":47},{"not_picked":["hexamod:FastForward","hexamod:Haunt","hexamod:GhostShield+1"],"picked":"SKIP","floor":47},{"not_picked":["hexamod:GhostOfSpireFuture+1","hexamod:ShieldOfDarkness","hexamod:StepThrough+1"],"picked":"SKIP","floor":47},{"not_picked":["hexamod:InspiringFlames","hexamod:AdvancingGuard","hexamod:ThermalTransfer"],"picked":"SKIP","floor":47},{"not_picked":["hexamod:FirstSeal","hexamod:FifthSeal"],"picked":"hexamod:SecondSeal","floor":49},{"not_picked":["hexamod:Rewind+1","hexamod:Firestarter+1","hexamod:FastForward"],"picked":"SKIP","floor":49},{"not_picked":["hexamod:NightmareGuise+1","hexamod:Firestarter","hexamod:SpectersWail"],"picked":"SKIP","floor":49}],"player_experience":323362,"relics_obtained":[{"floor":3,"key":"Ornamental Fan"},{"floor":6,"key":"Lizard Tail"},{"floor":9,"key":"Bronze Scales"},{"floor":13,"key":"Prayer Wheel"},{"floor":20,"key":"Whetstone"},{"floor":23,"key":"Simple Rune"},{"floor":24,"key":"ReplayFunnel"},{"floor":27,"key":"Replay:Towering Pillar of Hats"},{"floor":37,"key":"infinitespire:EmpoweringShard"},{"floor":40,"key":"hubris:BottledRain"},{"floor":41,"key":"infinitespire:Lucky Rock"},{"floor":42,"key":"infinitespire:Satchel"},{"floor":44,"key":"Replay:Bottled Eggs"},{"floor":45,"key":"Ring of Hypnosis"},{"floor":45,"key":"Ring of Fury"}],"event_choices":[{"cards_removed":["hexamod:Strike"],"damage_healed":0,"gold_gain":0,"player_choice":"Purged","damage_taken":0,"max_hp_gain":0,"max_hp_loss":0,"event_name":"Purifier","floor":5,"gold_loss":0},{"damage_healed":0,"gold_gain":0,"player_choice":"Ignored","damage_taken":0,"max_hp_gain":0,"max_hp_loss":0,"event_name":"Vampires","floor":21,"gold_loss":0},{"damage_healed":23,"gold_gain":0,"player_choice":"Heal","damage_taken":0,"max_hp_gain":0,"max_hp_loss":0,"event_name":"The Library","floor":28,"gold_loss":0}],"is_beta":false,"boss_relics":[{"not_picked":["SacredBark","infinitespire:Cupcake"],"picked":"hubris:ScarierMask"},{"not_picked":["Pandora\u0027s Box","hubris:CrackedHourglass"],"picked":"ReplayTheSpireMod:SealedPack"}],"items_purged_floors":[12],"is_endless":false,"potions_floor_spawned":[6,8,15,16,19,27,31,32,39,43,49],"ascension_level":1}}