{"host":"8qb550oiisecbnz6","time":1607985135,"event":{"mods":["AchievementEnabler","BaseMod","Colored Map","Colored Powertips","Minty Spire (QoL Compilation)","Quick Restart","Slay-I","StSLib"],"gold_per_floor":[110,285,60,60,60,60,94,108,108,108,140,154,154,164,164,262,262,281,381,391,75,89,89,109,136,136,153,153,178,178,178,178,178,178],"floor_reached":33,"playtime":1565,"items_purged":["Doubt","Strike_G"],"score":423,"play_id":"40a38a62-e324-4e7d-8ca1-19b081ed1b85","local_time":"20201214233215","is_ascension_mode":true,"campfire_choices":[{"data":"Poisoned Stab","floor":6,"key":"SMITH"},{"data":"Neutralize","floor":10,"key":"SMITH"},{"floor":13,"key":"REST"},{"data":"Bane","floor":15,"key":"SMITH"},{"floor":23,"key":"REST"},{"floor":28,"key":"REST"},{"floor":30,"key":"REST"},{"data":"Bite","floor":32,"key":"SMITH"}],"circlet_count":0,"master_deck":["Defend_G","Defend_G","Defend_G","Defend_G","Defend_G","Survivor","Neutralize+1","Poisoned Stab+1","Cloak And Dagger","Bouncing Flask","Bane+1","Noxious Fumes+1","Catalyst","Footwork+1","Bane+1","Blur","Catalyst+1","Bite","Bite","Bite","Bite","Bite+1"],"relics":["Philosopher\u0027s Stone","TwistedFunnel","Dream Catcher","Bird Faced Urn","Velvet Choker","Medical Kit","Mercury Hourglass","Tiny Chest"],"acts_visited":["Exordium","TheCity"],"potions_floor_usage":[11,16,20,25,25],"damage_taken":[{"damage":4,"enemies":"Jaw Worm","floor":1,"turns":5},{"damage":17,"enemies":"Gremlin Nob","floor":7,"turns":4},{"damage":0,"enemies":"2 Louse","floor":8,"turns":2},{"damage":6,"enemies":"Lagavulin","floor":11,"turns":5},{"damage":0,"enemies":"Small Slimes","floor":12,"turns":2},{"damage":0,"enemies":"Red Slaver","floor":14,"turns":3},{"damage":14,"enemies":"Hexaghost","floor":16,"turns":7},{"damage":15,"enemies":"3 Byrds","floor":18,"turns":4},{"damage":9,"enemies":"Spheric Guardian","floor":20,"turns":4},{"damage":9,"enemies":"Cultist and Chosen","floor":22,"turns":4},{"damage":11,"enemies":"Snake Plant","floor":24,"turns":3},{"damage":40,"enemies":"Slavers","floor":25,"turns":5},{"damage":12,"enemies":"3 Cultists","floor":27,"turns":4},{"damage":12,"enemies":"Book of Stabbing","floor":29,"turns":3},{"damage":62,"enemies":"Champ","floor":33,"turns":9}],"seed_played":"8364215573702950467","potions_obtained":[{"floor":1,"key":"Fire Potion"},{"floor":7,"key":"PowerPotion"},{"floor":16,"key":"Block Potion"},{"floor":22,"key":"SteroidPotion"},{"floor":24,"key":"Swift Potion"},{"floor":29,"key":"Block Potion"}],"is_trial":false,"path_per_floor":["M","?","$","?","?","R","E","M","T","R","E","M","R","M","R","B",null,"M","?","M","$","M","R","M","E","T","M","R","E","R","?","R","B"],"character_chosen":"THE_SILENT","items_purchased":["TwistedFunnel","Medical Kit","Catalyst"],"campfire_rested":4,"item_purchase_floors":[3,21,21],"current_hp_per_floor":[66,66,66,59,59,59,42,42,42,42,36,36,57,57,57,45,64,49,49,42,42,35,56,47,11,11,3,24,14,35,35,35,0,0],"gold":178,"neow_bonus":"BOSS_RELIC","is_daily":false,"chose_seed":false,"campfire_upgraded":4,"win_rate":0.0,"timestamp":1607985135,"path_taken":["M","?","$","?","?","R","E","M","T","R","E","M","R","M","R","BOSS","M","?","?","$","M","R","M","E","T","M","R","E","R","?","R","BOSS"],"items_purchased_type":["Relic","Relic","Card"],"build_version":"2020-12-13","purchased_purges":2,"victory":false,"max_hp_per_floor":[70,70,70,70,70,70,70,70,70,70,70,70,70,70,70,70,70,70,70,70,70,70,70,70,70,70,70,70,70,70,49,49,49,49],"card_choices":[{"not_picked":["Endless Agony","Prepared"],"picked":"Poisoned Stab","floor":1},{"not_picked":["Sucker Punch","Concentrate"],"picked":"Cloak And Dagger","floor":7},{"not_picked":["PiercingWail","Quick Slash","Deadly Poison"],"picked":"SKIP","floor":8},{"not_picked":["PiercingWail","Dagger Spray","Endless Agony"],"picked":"SKIP","floor":11},{"not_picked":["Backstab","Masterful Stab","Acrobatics"],"picked":"SKIP","floor":12},{"not_picked":["Accuracy","Underhanded Strike"],"picked":"Bouncing Flask","floor":13},{"not_picked":["Dagger Spray","Eviscerate"],"picked":"Bane","floor":14},{"not_picked":["Outmaneuver","Poisoned Stab"],"picked":"Noxious Fumes+1","floor":18},{"not_picked":["PiercingWail","Flying Knee","Backstab+1"],"picked":"SKIP","floor":20},{"not_picked":["Escape Plan","Quick Slash","PiercingWail"],"picked":"SKIP","floor":22},{"not_picked":["Dodge and Roll","Reflex"],"picked":"Footwork+1","floor":23},{"not_picked":["Flying Knee","Setup+1","Deadly Poison"],"picked":"SKIP","floor":24},{"not_picked":["Deflect","Poisoned Stab"],"picked":"Bane+1","floor":25},{"not_picked":["Poisoned Stab","Footwork+1"],"picked":"Blur","floor":27},{"not_picked":["Noxious Fumes","Concentrate"],"picked":"Catalyst+1","floor":28},{"not_picked":["Dodge and Roll","Leg Sweep","Bouncing Flask"],"picked":"SKIP","floor":29}],"player_experience":348197,"relics_obtained":[{"floor":7,"key":"Dream Catcher"},{"floor":11,"key":"Bird Faced Urn"},{"floor":26,"key":"Mercury Hourglass"},{"floor":29,"key":"Tiny Chest"}],"event_choices":[{"damage_healed":0,"gold_gain":175,"player_choice":"AGREE","damage_taken":0,"max_hp_gain":0,"max_hp_loss":0,"event_name":"Liars Game","floor":2,"gold_loss":0,"cards_obtained":["Doubt"]},{"cards_removed":["Strike_G"],"damage_healed":0,"gold_gain":0,"player_choice":"Card Removal","damage_taken":7,"max_hp_gain":0,"max_hp_loss":0,"event_name":"Golden Wing","floor":4,"gold_loss":0},{"cards_removed":["Strike_G"],"damage_healed":0,"gold_gain":0,"player_choice":"Forget","damage_taken":0,"max_hp_gain":0,"max_hp_loss":0,"event_name":"Living Wall","floor":5,"gold_loss":0},{"damage_healed":0,"gold_gain":100,"player_choice":"Pray","damage_taken":0,"max_hp_gain":0,"max_hp_loss":0,"event_name":"Golden Shrine","floor":19,"gold_loss":0},{"damage_healed":0,"gold_gain":0,"player_choice":"Became a vampire","damage_taken":0,"max_hp_gain":0,"max_hp_loss":21,"event_name":"Vampires","floor":31,"gold_loss":0,"cards_obtained":["Bite","Bite","Bite","Bite","Bite"]}],"is_beta":false,"boss_relics":[{"not_picked":["Astrolabe","Runic Dome"],"picked":"Velvet Choker"}],"items_purged_floors":[3,21],"is_endless":false,"potions_floor_spawned":[1,7,16,22,24,29],"killed_by":"Champ","ascension_level":5}}