{"host":"aovv4e73998kgan0","time":1607909613,"event":{"mods":["BaseMod","Minty Spire (QoL Compilation)","StSLib"],"gold_per_floor":[118,128,139,158,176,205,104,123,123,85,115,115,0,11,11,110,110,123,137,137,149,49,49,79,79,79,104,114,39,54,65,65,167,167,186,203,255,130,130,130,130],"floor_reached":40,"playtime":3783,"items_purged":["Strike_B","Strike_B","Strike_B"],"score":462,"play_id":"a42f38a9-0028-4b42-a2ac-eed3685530f6","local_time":"20201213203333","is_ascension_mode":true,"campfire_choices":[{"data":"Static Discharge","floor":12,"key":"SMITH"},{"floor":15,"key":"REST"},{"data":"Fission","floor":23,"key":"SMITH"},{"data":"Defragment","floor":25,"key":"SMITH"},{"data":"Rainbow","floor":32,"key":"SMITH"}],"circlet_count":0,"master_deck":["Defend_B","Defend_B","Defend_B","Defend_B","Zap","Dualcast","Genetic Algorithm","Coolheaded","Ball Lightning","Conserve Battery","Sweeping Beam","Biased Cognition","Static Discharge+1","Coolheaded","Conserve Battery","Defragment+1","Capacitor","Consume","Beam Cell","Chill","Rainbow+1","Barrage+1","Steam","Ball Lightning+1","Compile Driver","Fission+1","Self Repair","Glacier+1","Hologram+1","Static Discharge+1","Thunder Strike","Melter+1","Storm"],"relics":["Cracked Core","Bag of Preparation","Blue Candle","Prayer Wheel","Nuclear Battery","StoneCalendar","Ornamental Fan","Toxic Egg 2","Philosopher\u0027s Stone","Calipers"],"acts_visited":["Exordium","TheCity","TheBeyond"],"potions_floor_usage":[5,19,28,31,40,40,40],"damage_taken":[{"damage":5,"enemies":"Cultist","floor":1,"turns":4},{"damage":0,"enemies":"Small Slimes","floor":2,"turns":3},{"damage":1,"enemies":"2 Louse","floor":3,"turns":2},{"damage":0,"enemies":"2 Fungi Beasts","floor":4,"turns":4},{"damage":9,"enemies":"Gremlin Gang","floor":5,"turns":3},{"damage":10,"enemies":"Lagavulin","floor":6,"turns":6},{"damage":1,"enemies":"Exordium Thugs","floor":8,"turns":3},{"damage":19,"enemies":"Gremlin Nob","floor":11,"turns":3},{"damage":5,"enemies":"Lots of Slimes","floor":14,"turns":3},{"damage":31,"enemies":"Slime Boss","floor":16,"turns":12},{"damage":3,"enemies":"Shell Parasite","floor":18,"turns":4},{"damage":5,"enemies":"2 Thieves","floor":19,"turns":4},{"damage":9,"enemies":"Centurion and Healer","floor":21,"turns":6},{"damage":16,"enemies":"Slavers","floor":24,"turns":4},{"damage":6,"enemies":"Book of Stabbing","floor":27,"turns":4},{"damage":7,"enemies":"Snecko","floor":28,"turns":4},{"damage":6,"enemies":"Snake Plant","floor":30,"turns":4},{"damage":0,"enemies":"Centurion and Healer","floor":31,"turns":7},{"damage":28,"enemies":"Automaton","floor":33,"turns":9},{"damage":0,"enemies":"3 Shapes","floor":35,"turns":5},{"damage":0,"enemies":"Orb Walker","floor":36,"turns":5},{"damage":49,"enemies":"2 Orb Walkers","floor":37,"turns":5},{"damage":36,"enemies":"Awakened One","floor":40,"turns":6}],"seed_played":"-5414748937109638697","potions_obtained":[{"floor":2,"key":"LiquidMemories"},{"floor":5,"key":"PowerPotion"},{"floor":11,"key":"Fire Potion"},{"floor":16,"key":"GamblersBrew"},{"floor":19,"key":"SteroidPotion"},{"floor":28,"key":"FearPotion"},{"floor":33,"key":"SteroidPotion"}],"is_trial":false,"path_per_floor":["M","M","M","M","M","E","$","M","T","$","E","R","$","M","R","B",null,"M","M","?","M","$","R","E","R","T","E","M","?","M","M","R","B",null,"M","M","?","$","?","B"],"character_chosen":"DEFECT","items_purchased":["Coolheaded","Defragment","Capacitor","Consume"],"campfire_rested":1,"item_purchase_floors":[7,10,13,13],"current_hp_per_floor":[70,70,69,69,60,50,50,49,49,49,30,30,30,25,47,16,75,72,67,67,58,58,58,49,49,49,50,50,50,51,58,58,37,75,75,75,33,33,33,0,0],"gold":130,"neow_bonus":"THREE_CARDS","is_daily":false,"chose_seed":false,"campfire_upgraded":4,"win_rate":0.0,"timestamp":1607909613,"path_taken":["M","M","M","M","M","E","$","?","T","$","E","R","$","M","R","BOSS","M","?","?","M","$","R","E","R","T","E","M","?","M","M","R","BOSS","M","M","?","$","?","BOSS"],"items_purchased_type":["Card","Card","Card","Card"],"build_version":"2020-11-30","purchased_purges":3,"victory":false,"max_hp_per_floor":[75,75,75,75,75,75,75,75,75,75,75,75,75,75,75,75,75,75,75,75,75,75,75,75,75,75,75,75,75,75,75,75,75,75,75,75,75,75,75,75,75],"card_choices":[{"not_picked":["Gash","Turbo"],"picked":"Genetic Algorithm","floor":0},{"not_picked":["Go for the Eyes","Auto Shields"],"picked":"Coolheaded","floor":1},{"not_picked":["Lockon","Turbo"],"picked":"Ball Lightning","floor":2},{"not_picked":["Barrage","Turbo"],"picked":"Conserve Battery","floor":3},{"not_picked":["BootSequence","Darkness"],"picked":"Sweeping Beam","floor":4},{"not_picked":["Genetic Algorithm","Gash"],"picked":"Biased Cognition","floor":5},{"not_picked":["Ball Lightning","Compile Driver"],"picked":"Static Discharge","floor":6},{"not_picked":["Go for the Eyes","Turbo"],"picked":"Conserve Battery","floor":8},{"not_picked":["Turbo","Hyperbeam","Sweeping Beam"],"picked":"SKIP","floor":11},{"not_picked":["Go for the Eyes","Gash"],"picked":"Beam Cell","floor":14},{"not_picked":["Chaos","Hologram"],"picked":"Chill","floor":14},{"not_picked":["Seek","Reboot"],"picked":"Rainbow","floor":16},{"not_picked":["Hologram","Self Repair"],"picked":"Barrage+1","floor":18},{"not_picked":["Chill+1","Gash"],"picked":"Steam","floor":18},{"not_picked":["Skim","Barrage"],"picked":"Ball Lightning+1","floor":19},{"not_picked":["Hello World+1","Force Field+1"],"picked":"Compile Driver","floor":19},{"not_picked":["Compile Driver","Lockon"],"picked":"Self Repair","floor":21},{"not_picked":["Undo","Rebound","Steam Power"],"picked":"SKIP","floor":21},{"not_picked":["Coolheaded","Stack+1","Blizzard"],"picked":"SKIP","floor":24},{"not_picked":["Hyperbeam","Blizzard"],"picked":"Glacier+1","floor":27},{"not_picked":["Streamline","Heatsinks+1"],"picked":"Hologram+1","floor":28},{"not_picked":["Gash","Cold Snap+1","Fusion+1"],"picked":"SKIP","floor":28},{"not_picked":["Hologram+1","Sweeping Beam","Skim+1"],"picked":"SKIP","floor":30},{"not_picked":["Conserve Battery+1","Reprogram+1","Streamline"],"picked":"SKIP","floor":30},{"not_picked":["Compile Driver","Barrage"],"picked":"Static Discharge+1","floor":31},{"not_picked":["Beam Cell+1","Rebound","Fusion+1"],"picked":"SKIP","floor":31},{"not_picked":["Machine Learning","Rainbow+1"],"picked":"Thunder Strike","floor":33},{"not_picked":["Coolheaded+1","Gash","Leap+1"],"picked":"SKIP","floor":35},{"not_picked":["Heatsinks+1","Scrape","Darkness+1"],"picked":"SKIP","floor":35},{"not_picked":["Cold Snap+1","Stack+1"],"picked":"Melter+1","floor":36},{"not_picked":["Stack+1","Redo+1","Hyperbeam"],"picked":"SKIP","floor":36},{"not_picked":["Recycle+1","Conserve Battery+1"],"picked":"Storm","floor":37}],"player_experience":145400,"relics_obtained":[{"floor":6,"key":"Bag of Preparation"},{"floor":9,"key":"Blue Candle"},{"floor":11,"key":"Prayer Wheel"},{"floor":24,"key":"StoneCalendar"},{"floor":26,"key":"Ornamental Fan"},{"floor":27,"key":"Toxic Egg 2"},{"floor":37,"key":"Calipers"}],"event_choices":[{"damage_healed":0,"gold_gain":0,"player_choice":"Read","damage_taken":0,"max_hp_gain":0,"max_hp_loss":0,"event_name":"The Library","floor":20,"gold_loss":0,"cards_obtained":["Fission"]},{"cards_removed":["Strike_B"],"damage_healed":0,"gold_gain":0,"player_choice":"Gave Gold","damage_taken":0,"max_hp_gain":0,"max_hp_loss":0,"event_name":"Beggar","floor":29,"gold_loss":75},{"damage_healed":0,"gold_gain":0,"player_choice":"Fight","damage_taken":0,"max_hp_gain":0,"max_hp_loss":0,"event_name":"Mysterious Sphere","floor":37,"gold_loss":0},{"damage_healed":0,"gold_gain":0,"player_choice":"Took Portal","damage_taken":0,"max_hp_gain":0,"max_hp_loss":0,"event_name":"SecretPortal","floor":39,"gold_loss":0}],"is_beta":false,"boss_relics":[{"not_picked":["FrozenCore","SacredBark"],"picked":"Nuclear Battery"},{"not_picked":["Empty Cage","Snecko Eye"],"picked":"Philosopher\u0027s Stone"}],"items_purged_floors":[7,22,38],"is_endless":false,"potions_floor_spawned":[2,5,11,16,19,28,33,37],"killed_by":"Awakened One","ascension_level":1}}