{"host":"kx62hxkutszy5nb0","time":1607929563,"event":{"mods":["2.2 Compatiblity","AchievementEnabler","Aspiration","BaseMod","Better Altar","Better Match","Better Note","Better Sensory Stone","Better Skull","Better Third Choice","Better Vampires","CCEM","Colored Map","Colored Powertips","Conspire","Custom Start","Defuse TimeMaze Blight","Displayed Cursed Tome","Downfall","Hermit","Hubris","Infinite Spire","Jorbs\u0027s Wanderer Trilogy","Koishi","Marked Mod","Minty Spire (QoL Compilation)","Prisma Mod","Relic Sorter","Relic Stats","Replay The Spire","Shade Mod","Shop Mod","Spikes Relics","StSLib","Td1madao Mod","The Alterego","The Bladedancer","The Construct","The Cursed","The Exalted","The Forsaken","The Hierophant","The Judge","The Jungle","TheSwordswoman","Virulent Crown","everything is the same but u backflip on backflip"],"gold_per_floor":[99,113,143,68,85,70,97,131,13,13,13,13,28,48,64,160,160,85,104,104,104],"floor_reached":20,"playtime":1310,"items_purged":[],"score":197,"play_id":"28059e6f-5c7d-41bb-834e-81b74c845957","local_time":"20201214170603","is_ascension_mode":false,"campfire_choices":[{"floor":1,"key":"RECALL"},{"data":"hexamod:ThermalTransfer","floor":4,"key":"SMITH"},{"data":"hexamod:FastForward","floor":10,"key":"SMITH"},{"data":"hexamod:RecurringNightmare","floor":18,"key":"SMITH"}],"circlet_count":0,"master_deck":["hexamod:Strike","hexamod:Strike","hexamod:Strike","hexamod:Strike","hexamod:Defend","hexamod:Defend","hexamod:Defend","hexamod:Defend","hexamod:Sear","hexamod:Float+1","hexamod:CatchUp","hexamod:ThermalTransfer+1","hexamod:HeatCrush","hexamod:EmpoweringStance","hexamod:RainOfEmbers","BlessedFruit","BlessedFruit","hexamod:GhostOfSpirePresent","hexamod:FastForward+1","hexamod:Firestarter","hexamod:HeatCrush","hexamod:NightmareGuise","hexamod:FirstSeal","hexamod:GhostLash","hexamod:Incineration","hexamod:RecurringNightmare+1","hexamod:ShieldOfDarkness","hexamod:ParanormalForm","hexamod:GhostOfSpirePast"],"relics":["hexamod:SpiritBrand","theForsaken:Lifeblossom","downfall:HeartBlessingRed","HeavenlyBonsai","SacredBark","downfall:HeartBlessingBlue"],"acts_visited":["Exordium","TheCity"],"potions_floor_usage":[3,6,16,16,16],"damage_taken":[{"damage":0,"enemies":"Small Slimes","floor":2,"turns":3},{"damage":14,"enemies":"3 Sentries","floor":3,"turns":8},{"damage":0,"enemies":"2 Louse","floor":5,"turns":2},{"damage":0,"enemies":"downfall:FleeingMerchant","floor":6,"turns":4},{"damage":10,"enemies":"conspire:MimicChest","floor":8,"turns":5},{"damage":9,"enemies":"downfall:FleeingMerchant","floor":9,"turns":4},{"damage":11,"enemies":"Jaw Worm","floor":13,"turns":4},{"damage":8,"enemies":"3 Louse","floor":14,"turns":4},{"damage":2,"enemies":"Blue Slaver","floor":15,"turns":3},{"damage":29,"enemies":"downfall:Watcher","floor":16,"turns":12},{"damage":18,"enemies":"Chosen","floor":19,"turns":7},{"damage":83,"enemies":"Gremlin Leader","floor":20,"turns":8}],"seed_played":"8889016369486533301","potions_obtained":[{"floor":2,"key":"Reflective Coating"},{"floor":3,"key":"FearPotion"},{"floor":13,"key":"Block Potion"},{"floor":15,"key":"DuplicationPotion"}],"is_trial":false,"path_per_floor":["R","M","E","R","M","$","T","?","$","R","?","?","M","M","M","B",null,"R","M","E"],"character_chosen":"THE_SPIRIT","items_purchased":["Energy Potion","hexamod:FastForward"],"campfire_rested":0,"item_purchase_floors":[9,9],"current_hp_per_floor":[70,70,56,56,59,65,65,61,60,60,60,72,65,65,71,58,80,90,74,0,0],"gold":104,"neow_bonus":"UPGRADE_CARD","is_daily":false,"chose_seed":false,"campfire_upgraded":3,"win_rate":0.0,"timestamp":1607929563,"path_taken":["R","M","E","R","M","$","T","?","$","R","?","?","M","M","M","BOSS","R","M","E"],"items_purchased_type":["Potion","Card"],"build_version":"2020-12-13","purchased_purges":0,"victory":false,"max_hp_per_floor":[70,70,70,70,70,70,70,70,72,72,72,72,73,75,77,80,80,90,92,94,94],"relic_stats":{"counters":[12,64],"obtain_stats":[{"downfall:HeartBlessingRed":4,"downfall:HeartBlessingBlue":18,"SacredBark":17,"theForsaken:Lifeblossom":3,"HeavenlyBonsai":8,"hexamod:SpiritBrand":0},{"downfall:HeartBlessingRed":2,"downfall:HeartBlessingBlue":10,"SacredBark":10,"theForsaken:Lifeblossom":2,"HeavenlyBonsai":5,"hexamod:SpiritBrand":0},{"downfall:HeartBlessingRed":11,"downfall:HeartBlessingBlue":49,"SacredBark":49,"theForsaken:Lifeblossom":11,"HeavenlyBonsai":22,"hexamod:SpiritBrand":0}]},"card_choices":[{"not_picked":["hexamod:StepThrough","hexamod:EtherealExpedition"],"picked":"hexamod:CatchUp","floor":2},{"not_picked":["hexamod:UnleashSpirits","hexamod:PhantomCloak"],"picked":"hexamod:ThermalTransfer","floor":3},{"not_picked":["hexamod:GhostLash","hexamod:Hexaguard"],"picked":"hexamod:HeatCrush","floor":5},{"not_picked":["hexamod:SwordOfDarkness","hexamod:RetreatToShadows"],"picked":"hexamod:EmpoweringStance","floor":6},{"not_picked":["hexamod:SecondSeal","hexamod:Again"],"picked":"hexamod:RainOfEmbers","floor":8},{"not_picked":["hexamod:FirstSeal","hexamod:HauntingEcho"],"picked":"hexamod:GhostOfSpirePresent","floor":9},{"not_picked":["hexamod:SpectersWail","hexamod:SecondSeal"],"picked":"hexamod:Incineration","floor":13},{"not_picked":["hexamod:PhantomFireball","hexamod:Firestarter"],"picked":"hexamod:RecurringNightmare","floor":14},{"not_picked":["hexamod:GhostShield","hexamod:NightmareGuise"],"picked":"hexamod:ShieldOfDarkness","floor":15},{"not_picked":["hexamod:GiftsFromTheDead","hexamod:UnleashSpirits"],"picked":"hexamod:ParanormalForm","floor":16},{"not_picked":["hexamod:RetreatToShadows+1","hexamod:HauntingEcho"],"picked":"hexamod:GhostOfSpirePast","floor":19}],"player_experience":744633,"relics_obtained":[{"floor":3,"key":"theForsaken:Lifeblossom"},{"floor":8,"key":"HeavenlyBonsai"}],"event_choices":[{"damage_healed":24,"gold_gain":0,"player_choice":"Banana","damage_taken":0,"max_hp_gain":0,"max_hp_loss":0,"event_name":"Big Fish","floor":12,"gold_loss":0}],"is_beta":false,"boss_relics":[{"not_picked":["Sozu","CosmicIsotope"],"picked":"SacredBark"}],"items_purged_floors":[],"is_endless":false,"potions_floor_spawned":[2,3,13,15],"killed_by":"Gremlin Leader","ascension_level":0}}