{"host":"3mdjmozz5rahgtdc","time":1607947163,"event":{"mods":["AchievementEnabler","BaseMod","Better Silent Start","Better-Laid Plans","Colored Map","Colored Powertips","Custom Start","DeckTracker","KOR Keyword Fix","Minty Spire (QoL Compilation)","Permanent Neow","Quick Restart","StSLib","SuperFastMode"],"gold_per_floor":[117,133,62,76,88,88,113,130,130,130,146,146,0,31,31,133,133,143,158,173,188,45,45,75,75,75,75,85,103,28,39,39,136,136,155,155,55,74,92,92,123,0,47,47,78,78,78,113,113,113,113,113,74,103,103,103],"floor_reached":55,"playtime":1321,"items_purged":["Strike_R","Strike_R"],"score":953,"play_id":"fb804c8c-4c63-4359-b8c4-131eef021c8c","local_time":"20201214205923","is_ascension_mode":true,"campfire_choices":[{"data":"Inflame","floor":6.0,"key":"SMITH"},{"data":"Sword Boomerang","floor":10.0,"key":"SMITH"},{"data":"Uppercut","floor":12.0,"key":"SMITH"},{"data":"Evolve","floor":15.0,"key":"SMITH"},{"data":"Limit Break","floor":23.0,"key":"SMITH"},{"data":"Battle Trance","floor":27.0,"key":"SMITH"},{"data":"Bash","floor":32.0,"key":"SMITH"},{"data":"Pummel","floor":40.0,"key":"SMITH"},{"floor":44.0,"key":"REST"},{"floor":46.0,"key":"RECALL"},{"data":"Offering","floor":49.0,"key":"SMITH"},{"data":"Power Through","floor":52,"key":"SMITH"}],"circlet_count":0,"master_deck":["Strike_R","Defend_R","Defend_R","Defend_R","Defend_R","Bash+1","Twin Strike","Wild Strike","Inflame+1","Headbutt","Power Through+1","Uppercut+1","Sword Boomerang+1","Battle Trance+1","Evolve+1","Reaper","Pummel+1","Limit Break+1","Thunderclap","Second Wind+1","Flex+1","Offering+1","Shockwave","Power Through"],"relics":["Burning Blood","Vajra","Red Skull","Boot","Sozu","CaptainsWheel","Paper Frog","Empty Cage","Anchor","Red Mask","PreservedInsect","Mercury Hourglass","Singing Bowl","Kunai"],"acts_visited":["Exordium","TheCity","TheBeyond","TheEnding"],"potions_floor_usage":[55],"damage_taken":[{"damage":0.0,"enemies":"Cultist","floor":1.0,"turns":4.0},{"damage":2.0,"enemies":"2 Louse","floor":2.0,"turns":2.0},{"damage":0.0,"enemies":"Small Slimes","floor":4.0,"turns":2.0},{"damage":9.0,"enemies":"Red Slaver","floor":5.0,"turns":2.0},{"damage":19.0,"enemies":"Gremlin Nob","floor":7.0,"turns":4.0},{"damage":7.0,"enemies":"Exordium Thugs","floor":8.0,"turns":3.0},{"damage":0.0,"enemies":"Large Slime","floor":11.0,"turns":3.0},{"damage":10.0,"enemies":"Lagavulin","floor":14.0,"turns":6.0},{"damage":39.0,"enemies":"Hexaghost","floor":16.0,"turns":6.0},{"damage":19.0,"enemies":"Spheric Guardian","floor":18.0,"turns":4.0},{"damage":36.0,"enemies":"3 Byrds","floor":19.0,"turns":4.0},{"damage":25.0,"enemies":"Sentry and Sphere","floor":20.0,"turns":5.0},{"damage":0.0,"enemies":"Snake Plant","floor":21.0,"turns":2.0},{"damage":6.0,"enemies":"Gremlin Leader","floor":24.0,"turns":4.0},{"damage":0.0,"enemies":"Snecko","floor":28.0,"turns":3.0},{"damage":14.0,"enemies":"Centurion and Healer","floor":29.0,"turns":2.0},{"damage":0.0,"enemies":"Snake Plant","floor":31.0,"turns":2.0},{"damage":7.0,"enemies":"Collector","floor":33.0,"turns":5.0},{"damage":15.0,"enemies":"3 Shapes","floor":35.0,"turns":3.0},{"damage":21.0,"enemies":"3 Darklings","floor":38.0,"turns":4.0},{"damage":23.0,"enemies":"4 Shapes","floor":39.0,"turns":5.0},{"damage":57.0,"enemies":"Reptomancer","floor":41.0,"turns":6.0},{"damage":9.0,"enemies":"Giant Head","floor":45.0,"turns":5.0},{"damage":20.0,"enemies":"Nemesis","floor":48.0,"turns":3.0},{"damage":46,"enemies":"Time Eater","floor":50,"turns":5},{"damage":6,"enemies":"Shield and Spear","floor":54,"turns":2},{"damage":141,"enemies":"The Heart","floor":55,"turns":6}],"seed_played":"-8936003308423600927","potions_obtained":[{"floor":2.0,"key":"FearPotion"},{"floor":5.0,"key":"FearPotion"},{"floor":7.0,"key":"SpeedPotion"}],"is_trial":false,"path_per_floor":["M","M","$","M","M","R","E","M","T","R","M","R","$","E","R","B",null,"M","M","M","M","$","R","E","?","T","R","M","M","$","M","R","B",null,"M","?","$","M","M","R","E","?","T","R","E","R","$","E","R","B",null,"R","$","E","B"],"character_chosen":"IRONCLAD","items_purchased":["Inflame","Battle Trance","Evolve","Limit Break","Shockwave"],"campfire_rested":1,"item_purchase_floors":[3,13,13,22,53],"current_hp_per_floor":[80,80,80,80,77,77,64,63,63,63,69,69,69,65,65,32,68,63,48,34,40,40,40,40,25,25,25,45,37,37,43,43,42,74,65,65,65,50,63,63,12,12,12,37,36,36,36,45,45,68,81,81,81,81,0,0],"gold":103,"neow_bonus":"RANDOM_COMMON_RELIC","is_daily":false,"chose_seed":false,"campfire_upgraded":10,"win_rate":0.0,"timestamp":1607947163,"path_taken":["M","M","?","M","M","R","E","M","T","R","M","R","$","E","R","BOSS","M","M","M","M","$","R","E","?","T","R","M","M","$","M","R","BOSS","M","?","$","?","M","R","E","?","T","R","E","R","?","E","R","BOSS","R","$","E","BOSS"],"items_purchased_type":["Card","Card","Card","Card","Card"],"build_version":"2020-12-13","purchased_purges":2,"victory":false,"max_hp_per_floor":[80,80,80,80,80,80,80,80,80,80,80,80,80,80,80,80,80,80,80,80,80,80,80,80,85,85,85,85,85,85,85,85,85,85,85,85,85,85,85,85,85,85,85,85,85,85,85,85,85,85,85,85,85,85,85,85],"card_choices":[{"not_picked":["Reckless Charge","True Grit"],"picked":"Twin Strike","floor":1.0},{"not_picked":["Thunderclap","Clash"],"picked":"Wild Strike","floor":2.0},{"not_picked":["Rupture","True Grit"],"picked":"Headbutt","floor":4.0},{"not_picked":["Headbutt","Cleave"],"picked":"Power Through","floor":5.0},{"not_picked":["Barricade","Body Slam"],"picked":"Uppercut","floor":7.0},{"not_picked":["Thunderclap","Rage"],"picked":"Sword Boomerang","floor":8.0},{"not_picked":["True Grit","Heavy Blade","Rampage"],"picked":"SKIP","floor":11.0},{"not_picked":["Sword Boomerang","Entrench","Cleave"],"picked":"SKIP","floor":14.0},{"not_picked":["Offering","Fiend Fire"],"picked":"Reaper","floor":16.0},{"not_picked":["Thunderclap","Pommel Strike","Burning Pact+1"],"picked":"SKIP","floor":18.0},{"not_picked":["Sever Soul","Armaments","Flex"],"picked":"SKIP","floor":19.0},{"not_picked":["Anger","Body Slam","Infernal Blade"],"picked":"SKIP","floor":20.0},{"not_picked":["Wild Strike","Armaments"],"picked":"Pummel","floor":21.0},{"not_picked":["Reaper","Anger","Rupture"],"picked":"SKIP","floor":24.0},{"not_picked":["Burning Pact+1","Havoc","Headbutt"],"picked":"SKIP","floor":28.0},{"not_picked":["Clothesline","Headbutt","True Grit"],"picked":"SKIP","floor":29.0},{"not_picked":["Hemokinesis","Flex","Heavy Blade"],"picked":"SKIP","floor":31.0},{"not_picked":["Rampage","Flex","Flame Barrier+1"],"picked":"SKIP","floor":35.0},{"not_picked":["Sentinel+1","Sword Boomerang+1"],"picked":"Thunderclap","floor":38.0},{"not_picked":["Flex","Pommel Strike+1"],"picked":"Second Wind+1","floor":39.0},{"not_picked":["Infernal Blade+1","Twin Strike+1","Body Slam"],"picked":"SKIP","floor":41.0},{"not_picked":["Wild Strike+1","Carnage","Flex+1"],"picked":"SKIP","floor":45.0},{"not_picked":["Wild Strike+1","Carnage"],"picked":"Flex+1","floor":45.0},{"not_picked":["Thunderclap","Shockwave"],"picked":"Offering","floor":48.0},{"not_picked":["Cleave","Infernal Blade+1"],"picked":"Power Through","floor":54}],"player_experience":282488,"relics_obtained":[{"floor":7.0,"key":"Red Skull"},{"floor":14.0,"key":"Boot"},{"floor":24.0,"key":"CaptainsWheel"},{"floor":26.0,"key":"Paper Frog"},{"floor":41.0,"key":"Anchor"},{"floor":43.0,"key":"PreservedInsect"},{"floor":45.0,"key":"Mercury Hourglass"},{"floor":48.0,"key":"Singing Bowl"},{"floor":54,"key":"Kunai"}],"event_choices":[{"damage_healed":0.0,"max_hp_gain":5.0,"max_hp_loss":0.0,"gold_gain":0.0,"event_name":"Forgotten Altar","player_choice":"Shed Blood","floor":25.0,"gold_loss":0.0,"damage_taken":20.0},{"damage_healed":0.0,"max_hp_gain":0.0,"max_hp_loss":0.0,"gold_gain":0.0,"event_name":"Match and Keep!","player_choice":"0 cards matched","floor":36.0,"gold_loss":0.0,"damage_taken":0.0,"cards_obtained":[]},{"damage_healed":0.0,"max_hp_gain":0.0,"max_hp_loss":0.0,"gold_gain":0.0,"event_name":"Tomb of Lord Red Mask","player_choice":"Paid","floor":42.0,"gold_loss":123.0,"damage_taken":0.0,"relics_obtained":["Red Mask"]}],"is_beta":false,"boss_relics":[{"not_picked":["Ectoplasm","Calling Bell"],"picked":"Sozu"},{"not_picked":["Black Star","Black Blood"],"picked":"Empty Cage"}],"items_purged_floors":[30,37],"is_endless":false,"potions_floor_spawned":[2,5,7,11,16,18,19,24,31,39,41,45],"killed_by":"The Heart","ascension_level":5}}