{"host":"k8gerrcpv9xe1nxe","time":1607972590,"event":{"mods":["2.2 Compatiblity","AchievementEnabler","BaseMod","Bestiary","Minty Spire (QoL Compilation)","Relic Stats","StSLib"],"gold_per_floor":[99,99,99,99,99,99,69,69,69,69,69,69,69,28,28,28,28,28,28,28,28,28,28,28,28,28],"floor_reached":25,"playtime":793,"items_purged":[],"score":297,"play_id":"5d2234f7-7902-4ace-8ad2-f3e77b5c210a","local_time":"20201214140310","is_ascension_mode":true,"campfire_choices":[{"data":"TalkToTheHand","floor":10,"key":"SMITH"},{"data":"Vigilance","floor":15,"key":"SMITH"},{"floor":24,"key":"REST"}],"circlet_count":0,"master_deck":["Strike_P","Strike_P","Strike_P","Defend_P","Defend_P","Defend_P","Defend_P","Eruption+1","Vigilance+1","CrushJoints+1","EmptyBody","Protect","TalkToTheHand+1","CutThroughFate+1","Conclude","SpiritShield","WheelKick","EmptyFist","FearNoEvil"],"relics":["Ectoplasm","Pantograph","Damaru","Whetstone","Singing Bowl","Bloody Idol","Empty Cage","Vajra"],"acts_visited":["Exordium","TheCity"],"potions_floor_usage":[6,16,22,23,23,23,25],"damage_taken":[{"damage":0,"enemies":"Small Slimes","floor":1,"turns":2},{"damage":2,"enemies":"2 Louse","floor":3,"turns":2},{"damage":2,"enemies":"Jaw Worm","floor":5,"turns":3},{"damage":19,"enemies":"Gremlin Nob","floor":6,"turns":3},{"damage":6,"enemies":"Looter","floor":7,"turns":3},{"damage":2,"enemies":"Blue Slaver","floor":8,"turns":3},{"damage":26,"enemies":"Lagavulin","floor":11,"turns":5},{"damage":2,"enemies":"Exordium Thugs","floor":12,"turns":3},{"damage":17,"enemies":"Hexaghost","floor":16,"turns":9},{"damage":39,"enemies":"Spheric Guardian","floor":18,"turns":10},{"damage":1,"enemies":"Shell Parasite","floor":21,"turns":7},{"damage":19,"enemies":"Shelled Parasite and Fungi","floor":22,"turns":7},{"damage":0,"enemies":"Gremlin Leader","floor":23,"turns":3},{"damage":37,"enemies":"Book of Stabbing","floor":25,"turns":4}],"seed_played":"-4873323273790713021","potions_obtained":[{"floor":3,"key":"StancePotion"},{"floor":5,"key":"SteroidPotion"},{"floor":12,"key":"Explosive Potion"},{"floor":16,"key":"BottledMiracle"},{"floor":18,"key":"Explosive Potion"},{"floor":22,"key":"FearPotion"},{"floor":23,"key":"Block Potion"}],"is_trial":false,"path_per_floor":["M","?","M","?","M","E","M","M","T","R","E","M","?","$","R","B",null,"M","?","?","M","M","E","R","E"],"character_chosen":"WATCHER","items_purchased":["Conclude"],"campfire_rested":1,"item_purchase_floors":[14],"current_hp_per_floor":[72,72,70,70,68,49,43,41,41,41,17,17,17,17,17,25,70,33,33,33,32,13,13,34,0,0],"gold":28,"neow_bonus":"BOSS_RELIC","is_daily":false,"chose_seed":false,"campfire_upgraded":2,"win_rate":0.0,"timestamp":1607972590,"path_taken":["M","?","M","?","M","E","M","M","T","R","E","M","?","$","R","BOSS","M","?","?","M","M","E","R","E"],"items_purchased_type":["Card"],"build_version":"2020-12-13","purchased_purges":0,"victory":false,"max_hp_per_floor":[72,72,72,72,72,72,72,72,72,72,74,76,70,70,70,70,70,72,72,72,72,72,72,72,72,72],"relic_stats":{"Singing Bowl":6,"counters":[14,64],"Pantograph":25,"Bloody Idol":0,"Ectoplasm":383,"Whetstone":["CutThroughFate","Eruption"],"obtain_stats":[{"Singing Bowl":11,"Golden Idol":13,"Pantograph":2,"Bloody Idol":20,"Damaru":6,"Vajra":23,"Ectoplasm":0,"Whetstone":9,"PureWater":0,"Empty Cage":17},{"Singing Bowl":7,"Golden Idol":8,"Pantograph":1,"Bloody Idol":10,"Damaru":4,"Vajra":13,"Ectoplasm":0,"Whetstone":6,"PureWater":0,"Empty Cage":9},{"Singing Bowl":21,"Golden Idol":24,"Pantograph":2,"Bloody Idol":43,"Damaru":10,"Vajra":60,"Ectoplasm":0,"Whetstone":16,"PureWater":0,"Empty Cage":33}]},"card_choices":[{"not_picked":["ClearTheMind","Vengeance"],"picked":"CrushJoints","floor":1},{"not_picked":["ThirdEye","WindmillStrike"],"picked":"EmptyBody","floor":3},{"not_picked":["DeceiveReality","Vengeance","EmptyBody"],"picked":"SKIP","floor":5},{"not_picked":["ForeignInfluence","CrushJoints"],"picked":"Protect","floor":6},{"not_picked":["BowlingBash","ClearTheMind"],"picked":"TalkToTheHand","floor":7},{"not_picked":["Evaluate","Prostrate"],"picked":"CutThroughFate","floor":8},{"not_picked":["Evaluate","CarveReality","WaveOfTheHand"],"picked":"Singing Bowl","floor":11},{"not_picked":["Collect","PathToVictory","JustLucky"],"picked":"Singing Bowl","floor":12},{"not_picked":["DeusExMachina","ConjureBlade"],"picked":"SpiritShield","floor":16},{"not_picked":["Meditate+1","ForeignInfluence","Prostrate"],"picked":"Singing Bowl","floor":18},{"not_picked":["Crescendo","EmptyMind"],"picked":"WheelKick","floor":21},{"not_picked":["BattleHymn+1","PathToVictory"],"picked":"EmptyFist","floor":22},{"not_picked":["Nirvana","SpiritShield"],"picked":"FearNoEvil","floor":23}],"player_experience":57230,"relics_obtained":[{"floor":6,"key":"Damaru"},{"floor":9,"key":"Whetstone"},{"floor":11,"key":"Singing Bowl"},{"floor":23,"key":"Vajra"}],"event_choices":[{"damage_healed":0,"gold_gain":0,"player_choice":"Box","damage_taken":0,"relics_obtained":["Pantograph"],"max_hp_gain":0,"max_hp_loss":0,"event_name":"Big Fish","floor":2,"gold_loss":0,"cards_obtained":["Regret"]},{"damage_healed":0,"gold_gain":0,"player_choice":"Grow","damage_taken":0,"max_hp_gain":0,"max_hp_loss":0,"event_name":"Living Wall","floor":4,"gold_loss":0,"cards_upgraded":["CrushJoints"]},{"damage_healed":0,"gold_gain":0,"player_choice":"Lose Max HP","damage_taken":0,"relics_obtained":["Golden Idol"],"max_hp_gain":0,"max_hp_loss":6,"event_name":"Golden Idol","floor":13,"gold_loss":0},{"damage_healed":0,"gold_gain":0,"player_choice":"Ignored","damage_taken":0,"max_hp_gain":0,"max_hp_loss":0,"event_name":"Vampires","floor":19,"gold_loss":0},{"damage_healed":0,"gold_gain":0,"player_choice":"Gave Idol","damage_taken":0,"relics_obtained":["Bloody Idol"],"max_hp_gain":0,"max_hp_loss":0,"event_name":"Forgotten Altar","floor":20,"relics_lost":["Golden Idol"],"gold_loss":0}],"is_beta":false,"boss_relics":[{"not_picked":["SlaversCollar","Philosopher\u0027s Stone"],"picked":"Empty Cage"}],"items_purged_floors":[],"is_endless":false,"potions_floor_spawned":[3,5,12,16,18,22,23],"killed_by":"Book of Stabbing","ascension_level":3}}