{"host":"0cm5wy4nhuju7tij","time":1607926047,"event":{"mods":["2.2 Compatiblity","AchievementEnabler","BaseMod","Better Third Choice","BetterRewards","CCEM","CatGirl Mod","ChefMod","Colored Powertips","Custom Start","Displayed Cursed Tome","Downfall","Filter the Spire","Fireblade Mod","Hermit","Highlight Path","Minty Spire (QoL Compilation)","Permanent Neow","Spicy Shops","StSLib","The Bladedancer"],"gold_per_floor":[114,134,153,167,186,186,246,246,246,20,47,47,61,86,86,182,182,193,204,223,138,26,26,59,59,84,95,114,114,127,23,23,23,23],"floor_reached":33,"playtime":1446,"items_purged":[],"score":279,"play_id":"d6966af4-6e9e-4800-b8c2-734afd325dff","local_time":"20201214010727","is_ascension_mode":false,"campfire_choices":[{"data":"FireBladeMod:ThirstForBlood","floor":6,"key":"SMITH"},{"data":"FireBladeMod:Arson","floor":8,"key":"SMITH"},{"floor":15,"key":"REST"},{"data":"FireBladeMod:BasicSmash","floor":23,"key":"SMITH"},{"floor":25,"key":"REST"},{"floor":29,"key":"REST"},{"data":"FireBladeMod:AfterBurn","floor":32,"key":"SMITH"}],"circlet_count":0,"master_deck":["FireBladeMod:StrikeFireBlade","FireBladeMod:StrikeFireBlade","FireBladeMod:StrikeFireBlade","FireBladeMod:StrikeFireBlade","FireBladeMod:DefendFireBlade","FireBladeMod:DefendFireBlade","FireBladeMod:DefendFireBlade","FireBladeMod:FlamingSword","FireBladeMod:FireBarrier","FireBladeMod:FerventSlash+1","FireBladeMod:ThirstForBlood+1","FireBladeMod:Arson+1","FireBladeMod:HealthyEndurance+1","FireBladeMod:ComplexDefense","FireBladeMod:ThirstForBlood","FireBladeMod:ComplexDefense","FireBladeMod:Unbalance","FireBladeMod:AfterBurn+1","FireBladeMod:ComplexAttack+1","FireBladeMod:ThirstForBlood","FireBladeMod:BasicSmash+1","FireBladeMod:FerventSlash","FireBladeMod:BasicSmash","FireBladeMod:SpinningSmash","FireBladeMod:SoulStrike","FireBladeMod:Speed","FireBladeMod:Arson"],"relics":["FireBladeMod:DuelistLocket","CCEMRelics:OldTooth","Bronze Scales","Nunchaku","Shuriken","Girya","Busted Crown","FireBladeMod:GymTowel","Bag of Marbles","Akabeko"],"acts_visited":["Exordium","TheCity"],"potions_floor_usage":[16,33,33,33],"damage_taken":[{"damage":1,"enemies":"Cultist","floor":1,"turns":4},{"damage":12,"enemies":"Jaw Worm","floor":2,"turns":4},{"damage":0,"enemies":"2 Louse","floor":3,"turns":3},{"damage":4,"enemies":"2 Fungi Beasts","floor":4,"turns":3},{"damage":0,"enemies":"Exordium Wildlife","floor":5,"turns":3},{"damage":28,"enemies":"Gremlin Nob","floor":11,"turns":4},{"damage":2,"enemies":"Blue Slaver","floor":13,"turns":3},{"damage":22,"enemies":"Lagavulin","floor":14,"turns":6},{"damage":32,"enemies":"Slime Boss","floor":16,"turns":9},{"damage":0,"enemies":"Shell Parasite","floor":18,"turns":3},{"damage":0,"enemies":"Chosen","floor":19,"turns":3},{"damage":16,"enemies":"Centurion and Healer","floor":20,"turns":5},{"damage":40,"enemies":"Slavers","floor":24,"turns":5},{"damage":0,"enemies":"Chosen and Byrds","floor":27,"turns":4},{"damage":21,"enemies":"Snake Plant","floor":28,"turns":2},{"damage":11,"enemies":"Sentry and Sphere","floor":30,"turns":4},{"damage":64,"enemies":"Automaton","floor":33,"turns":8}],"seed_played":"-1511536198041405526","potions_obtained":[{"floor":2,"key":"hexamod:EctoCoolerPotion"},{"floor":5,"key":"LiquidBronze"},{"floor":11,"key":"LiquidMemories"},{"floor":24,"key":"PowerPotion"}],"is_trial":false,"path_per_floor":["M","M","M","M","M","R","?","R","T","$","E","?","M","E","R","B",null,"M","M","M","?","$","R","E","R","T","M","M","R","M","$","R","B"],"character_chosen":"THE_FIREBLADE","items_purchased":["Bronze Scales","Nunchaku","FireBladeMod:BasicSmash","FireBladeMod:Speed","FireBladeMod:Arson"],"campfire_rested":3,"item_purchase_floors":[10,10,22,31,31],"current_hp_per_floor":[69,57,57,53,59,59,59,59,59,59,31,17,23,9,30,6,70,70,70,62,62,62,62,30,51,51,51,38,59,56,56,56,0,0],"gold":23,"neow_bonus":"REMOVE_CARD","is_daily":false,"chose_seed":false,"campfire_upgraded":4,"win_rate":0.0,"timestamp":1607926047,"path_taken":["M","M","M","M","?","R","?","R","T","$","E","?","M","E","R","BOSS","M","M","M","?","$","R","E","R","T","M","M","R","M","$","R","BOSS"],"items_purchased_type":["Relic","Relic","Card","Card","Card"],"build_version":"2020-12-13","purchased_purges":0,"victory":false,"max_hp_per_floor":[70,70,70,70,70,70,70,70,70,70,70,70,70,70,70,70,70,70,70,70,70,70,70,70,70,70,70,70,70,70,70,70,70,70],"card_choices":[{"not_picked":["FireBladeMod:IronEndurance","FireBladeMod:SmashingEndurance"],"picked":"FireBladeMod:FerventSlash","floor":1},{"not_picked":["FireBladeMod:Flames","FireBladeMod:Turtle"],"picked":"FireBladeMod:ThirstForBlood","floor":2},{"not_picked":["FireBladeMod:SteadyEndurance","FireBladeMod:ComplexAttack"],"picked":"FireBladeMod:Arson","floor":3},{"not_picked":["FireBladeMod:ComboSlashes","FireBladeMod:WellPrepared"],"picked":"FireBladeMod:HealthyEndurance","floor":4},{"not_picked":["FireBladeMod:Arson","FireBladeMod:Wildfire"],"picked":"FireBladeMod:ComplexDefense","floor":5},{"not_picked":["FireBladeMod:ComplexDefense","FireBladeMod:WellPrepared"],"picked":"FireBladeMod:ThirstForBlood","floor":11},{"not_picked":["FireBladeMod:FinishingBarrage","FireBladeMod:Flames"],"picked":"FireBladeMod:ComplexDefense","floor":13},{"not_picked":["FireBladeMod:AdrenalineBoost","FireBladeMod:ComboCleave"],"picked":"FireBladeMod:Unbalance","floor":14},{"not_picked":["FireBladeMod:BattleStamina","FireBladeMod:BattleMage"],"picked":"FireBladeMod:AfterBurn","floor":16},{"not_picked":[],"picked":"FireBladeMod:ComplexAttack+1","floor":18},{"not_picked":[],"picked":"FireBladeMod:ThirstForBlood","floor":19},{"not_picked":["FireBladeMod:SpinningSmash"],"picked":"SKIP","floor":20},{"not_picked":[],"picked":"FireBladeMod:FerventSlash","floor":24},{"not_picked":[],"picked":"FireBladeMod:BasicSmash","floor":27},{"not_picked":[],"picked":"FireBladeMod:SpinningSmash","floor":28},{"not_picked":[],"picked":"FireBladeMod:SoulStrike","floor":30}],"player_experience":198076,"relics_obtained":[{"floor":9,"key":"CCEMRelics:OldTooth"},{"floor":11,"key":"Shuriken"},{"floor":14,"key":"Girya"},{"floor":24,"key":"Bag of Marbles"},{"floor":26,"key":"Akabeko"}],"event_choices":[{"damage_healed":0,"gold_gain":60,"player_choice":"Gained Gold","damage_taken":0,"max_hp_gain":0,"max_hp_loss":0,"event_name":"Golden Wing","floor":7,"gold_loss":0},{"damage_healed":31,"gold_gain":0,"player_choice":"Upgrade","damage_taken":14,"max_hp_gain":0,"max_hp_loss":70,"event_name":"betterThird:BetterShining","floor":12,"gold_loss":0,"cards_upgraded":["FireBladeMod:FerventSlash","FireBladeMod:HealthyEndurance"]},{"damage_healed":0,"gold_gain":0,"player_choice":"Obtained Relic","damage_taken":0,"relics_obtained":["FireBladeMod:GymTowel"],"max_hp_gain":0,"max_hp_loss":0,"event_name":"Addict","floor":21,"gold_loss":85}],"is_beta":false,"boss_relics":[{"not_picked":["Tiny House","Calling Bell"],"picked":"Busted Crown"}],"items_purged_floors":[],"is_endless":false,"potions_floor_spawned":[2,5,11,13,14,24,27],"killed_by":"Automaton","ascension_level":0}}