{"host":"a1eatafr7pisesky","time":1607962058,"event":{"mods":["BaseMod","Colored Map","DeckTracker","Highlight Path","Keyboard Shortcuts","Minty Spire (QoL Compilation)","Permanent Neow","Random Character Button","StSLib","SuperFastMode","everything is the same but u backflip on backflip"],"gold_per_floor":[109,184,109,126,76,76,108,108,133,161,171,188,35,46,46,147,147,165,65,83,83,83,109,109,208,208,220,236,236,236,236],"floor_reached":30,"playtime":711,"items_purged":["Strike_R","Strike_R"],"score":335,"play_id":"94bb9613-dad1-4d78-be46-e9423f424376","local_time":"20201215010738","is_ascension_mode":true,"campfire_choices":[{"floor":6.0,"key":"REST"},{"floor":8.0,"key":"REST"},{"floor":15.0,"key":"REST"},{"data":"Battle Trance","floor":24.0,"key":"SMITH"},{"data":"Barricade","floor":29.0,"key":"SMITH"}],"circlet_count":0,"master_deck":["Strike_R","Strike_R","Defend_R","Defend_R","Defend_R","Bash","Intimidate","Thunderclap","Cleave","Sever Soul+1","Disarm","Evolve","Uppercut+1","Power Through","Second Wind","Wild Strike+1","Fiend Fire+1","Shrug It Off","Battle Trance+1","Burning Pact","Barricade+1"],"relics":["Burning Blood","Molten Egg 2","Anchor","Ancient Tea Set","Coffee Dripper","Enchiridion","Paper Frog","InkBottle"],"acts_visited":["Exordium","TheCity"],"potions_floor_usage":[],"damage_taken":[{"damage":13.0,"enemies":"Jaw Worm","floor":1.0,"turns":4.0},{"damage":5.0,"enemies":"2 Louse","floor":4.0,"turns":2.0},{"damage":29.0,"enemies":"3 Sentries","floor":7.0,"turns":6.0},{"damage":70.0,"enemies":"Lagavulin","floor":10.0,"turns":8.0},{"damage":10.0,"enemies":"Small Slimes","floor":11.0,"turns":3.0},{"damage":6.0,"enemies":"Looter","floor":12.0,"turns":3.0},{"damage":6.0,"enemies":"Blue Slaver","floor":14.0,"turns":5.0},{"damage":30.0,"enemies":"The Guardian","floor":16.0,"turns":14.0},{"damage":0.0,"enemies":"Shell Parasite","floor":18.0,"turns":3.0},{"damage":20.0,"enemies":"2 Thieves","floor":20.0,"turns":5.0},{"damage":10.0,"enemies":"Book of Stabbing","floor":23.0,"turns":5.0},{"damage":17.0,"enemies":"3 Cultists","floor":27.0,"turns":4.0},{"damage":0.0,"enemies":"Snecko","floor":28.0,"turns":4.0},{"damage":30,"enemies":"Shelled Parasite and Fungi","floor":30,"turns":3}],"seed_played":"5796144785542708678","potions_obtained":[{"floor":7.0,"key":"ElixirPotion"},{"floor":10.0,"key":"PowerPotion"},{"floor":14.0,"key":"Weak Potion"},{"floor":16.0,"key":"Dexterity Potion"}],"is_trial":false,"path_per_floor":["M","?","$","M","?","R","E","R","T","E","M","M","$","M","R","B",null,"M","$","M","?","$","E","R","?","T","M","M","R","M"],"character_chosen":"IRONCLAD","items_purchased":["Power Through","Second Wind"],"campfire_rested":3,"item_purchase_floors":[13,13],"current_hp_per_floor":[65,54,54,55,55,79,56,80,80,16,12,12,12,12,36,12,63,69,69,55,39,39,35,35,35,35,24,30,30,0,0],"gold":236,"neow_bonus":"TRANSFORM_CARD","is_daily":false,"chose_seed":false,"campfire_upgraded":2,"win_rate":0.0,"timestamp":1607962058,"path_taken":["M","?","$","M","?","R","E","R","T","E","M","M","$","M","R","BOSS","M","$","M","?","$","E","R","?","T","M","M","R","M"],"items_purchased_type":["Card","Card"],"build_version":"2020-12-13","purchased_purges":2,"victory":false,"max_hp_per_floor":[80,80,80,80,80,80,80,80,80,80,80,80,80,80,80,80,80,80,80,80,80,80,80,80,80,80,80,80,80,80,80],"card_choices":[{"not_picked":["Heavy Blade","Metallicize"],"picked":"Thunderclap","floor":1.0},{"not_picked":["Shrug It Off","Infernal Blade"],"picked":"Cleave","floor":4.0},{"not_picked":["Wild Strike+1","Metallicize"],"picked":"Sever Soul+1","floor":7.0},{"not_picked":["Limit Break","Combust"],"picked":"Disarm","floor":10.0},{"not_picked":["Iron Wave+1","Rupture"],"picked":"Evolve","floor":11.0},{"not_picked":["Rupture","Heavy Blade+1"],"picked":"Uppercut+1","floor":12.0},{"not_picked":["Twin Strike+1","Sword Boomerang+1"],"picked":"Wild Strike+1","floor":14.0},{"not_picked":["Corruption","Bludgeon+1"],"picked":"Fiend Fire+1","floor":16.0},{"not_picked":["Thunderclap+1","Flex+1"],"picked":"Shrug It Off","floor":18.0},{"not_picked":["Iron Wave+1","Flex","Rampage+1"],"picked":"SKIP","floor":20.0},{"not_picked":["Iron Wave+1","Pommel Strike+1"],"picked":"Battle Trance","floor":23.0},{"not_picked":["Thunderclap+1","Shrug It Off"],"picked":"Burning Pact","floor":27.0},{"not_picked":["Wild Strike+1","Carnage+1"],"picked":"Barricade","floor":28.0}],"player_experience":205584,"relics_obtained":[{"floor":7.0,"key":"Molten Egg 2"},{"floor":9.0,"key":"Anchor"},{"floor":10.0,"key":"Ancient Tea Set"},{"floor":21.0,"key":"Enchiridion"},{"floor":23.0,"key":"Paper Frog"},{"floor":26.0,"key":"InkBottle"}],"event_choices":[{"damage_healed":0.0,"max_hp_gain":0.0,"max_hp_loss":0.0,"gold_gain":75.0,"event_name":"World of Goop","player_choice":"Gather Gold","floor":2.0,"gold_loss":0.0,"damage_taken":11.0},{"cards_removed":["Defend_R"],"damage_healed":0.0,"max_hp_gain":0.0,"max_hp_loss":0.0,"gold_gain":0.0,"event_name":"The Cleric","player_choice":"Card Removal","floor":5.0,"gold_loss":50.0,"damage_taken":0.0},{"damage_healed":0.0,"max_hp_gain":0.0,"max_hp_loss":0.0,"gold_gain":0.0,"event_name":"Cursed Tome","player_choice":"Obtained Book","floor":21.0,"gold_loss":0.0,"damage_taken":16.0},{"damage_healed":0.0,"max_hp_gain":0.0,"max_hp_loss":0.0,"gold_gain":99.0,"event_name":"Nest","player_choice":"Stole From Cult","floor":25.0,"gold_loss":0.0,"damage_taken":0.0}],"is_beta":false,"boss_relics":[{"not_picked":["Runic Pyramid","Ectoplasm"],"picked":"Coffee Dripper"}],"items_purged_floors":[3,19],"is_endless":false,"potions_floor_spawned":[7,10,14,16,20,23,27],"killed_by":"Shelled Parasite and Fungi","ascension_level":6}}