{"host":"7xrfhfoo16q2v8hj","time":1607931656,"event":{"mods":["BaseMod","Colored Map","DeckTracker","Highlight Path","Minty Spire (QoL Compilation)","StSLib","SuperFastMode"],"gold_per_floor":[109,109,123,85,160,187,207,242,323,340,340,359,359,4,4,104,104,121,139,139,139],"floor_reached":20,"playtime":601,"items_purged":[],"score":230,"play_id":"83a58894-c44b-4d17-ad1a-d78d8f6af544","local_time":"20201214014056","is_ascension_mode":true,"campfire_choices":[{"floor":13,"key":"REST"},{"data":"Loop","floor":15,"key":"SMITH"}],"circlet_count":0,"master_deck":["Strike_B+1","Strike_B+1","Defend_B","Defend_B","Defend_B","Defend_B","Zap","Dualcast","Leap","Redo","Fusion","Glacier","Ball Lightning","Fusion","Loop+1","Streamline","Loop+1","Redo","Skim","Beam Cell","Multi-Cast","Chaos+1","Storm+1"],"relics":["Cracked Core","NeowsBlessing","FossilizedHelix","Regal Pillow","Ornamental Fan","DataDisk","Empty Cage"],"acts_visited":["Exordium","TheCity"],"potions_floor_usage":[8,16,16],"damage_taken":[{"damage":0,"enemies":"Jaw Worm","floor":1,"turns":1},{"damage":0,"enemies":"2 Louse","floor":3,"turns":1},{"damage":0,"enemies":"Lagavulin","floor":6,"turns":1},{"damage":6,"enemies":"Cultist","floor":7,"turns":4},{"damage":10,"enemies":"3 Sentries","floor":8,"turns":8},{"damage":12,"enemies":"Lots of Slimes","floor":10,"turns":5},{"damage":4,"enemies":"2 Fungi Beasts","floor":12,"turns":3},{"damage":47,"enemies":"Hexaghost","floor":16,"turns":10},{"damage":47,"enemies":"3 Byrds","floor":18,"turns":6},{"damage":24,"enemies":"Shell Parasite","floor":19,"turns":4},{"damage":9,"enemies":"Centurion and Healer","floor":20,"turns":1}],"seed_played":"-8133321125419870857","potions_obtained":[{"floor":3,"key":"SneckoOil"},{"floor":7,"key":"Block Potion"},{"floor":8,"key":"LiquidMemories"},{"floor":12,"key":"Ancient Potion"},{"floor":19,"key":"Energy Potion"}],"is_trial":false,"path_per_floor":["M","?","M","$","?","E","M","E","T","M","?","M","R","$","R","B",null,"M","M","M"],"character_chosen":"DEFECT","items_purchased":["Fusion","DataDisk","Loop","Redo","Skim","Beam Cell"],"campfire_rested":1,"item_purchase_floors":[4,14,14,14,14,14],"current_hp_per_floor":[75,60,60,60,49,49,43,33,33,21,21,17,54,54,54,7,75,28,4,0,0],"gold":139,"neow_bonus":"THREE_ENEMY_KILL","is_daily":false,"chose_seed":false,"campfire_upgraded":1,"win_rate":0.0,"timestamp":1607931656,"path_taken":["M","?","M","$","?","E","M","E","T","M","?","M","R","?","R","BOSS","M","M","M"],"items_purchased_type":["Card","Relic","Card","Card","Card","Card"],"build_version":"2020-12-13","purchased_purges":0,"victory":false,"max_hp_per_floor":[75,75,75,75,75,75,75,75,75,75,75,75,75,75,75,75,75,75,75,75,75],"card_choices":[{"not_picked":["Gash","Compile Driver"],"picked":"Leap","floor":1},{"not_picked":["Skim","Force Field"],"picked":"Redo","floor":3},{"not_picked":["Go for the Eyes","Rebound"],"picked":"Glacier","floor":6},{"not_picked":["Coolheaded","Compile Driver"],"picked":"Ball Lightning","floor":7},{"not_picked":["Rebound","Turbo"],"picked":"Fusion","floor":8},{"not_picked":["Reinforced Body","Reprogram"],"picked":"Loop","floor":10},{"not_picked":["Auto Shields","Scrape"],"picked":"Streamline","floor":12},{"not_picked":["Creative AI","Core Surge"],"picked":"Multi-Cast","floor":16},{"not_picked":["Storm","Steam Power"],"picked":"Chaos+1","floor":18},{"not_picked":["Compile Driver","Barrage"],"picked":"Storm+1","floor":19}],"player_experience":537192,"relics_obtained":[{"floor":6,"key":"FossilizedHelix"},{"floor":8,"key":"Regal Pillow"},{"floor":9,"key":"Ornamental Fan"}],"event_choices":[{"damage_healed":0,"gold_gain":0,"player_choice":"Entered Light","damage_taken":15,"max_hp_gain":0,"max_hp_loss":0,"event_name":"Shining Light","floor":2,"gold_loss":0,"cards_upgraded":["Strike_B","Strike_B"]},{"damage_healed":0,"gold_gain":75,"player_choice":"Gather Gold","damage_taken":11,"max_hp_gain":0,"max_hp_loss":0,"event_name":"World of Goop","floor":5,"gold_loss":0},{"damage_healed":0,"gold_gain":0,"player_choice":"Grow","damage_taken":0,"max_hp_gain":0,"max_hp_loss":0,"event_name":"Living Wall","floor":11,"gold_loss":0,"cards_upgraded":["Loop"]}],"is_beta":false,"boss_relics":[{"not_picked":["Velvet Choker","Ectoplasm"],"picked":"Empty Cage"}],"items_purged_floors":[],"is_endless":false,"potions_floor_spawned":[3,7,8,12,19],"killed_by":"Centurion and Healer","ascension_level":2}}