{"host":"a484oiac96svwyi6","time":1607906788,"event":{"mods":["2.2 Compatiblity","AchievementEnabler","Act Like it!","Astrologer","BaseMod","Better Altar","Better Match","Better Sensory Stone","Better Skull","Better Third Choice","Better-Laid Plans","BetterRewards","Block Reminder","Clawfect","Colored Map","Colored Powertips","Conjunction","Conspire","Custom Start","Dio Mod","Displayed Cursed Tome","Duelist Mod","GifTheSpireLib","Gold Saver","Googly Eyes","Hallownest","Hubris","Infinite Spire","Ironclad Rager","Jorbs\u0027s Wanderer Trilogy","Melee Mod","Menagerie","Minty Spire (QoL Compilation)","Quick Restart","RNG Fix","Random Character Button","Relic Filter","Relic Sorter","Relic Stats","Replay The Spire","Retaliation","Shop Mod","Small Relic Pack","Spikes Relics","Spire Birthday Party","StSLib","Stuff the Spire","SuperFastMode","The Fake Hero","The Necromancer","The Poker Player","TheHero","Transform Curses","Uncapped","Virulent Crown","[JumpMod]????","everything is the same but u backflip on backflip","vexMod"],"gold_per_floor":[808,820,833,833,852,852,852],"floor_reached":6,"playtime":1010,"items_purged":[],"score":61,"play_id":"b4969e9c-af84-47bd-bd87-1ee00390273c","local_time":"20201213194628","is_ascension_mode":true,"campfire_choices":[],"circlet_count":0,"master_deck":["AscendersBane","dioMod:Strike","dioMod:Strike","dioMod:Strike","dioMod:Strike","Bite","dioMod:Defend","dioMod:Defend","dioMod:Defend","dioMod:Defend","dioMod:DoubleTime","dioMod:Muda","dioMod:MudaMudaMuda","dioMod:DarkRebirth","dioMod:BlendIn","dioMod:SecretPlan"],"relics":["theDuelist:BoosterPackPoolRelic","HowToJump","Orrery","infinitespire:Cubic Diamond"],"acts_visited":["Exordium"],"potions_floor_usage":[6],"damage_taken":[{"damage":7,"enemies":"2 Louse","floor":1,"turns":4},{"damage":8,"enemies":"Small Slimes","floor":2,"turns":5},{"damage":12,"enemies":"Jaw Worm","floor":3,"turns":4},{"damage":2,"enemies":"3 Louse","floor":5,"turns":4},{"damage":104,"enemies":"Gremlin Nob","floor":6,"turns":6}],"seed_played":"3295448300818380391","potions_obtained":[{"floor":3,"key":"SteroidPotion"},{"floor":5,"key":"AttackPotion"}],"is_trial":false,"path_per_floor":["M","M","M","?","M","E"],"character_chosen":"THE_DEFAULT","items_purchased":["Orrery"],"campfire_rested":0,"item_purchase_floors":[0],"current_hp_per_floor":[71,73,68,68,70,0,0],"gold":852,"neow_bonus":"","is_daily":false,"chose_seed":false,"campfire_upgraded":0,"win_rate":0.0,"timestamp":1607906788,"path_taken":["M","M","M","?","M","E"],"items_purchased_type":["Relic"],"build_version":"2020-12-13","purchased_purges":0,"victory":false,"max_hp_per_floor":[75,75,75,75,75,75,75],"relic_stats":{"counters":[281,950],"obtain_stats":[{"StuffTheSpire:Rhapsscallions":38,"infinitespire:Cubic Diamond":4,"Hallownest:HeavyBlowRelic":36,"Sling":5,"Replay:Wanted Poster":17,"Blood Vial":19,"vexMod:InvisibilityCloak":24,"hubris:AstralHammer":0,"relicPack:AllForOne":37,"Replay:Bottled Steam":7,"MerchantsRug":0,"Pen Nib":45,"Akabeko":0,"dioMod:VampireBlood":0,"conspire:BottledYoYo":46,"vexMod:ImprovementManual":28,"vexMod:PlasmaPancake":0,"Regal Pillow":14,"StuffTheSpire:GrapeVine":0,"hubris:EmptyBottle":0,"Smiling Mask":11,"Pet Ghost":2,"StuffTheSpire:Gunfinga":43,"Toolbox":0,"Chemical X":36,"Replay:Bottled Eggs":44,"Potion Belt":17,"Golden Idol":5,"conspire:RunicOctahedron":34,"infinitespire:Lucky Rock":40,"hubris:Towel":29,"Replay:Arrowhead":25,"StuffTheSpire:Mouthbags":43,"Ornamental Fan":13,"betterThird:SlimedRelic":3,"dioMod:JoestarBlood":17,"SpikesRelics:DaevaFist":0,"Durian":9,"Garlic":43,"Art of War":5,"hubris:BottledRain":50,"infinitespire:Midas Blood":6,"Ice Cream":0,"Gremlin Horn":46,"relicPack:StarArrow":17,"hubris:VirtuousBlindfold":36,"theDuelist:OrbCardRelic":36,"Philosopher\u0027s Stone":25,"Iron Hammer":0,"LugNut":5,"replay:Trail_Library":36,"Girya":20,"hubris:Teleporter":47,"Replay:Grab Bag":17,"StuffTheSpire:ForceGauntlet":11,"Charon\u0027s Ashes":36,"vexMod:PaidLearning":21,"WarpedTongs":19,"Du-Vu Doll":0,"relicPack:KazumaCape":34,"hubris:PeanutButter":31,"infinitespire:EmpoweringShard":23,"StuffTheSpire:PointBlank":21,"ReplayTheSpireMod:DimensionalGlitch":38,"StuffTheSpire:OldFever":7,"Pocketwatch":40,"Juzu Bracelet":26,"Replay:Mystery Machine":6,"Empty Cage":17,"vexMod:Spyglass":0,"conspire:TopHat":47,"Nunchaku":44,"theDuelist:BoosterPackPoolRelic":36,"hubris:Icosahedron":19,"MiniBlackHole":26,"Red Mask":19,"vexMod:Dragonfruit":43,"Calling Bell":17,"Strange Spoon":28,"Pondfish Scales":26,"vexMod:BarristanHead":9,"StuffTheSpire:CocoNut":44,"hubris:BundleOfHerbs":36,"Bag of Marbles":45,"Membership Card":36,"FossilizedHelix":42,"infinitespire:BottledMercury":28,"Golden Egg":14,"StuffTheSpire:Barrel":11,"vexMod:MemoryStick":26,"Whetstone":8,"Ginger":9,"Boot":0,"Old Coin":23,"Sundial":3,"infinitespire:Golems Mask":24,"MealTicket":20,"hubris:DeckOfHolding":44,"Kunai":10,"Replay:Wax Seal":30,"conspire:TreasureMap":0,"GiantMaggot":0,"Counterbalance":7,"relicPack:EdsArm":5,"SlaversCollar":34,"Ooze Armor":36,"Pandora\u0027s Box":34,"hubris:TenFootPole":38,"infinitespire:PuzzleCube":42,"vexMod:BigBerry":34,"Lantern":0,"Rawhide":11,"StuffTheSpire:EmeraldSignet":43,"Replay:Multitool":40,"Bag of Preparation":27,"StuffTheSpire:DiscardArchetype":36,"HeavenlyBonsai":32,"Replay:Rubber Ducky":9,"StuffTheSpire:RunicConfusion":17,"Shovel":30,"Matryoshka":0,"hubris:FunFungus":9,"Replay:Lucky Slots":28,"StuffTheSpire:TintedRock":0,"StuffTheSpire:Expresso":11,"StuffTheSpire:Saxophone":0,"Omamori":31,"infinitespire:CheckeredPen":0,"MawBank":13,"Busted Crown":17,"Bloody Idol":19,"Orrery":0,"Turnip":0,"theDuelist:MillenniumKey":36,"Bottled Lightning":28,"ReplayTheSpireMod:Lightbulb":8,"Toy Ornithopter":25,"Mark of the Bloom":36,"CeramicFish":40,"Vajra":13,"conspire:SeveredTorchhead":36,"DollysMirror":10,"Strawberry":26,"Toxic Egg 2":9,"conspire:Dentures":27,"Happy Flower":6,"vexMod:ScavengeHelm":10,"Oddly Smooth Stone":0,"infinitespire:Beetle Shell":0,"conspire:SlowCooker":0,"Letter Opener":26,"BlackRope":0,"War Paint":4,"Question Card":24,"Bottled Flame":45,"Replay:Baseball":50,"ReplayTheSpireMod:Shallot":37,"Shuriken":8,"Brimstone":36,"StuffTheSpire:DarkSteelAnvil":41,"Simple Rune":42,"Molten Egg 2":0,"ReplayTheSpireMod:TigerMarble":28,"Meat on the Bone":27,"ReplayFunnel":0,"Darkstone Periapt":40,"SnailShell":38,"SacredBark":17,"RetroEgg":30,"conspire:SpecialSausage":17,"BrokenLever":0,"hubris:SlimyHat":0,"Conjunction:StoneHearth":36,"ReplayTheSpireMod:EnergyBall":36,"Frozen Eye":14,"StuffTheSpire:Experiment12":36,"Replay:Bandana":0,"Mummified Hand":0,"StuffTheSpire:HeavyRock":6,"Tiny Chest":20,"infinitespire:Chaos":36,"Cracked Core":36,"Gremlin Food":10,"BargainBundle":0,"HowToJump":0,"Replay:Towering Pillar of Hats":48,"Quantum Egg":9,"SuspiciousGoo":0,"infinitespire:EmptyRelic":36,"Peace Pipe":36,"CaptainsWheel":9,"ChewingGum":34,"Snack Pack":8,"StuffTheSpire:Kangaroo":34},{"StuffTheSpire:Rhapsscallions":108,"infinitespire:Cubic Diamond":279,"Hallownest:HeavyBlowRelic":273,"Sling":96,"Replay:Wanted Poster":8,"Blood Vial":47,"vexMod:InvisibilityCloak":11,"hubris:AstralHammer":139,"relicPack:AllForOne":154,"Replay:Bottled Steam":43,"MerchantsRug":66,"Pen Nib":62,"Akabeko":39,"dioMod:VampireBlood":0,"conspire:BottledYoYo":161,"vexMod:ImprovementManual":13,"vexMod:PlasmaPancake":254,"Regal Pillow":146,"StuffTheSpire:GrapeVine":115,"hubris:EmptyBottle":228,"Smiling Mask":5,"Pet Ghost":116,"StuffTheSpire:Gunfinga":135,"Toolbox":25,"Chemical X":273,"Replay:Bottled Eggs":251,"Potion Belt":122,"Golden Idol":117,"conspire:RunicOctahedron":107,"infinitespire:Lucky Rock":249,"hubris:Towel":151,"Replay:Arrowhead":207,"StuffTheSpire:Mouthbags":20,"Ornamental Fan":74,"betterThird:SlimedRelic":1,"dioMod:JoestarBlood":147,"SpikesRelics:DaevaFist":94,"Durian":171,"Garlic":250,"Art of War":257,"hubris:BottledRain":227,"infinitespire:Midas Blood":232,"Ice Cream":115,"Gremlin Horn":63,"relicPack:StarArrow":175,"hubris:VirtuousBlindfold":273,"theDuelist:OrbCardRelic":273,"Philosopher\u0027s Stone":151,"Iron Hammer":228,"LugNut":141,"replay:Trail_Library":273,"Girya":9,"hubris:Teleporter":253,"Replay:Grab Bag":8,"StuffTheSpire:ForceGauntlet":200,"Charon\u0027s Ashes":273,"vexMod:PaidLearning":205,"WarpedTongs":148,"Du-Vu Doll":254,"relicPack:KazumaCape":16,"hubris:PeanutButter":271,"infinitespire:EmpoweringShard":50,"StuffTheSpire:PointBlank":205,"ReplayTheSpireMod:DimensionalGlitch":18,"StuffTheSpire:OldFever":142,"Pocketwatch":110,"Juzu Bracelet":104,"Replay:Mystery Machine":118,"Empty Cage":8,"vexMod:Spyglass":66,"conspire:TopHat":219,"Nunchaku":21,"theDuelist:BoosterPackPoolRelic":273,"hubris:Icosahedron":9,"MiniBlackHole":35,"Red Mask":205,"vexMod:Dragonfruit":91,"Calling Bell":122,"Strange Spoon":208,"Pondfish Scales":51,"vexMod:BarristanHead":119,"StuffTheSpire:CocoNut":62,"hubris:BundleOfHerbs":273,"Bag of Marbles":190,"Membership Card":273,"FossilizedHelix":60,"infinitespire:BottledMercury":83,"Golden Egg":202,"StuffTheSpire:Barrel":72,"vexMod:MemoryStick":127,"Whetstone":4,"Ginger":28,"Boot":25,"Old Coin":81,"Sundial":141,"infinitespire:Golems Mask":104,"MealTicket":176,"hubris:DeckOfHolding":223,"Kunai":99,"Replay:Wax Seal":245,"conspire:TreasureMap":254,"GiantMaggot":254,"Counterbalance":97,"relicPack:EdsArm":26,"SlaversCollar":55,"Ooze Armor":273,"Pandora\u0027s Box":153,"hubris:TenFootPole":274,"infinitespire:PuzzleCube":188,"vexMod:BigBerry":131,"Lantern":66,"Rawhide":28,"StuffTheSpire:EmeraldSignet":217,"Replay:Multitool":19,"Bag of Preparation":105,"StuffTheSpire:DiscardArchetype":273,"HeavenlyBonsai":152,"Replay:Rubber Ducky":4,"StuffTheSpire:RunicConfusion":8,"Shovel":53,"Matryoshka":139,"hubris:FunFungus":43,"Replay:Lucky Slots":105,"StuffTheSpire:TintedRock":228,"StuffTheSpire:Expresso":28,"StuffTheSpire:Saxophone":163,"Omamori":106,"infinitespire:CheckeredPen":115,"MawBank":45,"Busted Crown":76,"Bloody Idol":47,"Orrery":276,"Turnip":25,"theDuelist:MillenniumKey":273,"Bottled Lightning":208,"ReplayTheSpireMod:Lightbulb":43,"Toy Ornithopter":268,"Mark of the Bloom":273,"CeramicFish":157,"Vajra":145,"conspire:SeveredTorchhead":273,"DollysMirror":43,"Strawberry":82,"Toxic Egg 2":259,"conspire:Dentures":36,"Happy Flower":97,"vexMod:ScavengeHelm":120,"Oddly Smooth Stone":25,"infinitespire:Beetle Shell":139,"conspire:SlowCooker":168,"Letter Opener":12,"BlackRope":66,"War Paint":41,"Question Card":35,"Bottled Flame":21,"Replay:Baseball":65,"ReplayTheSpireMod:Shallot":213,"Shuriken":71,"Brimstone":273,"StuffTheSpire:DarkSteelAnvil":91,"Simple Rune":91,"Molten Egg 2":94,"ReplayTheSpireMod:TigerMarble":13,"Meat on the Bone":208,"ReplayFunnel":94,"Darkstone Periapt":216,"SnailShell":18,"SacredBark":8,"RetroEgg":14,"conspire:SpecialSausage":31,"BrokenLever":94,"hubris:SlimyHat":66,"Conjunction:StoneHearth":273,"ReplayTheSpireMod:EnergyBall":88,"Frozen Eye":45,"StuffTheSpire:Experiment12":273,"Replay:Bandana":25,"Mummified Hand":192,"StuffTheSpire:HeavyRock":3,"Tiny Chest":239,"infinitespire:Chaos":273,"Cracked Core":273,"Gremlin Food":43,"BargainBundle":139,"HowToJump":0,"Replay:Towering Pillar of Hats":226,"Quantum Egg":142,"SuspiciousGoo":163,"infinitespire:EmptyRelic":273,"Peace Pipe":273,"CaptainsWheel":71,"ChewingGum":272,"Snack Pack":98,"StuffTheSpire:Kangaroo":211},{"StuffTheSpire:Rhapsscallions":395,"infinitespire:Cubic Diamond":940,"Hallownest:HeavyBlowRelic":917,"Sling":356,"Replay:Wanted Poster":32,"Blood Vial":191,"vexMod:InvisibilityCloak":40,"hubris:AstralHammer":507,"relicPack:AllForOne":561,"Replay:Bottled Steam":169,"MerchantsRug":269,"Pen Nib":254,"Akabeko":154,"dioMod:VampireBlood":0,"conspire:BottledYoYo":586,"vexMod:ImprovementManual":43,"vexMod:PlasmaPancake":872,"Regal Pillow":532,"StuffTheSpire:GrapeVine":415,"hubris:EmptyBottle":812,"Smiling Mask":24,"Pet Ghost":418,"StuffTheSpire:Gunfinga":490,"Toolbox":81,"Chemical X":917,"Replay:Bottled Eggs":868,"Potion Belt":440,"Golden Idol":421,"conspire:RunicOctahedron":392,"infinitespire:Lucky Rock":866,"hubris:Towel":550,"Replay:Arrowhead":764,"StuffTheSpire:Mouthbags":61,"Ornamental Fan":291,"betterThird:SlimedRelic":3,"dioMod:JoestarBlood":538,"SpikesRelics:DaevaFist":351,"Durian":629,"Garlic":867,"Art of War":878,"hubris:BottledRain":805,"infinitespire:Midas Blood":830,"Ice Cream":415,"Gremlin Horn":257,"relicPack:StarArrow":650,"hubris:VirtuousBlindfold":917,"theDuelist:OrbCardRelic":917,"Philosopher\u0027s Stone":550,"Iron Hammer":812,"LugNut":515,"replay:Trail_Library":917,"Girya":35,"hubris:Teleporter":870,"Replay:Grab Bag":32,"StuffTheSpire:ForceGauntlet":749,"Charon\u0027s Ashes":917,"vexMod:PaidLearning":762,"WarpedTongs":541,"Du-Vu Doll":872,"relicPack:KazumaCape":51,"hubris:PeanutButter":914,"infinitespire:EmpoweringShard":204,"StuffTheSpire:PointBlank":762,"ReplayTheSpireMod:DimensionalGlitch":53,"StuffTheSpire:OldFever":521,"Pocketwatch":400,"Juzu Bracelet":379,"Replay:Mystery Machine":424,"Empty Cage":32,"vexMod:Spyglass":269,"conspire:TopHat":781,"Nunchaku":66,"theDuelist:BoosterPackPoolRelic":917,"hubris:Icosahedron":35,"MiniBlackHole":137,"Red Mask":762,"vexMod:Dragonfruit":341,"Calling Bell":440,"Strange Spoon":765,"Pondfish Scales":207,"vexMod:BarristanHead":426,"StuffTheSpire:CocoNut":254,"hubris:BundleOfHerbs":917,"Bag of Marbles":718,"Membership Card":917,"FossilizedHelix":249,"infinitespire:BottledMercury":314,"Golden Egg":753,"StuffTheSpire:Barrel":284,"vexMod:MemoryStick":464,"Whetstone":21,"Ginger":96,"Boot":81,"Old Coin":309,"Sundial":515,"infinitespire:Golems Mask":379,"MealTicket":654,"hubris:DeckOfHolding":794,"Kunai":364,"Replay:Wax Seal":862,"conspire:TreasureMap":872,"GiantMaggot":872,"Counterbalance":359,"relicPack:EdsArm":84,"SlaversCollar":227,"Ooze Armor":917,"Pandora\u0027s Box":559,"hubris:TenFootPole":919,"infinitespire:PuzzleCube":708,"vexMod:BigBerry":478,"Lantern":269,"Rawhide":96,"StuffTheSpire:EmeraldSignet":779,"Replay:Multitool":57,"Bag of Preparation":383,"StuffTheSpire:DiscardArchetype":917,"HeavenlyBonsai":552,"Replay:Rubber Ducky":21,"StuffTheSpire:RunicConfusion":32,"Shovel":214,"Matryoshka":507,"hubris:FunFungus":169,"Replay:Lucky Slots":383,"StuffTheSpire:TintedRock":812,"StuffTheSpire:Expresso":96,"StuffTheSpire:Saxophone":591,"Omamori":385,"infinitespire:CheckeredPen":415,"MawBank":176,"Busted Crown":296,"Bloody Idol":191,"Orrery":927,"Turnip":81,"theDuelist:MillenniumKey":917,"Bottled Lightning":765,"ReplayTheSpireMod:Lightbulb":169,"Toy Ornithopter":907,"Mark of the Bloom":917,"CeramicFish":569,"Vajra":529,"conspire:SeveredTorchhead":917,"DollysMirror":169,"Strawberry":312,"Toxic Egg 2":883,"conspire:Dentures":140,"Happy Flower":359,"vexMod:ScavengeHelm":430,"Oddly Smooth Stone":81,"infinitespire:Beetle Shell":507,"conspire:SlowCooker":609,"Letter Opener":42,"BlackRope":269,"War Paint":160,"Question Card":137,"Bottled Flame":66,"Replay:Baseball":263,"ReplayTheSpireMod:Shallot":773,"Shuriken":281,"Brimstone":917,"StuffTheSpire:DarkSteelAnvil":341,"Simple Rune":341,"Molten Egg 2":351,"ReplayTheSpireMod:TigerMarble":43,"Meat on the Bone":765,"ReplayFunnel":351,"Darkstone Periapt":776,"SnailShell":53,"SacredBark":32,"RetroEgg":45,"conspire:SpecialSausage":114,"BrokenLever":351,"hubris:SlimyHat":269,"Conjunction:StoneHearth":917,"ReplayTheSpireMod:EnergyBall":331,"Frozen Eye":176,"StuffTheSpire:Experiment12":917,"Replay:Bandana":81,"Mummified Hand":727,"StuffTheSpire:HeavyRock":14,"Tiny Chest":856,"infinitespire:Chaos":917,"Cracked Core":917,"Gremlin Food":169,"BargainBundle":507,"HowToJump":0,"Replay:Towering Pillar of Hats":801,"Quantum Egg":521,"SuspiciousGoo":591,"infinitespire:EmptyRelic":917,"Peace Pipe":917,"CaptainsWheel":281,"ChewingGum":916,"Snack Pack":362,"StuffTheSpire:Kangaroo":771}]},"card_choices":[{"not_picked":["dioMod:VengefulMuda","dioMod:DominatingPresence"],"picked":"dioMod:DoubleTime","floor":0},{"not_picked":["dioMod:Freeze","dioMod:HeavyLifting"],"picked":"dioMod:Muda","floor":0},{"not_picked":["dioMod:Refresh","dioMod:VengefulMuda"],"picked":"dioMod:MudaMudaMuda","floor":0},{"not_picked":["dioMod:BloodSplash","dioMod:Freeze"],"picked":"dioMod:DarkRebirth","floor":0},{"not_picked":["dioMod:TripleThreat","dioMod:VengefulMuda"],"picked":"dioMod:BlendIn","floor":0},{"not_picked":["dioMod:FlyAway","dioMod:VengefulMuda","dioMod:BloodSuck"],"picked":"SKIP","floor":1},{"not_picked":["dioMod:GoodbyeJojo","dioMod:LaserVision"],"picked":"dioMod:SecretPlan","floor":2},{"not_picked":["dioMod:TripleThreat","dioMod:CutDeep","dioMod:WRYYY"],"picked":"SKIP","floor":3},{"not_picked":["dioMod:ComboFever","dioMod:Hiss","dioMod:DisarmingVoice"],"picked":"SKIP","floor":5}],"player_experience":326458,"relics_obtained":[],"event_choices":[],"is_beta":false,"boss_relics":[],"items_purged_floors":[],"is_endless":false,"potions_floor_spawned":[3,5],"killed_by":"Gremlin Nob","ascension_level":12}}