{"host":"3pyrf848gr42tovh","time":1607939377,"event":{"mods":["Aspiration","BaseMod","Better Altar","Better Match","Better Note","Better Sensory Stone","Better Skull","Better Third Choice","BetterRewards","Colored Map","Conspire","Curses Come First","Displayed Cursed Tome","Hubris","Infinite Spire","Marisa????????","Minty Spire (QoL Compilation)","Quick Restart","Relic Sorter","Relic Stats","Remilia??????","Replay The Spire","StSLib","Td1madao Mod","The Administrix","The Animator","The Cursed","The Hierophant","The Jungle","The Necromancer","The Servant 0.9.4","vexMod"],"gold_per_floor":[118,25,45,57,73,101,30,30,30,47,67,77,93,111,111,206,206,218,143,160,160,160,190,201,201,201,201,201],"floor_reached":27,"playtime":805,"items_purged":[],"score":239,"play_id":"85aaa132-7b24-4863-9b4e-36bdb1d327ca","local_time":"20201214114937","is_ascension_mode":false,"campfire_choices":[{"floor":8.0,"key":"REST"},{"floor":15.0,"key":"REST"},{"floor":25.0,"key":"REST"}],"circlet_count":0,"master_deck":["Strike_B","Strike_B","Strike_B","Defend_B","Defend_B","Defend_B","Defend_B","Zap","Dualcast","Streamline","Tempest","Static Discharge","aspiration:Polymerization","Thunder Strike","FTL","Ball Lightning","ReplayTheSpireMod:Calculation Training"],"relics":["ChewingGum","hubris:64BitClover","Counterbalance","vexMod:ScavengeHelm","HornCleat","hubris:CrackedHourglass","Replay:Mystery Machine"],"acts_visited":["Exordium","TheCity"],"potions_floor_usage":[27],"damage_taken":[{"damage":0.0,"enemies":"conspire:RoseBush","floor":1.0,"turns":3.0},{"damage":3.0,"enemies":"infinitespire:Voidling","floor":3.0,"turns":4.0},{"damage":6.0,"enemies":"2 Louse","floor":4.0,"turns":3.0},{"damage":12.0,"enemies":"Blue Slaver","floor":5.0,"turns":4.0},{"damage":33.0,"enemies":"3 Sentries","floor":6.0,"turns":8.0},{"damage":15.0,"enemies":"Lots of Slimes","floor":10.0,"turns":4.0},{"damage":16.0,"enemies":"Large Slime","floor":11.0,"turns":3.0},{"damage":5.0,"enemies":"Looter","floor":12.0,"turns":3.0},{"damage":0.0,"enemies":"3 Louse","floor":13.0,"turns":2.0},{"damage":0.0,"enemies":"conspire:2 RoseBushes","floor":14.0,"turns":4.0},{"damage":28.0,"enemies":"The Guardian","floor":16.0,"turns":7.0},{"damage":23.0,"enemies":"2 Thieves","floor":18.0,"turns":3.0},{"damage":1.0,"enemies":"Spheric Guardian","floor":20.0,"turns":3.0},{"damage":19.0,"enemies":"conspire:Head Lice","floor":23.0,"turns":6.0},{"damage":25.0,"enemies":"Shelled Parasite and Fungi","floor":24.0,"turns":4.0},{"damage":34,"enemies":"Slavers","floor":27,"turns":4}],"seed_played":"224266547841539029","potions_obtained":[{"floor":4.0,"key":"DuplicationPotion"},{"floor":11.0,"key":"FearPotion"},{"floor":12.0,"key":"Reflective Coating"},{"floor":13.0,"key":"FearPotion"},{"floor":20.0,"key":"Strength Potion"},{"floor":24.0,"key":"SpeedPotion"}],"is_trial":false,"path_per_floor":["M","?","M","M","M","E","$","R","T","M","M","M","M","M","R","B",null,"M","?","M","?","?","E","M","R","T","E"],"character_chosen":"DEFECT","items_purchased":["Static Discharge"],"campfire_rested":3,"item_purchase_floors":[7],"current_hp_per_floor":[75,75,72,66,54,21,21,43,43,28,12,7,7,7,29,1,75,52,52,51,51,51,32,7,29,29,0,0],"gold":201,"neow_bonus":"BOSS_RELIC","is_daily":false,"chose_seed":false,"campfire_upgraded":0,"win_rate":0.0,"timestamp":1607939377,"path_taken":["M","?","M","M","M","E","$","R","T","M","M","M","?","M","R","BOSS","M","?","?","?","?","E","?","R","T","E"],"items_purchased_type":["Card"],"build_version":"2020-12-13","purchased_purges":0,"victory":false,"max_hp_per_floor":[75,75,75,75,75,75,75,75,75,75,75,75,75,75,75,75,75,75,75,75,75,75,75,75,75,75,75,75],"relic_stats":{"counters":[143,599],"obtain_stats":[{"Replay:Accelerometer":11,"hubris:BallOfYels":7,"ScarletDevilRocket":2,"Vampiric Spirits":0,"Whetstone":53,"Replay:Wanted Poster":17,"Blood Vial":29,"Replay:Ringing Soul":8,"infinitespire:ShieldingShard":9,"aspiration:EnhancedActuators":3,"hubris:AstralHammer":9,"MealTicket":42,"infinitespire:Golems Mask":43,"hubris:DeckOfHolding":30,"Kunai":24,"Replay:Wax Seal":46,"Pear":43,"Counterbalance":6,"Pen Nib":12,"vexMod:ImprovementManual":29,"infinitespire:PuzzleCube":40,"vexMod:BigBerry":17,"aspiration:Lifesprig":3,"Regal Pillow":23,"Magic Flower":37,"Painkiller Herb":17,"Blue Doll":38,"Bag of Preparation":9,"hubris:EmptyBottle":31,"Pet Ghost":26,"Burning Blood":0,"Replay:Rubber Ducky":21,"vexMod:RedPlottingStone":42,"hubris:ScarierMask":34,"hubris:FunFungus":0,"InkBottle":26,"Ring of the Snake":0,"aspiration:ChemicalBlood":48,"NeowsBlessing":0,"Golden Idol":2,"hubris:64BitClover":2,"vexMod:BerryBomb":14,"conspire:RunicOctahedron":34,"Omamori":0,"infinitespire:Lucky Rock":3,"infinitespire:CheckeredPen":19,"Ring of Greed":38,"hubris:Towel":13,"MawBank":3,"Busted Crown":0,"betterThird:SlimedRelic":11,"Garlic":6,"hubris:CrackedHourglass":17,"ReplayTheSpireMod:Lightbulb":12,"hubris:CrystalStatue":38,"Gremlin Horn":28,"Vajra":7,"theJungle:Creamberry":25,"aspiration:Stabinomicon":19,"Centennial Puzzle":29,"HornCleat":13,"DollysMirror":0,"Strawberry":6,"conspire:Dentures":23,"Happy Flower":54,"vexMod:ScavengeHelm":9,"vexMod:PaidLearning":0,"War Paint":43,"hubris:Zylophone":21,"Du-Vu Doll":0,"Replay:Baseball":6,"Onion Ring":15,"hubris:ToyBattleship":48,"CatCart":47,"Grinning Jar":0,"ReplayFunnel":27,"ReplayTheSpireMod:Ring of Exchange":38,"Mango":0,"Juzu Bracelet":0,"hubris:SlimyHat":12,"hubris:RunicObelisk":34,"Replay:Mystery Machine":23,"Empty Cage":17,"aspiration:StickyExplosives_weak":38,"Pantograph":26,"Red Mask":48,"Cracked Core":0,"BargainBundle":0,"Replay:WaspNest":54,"vexMod:FocusSash":46,"Medical Kit":38,"Mercury Hourglass":39,"vexMod:Dragonfruit":13,"infinitespire:Satchel":12,"ChewingGum":0,"Coffee Dripper":34,"Membership Card":19,"hubris:OldNail":14},{"Replay:Accelerometer":38,"hubris:BallOfYels":114,"ScarletDevilRocket":88,"Vampiric Spirits":59,"Whetstone":57,"Replay:Wanted Poster":69,"Blood Vial":74,"Replay:Ringing Soul":36,"infinitespire:ShieldingShard":5,"aspiration:EnhancedActuators":107,"hubris:AstralHammer":24,"MealTicket":80,"infinitespire:Golems Mask":80,"hubris:DeckOfHolding":123,"Kunai":44,"Replay:Wax Seal":54,"Pear":53,"Counterbalance":132,"Pen Nib":67,"vexMod:ImprovementManual":74,"infinitespire:PuzzleCube":78,"vexMod:BigBerry":41,"aspiration:Lifesprig":107,"Regal Pillow":121,"Magic Flower":101,"Painkiller Herb":8,"Blue Doll":101,"Bag of Preparation":36,"hubris:EmptyBottle":123,"Pet Ghost":72,"Burning Blood":0,"Replay:Rubber Ducky":43,"vexMod:RedPlottingStone":102,"hubris:ScarierMask":99,"hubris:FunFungus":106,"InkBottle":96,"Ring of the Snake":0,"aspiration:ChemicalBlood":105,"NeowsBlessing":32,"Golden Idol":20,"hubris:64BitClover":128,"vexMod:BerryBomb":7,"conspire:RunicOctahedron":75,"Omamori":87,"infinitespire:Lucky Rock":2,"infinitespire:CheckeredPen":42,"Ring of Greed":101,"hubris:Towel":25,"MawBank":112,"Busted Crown":27,"betterThird:SlimedRelic":90,"Garlic":4,"hubris:CrackedHourglass":138,"ReplayTheSpireMod:Lightbulb":6,"hubris:CrystalStatue":125,"Gremlin Horn":97,"Vajra":89,"theJungle:Creamberry":44,"aspiration:Stabinomicon":94,"Centennial Puzzle":97,"HornCleat":136,"DollysMirror":59,"Strawberry":64,"conspire:Dentures":13,"Happy Flower":86,"vexMod:ScavengeHelm":132,"vexMod:PaidLearning":106,"War Paint":102,"hubris:Zylophone":11,"Du-Vu Doll":87,"Replay:Baseball":23,"Onion Ring":68,"hubris:ToyBattleship":83,"CatCart":55,"Grinning Jar":87,"ReplayFunnel":97,"ReplayTheSpireMod:Ring of Exchange":101,"Mango":59,"Juzu Bracelet":87,"hubris:SlimyHat":116,"hubris:RunicObelisk":48,"Replay:Mystery Machine":141,"Empty Cage":93,"aspiration:StickyExplosives_weak":125,"Pantograph":122,"Red Mask":84,"Cracked Core":0,"BargainBundle":59,"Replay:WaspNest":58,"vexMod:FocusSash":82,"Medical Kit":125,"Mercury Hourglass":101,"vexMod:Dragonfruit":39,"infinitespire:Satchel":91,"ChewingGum":127,"Coffee Dripper":124,"Membership Card":118,"hubris:OldNail":26},{"Replay:Accelerometer":175,"hubris:BallOfYels":477,"ScarletDevilRocket":391,"Vampiric Spirits":287,"Whetstone":276,"Replay:Wanted Poster":327,"Blood Vial":344,"Replay:Ringing Soul":165,"infinitespire:ShieldingShard":24,"aspiration:EnhancedActuators":462,"hubris:AstralHammer":120,"MealTicket":363,"infinitespire:Golems Mask":363,"hubris:DeckOfHolding":515,"Kunai":215,"Replay:Wax Seal":259,"Pear":254,"Counterbalance":556,"Pen Nib":316,"vexMod:ImprovementManual":344,"infinitespire:PuzzleCube":357,"vexMod:BigBerry":193,"aspiration:Lifesprig":462,"Regal Pillow":513,"Magic Flower":451,"Painkiller Herb":50,"Blue Doll":451,"Bag of Preparation":165,"hubris:EmptyBottle":515,"Pet Ghost":333,"Burning Blood":0,"Replay:Rubber Ducky":208,"vexMod:RedPlottingStone":454,"hubris:ScarierMask":445,"hubris:FunFungus":460,"InkBottle":430,"Ring of the Snake":0,"aspiration:ChemicalBlood":458,"NeowsBlessing":158,"Golden Idol":100,"hubris:64BitClover":537,"vexMod:BerryBomb":40,"conspire:RunicOctahedron":350,"Omamori":389,"infinitespire:Lucky Rock":11,"infinitespire:CheckeredPen":200,"Ring of Greed":451,"hubris:Towel":121,"MawBank":471,"Busted Crown":134,"betterThird:SlimedRelic":401,"Garlic":21,"hubris:CrackedHourglass":579,"ReplayTheSpireMod:Lightbulb":30,"hubris:CrystalStatue":524,"Gremlin Horn":434,"Vajra":397,"theJungle:Creamberry":215,"aspiration:Stabinomicon":422,"Centennial Puzzle":434,"HornCleat":568,"DollysMirror":287,"Strawberry":300,"conspire:Dentures":80,"Happy Flower":384,"vexMod:ScavengeHelm":556,"vexMod:PaidLearning":460,"War Paint":454,"hubris:Zylophone":72,"Du-Vu Doll":389,"Replay:Baseball":114,"Onion Ring":319,"hubris:ToyBattleship":370,"CatCart":267,"Grinning Jar":389,"ReplayFunnel":434,"ReplayTheSpireMod:Ring of Exchange":451,"Mango":287,"Juzu Bracelet":389,"hubris:SlimyHat":486,"hubris:RunicObelisk":234,"Replay:Mystery Machine":591,"Empty Cage":418,"aspiration:StickyExplosives_weak":524,"Pantograph":514,"Red Mask":373,"Cracked Core":0,"BargainBundle":287,"Replay:WaspNest":281,"vexMod:FocusSash":367,"Medical Kit":524,"Mercury Hourglass":451,"vexMod:Dragonfruit":180,"infinitespire:Satchel":405,"ChewingGum":534,"Coffee Dripper":520,"Membership Card":502,"hubris:OldNail":126}]},"card_choices":[{"not_picked":["Conserve Battery","Cold Snap","conspire:Rain"],"picked":"SKIP","floor":1.0},{"not_picked":["Hologram","ReplaySort"],"picked":"Streamline","floor":3.0},{"not_picked":["Cold Snap","Coolheaded"],"picked":"Tempest","floor":4.0},{"not_picked":["Sweeping Beam","Beam Cell","Steam"],"picked":"SKIP","floor":5.0},{"not_picked":["Scrape","Go for the Eyes","Tempest"],"picked":"SKIP","floor":6.0},{"not_picked":["Genetic Algorithm","conspire:SharedLibrary","Cold Snap"],"picked":"SKIP","floor":10.0},{"not_picked":["Chill","Streamline","Go for the Eyes"],"picked":"SKIP","floor":11.0},{"not_picked":["Sweeping Beam","Rebound"],"picked":"aspiration:Polymerization","floor":12.0},{"not_picked":["Time Bomb","Hologram"],"picked":"Thunder Strike","floor":13.0},{"not_picked":["Scrape","Consume","Compile Driver"],"picked":"SKIP","floor":14.0},{"not_picked":["Go for the Eyes","Reinforced Body+1","Sweeping Beam"],"picked":"SKIP","floor":18.0},{"not_picked":["BasicCrystalCard","Rebound+1","Compile Driver+1"],"picked":"SKIP","floor":20.0},{"not_picked":["Hologram+1","Steam"],"picked":"Ball Lightning","floor":23.0},{"not_picked":["Hologram","Consume"],"picked":"ReplayTheSpireMod:Calculation Training","floor":24.0}],"player_experience":108638,"relics_obtained":[{"floor":6.0,"key":"Counterbalance"},{"floor":9.0,"key":"vexMod:ScavengeHelm"},{"floor":13.0,"key":"HornCleat"},{"floor":23.0,"key":"Replay:Mystery Machine"}],"event_choices":[{"damage_healed":0.0,"max_hp_gain":0.0,"max_hp_loss":0.0,"gold_gain":0.0,"event_name":"WeMeetAgain","player_choice":"Paid Gold","floor":2.0,"gold_loss":93.0,"damage_taken":0.0,"relics_obtained":["hubris:64BitClover"]},{"damage_healed":0.0,"max_hp_gain":0.0,"max_hp_loss":0.0,"gold_gain":0.0,"event_name":"betterMatch:BetterMatch","player_choice":"3","floor":19.0,"gold_loss":0.0,"damage_taken":0.0,"cards_obtained":[]},{"cards_removed":["Strike_B"],"damage_healed":0.0,"max_hp_gain":0.0,"max_hp_loss":0.0,"gold_gain":0.0,"event_name":"Purifier","player_choice":"Purged","floor":21.0,"gold_loss":0.0,"damage_taken":0.0},{"cards_removed":["Static Discharge"],"damage_healed":0.0,"max_hp_gain":0.0,"max_hp_loss":0.0,"gold_gain":0.0,"event_name":"betterNote:BetterNote","player_choice":"Take \u0026 Give","floor":22.0,"gold_loss":0.0,"damage_taken":0.0,"cards_obtained":["FTL"]}],"is_beta":false,"boss_relics":[{"not_picked":["Kintsugi","ReplayTheSpireMod:SealedPack"],"picked":"hubris:CrackedHourglass"}],"items_purged_floors":[],"is_endless":false,"potions_floor_spawned":[4,11,12,13,20,24],"killed_by":"Slavers","ascension_level":0}}