{"host":"cyei475933pvpemq","time":1607954785,"event":{"mods":["Act Like it!","Aspiration","BaseMod","Better Third Choice","BetterRewards","Colored Map","Colored Powertips","Downfall","Energized Spire","Highlight Path","Hubris","Hyrulean Relics","Lobotomy","Mimic Mod","Minty Spire (QoL Compilation)","Replay The Spire","Spicy Shops","Spikes Relics","StSLib","Uncapped"],"gold_per_floor":[119,130,130,37,49,82,12,25,25,38,52,52,127,140,140,241,241,255,255,270,286,298,298,298],"floor_reached":23,"playtime":1075,"items_purged":[],"score":197,"play_id":"c3cad18f-c938-48f9-b2d2-de90ce0f157b","local_time":"20201214150625","is_ascension_mode":false,"campfire_choices":[{"floor":15,"key":"REST"}],"circlet_count":0,"master_deck":["Strike_R","Strike_R+1","Strike_R","Strike_R","Strike_R","Defend_R","Defend_R","Defend_R","Defend_R","Bash","Flex","Reaper+1","Flex","Flex","Heavy Blade","Hemogenesis","Armaments"],"relics":["Black Blood","aspiration:Nostalgia","Ring of the Snake","Blood Vial","Turnip","Lizard Tail","Whetstone"],"acts_visited":["Exordium","TheCity"],"potions_floor_usage":[8,16,16,20,21],"damage_taken":[{"damage":1,"enemies":"Cultist","floor":1,"turns":3},{"damage":1,"enemies":"2 Louse","floor":2,"turns":2},{"damage":1,"enemies":"Jaw Worm","floor":5,"turns":3},{"damage":57,"enemies":"Lagavulin","floor":6,"turns":9},{"damage":36,"enemies":"Gremlin Gang","floor":8,"turns":6},{"damage":13,"enemies":"Blue Slaver","floor":10,"turns":5},{"damage":22,"enemies":"Lots of Slimes","floor":11,"turns":6},{"damage":12,"enemies":"3 Louse","floor":14,"turns":4},{"damage":55,"enemies":"The Guardian","floor":16,"turns":13},{"damage":25,"enemies":"Spheric Guardian","floor":18,"turns":5},{"damage":25,"enemies":"2 Thieves","floor":20,"turns":4},{"damage":44,"enemies":"Snake Plant","floor":21,"turns":8},{"damage":60,"enemies":"Snecko","floor":22,"turns":7},{"damage":92,"enemies":"Gremlin Leader","floor":23,"turns":6}],"seed_played":"4278614494146353898","potions_obtained":[{"floor":1,"key":"Energy Potion"},{"floor":6,"key":"Energy Potion"},{"floor":10,"key":"Dexterity Potion"},{"floor":11,"key":"Dexterity Potion"},{"floor":16,"key":"SkillPotion"},{"floor":18,"key":"Explosive Potion"},{"floor":20,"key":"SpeedPotion"}],"is_trial":false,"path_per_floor":["M","M","?","$","M","E","$","M","T","M","M","?","?","M","R","B",null,"M","?","M","M","M","E"],"character_chosen":"IRONCLAD","items_purchased":["Turnip","Flex"],"campfire_rested":1,"item_purchase_floors":[4,7],"current_hp_per_floor":[80,80,80,80,80,29,29,10,10,12,23,31,20,29,53,13,80,67,67,56,34,57,0,0],"gold":298,"neow_bonus":"NOSTALGIA","is_daily":false,"chose_seed":false,"campfire_upgraded":0,"win_rate":0.0,"timestamp":1607954785,"path_taken":["M","?","?","$","?","E","$","?","T","M","?","?","?","M","R","BOSS","M","?","M","?","M","E"],"items_purchased_type":["Relic","Card"],"build_version":"2020-12-13","purchased_purges":0,"victory":false,"max_hp_per_floor":[80,80,80,80,80,80,80,80,80,80,80,80,80,80,80,80,80,80,80,80,80,80,80,80],"card_choices":[{"not_picked":["Life Link","Headbutt"],"picked":"Flex","floor":1},{"not_picked":["Fire Breathing","ReplayTheSpireMod:Limb From Limb","Wild Strike"],"picked":"SKIP","floor":2},{"not_picked":["Twin Strike","Shrug It Off"],"picked":"Reaper","floor":5},{"not_picked":["Shockwave","Eclipse"],"picked":"Flex","floor":6},{"not_picked":["Hemokinesis","Headbutt","Cleave"],"picked":"SKIP","floor":8},{"not_picked":["Intimidate","Combust","Pummel"],"picked":"SKIP","floor":10},{"not_picked":["Perfected Strike","Intimidate","Whirlwind"],"picked":"SKIP","floor":11},{"not_picked":["Perfected Strike","Warcry"],"picked":"Heavy Blade","floor":14},{"not_picked":["Immolate","Berserk"],"picked":"Hemogenesis","floor":16},{"not_picked":["hubris:SharpeningStone","Hemokinesis"],"picked":"Armaments","floor":18},{"not_picked":["Blood for Blood+1","hubris:ReadiedAction","Cleave"],"picked":"SKIP","floor":20},{"not_picked":["Intimidate","Anger","Combust"],"picked":"SKIP","floor":21},{"not_picked":["hubris:ReadiedAction","Cleave","Exhume"],"picked":"SKIP","floor":22}],"player_experience":306850,"relics_obtained":[{"floor":6,"key":"Lizard Tail"},{"floor":9,"key":"Whetstone"}],"event_choices":[{"damage_healed":0,"gold_gain":0,"player_choice":"Gave Potion","damage_taken":0,"relics_obtained":["Blood Vial"],"max_hp_gain":0,"max_hp_loss":0,"event_name":"WeMeetAgain","floor":3,"gold_loss":0},{"damage_healed":0,"gold_gain":75,"player_choice":"Gold","damage_taken":11,"max_hp_gain":0,"max_hp_loss":0,"event_name":"betterThird:BetterGoop","floor":13,"gold_loss":0},{"damage_healed":0,"gold_gain":0,"player_choice":"Got Potions","damage_taken":0,"max_hp_gain":0,"max_hp_loss":0,"event_name":"Lab","floor":19,"gold_loss":0}],"is_beta":false,"boss_relics":[{"not_picked":["hubris:BlackHole","Runic Pyramid"],"picked":"Black Blood"}],"items_purged_floors":[],"is_endless":false,"potions_floor_spawned":[1,6,10,11,16,18,20],"killed_by":"Gremlin Leader","ascension_level":0}}