{"host":"7gewg82ormp6yt4e","time":1607958977,"event":{"mods":["BaseMod","Block Reminder","Colored Map","Colored Powertips","DeckTracker","Highlight Path","Minty Spire (QoL Compilation)","Relic Stats","StSLib"],"gold_per_floor":[113,113,124,141,155,30,30,61,61,61,95,106,106,122,122,197,197,213,213,104,121,121,121,151,151,175,192,192,204,254,266,266,344,344,361,361,371,76,95,124,124,124,148,165,165,198,198,211,211,211,211],"floor_reached":50,"playtime":3062,"items_purged":["Pain"],"score":1339,"play_id":"e02de89b-eee8-4b73-b979-324a73d2f4e4","local_time":"20201215001617","is_ascension_mode":true,"campfire_choices":[{"data":"Dash","floor":7.0,"key":"SMITH"},{"floor":10.0,"key":"REST"},{"floor":13.0,"key":"REST"},{"data":"Catalyst","floor":15.0,"key":"SMITH"},{"data":"Footwork","floor":23.0,"key":"SMITH"},{"floor":25,"key":"REST"},{"floor":32,"key":"REST"},{"floor":41,"key":"REST"},{"floor":47,"key":"RECALL"},{"floor":49,"key":"REST"}],"circlet_count":0,"master_deck":["AscendersBane","Strike_G","Strike_G","Strike_G","Strike_G","Strike_G","Defend_G","Defend_G","Defend_G","Defend_G","Defend_G","Survivor","Neutralize","Underhanded Strike","Terror","Dash+1","All Out Attack","Dagger Throw","Deadly Poison","Footwork+1","Venomology","Sucker Punch+1","Venomology","Catalyst+1","Night Terror","Bouncing Flask+1","PiercingWail","Noxious Fumes","Prepared+1","Poisoned Stab+1","Dodge and Roll","Setup+1","Catalyst+1","PiercingWail+1","Dagger Spray+1","Die Die Die+1","Slice+1","Noxious Fumes+1","Acrobatics","Caltrops","Deadly Poison+1"],"relics":["Ring of the Snake","Dream Catcher","WarpedTongs","FossilizedHelix","Molten Egg 2","InkBottle","SlaversCollar","Incense Burner","Centennial Puzzle","SacredBark","Kunai","Pantograph","Question Card"],"acts_visited":["Exordium","TheCity","TheBeyond"],"potions_floor_usage":[27,27,27,29,29,31,33,35,35,37,37,37,39,40,40,40,40,44,44,46,46,48,48,50,50,50],"damage_taken":[{"damage":1.0,"enemies":"2 Louse","floor":1.0,"turns":3.0},{"damage":3.0,"enemies":"Cultist","floor":3.0,"turns":3.0},{"damage":5.0,"enemies":"Small Slimes","floor":4.0,"turns":5.0},{"damage":4.0,"enemies":"Blue Slaver","floor":5.0,"turns":3.0},{"damage":20.0,"enemies":"Gremlin Nob","floor":8.0,"turns":4.0},{"damage":13.0,"enemies":"3 Sentries","floor":11.0,"turns":7.0},{"damage":0.0,"enemies":"Exordium Wildlife","floor":12.0,"turns":4.0},{"damage":0.0,"enemies":"Large Slime","floor":14.0,"turns":4.0},{"damage":0.0,"enemies":"Slime Boss","floor":16.0,"turns":5.0},{"damage":0.0,"enemies":"3 Byrds","floor":18.0,"turns":6.0},{"damage":9.0,"enemies":"Chosen","floor":21.0,"turns":4.0},{"damage":34,"enemies":"Slavers","floor":24,"turns":8},{"damage":12,"enemies":"Shelled Parasite and Fungi","floor":27,"turns":6},{"damage":16,"enemies":"3 Cultists","floor":29,"turns":6},{"damage":0,"enemies":"Chosen and Byrds","floor":31,"turns":5},{"damage":0,"enemies":"Collector","floor":33,"turns":2},{"damage":0,"enemies":"3 Darklings","floor":35,"turns":3},{"damage":0,"enemies":"3 Shapes","floor":37,"turns":8},{"damage":70,"enemies":"Transient","floor":39,"turns":6},{"damage":38,"enemies":"Giant Head","floor":40,"turns":7},{"damage":23,"enemies":"4 Shapes","floor":44,"turns":5},{"damage":2,"enemies":"Nemesis","floor":46,"turns":5},{"damage":2,"enemies":"Jaw Worm Horde","floor":48,"turns":5},{"damage":55,"enemies":"Time Eater","floor":50,"turns":4}],"seed_played":"7389111894461650543","potions_obtained":[{"floor":1.0,"key":"LiquidMemories"},{"floor":11.0,"key":"Dexterity Potion"},{"floor":16.0,"key":"SteroidPotion"},{"floor":24,"key":"DistilledChaos"},{"floor":27,"key":"LiquidMemories"},{"floor":31,"key":"Poison Potion"},{"floor":33,"key":"SteroidPotion"},{"floor":35,"key":"SkillPotion"},{"floor":39,"key":"DistilledChaos"}],"is_trial":false,"path_per_floor":["M","?","M","M","M","$","R","E","T","R","E","M","R","M","R","B",null,"M","?","$","M","?","R","E","R","T","M","?","M","?","M","R","B",null,"M","$","M","$","M","E","R","?","T","M","?","E","R","M","R","B"],"character_chosen":"THE_SILENT","items_purchased":["Dagger Throw","PiercingWail","Noxious Fumes","Kunai","Slice+1"],"campfire_rested":6,"item_purchase_floors":[6,20,20,38,38],"current_hp_per_floor":[58,58,55,50,46,46,46,26,26,45,32,32,51,51,51,51,62,62,62,62,53,53,53,19,38,38,26,26,10,10,10,29,29,57,57,57,57,57,39,1,20,54,54,31,31,29,29,27,43,0,0],"gold":211,"neow_bonus":"RANDOM_COMMON_RELIC","is_daily":false,"chose_seed":false,"campfire_upgraded":3,"win_rate":0.0,"timestamp":1607958977,"path_taken":["M","?","M","M","M","$","R","E","T","R","E","?","R","?","R","BOSS","M","?","$","M","?","R","E","R","T","?","?","?","?","M","R","BOSS","M","$","M","$","M","E","R","?","T","M","?","E","R","M","R","BOSS"],"items_purchased_type":["Card","Card","Card","Relic","Card"],"build_version":"2020-12-13","purchased_purges":1,"victory":false,"max_hp_per_floor":[66,66,66,66,66,66,66,66,66,66,66,66,66,66,66,66,66,66,66,66,66,66,66,66,66,66,66,66,66,66,66,66,66,66,66,66,66,66,66,66,66,54,54,54,54,54,54,54,54,54,54],"relic_stats":{"Dream Catcher":6,"Centennial Puzzle":[24],"counters":[24,118],"Pantograph":11,"Kunai":[8],"Question Card":2,"obtain_stats":[{"SacredBark":34,"Incense Burner":24,"Question Card":46,"WarpedTongs":2,"SlaversCollar":17,"Dream Catcher":0,"Centennial Puzzle":26,"Pantograph":40,"Molten Egg 2":9,"Kunai":38,"FossilizedHelix":8,"InkBottle":11,"Ring of the Snake":0},{"SacredBark":16,"Incense Burner":12,"Question Card":22,"WarpedTongs":1,"SlaversCollar":9,"Dream Catcher":0,"Centennial Puzzle":12,"Pantograph":20,"Molten Egg 2":5,"Kunai":18,"FossilizedHelix":5,"InkBottle":6,"Ring of the Snake":0},{"SacredBark":75,"Incense Burner":56,"Question Card":109,"WarpedTongs":3,"SlaversCollar":38,"Dream Catcher":0,"Centennial Puzzle":56,"Pantograph":99,"Molten Egg 2":18,"Kunai":86,"FossilizedHelix":18,"InkBottle":25,"Ring of the Snake":0}],"InkBottle":[32],"Ring of the Snake":[48],"WarpedTongs":[113]},"card_choices":[{"not_picked":["Calculated Gamble","Outmaneuver"],"picked":"Underhanded Strike","floor":1.0},{"not_picked":["Deadly Poison","Prepared"],"picked":"Terror","floor":3.0},{"not_picked":["Backflip","Escape Plan"],"picked":"Dash","floor":4.0},{"not_picked":["Bane","Blur"],"picked":"All Out Attack","floor":5.0},{"not_picked":["Endless Agony","Crippling Poison"],"picked":"Deadly Poison","floor":8.0},{"not_picked":["Dagger Throw+1","Tactician"],"picked":"Footwork","floor":10.0},{"not_picked":["Flying Knee+1","Backflip"],"picked":"Venomology","floor":11.0},{"not_picked":["Slice+1","Deflect"],"picked":"Sucker Punch+1","floor":12.0},{"not_picked":["Backflip","Riddle With Holes+1"],"picked":"Venomology","floor":13.0},{"not_picked":["Acrobatics","Outmaneuver"],"picked":"Catalyst","floor":14.0},{"not_picked":["Grand Finale+1","Phantasmal Killer"],"picked":"Night Terror","floor":16.0},{"not_picked":["Tactician","Outmaneuver"],"picked":"Bouncing Flask+1","floor":18.0},{"not_picked":["Underhanded Strike+1","Acrobatics"],"picked":"Prepared+1","floor":21.0},{"not_picked":["Setup","Cloak And Dagger"],"picked":"Poisoned Stab+1","floor":24},{"not_picked":["Tactician","Sucker Punch+1"],"picked":"Dodge and Roll","floor":25},{"not_picked":["Flying Knee+1","Prepared"],"picked":"Setup+1","floor":27},{"not_picked":["Sucker Punch+1","Doppelganger"],"picked":"Catalyst+1","floor":29},{"not_picked":["Distraction","Bane+1"],"picked":"PiercingWail+1","floor":31},{"not_picked":["Expertise","PiercingWail"],"picked":"Dagger Spray+1","floor":32},{"not_picked":["Doppelganger","Grand Finale+1"],"picked":"Die Die Die+1","floor":33},{"not_picked":["Outmaneuver+1","Concentrate","Underhanded Strike+1"],"picked":"SKIP","floor":35},{"not_picked":["Sucker Punch+1","Quick Slash+1","Prepared"],"picked":"SKIP","floor":37},{"not_picked":["Reflex","Cloak And Dagger"],"picked":"Noxious Fumes+1","floor":39},{"not_picked":["PiercingWail","All Out Attack+1","Doppelganger"],"picked":"SKIP","floor":40},{"not_picked":["Endless Agony+1","Outmaneuver"],"picked":"Acrobatics","floor":44},{"not_picked":["All Out Attack+1","Acrobatics"],"picked":"Caltrops","floor":46},{"not_picked":["Outmaneuver","Dagger Throw+1","Reflex"],"picked":"Deadly Poison+1","floor":48}],"player_experience":2357283,"relics_obtained":[{"floor":8.0,"key":"FossilizedHelix"},{"floor":9.0,"key":"Molten Egg 2"},{"floor":11.0,"key":"InkBottle"},{"floor":24,"key":"Incense Burner"},{"floor":26,"key":"Centennial Puzzle"},{"floor":40,"key":"Pantograph"},{"floor":46,"key":"Question Card"}],"event_choices":[{"damage_healed":0.0,"max_hp_gain":0.0,"max_hp_loss":0.0,"gold_gain":0.0,"event_name":"Accursed Blacksmith","player_choice":"Rummage","floor":2.0,"gold_loss":0.0,"damage_taken":0.0,"relics_obtained":["WarpedTongs"],"cards_obtained":["Pain"]},{"damage_healed":0.0,"max_hp_gain":0.0,"max_hp_loss":0.0,"gold_gain":0.0,"event_name":"The Mausoleum","player_choice":"Ignored","floor":19.0,"gold_loss":0.0,"damage_taken":0.0},{"damage_healed":0.0,"max_hp_gain":0.0,"max_hp_loss":0.0,"gold_gain":0.0,"event_name":"Wheel of Change","player_choice":"Cursed","floor":22.0,"gold_loss":0.0,"damage_taken":0.0,"cards_obtained":["Decay"]},{"cards_removed":["Decay"],"damage_healed":0,"gold_gain":0,"player_choice":"Purged","damage_taken":0,"max_hp_gain":0,"max_hp_loss":0,"event_name":"Purifier","floor":28,"gold_loss":0},{"damage_healed":0,"gold_gain":50,"player_choice":"Stole From Cult","damage_taken":0,"max_hp_gain":0,"max_hp_loss":0,"event_name":"Nest","floor":30,"gold_loss":0},{"damage_healed":54,"gold_gain":0,"player_choice":"Heal","damage_taken":0,"max_hp_gain":0,"max_hp_loss":12,"event_name":"The Moai Head","floor":42,"gold_loss":0},{"damage_healed":0,"gold_gain":0,"player_choice":"Ignored","damage_taken":0,"max_hp_gain":0,"max_hp_loss":0,"event_name":"Tomb of Lord Red Mask","floor":45,"gold_loss":0}],"is_beta":false,"boss_relics":[{"not_picked":["WristBlade","Black Star"],"picked":"SlaversCollar"},{"not_picked":["Runic Dome","Philosopher\u0027s Stone"],"picked":"SacredBark"}],"items_purged_floors":[6],"is_endless":false,"potions_floor_spawned":[1,11,16,24,27,31,33,35,39,40,48],"killed_by":"Time Eater","ascension_level":20}}