{"host":"kjmsjq3kpb3v9rdj","time":1607973287,"event":{"mods":["Aspiration","BaseMod","CCEM","Colored Powertips","Conspire","GifTheSpireLib","Halation","Highlight Path","Hubris","Ironclad Rager","Minty Spire (QoL Compilation)","Quick Restart","Small Relic Pack","Spicy Shops","Spikes Relics","StSLib","Stuff the Spire","The Animator","The Blue Laboratory","The Runesmith","Trackpad","vexMod"],"gold_per_floor":[17,27,37,37,37,64,139,139,139,7529,7557,7572,7589,7624,7624,7724,7724,7736,6696,6706,6720,6811,6842,6853,6885,6967,6967,6967,7000,7000,7026,7026,7123,7123,7133,7133,6432,6461,6461],"floor_reached":41,"playtime":3974,"items_purged":["Injury"],"score":1334,"play_id":"48435fcb-b8b6-4e4d-9716-6bfd01c376fb","local_time":"20201214111447","is_ascension_mode":true,"campfire_choices":[{"data":"StuffTheSpire:LoadUp","floor":8,"key":"SMITH"},{"data":"Defragment","floor":15,"key":"SMITH"},{"floor":27,"key":"REST"},{"data":"Biased Cognition","floor":30,"key":"SMITH"},{"data":"Buffer","floor":32,"key":"SMITH"},{"floor":37,"key":"REST"}],"circlet_count":0,"master_deck":["Zap","Dualcast","Ball Lightning","Cold Snap","Ball Lightning","Cold Snap","Leap","Leap","Leap","Leap","Hello World+1","StuffTheSpire:LoadUp+1","StuffTheSpire:LoadUp","StuffTheSpire:LoadUp+1","Fusion+1","conspire:SharedLibrary","StuffTheSpire:Coldhearted+1","Rebound","Defragment+1","StuffTheSpire:LoadUp+1","Electrodynamics","Rainbow+1","Melter","Fusion+1","Leap+1","vexMod:StairwayStrike","Conserve Battery+1","Capacitor","Ball Lightning","hubris:SpecializedCircuitry","Beam Cell","Rip and Tear+1","Defragment+1","Biased Cognition+1","Buffer+1","Machine Learning","CurseOfTheBell","StuffTheSpire:Plugnplay+1","Beam Cell","Beam Cell","StuffTheSpire:Plugnplay+1","StuffTheSpire:Plugnplay+1","StuffTheSpire:Rend+1","hubris:DoWhile+1","Gash","Biased Cognition","Gash"],"relics":["Cracked Core","Toxic Egg 2","Pen Nib","Question Card","Omamori","halation:OrihimeAndHikoboshiSamaAndTears","trackpad:ZombieHeart","HandDrill","trackpad:HandOfMidas","aspiration:Nostalgia","Burning Blood","Orichalcum","Akabeko","trackpad:SappingStone","CCEMRelics:D6","aspiration:DSix","Philosopher\u0027s Stone","aspiration:FaultyCoupler","hubris:FunFungus","hubris:SphereOfDissonance","hubris:MedicalManual","hubris:RGBLights","hubris:DisguiseKit","MutagenicStrength","StuffTheSpire:Mouthbags","DataDisk","Calling Bell","Potion Belt","hubris:DeckOfHolding","hubris:CuriousFeather","StuffTheSpire:Nightcore","halation:NonexistentMirror","Kunai","Orrery","halation:QuantumPhysicsTextbook"],"acts_visited":["Exordium","TheCity","TheBeyond","TheEnding"],"potions_floor_usage":[6,6,25,25,31,39],"damage_taken":[{"damage":10,"enemies":"Jaw Worm","floor":1,"turns":2},{"damage":2,"enemies":"2 Louse","floor":2,"turns":2},{"damage":4,"enemies":"Small Slimes","floor":3,"turns":3},{"damage":12,"enemies":"Lagavulin","floor":6,"turns":5},{"damage":5,"enemies":"3 Sentries","floor":11,"turns":4},{"damage":6,"enemies":"Looter","floor":12,"turns":2},{"damage":4,"enemies":"3 Louse","floor":13,"turns":2},{"damage":0,"enemies":"Lagavulin","floor":14,"turns":1},{"damage":1,"enemies":"Hexaghost","floor":16,"turns":2},{"damage":0,"enemies":"Shell Parasite","floor":18,"turns":3},{"damage":1,"enemies":"Spheric Guardian","floor":20,"turns":1},{"damage":1,"enemies":"Cultist and Chosen","floor":21,"turns":3},{"damage":1,"enemies":"Snake Plant","floor":22,"turns":1},{"damage":8,"enemies":"Book of Stabbing","floor":23,"turns":5},{"damage":1,"enemies":"Centurion and Healer","floor":24,"turns":3},{"damage":30,"enemies":"Slavers","floor":25,"turns":4},{"damage":4,"enemies":"Book of Stabbing","floor":29,"turns":2},{"damage":21,"enemies":"Slavers","floor":31,"turns":3},{"damage":8,"enemies":"Collector","floor":33,"turns":4},{"damage":1,"enemies":"Nemesis","floor":36,"turns":1},{"damage":10,"enemies":"Shield and Spear","floor":39,"turns":2},{"damage":3,"enemies":"The Heart","floor":40,"turns":3}],"seed_played":"-758029371057496946","potions_obtained":[{"floor":1,"key":"SkillPotion"},{"floor":3,"key":"blueLaboratory:BottledHope"},{"floor":6,"key":"blueLaboratory:PyrophylliteBrew"},{"floor":13,"key":"FocusPotion"},{"floor":18,"key":"blueLaboratory:SystemWipe"},{"floor":24,"key":"blueLaboratory:CreativityPotion"},{"floor":25,"key":"blueLaboratory:PhilterOfMotion"},{"floor":31,"key":"Weak Potion"},{"floor":33,"key":"blueLaboratory:RelayPotion"}],"is_trial":false,"path_per_floor":["M","M","M","?","?","E","?","R","T","$","E","M","M","E","R","B",null,"M","$","M","M","M","E","M","E","T","R","?","E","R","E","R","B",null,"M","R","$","E","B",null],"character_chosen":"DEFECT","items_purchased":["halation:OrihimeAndHikoboshiSamaAndTears","trackpad:ZombieHeart","HandDrill","trackpad:HandOfMidas","aspiration:Nostalgia","Orichalcum","Fusion+1","conspire:SharedLibrary","StuffTheSpire:Coldhearted+1","aspiration:FaultyCoupler","Melter","hubris:FunFungus","hubris:SphereOfDissonance","Fusion+1","Leap+1","vexMod:StairwayStrike","StuffTheSpire:Nightcore","halation:NonexistentMirror","Beam Cell","StuffTheSpire:Plugnplay+1","Kunai","blueLaboratory:BiasPotion","Orrery"],"campfire_rested":2,"item_purchase_floors":[10,10,10,10,10,10,10,10,10,19,19,19,19,19,19,19,38,38,38,38,38,38,38],"current_hp_per_floor":[40,38,34,34,34,22,11,33,33,33,37,38,43,50,50,56,77,78,78,79,81,82,81,85,64,64,88,88,89,89,77,77,79,93,94,94,94,93,97],"gold":6461,"neow_bonus":"DEFECT_STORMLORD","is_daily":false,"chose_seed":false,"campfire_upgraded":4,"win_rate":0.0,"timestamp":1607973287,"path_taken":["M","M","M","?","?","E","?","R","T","?","E","?","M","E","R","BOSS","M","$","M","M","M","E","M","E","T","R","?","E","R","E","R","BOSS","R","$","E","BOSS"],"items_purchased_type":["Relic","Relic","Relic","Relic","Relic","Relic","Card","Card","Card","Relic","Card","Relic","Relic","Card","Card","Card","Relic","Relic","Card","Card","Relic","Potion","Relic"],"build_version":"2020-12-13","purchased_purges":1,"victory":true,"max_hp_per_floor":[68,68,68,68,68,68,68,68,68,68,71,72,75,76,76,77,77,78,78,79,81,82,83,85,88,88,88,88,89,89,92,92,93,93,94,94,94,96,97],"card_choices":[{"not_picked":["StuffTheSpire:CleanHardDrive","Steam"],"picked":"Hello World","floor":1},{"not_picked":["Go for the Eyes","Steam"],"picked":"StuffTheSpire:LoadUp","floor":2},{"not_picked":["Self Repair","StuffTheSpire:NuclearReactor"],"picked":"StuffTheSpire:LoadUp","floor":3},{"not_picked":["Hologram+1","conspire:SharedLibrary"],"picked":"StuffTheSpire:LoadUp+1","floor":6},{"not_picked":["RefreshScreen","Reprogram+1","Barrage"],"picked":"Rebound","floor":11},{"not_picked":["Lockon","Conserve Battery+1","Fusion+1"],"picked":"Defragment","floor":12},{"not_picked":["Doom and Gloom","Stack+1","Turbo+1"],"picked":"StuffTheSpire:LoadUp+1","floor":13},{"not_picked":["Gash","Reprogram+1","Conserve Battery+1"],"picked":"Electrodynamics","floor":14},{"not_picked":["hubris:SpecializedCircuitry","StuffTheSpire:Purify+1","Electrodynamics"],"picked":"Rainbow+1","floor":16},{"not_picked":["Go for the Eyes+1","StuffTheSpire:Plugnplay+1","Reprogram+1"],"picked":"Defragment+1","floor":18},{"not_picked":["Auto Shields+1","Stack+1","Hologram+1"],"picked":"Conserve Battery+1","floor":20},{"not_picked":["Beam Cell","Steam+1","hubris:Ukulele"],"picked":"Capacitor","floor":21},{"not_picked":["Turbo+1","Fusion+1","Auto Shields+1"],"picked":"Ball Lightning","floor":22},{"not_picked":["Streamline","FTL","Compile Driver+1"],"picked":"hubris:SpecializedCircuitry","floor":23},{"not_picked":["Compile Driver+1","Sweeping Beam","StuffTheSpire:LoadUp+1"],"picked":"Beam Cell","floor":24},{"not_picked":["Stack+1","StuffTheSpire:CleanHardDrive+1","Undo+1"],"picked":"Rip and Tear+1","floor":25},{"not_picked":["Turbo+1","Redo+1","Rip and Tear+1","Dodge and Roll"],"picked":"Biased Cognition","floor":29},{"not_picked":["Cold Snap","Rebound+1","DiskWipe","hubris:Counter"],"picked":"Buffer","floor":31},{"not_picked":["Core Surge","hubris:Prefetch+1","StuffTheSpire:EventHorizon+1","Venomology"],"picked":"Machine Learning","floor":33},{"not_picked":["Turbo+1","Heatsinks","hubris:Ukulele","Deadly Poison"],"picked":"StuffTheSpire:Plugnplay+1","floor":36},{"not_picked":["conspire:SharedLibrary","StuffTheSpire:Plugnplay+1","Conserve Battery+1","Slice"],"picked":"StuffTheSpire:Rend+1","floor":38},{"not_picked":["Reinforced Body+1","Gash","StuffTheSpire:SnapShoot+1","Crippling Poison"],"picked":"hubris:DoWhile+1","floor":38},{"not_picked":["StuffTheSpire:Plugnplay+1","Compile Driver+1","Steam+1","Dash"],"picked":"Gash","floor":38},{"not_picked":["StuffTheSpire:GlassShard+1","Skim+1","Turbo+1","Flying Knee"],"picked":"Biased Cognition","floor":38},{"not_picked":["StuffTheSpire:Plugnplay+1","Compile Driver","Stack+1","Concentrate"],"picked":"Gash","floor":38},{"not_picked":["Reinforced Body+1","StuffTheSpire:Plugnplay+1","Ball Lightning","Coolheaded+1","Sucker Punch"],"picked":"SKIP","floor":39}],"player_experience":455231,"relics_obtained":[{"floor":6,"key":"Pen Nib"},{"floor":9,"key":"Question Card"},{"floor":11,"key":"Akabeko"},{"floor":14,"key":"trackpad:SappingStone"},{"floor":23,"key":"hubris:MedicalManual"},{"floor":25,"key":"hubris:RGBLights"},{"floor":26,"key":"hubris:DisguiseKit"},{"floor":29,"key":"StuffTheSpire:Mouthbags"},{"floor":31,"key":"DataDisk"},{"floor":34,"key":"Potion Belt"},{"floor":34,"key":"hubris:DeckOfHolding"},{"floor":34,"key":"hubris:CuriousFeather"},{"floor":39,"key":"halation:QuantumPhysicsTextbook"}],"event_choices":[{"cards_removed":["Notoriety"],"damage_healed":0,"gold_gain":0,"player_choice":"Forget","damage_taken":0,"max_hp_gain":0,"max_hp_loss":0,"event_name":"Living Wall","floor":5,"gold_loss":0},{"damage_healed":0,"gold_gain":75,"player_choice":"Gather Gold","damage_taken":11,"max_hp_gain":0,"max_hp_loss":0,"event_name":"World of Goop","floor":7,"gold_loss":0},{"damage_healed":22,"gold_gain":0,"player_choice":"Heal","damage_taken":0,"max_hp_gain":0,"max_hp_loss":0,"event_name":"The Library","floor":8,"gold_loss":0},{"damage_healed":0,"gold_gain":0,"player_choice":"Inject Mutagens","damage_taken":0,"relics_obtained":["MutagenicStrength"],"max_hp_gain":0,"max_hp_loss":0,"event_name":"Drug Dealer","floor":28,"gold_loss":0},{"damage_healed":0,"gold_gain":0,"player_choice":"Forge","damage_taken":0,"max_hp_gain":0,"max_hp_loss":0,"event_name":"Accursed Blacksmith","floor":35,"gold_loss":0,"cards_upgraded":["Hello World"]}],"is_beta":false,"boss_relics":[{"not_picked":["Pandora\u0027s Box","vexMod:CursedCompass"],"picked":"Philosopher\u0027s Stone"},{"not_picked":["Fusion Hammer","vexMod:EndlessSickness"],"picked":"Calling Bell"}],"items_purged_floors":[10],"is_endless":false,"potions_floor_spawned":[1,3,6,13,18,24,25,31,33],"ascension_level":4}}