{"host":"m7puq4mk16tgc6yn","time":1607920024,"event":{"mods":["AchievementEnabler","BaseMod","Colored Map","Colored Powertips","Minty Spire (QoL Compilation)","Relic Stats"],"gold_per_floor":[114,134,59,59,59,59,59,85,157,190,210,210,160,190,190,290,290,307,324,324,423,440,440,457,467,467,64,64,90,90,123,123,224,224,237,288,288,248,57,57,84,104,151,151,201,76,96,0,0,0],"floor_reached":51,"playtime":2223,"items_purged":["Strike_G","Strike_G","Backstab+1"],"score":977,"play_id":"a6c3687c-a83a-4b51-8d3c-c65118975e98","local_time":"20201213202704","is_ascension_mode":true,"campfire_choices":[{"data":"Poisoned Stab","floor":6,"key":"SMITH"},{"data":"1","floor":12,"key":"LIFT"},{"data":"2","floor":15,"key":"LIFT"},{"data":"3","floor":23,"key":"LIFT"},{"data":"Noxious Fumes","floor":32,"key":"SMITH"},{"data":"Catalyst","floor":40,"key":"SMITH"},{"data":"Footwork","floor":44,"key":"SMITH"},{"data":"Predator","floor":49,"key":"SMITH"}],"circlet_count":0,"master_deck":["Defend_G+1","Defend_G","Defend_G","Defend_G+1","Defend_G","Survivor+1","Neutralize+1","Dagger Spray","Poisoned Stab+1","Predator+1","All Out Attack","Blade Dance","Corpse Explosion","Glass Knife","Poisoned Stab+1","Footwork","Catalyst+1","Poisoned Stab+1","Noxious Fumes+1","Backflip","Night Terror","Deadly Poison+1","Night Terror","Footwork+1","Underhanded Strike","Dodge and Roll+1"],"relics":["Ring of the Snake","NeowsBlessing","Gremlin Horn","Girya","Pear","Strawberry","InkBottle","Snecko Eye","Eternal Feather","Medical Kit","Ancient Tea Set","MutagenicStrength","Thread and Needle","HornCleat","Oddly Smooth Stone","Empty Cage","FossilizedHelix","DollysMirror","Bottled Flame","Snake Skull","Tough Bandages","Red Mask"],"acts_visited":["Exordium","TheCity","TheBeyond"],"potions_floor_usage":[14,14,14,16,16,29,31,36,47,50],"damage_taken":[{"damage":0,"enemies":"2 Louse","floor":1,"turns":1},{"damage":0,"enemies":"Jaw Worm","floor":2,"turns":1},{"damage":0,"enemies":"Gremlin Nob","floor":8,"turns":1},{"damage":9,"enemies":"3 Sentries","floor":10,"turns":7},{"damage":0,"enemies":"Small Slimes","floor":11,"turns":3},{"damage":22,"enemies":"Lagavulin","floor":14,"turns":5},{"damage":34,"enemies":"The Guardian","floor":16,"turns":9},{"damage":0,"enemies":"Spheric Guardian","floor":18,"turns":3},{"damage":1,"enemies":"Chosen","floor":19,"turns":3},{"damage":22,"enemies":"Snecko","floor":22,"turns":4},{"damage":6,"enemies":"Sentry and Sphere","floor":24,"turns":3},{"damage":19,"enemies":"Chosen and Byrds","floor":25,"turns":4},{"damage":33,"enemies":"Book of Stabbing","floor":29,"turns":4},{"damage":0,"enemies":"Slavers","floor":31,"turns":1},{"damage":3,"enemies":"Collector","floor":33,"turns":6},{"damage":0,"enemies":"Orb Walker","floor":35,"turns":4},{"damage":42,"enemies":"2 Orb Walkers","floor":36,"turns":4},{"damage":7,"enemies":"Nemesis","floor":41,"turns":5},{"damage":0,"enemies":"3 Darklings","floor":42,"turns":2},{"damage":0,"enemies":"Mind Bloom Boss Battle","floor":45,"turns":5},{"damage":0,"enemies":"Spire Growth","floor":47,"turns":4},{"damage":50,"enemies":"Awakened One","floor":50,"turns":11}],"seed_played":"3948059409576877302","potions_obtained":[{"floor":2,"key":"Fire Potion"},{"floor":10,"key":"EntropicBrew"},{"floor":16,"key":"SpeedPotion"},{"floor":25,"key":"BlessingOfTheForge"},{"floor":29,"key":"GamblersBrew"},{"floor":33,"key":"Dexterity Potion"},{"floor":41,"key":"Block Potion"},{"floor":47,"key":"SmokeBomb"}],"is_trial":false,"path_per_floor":["M","M","$","?","T","R","?","E","T","E","M","R","?","E","R","B",null,"M","M","?","?","M","R","M","M","T","$","?","E","?","E","R","B",null,"M","?","?","?","$","R","E","M","T","R","?","$","M","?","R","B",null],"character_chosen":"THE_SILENT","items_purchased":["Medical Kit","Ancient Tea Set","DollysMirror","Footwork"],"campfire_rested":0,"item_purchase_floors":[27,27,39,39],"current_hp_per_floor":[70,70,70,70,70,70,56,56,66,64,64,64,64,42,42,8,87,87,86,86,86,64,64,58,39,39,39,39,6,6,6,18,15,87,87,45,45,45,45,60,53,53,53,68,68,68,68,68,83,33],"gold":0,"neow_bonus":"THREE_ENEMY_KILL","is_daily":false,"chose_seed":false,"campfire_upgraded":5,"win_rate":0.0,"timestamp":1607920024,"path_taken":["M","M","$","?","?","R","?","E","T","E","?","R","?","E","R","BOSS","M","M","?","?","?","R","M","M","T","$","?","E","?","E","R","BOSS","M","?","?","?","$","R","E","?","T","R","?","$","M","?","R","BOSS"],"items_purchased_type":["Relic","Relic","Relic","Card"],"build_version":"2020-12-13","purchased_purges":3,"victory":true,"max_hp_per_floor":[70,70,70,70,70,70,70,70,80,87,87,87,87,87,87,87,87,87,87,87,87,87,87,87,87,87,87,87,87,87,87,87,87,87,87,87,83,83,83,83,83,83,83,83,83,83,83,83,83,83],"relic_stats":{"Tough Bandages":[12],"Gremlin Horn":[13,13],"counters":[22,90],"Snecko Eye":[128,147,131,130],"Eternal Feather":57,"Snake Skull":[25],"Medical Kit":[11],"obtain_stats":[{"Girya":8,"Pear":9,"NeowsBlessing":0,"Gremlin Horn":5,"Oddly Smooth Stone":31,"Eternal Feather":26,"Thread and Needle":29,"Snake Skull":43,"Medical Kit":27,"Ancient Tea Set":27,"Empty Cage":34,"Bottled Flame":41,"Tough Bandages":45,"HornCleat":30,"DollysMirror":39,"Strawberry":10,"MutagenicStrength":28,"Snecko Eye":17,"Red Mask":48,"InkBottle":14,"FossilizedHelix":36,"Ring of the Snake":0},{"Girya":3,"Pear":3,"NeowsBlessing":0,"Gremlin Horn":2,"Oddly Smooth Stone":14,"Eternal Feather":12,"Thread and Needle":13,"Snake Skull":19,"Medical Kit":12,"Ancient Tea Set":12,"Empty Cage":15,"Bottled Flame":18,"Tough Bandages":20,"HornCleat":13,"DollysMirror":17,"Strawberry":4,"MutagenicStrength":12,"Snecko Eye":7,"Red Mask":21,"InkBottle":6,"FossilizedHelix":17,"Ring of the Snake":0},{"Girya":3,"Pear":3,"NeowsBlessing":0,"Gremlin Horn":2,"Oddly Smooth Stone":49,"Eternal Feather":44,"Thread and Needle":48,"Snake Skull":70,"Medical Kit":44,"Ancient Tea Set":44,"Empty Cage":55,"Bottled Flame":68,"Tough Bandages":75,"HornCleat":48,"DollysMirror":63,"Strawberry":10,"MutagenicStrength":44,"Snecko Eye":27,"Red Mask":79,"InkBottle":18,"FossilizedHelix":63,"Ring of the Snake":0}],"InkBottle":[32],"Ring of the Snake":[44]},"card_choices":[{"not_picked":["Footwork","Eviscerate"],"picked":"Dagger Spray","floor":1},{"not_picked":["Deflect","Underhanded Strike"],"picked":"Poisoned Stab","floor":2},{"not_picked":["Cloak And Dagger","Bane"],"picked":"Predator","floor":8},{"not_picked":["Calculated Gamble","Well Laid Plans"],"picked":"All Out Attack","floor":10},{"not_picked":["Acrobatics","Escape Plan"],"picked":"Blade Dance","floor":11},{"not_picked":["Dagger Spray","Deadly Poison"],"picked":"Corpse Explosion","floor":14},{"not_picked":["A Thousand Cuts","Phantasmal Killer"],"picked":"Glass Knife","floor":16},{"not_picked":["Flying Knee+1","Choke"],"picked":"Poisoned Stab+1","floor":18},{"not_picked":["Outmaneuver","Underhanded Strike"],"picked":"Footwork","floor":19},{"not_picked":["Dagger Spray+1","Infinite Blades"],"picked":"Catalyst","floor":22},{"not_picked":["PiercingWail","Distraction"],"picked":"Backstab","floor":24},{"not_picked":["Slice","Acrobatics"],"picked":"Poisoned Stab+1","floor":25},{"not_picked":["Slice","Flying Knee"],"picked":"Noxious Fumes","floor":29},{"not_picked":["Distraction","Phantasmal Killer"],"picked":"Backflip","floor":31},{"not_picked":["Wraith Form v2","Storm of Steel"],"picked":"Night Terror","floor":33},{"not_picked":["Predator+1","Outmaneuver"],"picked":"Deadly Poison+1","floor":35},{"not_picked":["Reflex","Predator","Tactician+1"],"picked":"SKIP","floor":41},{"not_picked":["Deflect","Distraction+1","Flechettes"],"picked":"SKIP","floor":42},{"not_picked":["Acrobatics","Cloak And Dagger"],"picked":"Underhanded Strike","floor":45},{"not_picked":["Bane+1","Deadly Poison"],"picked":"Dodge and Roll+1","floor":47}],"player_experience":58935,"relics_obtained":[{"floor":5,"key":"Gremlin Horn"},{"floor":8,"key":"Girya"},{"floor":9,"key":"Pear"},{"floor":10,"key":"Strawberry"},{"floor":14,"key":"InkBottle"},{"floor":26,"key":"Eternal Feather"},{"floor":29,"key":"Thread and Needle"},{"floor":31,"key":"Oddly Smooth Stone"},{"floor":36,"key":"FossilizedHelix"},{"floor":41,"key":"Bottled Flame"},{"floor":43,"key":"Snake Skull"},{"floor":45,"key":"Tough Bandages"}],"event_choices":[{"damage_healed":0,"gold_gain":0,"player_choice":"Grow","damage_taken":0,"max_hp_gain":0,"max_hp_loss":0,"event_name":"Living Wall","floor":4,"gold_loss":0,"cards_upgraded":["Neutralize"]},{"damage_healed":0,"gold_gain":0,"player_choice":"Entered Light","damage_taken":14,"max_hp_gain":0,"max_hp_loss":0,"event_name":"Shining Light","floor":7,"gold_loss":0,"cards_upgraded":["Survivor","Defend_G"]},{"cards_removed":["Strike_G"],"damage_healed":0,"gold_gain":0,"player_choice":"Card Removal","damage_taken":0,"max_hp_gain":0,"max_hp_loss":0,"event_name":"The Cleric","floor":13,"gold_loss":50},{"damage_healed":0,"gold_gain":0,"player_choice":"Ignored","damage_taken":0,"max_hp_gain":0,"max_hp_loss":0,"event_name":"Vampires","floor":20,"gold_loss":0},{"damage_healed":0,"gold_gain":99,"player_choice":"Stole From Cult","damage_taken":0,"max_hp_gain":0,"max_hp_loss":0,"event_name":"Nest","floor":21,"gold_loss":0},{"damage_healed":0,"gold_gain":0,"player_choice":"Inject Mutagens","damage_taken":0,"relics_obtained":["MutagenicStrength"],"max_hp_gain":0,"max_hp_loss":0,"event_name":"Drug Dealer","floor":28,"gold_loss":0},{"damage_healed":0,"gold_gain":0,"player_choice":"Opened","damage_taken":0,"relics_obtained":["HornCleat"],"max_hp_gain":0,"max_hp_loss":0,"event_name":"The Mausoleum","floor":30,"gold_loss":0},{"damage_healed":0,"gold_gain":0,"player_choice":"Fight","damage_taken":0,"max_hp_gain":0,"max_hp_loss":0,"event_name":"Mysterious Sphere","floor":36,"gold_loss":0},{"damage_healed":0,"gold_gain":0,"player_choice":"Max HP","damage_taken":0,"max_hp_gain":0,"max_hp_loss":4,"event_name":"Winding Halls","floor":37,"gold_loss":0},{"damage_healed":0,"gold_gain":0,"player_choice":"Upgraded Two","damage_taken":0,"max_hp_gain":0,"max_hp_loss":0,"event_name":"Designer","floor":38,"gold_loss":40,"cards_upgraded":["Backstab","Defend_G"]},{"damage_healed":0,"gold_gain":0,"player_choice":"Fight","damage_taken":0,"max_hp_gain":0,"max_hp_loss":0,"event_name":"MindBloom","floor":45,"gold_loss":0},{"damage_healed":0,"gold_gain":0,"player_choice":"Paid","damage_taken":0,"relics_obtained":["Red Mask"],"max_hp_gain":0,"max_hp_loss":0,"event_name":"Tomb of Lord Red Mask","floor":48,"gold_loss":96}],"is_beta":false,"boss_relics":[{"not_picked":["Astrolabe","Runic Pyramid"],"picked":"Snecko Eye"},{"not_picked":["Tiny House","Runic Dome"],"picked":"Empty Cage"}],"items_purged_floors":[3,27,46],"is_endless":false,"potions_floor_spawned":[2,10,16,25,29,33,41,47],"ascension_level":4}}