{"host":"1rf9pknejqhzkc4o","time":1607948677,"event":{"mods":["Aspiration","BaseMod","Better Altar","Better Match","Better Note","Better Sensory Stone","Better Skull","Better Third Choice","Colored Map","Colored Powertips","Communication Mod","Conspire","Energized Spire","Hubris","Ironclad Rager","Minty Spire (QoL Compilation)","Quick Restart","RNG Fix","Rare Cards Sparkle","Relic Stats","Replay The Spire","Retaliation","Spicy Shops","StSLib","The Blue Laboratory","Trackpad"],"gold_per_floor":[115,130,180,180,200,200,99,99,99,174,174,185,220,133,133,133,133],"floor_reached":16,"playtime":602,"items_purged":["Looming Evil"],"score":100,"play_id":"edaee814-7f4e-4247-a1f5-9cb4386f59cd","local_time":"20201214152437","is_ascension_mode":false,"campfire_choices":[{"data":"Disarm","floor":6,"key":"SMITH"},{"data":"Intimidate","floor":8,"key":"SMITH"},{"floor":15,"key":"REST"}],"circlet_count":0,"master_deck":["Bash","ICR:RageStrike","ICR:RageStrike","ICR:RageStrike","ICR:RageStrike","ICR:RageStrike","ICR:ShieldBash","ICR:ShieldBash","ICR:ShieldBash","ICR:ShieldBash","Intimidate+1","Disarm+1","Sword Boomerang","DDmod:SpikeMailSkill","DDmod:SpikeMailSkill","Voices","Double Tap","Sword Boomerang","DDmod:UnstoppableAttack"],"relics":["Burning Blood","Ring of Fury","Ring of Greed","The Courier","Tiny Chest","Garlic","Ornamental Fan","hubris:EvacipatedBox","hubris:Macrotransations","Darkstone Periapt"],"acts_visited":["Exordium"],"potions_floor_usage":[],"damage_taken":[{"damage":0,"enemies":"2 Louse","floor":1,"turns":4},{"damage":0,"enemies":"Cultist","floor":2,"turns":3},{"damage":0,"enemies":"Small Slimes","floor":5,"turns":3},{"damage":5,"enemies":"Blue Slaver","floor":12,"turns":3},{"damage":24,"enemies":"3 Sentries","floor":13,"turns":7},{"damage":0,"enemies":"Exordium Thugs","floor":14,"turns":1},{"damage":66,"enemies":"Fading Forest","floor":16,"turns":9}],"seed_played":"-7955700047462049892","potions_obtained":[{"floor":1,"key":"blueLaboratory:SmithPotion"},{"floor":12,"key":"blueLaboratory:NullPotion"},{"floor":13,"key":"blueLaboratory:PyrophylliteBrew"}],"is_trial":false,"path_per_floor":["M","M","?","T","M","R","$","R","T","?","$","M","E","M","R","B"],"character_chosen":"IRONCLAD","items_purchased":["DDmod:SpikeMailSkill","hubris:EvacipatedBox","hubris:Macrotransations"],"campfire_rested":1,"item_purchase_floors":[7,11,11],"current_hp_per_floor":[80,80,80,80,80,80,80,80,80,69,31,32,14,20,44,0,0],"gold":133,"neow_bonus":"IRONCLAD_RAGER","is_daily":false,"chose_seed":false,"campfire_upgraded":2,"win_rate":0.0,"timestamp":1607948677,"path_taken":["M","M","?","?","M","R","$","R","T","?","?","M","E","M","R","BOSS"],"items_purchased_type":["Card","Relic","Relic"],"build_version":"2020-12-13","purchased_purges":1,"victory":false,"max_hp_per_floor":[80,80,80,80,80,80,80,80,80,80,80,80,80,80,80,80,80],"relic_stats":{"Darkstone Periapt":0,"counters":[7,30],"Ornamental Fan":[20],"Tiny Chest":0,"obtain_stats":[{"Darkstone Periapt":13,"hubris:Macrotransations":11,"Ornamental Fan":9,"Ring of Fury":3,"Tiny Chest":3,"The Courier":3,"Garlic":4,"Ring of Greed":3,"Burning Blood":0,"hubris:EvacipatedBox":11},{"Darkstone Periapt":5,"hubris:Macrotransations":3,"Ornamental Fan":3,"Ring of Fury":2,"Tiny Chest":2,"The Courier":2,"Garlic":2,"Ring of Greed":2,"Burning Blood":0,"hubris:EvacipatedBox":3},{"Darkstone Periapt":20,"hubris:Macrotransations":10,"Ornamental Fan":10,"Ring of Fury":7,"Tiny Chest":7,"The Courier":7,"Garlic":7,"Ring of Greed":7,"Burning Blood":0,"hubris:EvacipatedBox":10}],"Burning Blood":18},"card_choices":[{"not_picked":["DDmod:UnstoppableAttack","Pommel Strike"],"picked":"Intimidate","floor":1},{"not_picked":["Entrench","True Grit"],"picked":"Disarm","floor":2},{"not_picked":["Shrug It Off","Warcry"],"picked":"Sword Boomerang","floor":5},{"not_picked":["Armaments","Clash"],"picked":"Double Tap","floor":12},{"not_picked":["True Grit","Metallicize"],"picked":"Sword Boomerang","floor":13},{"not_picked":["Perfected Strike","Clothesline"],"picked":"DDmod:UnstoppableAttack","floor":14}],"player_experience":131773,"relics_obtained":[{"floor":3,"key":"Ring of Fury"},{"floor":3,"key":"Ring of Greed"},{"floor":3,"key":"The Courier"},{"floor":3,"key":"Tiny Chest"},{"floor":4,"key":"Garlic"},{"floor":9,"key":"Ornamental Fan"},{"floor":13,"key":"Darkstone Periapt"}],"event_choices":[{"damage_healed":0,"gold_gain":75,"player_choice":"Gold","damage_taken":11,"max_hp_gain":0,"max_hp_loss":0,"event_name":"betterThird:BetterGoop","floor":10,"gold_loss":0}],"is_beta":false,"boss_relics":[],"items_purged_floors":[7],"is_endless":false,"potions_floor_spawned":[1,12,13],"killed_by":"Fading Forest","ascension_level":0}}