{"host":"99ad87xtd5ypi7ii","time":1607911778,"event":{"mods":["BaseMod","Hermit","Highlight Path","Marisa????????","Minty Spire (QoL Compilation)","Robot Space Explorer","StSLib","The Bladedancer","The Construct","The Cursed","The Disciple","The Elementalist","The Gatherer","The Hierophant","The Runesmith","The Servant 0.9.4","TheVacant"],"gold_per_floor":[118,118,142,161,161,196,207,233,282,298,298,308,320,349,349,452,452,452],"floor_reached":17,"playtime":956,"items_purged":[],"score":253,"play_id":"bf6fbaad-683d-41d1-bb2b-1f5eb0ea19c4","local_time":"20201214030938","is_ascension_mode":true,"campfire_choices":[{"data":"blademaster:FuriousStrike","floor":11,"key":"SMITH"},{"data":"blademaster:AirSlash","floor":15,"key":"SMITH"}],"circlet_count":0,"master_deck":["blademaster:Strike+1","blademaster:Strike+1","blademaster:Strike","blademaster:Strike","blademaster:Defend","blademaster:Defend","blademaster:Defend","blademaster:Defend","blademaster:RagingBlow","blademaster:HighVoltage","blademaster:EyeOfTheStorm+1","blademaster:FuriousStrike+1","blademaster:Flurry","blademaster:CombatPrep","blademaster:WindSlash","RobotSpaceExplorer:PowerGlove","blademaster:Cut","blademaster:AirSlash+1","blademaster:Reversal","blademaster:Stability","blademaster:ColdBlood"],"relics":["blademaster:DancersAmulet","NeowsBlessing","elementalistmod:BlueRibbon","Whetstone","StrikeDummy","TungstenRod","Pen Nib","Juzu Bracelet","Runic Dome"],"acts_visited":["Exordium","TheCity"],"potions_floor_usage":[10,16,16],"damage_taken":[{"damage":0,"enemies":"Cultist","floor":1,"turns":1},{"damage":0,"enemies":"Jaw Worm","floor":4,"turns":1},{"damage":0,"enemies":"Lagavulin","floor":6,"turns":1},{"damage":2,"enemies":"2 Louse","floor":7,"turns":2},{"damage":11,"enemies":"Gremlin Nob","floor":8,"turns":3},{"damage":6,"enemies":"Gremlin Gang","floor":10,"turns":5},{"damage":0,"enemies":"Exordium Wildlife","floor":12,"turns":2},{"damage":0,"enemies":"3 Louse","floor":13,"turns":2},{"damage":8,"enemies":"3 Sentries","floor":14,"turns":4},{"damage":15,"enemies":"The Guardian","floor":16,"turns":7}],"seed_played":"1349461450456595748","potions_obtained":[{"floor":1,"key":"Block Potion"},{"floor":10,"key":"SteroidPotion"},{"floor":12,"key":"FearPotion"},{"floor":14,"key":"Strength Potion"}],"is_trial":false,"path_per_floor":["M","?","T","M","?","E","M","E","T","M","R","M","M","E","R","B",null],"character_chosen":"THE_BLADEMASTER","items_purchased":[],"campfire_rested":0,"item_purchase_floors":[],"current_hp_per_floor":[75,75,75,75,75,75,73,62,62,56,56,56,56,48,48,33,65,65],"gold":452,"neow_bonus":"THREE_ENEMY_KILL","is_daily":false,"chose_seed":false,"campfire_upgraded":2,"win_rate":0.0,"timestamp":1607911778,"path_taken":["M","?","?","?","?","E","M","E","T","M","R","M","M","E","R","BOSS"],"items_purchased_type":[],"build_version":"2020-11-30","purchased_purges":0,"victory":false,"max_hp_per_floor":[75,75,75,75,75,75,75,75,75,75,75,75,75,75,75,75,75,75],"card_choices":[{"not_picked":["blademaster:BloodyBlow","blademaster:Rupture"],"picked":"blademaster:EyeOfTheStorm","floor":1},{"not_picked":["blademaster:AwakeningDefend","blademaster:AirSlash","blademaster:BloodyBlow"],"picked":"SKIP","floor":4},{"not_picked":["blademaster:BladeCross","blademaster:DaggerAndCloak"],"picked":"blademaster:FuriousStrike","floor":6},{"not_picked":["blademaster:KiBarrier","blademaster:Quickness"],"picked":"blademaster:Flurry","floor":7},{"not_picked":["blademaster:BrainBloom","blademaster:Thrust"],"picked":"blademaster:CombatPrep","floor":8},{"not_picked":["blademaster:FlockOfBlades","blademaster:LeechingStrike"],"picked":"blademaster:WindSlash","floor":10},{"not_picked":["blademaster:Stormstrike","blademaster:Stability"],"picked":"blademaster:Cut","floor":12},{"not_picked":["blademaster:Slice","blademaster:BladeMastery"],"picked":"blademaster:AirSlash","floor":13},{"not_picked":["blademaster:Havoc","blademaster:ThunderingOpener"],"picked":"blademaster:Reversal","floor":14},{"not_picked":["blademaster:ThreePointStrike","blademaster:HighVoltage"],"picked":"blademaster:ColdBlood","floor":16}],"player_experience":732241,"relics_obtained":[{"floor":3,"key":"Whetstone"},{"floor":6,"key":"StrikeDummy"},{"floor":6,"key":"blademaster:ComboEveryTurnPerk"},{"floor":8,"key":"TungstenRod"},{"floor":8,"key":"blademaster:StrongPerk"},{"floor":9,"key":"Pen Nib"},{"floor":14,"key":"Juzu Bracelet"},{"floor":14,"key":"blademaster:WindChargePerk"}],"event_choices":[{"damage_healed":0,"gold_gain":0,"player_choice":"Grow","damage_taken":0,"max_hp_gain":0,"max_hp_loss":0,"event_name":"Living Wall","floor":5,"gold_loss":0,"cards_upgraded":["blademaster:EyeOfTheStorm"]}],"is_beta":false,"boss_relics":[{"not_picked":["construct:WeddingRing","Snecko Eye"],"picked":"Runic Dome"}],"items_purged_floors":[],"is_endless":false,"potions_floor_spawned":[1,10,12,14],"ascension_level":5}}