{"host":"3j2m8n0ywf988fwb","time":1607977653,"event":{"mods":["BaseMod","Colored Map","Colored Powertips","Downfall","Highlight Path","Minty Spire (QoL Compilation)","StSLib"],"gold_per_floor":[199,209,225,59,59,69,94,125,138,138,191,191,210,227,242,337,337,337,371,390,48,59,73,73,98,23,51,51,51,36,36,46,149,149,149,169,189,189,114,145,182,211,223,223],"floor_reached":43,"playtime":2164,"items_purged":["hexamod:FourthSeal"],"score":518,"play_id":"c516be08-2717-47d1-9315-ef36e6ab5d87","local_time":"20201214142733","is_ascension_mode":false,"campfire_choices":[{"data":"hexamod:Float","floor":1,"key":"SMITH"},{"data":"hexamod:ApocalypticArmor","floor":5,"key":"SMITH"},{"data":"hexamod:HeatShield","floor":10,"key":"SMITH"},{"data":"hexamod:RainOfEmbers","floor":18,"key":"SMITH"},{"data":"hexamod:TimeOfNeed","floor":26,"key":"SMITH"},{"floor":35,"key":"RECALL"},{"floor":39,"key":"REST"}],"circlet_count":0,"master_deck":["hexamod:Strike+1","hexamod:Defend","hexamod:Defend+1","hexamod:Defend","hexamod:Defend","hexamod:Sear","hexamod:Float+1","hexamod:Incineration+1","hexamod:Toasty","hexamod:HeatShield+1","hexamod:ThermalTransfer","hexamod:ApocalypticArmor+1","hexamod:EmpoweredFlame+1","hexamod:SpectersWail+1","hexamod:SuperheatedStrike","hexamod:HauntingEcho+1","hexamod:FirstSeal","hexamod:SixthSeal","hexamod:RainOfEmbers+1","hexamod:Toasty+1","hexamod:SearingWound+1","hexamod:Firestarter+1","hexamod:BurningTouch+1","hexamod:TimeOfNeed+1","hexamod:Again+1","hexamod:GhostOfSpirePresent+1","RitualDagger+1","hexamod:SoulSteal","hexamod:HexaLevel"],"relics":["hexamod:SpiritBrand","Orrery","Happy Flower","Meat on the Bone","Anchor","hexamod:TheBrokenSeal","Astrolabe","Regal Pillow","HornCleat","PreservedInsect","Kunai","downfall:HeartBlessingGreen","Ornamental Fan","Fusion Hammer","downfall:HeartBlessingRed","MawBank"],"acts_visited":["Exordium","TheCity","TheBeyond"],"potions_floor_usage":[16,30],"damage_taken":[{"damage":0,"enemies":"Cultist","floor":2,"turns":3},{"damage":0,"enemies":"2 Louse","floor":3,"turns":2},{"damage":0,"enemies":"downfall:FleeingMerchant","floor":4,"turns":4},{"damage":0,"enemies":"Small Slimes","floor":6,"turns":5},{"damage":34,"enemies":"Lagavulin","floor":8,"turns":8},{"damage":20,"enemies":"2 Fungi Beasts","floor":9,"turns":5},{"damage":4,"enemies":"3 Louse","floor":13,"turns":4},{"damage":17,"enemies":"Exordium Thugs","floor":14,"turns":6},{"damage":0,"enemies":"3 Louse","floor":15,"turns":2},{"damage":13,"enemies":"downfall:Ironclad","floor":16,"turns":6},{"damage":19,"enemies":"Book of Stabbing","floor":19,"turns":4},{"damage":10,"enemies":"Spheric Guardian","floor":20,"turns":3},{"damage":0,"enemies":"downfall:FleeingMerchant","floor":21,"turns":4},{"damage":0,"enemies":"Shell Parasite","floor":22,"turns":3},{"damage":14,"enemies":"3 Cultists","floor":23,"turns":5},{"damage":28,"enemies":"Slavers","floor":25,"turns":5},{"damage":5,"enemies":"Book of Stabbing","floor":27,"turns":3},{"damage":0,"enemies":"downfall:FleeingMerchant","floor":30,"turns":4},{"damage":24,"enemies":"Shelled Parasite and Fungi","floor":32,"turns":6},{"damage":21,"enemies":"downfall:Defect","floor":33,"turns":7},{"damage":0,"enemies":"Orb Walker","floor":36,"turns":3},{"damage":0,"enemies":"3 Shapes","floor":37,"turns":4},{"damage":38,"enemies":"Giant Head","floor":40,"turns":7},{"damage":39,"enemies":"Spire Growth","floor":42,"turns":5},{"damage":42,"enemies":"2 Orb Walkers","floor":43,"turns":4}],"seed_played":"910434057809589074","potions_obtained":[{"floor":6,"key":"hexamod:EctoCoolerPotion"},{"floor":6,"key":"sneckomod:MuddlingPotion"},{"floor":8,"key":"Guardian:BlockOnCardUsePotion"},{"floor":9,"key":"Fire Potion"},{"floor":16,"key":"Weak Potion"},{"floor":23,"key":"DistilledChaos"},{"floor":28,"key":"CultistPotion"},{"floor":32,"key":"sneckomod:MuddlingPotion"}],"is_trial":false,"path_per_floor":["R","M","M","$","R","M","T","E","M","R","T","?","M","M","M","B",null,"R","E","M","$","M","M","T","E","R","E","?","?","$","?","M","B",null,"R","M","M","?","R","E","T","M","?"],"character_chosen":"THE_SPIRIT","items_purchased":["Orrery","HornCleat"],"campfire_rested":1,"item_purchase_floors":[4,21],"current_hp_per_floor":[70,70,70,70,70,70,70,43,42,42,42,70,70,78,78,72,80,80,68,65,65,65,58,58,49,49,51,51,51,51,51,46,44,80,80,80,80,80,80,49,49,29,0,0],"gold":223,"neow_bonus":"HUNDRED_GOLD","is_daily":false,"chose_seed":false,"campfire_upgraded":5,"win_rate":0.0,"timestamp":1607977653,"path_taken":["R","M","?","$","R","?","T","E","M","R","?","?","M","?","M","BOSS","R","E","M","$","M","M","T","E","R","E","?","?","$","?","M","BOSS","R","M","M","?","R","E","T","M","?"],"items_purchased_type":["Relic","Relic"],"build_version":"2020-12-13","purchased_purges":1,"victory":false,"max_hp_per_floor":[70,70,70,70,70,70,70,70,70,70,70,70,70,80,80,80,80,80,80,80,80,80,80,80,80,80,80,80,80,80,80,80,80,80,80,80,80,80,80,80,80,80,80,80],"card_choices":[{"not_picked":["hexamod:GhostShield","hexamod:HeatMetal"],"picked":"hexamod:Incineration","floor":2},{"not_picked":["hexamod:SkipABeat","hexamod:InspiringFlames"],"picked":"hexamod:ThirdSeal","floor":3},{"not_picked":["hexamod:ThermalTransfer","hexamod:RainOfEmbers"],"picked":"hexamod:Toasty","floor":4},{"not_picked":["hexamod:BurningTouch","hexamod:ThermalTransfer"],"picked":"hexamod:HeatShield","floor":4},{"not_picked":["hexamod:RainOfEmbers","hexamod:BacktrackSmack"],"picked":"hexamod:FifthSeal","floor":4},{"not_picked":["hexamod:BacktrackSmack","hexamod:SwordOfDarkness"],"picked":"hexamod:ThermalTransfer","floor":4},{"not_picked":["hexamod:BacktrackSmack","hexamod:InspiringFlames"],"picked":"hexamod:FourthSeal","floor":4},{"not_picked":["hexamod:RainOfEmbers","hexamod:Hexaguard"],"picked":"hexamod:ApocalypticArmor","floor":4},{"not_picked":["hexamod:Again","hexamod:FlamesFromBeyond"],"picked":"hexamod:FirstSeal","floor":4},{"not_picked":["hexamod:FirstSeal","hexamod:SecondSeal"],"picked":"hexamod:SixthSeal","floor":6},{"not_picked":["hexamod:NightmareStrike","hexamod:ShieldOfDarkness"],"picked":"hexamod:EmpoweredFlame","floor":6},{"not_picked":["hexamod:ThirdSeal","hexamod:RetreatToShadows"],"picked":"hexamod:SpectersWail","floor":8},{"not_picked":["hexamod:FirstSeal","hexamod:SixthSeal","hexamod:FourthSeal"],"picked":"SKIP","floor":8},{"not_picked":["hexamod:SixthSeal","hexamod:FifthSeal"],"picked":"hexamod:SecondSeal","floor":9},{"not_picked":["hexamod:BacktrackSmack","hexamod:CatchUp"],"picked":"hexamod:ExtraCrispy","floor":9},{"not_picked":["hexamod:ThermalTransfer","hexamod:EtherealExpedition"],"picked":"hexamod:SuperheatedStrike","floor":13},{"not_picked":["hexamod:SpectralAdrenaline","hexamod:SecondSeal"],"picked":"hexamod:HauntingEcho","floor":13},{"not_picked":["hexamod:ThirdSeal","hexamod:FirstSeal","hexamod:FifthSeal"],"picked":"SKIP","floor":13},{"not_picked":["hexamod:FifthSeal","hexamod:FourthSeal"],"picked":"hexamod:FirstSeal","floor":14},{"not_picked":["hexamod:SwordOfDarkness","hexamod:RainOfEmbers"],"picked":"hexamod:SixthSeal","floor":14},{"not_picked":["hexamod:InspiringFlames","hexamod:HeatMetal"],"picked":"hexamod:RainOfEmbers","floor":15},{"not_picked":["hexamod:ApocalypseNow","hexamod:FifthSeal"],"picked":"hexamod:Toasty","floor":16},{"not_picked":["hexamod:InspiringFlames","hexamod:HeatShield","hexamod:GhostOfSpirePast+1"],"picked":"SKIP","floor":19},{"not_picked":["hexamod:GhostOfSpireFuture","hexamod:CatchUp+1","hexamod:ThermalTransfer+1"],"picked":"SKIP","floor":20},{"not_picked":["hexamod:ShieldOfDarkness","hexamod:PhantomCloak"],"picked":"hexamod:BurningTouch","floor":21},{"not_picked":["hexamod:BacktrackSmack+1","hexamod:ThermalTransfer","hexamod:RecurringNightmare"],"picked":"SKIP","floor":22},{"not_picked":["hexamod:ShieldOfDarkness","hexamod:GhostShield"],"picked":"hexamod:TimeOfNeed","floor":23},{"not_picked":["hexamod:SwordOfDarkness","hexamod:ThermalTransfer"],"picked":"hexamod:Again+1","floor":25},{"not_picked":["hexamod:FlamesFromBeyond","hexamod:SkipABeat"],"picked":"hexamod:GhostOfSpirePresent","floor":27},{"not_picked":["hexamod:HauntingEcho+1","hexamod:FifthSeal","hexamod:RainOfEmbers+1"],"picked":"SKIP","floor":30},{"not_picked":["hexamod:InspiringFlames+1","hexamod:FlamesFromBeyond"],"picked":"hexamod:SoulSteal","floor":32},{"not_picked":["hexamod:ParanormalForm","hexamod:SearingWound"],"picked":"hexamod:HexaLevel","floor":33},{"not_picked":["hexamod:SkipABeat+1","hexamod:BacktrackSmack","hexamod:ThermalTransfer"],"picked":"SKIP","floor":36},{"not_picked":["hexamod:Firestarter+1","hexamod:BurningTouch","hexamod:BacktrackSmack"],"picked":"SKIP","floor":37},{"not_picked":["hexamod:RecurringNightmare","hexamod:FastForward","hexamod:CatchUp+1"],"picked":"SKIP","floor":40},{"not_picked":["hexamod:SwordOfDarkness+1","hexamod:SoulSteal+1","hexamod:Firestarter+1"],"picked":"SKIP","floor":42}],"player_experience":926092,"relics_obtained":[{"floor":7,"key":"Happy Flower"},{"floor":8,"key":"Meat on the Bone"},{"floor":11,"key":"Anchor"},{"floor":19,"key":"Regal Pillow"},{"floor":24,"key":"PreservedInsect"},{"floor":25,"key":"Kunai"},{"floor":27,"key":"Ornamental Fan"},{"floor":40,"key":"MawBank"}],"event_choices":[{"cards_removed":["hexamod:ExtraCrispy"],"damage_healed":28,"gold_gain":0,"player_choice":"Offered Uncommon","damage_taken":0,"max_hp_gain":0,"max_hp_loss":0,"event_name":"Bonfire Elementals","floor":12,"gold_loss":0},{"damage_healed":0,"gold_gain":0,"player_choice":"Fight","damage_taken":0,"max_hp_gain":0,"max_hp_loss":0,"event_name":"Mysterious Sphere","floor":43,"gold_loss":0}],"is_beta":false,"boss_relics":[{"not_picked":["Runic Pyramid","Pandora\u0027s Box"],"picked":"Astrolabe"},{"not_picked":["Busted Crown","Velvet Choker"],"picked":"Fusion Hammer"}],"items_purged_floors":[21],"is_endless":false,"potions_floor_spawned":[6,15,16,19,22,23,32,36,37],"killed_by":"2 Orb Walkers","ascension_level":0}}