{"host":"0azimyi6n3ugndj4","time":1607953144,"event":{"mods":["BaseMod","Bestiary","Conspire","Curses Come First","Defuse TimeMaze Blight","Hyrulean Relics","Infinite Spire","Minty Spire (QoL Compilation)","Relic Stats","Replay The Spire","StSLib","SuperFastMode","Uncapped","¡¼?Úª?ø«¡½REMEMod"],"gold_per_floor":[99,138,138,177,77,176,176,176,176],"floor_reached":8,"playtime":119,"items_purged":[],"score":333,"play_id":"a2252934-44de-4197-938e-f808d1495263","local_time":"20201214223904","daily_mods":["Draft","Hoarder","Insanity","Chimera","Specialized","Vintage","ControlledChaos","Allstar","Diverse","Colorless Cards","Heirloom","Time Dilation","Flight","Binary","Elite Swarm","Lethality","Midas","Binary"],"is_ascension_mode":true,"campfire_choices":[],"circlet_count":0,"master_deck":["Demon Form","Wraith Form v2","Echo Form","DevaForm","AscendersBane","Bash","Survivor","Zap","Eruption","Strike_R","Strike_G","Strike_B","Defend_R","Defend_G","Defend_P","Rupture","PiercingWail","Acrobatics","Calculated Gamble","Prostrate","Choke","Coolheaded","Hologram","Beam Cell","Run Through","Gash","Hologram","Acrobatics","ReplayTheSpireMod:Corrosion Curse","Power Through","Cleave","Searing Blow","Trip","CutThroughFate","Metallicize","Cold Snap","Ball Lightning","Wireheading","Wild Strike","Prepared","ReplaySort","Leap","Footwork","Conserve Battery","Replay:ManipulateFuture","conspire:ExplosiveBarrier","Hologram","Dagger Spray","Dagger Throw","Protect","Gash","CrushJoints","Second Wind","Dagger Throw","Steam","ReplayTheSpireMod:Shiv Toss","Wireheading","Quick Slash","ReplayTheSpireMod:Scrap Shanks","Ball Lightning","BowlingBash","REME_ShortnessOfBreath","Reinforced Body","FollowUp","Replay:AtTheReady","Worship","Worship","Worship","Worship","Worship","Worship","Worship","Worship","Worship","Worship","Worship","Worship","Worship","Worship","Worship","Replay:ManipulateFuture","Replay:ManipulateFuture","Replay:ManipulateFuture","Panic Button","Panic Button","Panic Button","Blur","Blur","Blur","Consume","Consume","Consume","FollowUp","FollowUp","FollowUp","Consume","Consume","Consume","Dual Wield","Dual Wield","Dual Wield","Crescendo","Crescendo","Crescendo","Crescendo","Crescendo","Crescendo","conspire:ExplosiveBarrier","conspire:ExplosiveBarrier","conspire:ExplosiveBarrier","Pommel Strike","Pommel Strike","Pommel Strike","Draining Mist","Draining Mist","Whirlwind","Whirlwind","Whirlwind","Stack","Stack","Stack","Hologram","Hologram","Hologram","Die Die Die","Die Die Die","Die Die Die","Limit Break+1","Limit Break+1","Limit Break+1","Ghostly","Ghostly","Ghostly","Pain","Pain","Pain"],"relics":["Cracked Core","Frozen Eye","Busted Crown","REME_ComplimentaryCards","infinitespire:CursedDice","Replay:Mystery Machine","infinitespire:Lucky Rock","zeldaRelics:CouragePiece","WarpedTongs"],"acts_visited":["Exordium"],"potions_floor_usage":[6,6],"damage_taken":[{"damage":0,"enemies":"Cultist","floor":2,"turns":2},{"damage":21,"enemies":"Small Slimes","floor":4,"turns":4},{"damage":94,"enemies":"Gremlin Nob","floor":6,"turns":4},{"damage":40,"enemies":"Lagavulin","floor":8,"turns":2}],"seed_played":"3425151087109531246","potions_obtained":[{"floor":2,"key":"Swift Potion"},{"floor":4,"key":"SpeedPotion"}],"is_trial":true,"path_per_floor":["?","M","$","M","?","E","?","E"],"character_chosen":"DEFECT","items_purchased":[],"campfire_rested":0,"item_purchase_floors":[],"current_hp_per_floor":[64,64,64,43,43,25,25,0,0],"gold":176,"neow_bonus":"","is_daily":false,"chose_seed":false,"campfire_upgraded":0,"win_rate":0.0,"timestamp":1607953144,"path_taken":["?","?","$","M","?","E","?","E"],"items_purchased_type":[],"build_version":"2020-12-13","purchased_purges":0,"victory":false,"max_hp_per_floor":[71,71,71,71,71,71,71,71,71],"relic_stats":{"Busted Crown":2,"counters":[4,12],"obtain_stats":[{"Frozen Eye":0,"Busted Crown":0,"infinitespire:CursedDice":0,"zeldaRelics:CouragePiece":6,"infinitespire:Lucky Rock":4,"Replay:Mystery Machine":2,"Cracked Core":0,"REME_ComplimentaryCards":0,"WarpedTongs":7},{"Frozen Eye":0,"Busted Crown":0,"infinitespire:CursedDice":0,"zeldaRelics:CouragePiece":3,"infinitespire:Lucky Rock":2,"Replay:Mystery Machine":1,"Cracked Core":0,"REME_ComplimentaryCards":0,"WarpedTongs":3},{"Frozen Eye":0,"Busted Crown":0,"infinitespire:CursedDice":0,"zeldaRelics:CouragePiece":10,"infinitespire:Lucky Rock":6,"Replay:Mystery Machine":2,"Cracked Core":0,"REME_ComplimentaryCards":0,"WarpedTongs":10}],"WarpedTongs":[2]},"card_choices":[{"not_picked":["Wild Strike","Perfected Strike"],"picked":"Replay:ManipulateFuture","floor":0},{"not_picked":["Riddle With Holes","BasicCrystalCard"],"picked":"Panic Button","floor":0},{"not_picked":["Go for the Eyes","ReplayTheSpireMod:GoodbyeWorld"],"picked":"Blur","floor":0},{"not_picked":["ReplayTheSpireMod:LeadingStrike","Sweeping Beam"],"picked":"Consume","floor":0},{"not_picked":["Sucker Punch","Escape Plan"],"picked":"FollowUp","floor":0},{"not_picked":["Ball Lightning","Replay:ManipulateFuture"],"picked":"Consume","floor":0},{"not_picked":["Redo","SashWhip"],"picked":"Dual Wield","floor":0},{"not_picked":["CutThroughFate","ClearTheMind"],"picked":"Crescendo","floor":0},{"not_picked":["Stack","SashWhip"],"picked":"Crescendo","floor":0},{"not_picked":["ReplayTheSpireMod:Corrosion Curse","Sweeping Beam"],"picked":"conspire:ExplosiveBarrier","floor":0},{"not_picked":["Bane","Dagger Spray"],"picked":"Pommel Strike","floor":0},{"not_picked":["Stack","Adaptation"],"picked":"Draining Mist","floor":0},{"not_picked":["Sword Boomerang","PathToVictory"],"picked":"Whirlwind","floor":0},{"not_picked":["Streamline","Shrug It Off"],"picked":"Stack","floor":0},{"not_picked":["ReplaySolidLightProjector","Barrage"],"picked":"Hologram","floor":0}],"player_experience":1452905,"relics_obtained":[{"floor":2,"key":"Replay:Mystery Machine"},{"floor":4,"key":"infinitespire:Lucky Rock"},{"floor":6,"key":"zeldaRelics:CouragePiece"}],"event_choices":[{"damage_healed":0,"gold_gain":0,"player_choice":"Argue","damage_taken":0,"max_hp_gain":0,"max_hp_loss":0,"event_name":"conspire:LoneGhost","floor":5,"gold_loss":0},{"damage_healed":0,"gold_gain":0,"player_choice":"Rummage","damage_taken":0,"relics_obtained":["WarpedTongs"],"max_hp_gain":0,"max_hp_loss":0,"event_name":"Accursed Blacksmith","floor":7,"gold_loss":0,"cards_obtained":["Pain"]}],"is_beta":false,"boss_relics":[],"items_purged_floors":[],"is_endless":false,"potions_floor_spawned":[2,4],"killed_by":"Lagavulin","ascension_level":20}}