{"host":"fqid566djxhwi0rl","time":1607947777,"event":{"mods":["2.2 Compatiblity","AchievementEnabler","Aspiration","BaseMod","Downfall","Energized Spire","Faster Ascension Climbing","GifTheSpireLib","Minty Spire (QoL Compilation)","Replay The Spire","Robot Space Explorer","StSLib","The Blackbeard","The Gatherer","Trackpad","Yuri Mod"],"gold_per_floor":[111,61,81,97,115,115,141,157,157,157,157],"floor_reached":10,"playtime":767,"items_purged":[],"score":95,"play_id":"cb37dcfd-919d-4f1d-b997-15fbbd1ff425","local_time":"20201214140937","is_ascension_mode":true,"campfire_choices":[{"data":"champ:DefensiveStyle","floor":6,"key":"SMITH"}],"circlet_count":0,"master_deck":["champ:Strike","champ:Strike","champ:Strike","champ:Defend","champ:Defend","champ:Defend","champ:Defend","champ:Execute","champ:Taunt","champ:BringItOn","champ:DefensiveStyle+1","champ:GladiatorsShout","champ:RecklessLeap","champ:CrownThrow","champ:StanceDance"],"relics":["champ:ChampionCrown","NeowsBlessing","trackpad:Mousetrap","Golden Egg"],"acts_visited":["Exordium"],"potions_floor_usage":[10,10],"damage_taken":[{"damage":0.0,"enemies":"Small Slimes","floor":1.0,"turns":1.0},{"damage":3.0,"enemies":"2 Louse","floor":3.0,"turns":2.0},{"damage":0.0,"enemies":"Jaw Worm","floor":4.0,"turns":1.0},{"damage":38.0,"enemies":"Gremlin Gang","floor":5.0,"turns":12.0},{"damage":45,"enemies":"3 Sentries","floor":7,"turns":7},{"damage":4,"enemies":"Red Slaver","floor":8,"turns":3},{"damage":28,"enemies":"Gremlin Nob","floor":10,"turns":2}],"seed_played":"-3709431051780443831","potions_obtained":[{"floor":3.0,"key":"Fire Potion"},{"floor":7,"key":"Swift Potion"},{"floor":8,"key":"champ:CounterPotion"}],"is_trial":false,"path_per_floor":["M","?","M","M","M","R","E","M","T","E"],"character_chosen":"THE_CHAMP","items_purchased":[],"campfire_rested":0,"item_purchase_floors":[],"current_hp_per_floor":[81,81,78,78,48,48,28,24,24,0,0],"gold":157,"neow_bonus":"THREE_ENEMY_KILL","is_daily":false,"chose_seed":false,"campfire_upgraded":1,"win_rate":0.0,"timestamp":1607947777,"path_taken":["M","?","M","M","M","R","E","M","T","E"],"items_purchased_type":[],"build_version":"2020-12-13","purchased_purges":0,"victory":false,"max_hp_per_floor":[90,90,90,90,90,90,90,90,90,90,90],"card_choices":[{"not_picked":["champ:TornadoPunch","champ:SkillfulDodge"],"picked":"champ:BringItOn","floor":1.0},{"not_picked":["champ:BerserkersShout","champ:GladiatorsShout"],"picked":"champ:DefensiveStyle","floor":3.0},{"not_picked":["champ:Encircle","champ:TornadoPunch"],"picked":"champ:GladiatorsShout","floor":4.0},{"not_picked":["champ:DeathBlow","champ:Encircle"],"picked":"champ:RecklessLeap","floor":5.0},{"not_picked":["champ:ArenaPreparation","champ:SkillfulDodge"],"picked":"champ:CrownThrow","floor":7},{"not_picked":["champ:BerserkersShout","champ:Haymaker"],"picked":"champ:StanceDance","floor":8}],"player_experience":665279,"relics_obtained":[{"floor":7,"key":"trackpad:Mousetrap"},{"floor":9,"key":"Golden Egg"}],"event_choices":[{"cards_removed":["champ:Strike"],"damage_healed":0.0,"max_hp_gain":0.0,"max_hp_loss":0.0,"gold_gain":0.0,"event_name":"The Cleric","player_choice":"Card Removal","floor":2.0,"gold_loss":50.0,"damage_taken":0.0}],"is_beta":false,"boss_relics":[],"items_purged_floors":[],"is_endless":false,"potions_floor_spawned":[3,7,8],"killed_by":"Gremlin Nob","ascension_level":7}}