{"host":"7g4k6gexjz765cnk","time":1607988788,"event":{"mods":["BaseMod","Colored Map","Minty Spire (QoL Compilation)","Shop Mod"],"gold_per_floor":[114,126,141,141,216,216,216,250,250,250,250],"floor_reached":10,"playtime":232,"items_purged":[],"score":73,"play_id":"4e3ea8b4-8801-42a9-b0b3-62264b5d26f6","local_time":"20201215003308","is_ascension_mode":true,"campfire_choices":[{"data":"Accuracy","floor":6,"key":"SMITH"}],"circlet_count":0,"master_deck":["Strike_G","Strike_G","Strike_G","Strike_G","Defend_G","Defend_G","Defend_G","Defend_G","Defend_G","Survivor","Neutralize","Backflip","Accuracy+1","Poisoned Stab"],"relics":["Ring of the Snake","NeowsBlessing","StoneCalendar"],"acts_visited":["Exordium"],"potions_floor_usage":[8],"damage_taken":[{"damage":0,"enemies":"Cultist","floor":1,"turns":1},{"damage":0,"enemies":"2 Louse","floor":2,"turns":1},{"damage":0,"enemies":"Small Slimes","floor":3,"turns":1},{"damage":40,"enemies":"3 Sentries","floor":8,"turns":15},{"damage":0,"enemies":"Gremlin Nob","floor":10,"turns":1}],"seed_played":"-4148804172616472618","potions_obtained":[{"floor":2,"key":"Swift Potion"}],"is_trial":false,"path_per_floor":["M","M","M","?","?","R","?","E","T","E"],"character_chosen":"THE_SILENT","items_purchased":[],"campfire_rested":0,"item_purchase_floors":[],"current_hp_per_floor":[70,70,70,75,64,64,57,17,17,17,17],"gold":250,"neow_bonus":"THREE_ENEMY_KILL","is_daily":false,"chose_seed":false,"campfire_upgraded":1,"win_rate":0.0,"timestamp":1607988788,"path_taken":["M","M","?","?","?","R","?","E","T","E"],"items_purchased_type":[],"build_version":"2020-12-13","purchased_purges":0,"victory":false,"max_hp_per_floor":[70,70,70,75,75,75,75,75,75,75,75],"card_choices":[{"not_picked":["Underhanded Strike","Sucker Punch"],"picked":"Backflip","floor":1},{"not_picked":["Reflex","Acrobatics","Dagger Throw"],"picked":"SKIP","floor":2},{"not_picked":["Quick Slash","Underhanded Strike"],"picked":"Accuracy","floor":3},{"not_picked":["Skewer","Flechettes"],"picked":"Poisoned Stab","floor":8}],"player_experience":356869,"relics_obtained":[{"floor":8,"key":"StoneCalendar"}],"event_choices":[{"damage_healed":0,"gold_gain":0,"player_choice":"Donut","damage_taken":0,"max_hp_gain":5,"max_hp_loss":0,"event_name":"Big Fish","floor":4,"gold_loss":0},{"damage_healed":0,"gold_gain":75,"player_choice":"Gather Gold","damage_taken":11,"max_hp_gain":0,"max_hp_loss":0,"event_name":"World of Goop","floor":5,"gold_loss":0},{"cards_removed":["Strike_G"],"damage_healed":0,"gold_gain":0,"player_choice":"Card Removal","damage_taken":7,"max_hp_gain":0,"max_hp_loss":0,"event_name":"Golden Wing","floor":7,"gold_loss":0}],"is_beta":false,"boss_relics":[],"items_purged_floors":[],"is_endless":false,"potions_floor_spawned":[2],"killed_by":"Gremlin Nob","ascension_level":2}}