{"host":"pgqkv8mh62pnrbci","time":1607945500,"event":{"mods":["AchievementEnabler","BaseMod","Custom Start","Minty Spire (QoL Compilation)","Replay The Spire","StSLib","SuperFastMode","¡¼?Úª?ø«¡½REMEMod"],"gold_per_floor":[110,122,122,141,152,152,217,217,299,310,328,355,355,371,371,443,443,462,462,51,51,51,80,80,5,5,17,17,30,44,63,63,136,136,155,55,0,0,14,45,73,95,95,145,145,145,145,160,160,192],"floor_reached":51,"playtime":2105,"items_purged":["Strike_G"],"score":1545,"play_id":"1965e4e0-d96a-4fe1-b8ba-e36d9a3d69ad","local_time":"20201214203140","is_ascension_mode":true,"campfire_choices":[{"data":"Neutralize","floor":6.0,"key":"SMITH"},{"data":"Dual Wield","floor":13.0,"key":"SMITH"},{"data":"REME_Flogging","floor":15.0,"key":"SMITH"},{"data":"Ghostly","floor":24.0,"key":"SMITH"},{"data":"Ghostly","floor":28.0,"key":"SMITH"},{"data":"Ghostly","floor":32.0,"key":"SMITH"},{"floor":45.0,"key":"REST"},{"data":"Discovery","floor":47.0,"key":"SMITH"},{"data":"Tactician","floor":49.0,"key":"SMITH"}],"circlet_count":0,"master_deck":["AscendersBane","Strike_G","Strike_G","Defend_G","Defend_G","Defend_G","Defend_G","Defend_G","Survivor","Neutralize+1","Dual Wield+1","REME_Flogging+1","ReplayTheSpireMod:Scrap Shanks+1","Blade Dance","Cloak And Dagger","Doppelganger","Blur","Corpse Explosion","Blade Dance","Die Die Die","REME_GreenPollution","Terror","Caltrops","Ghostly+1","Ghostly+1","Ghostly+1","ReplayTheSpireMod:Speed Training","Accuracy","Calculated Gamble+1","Tactician+1","Die Die Die","After Image","Footwork","Replay:BasicMightCard","Deep Breath","Specialist","Discovery+1","Footwork","ReplayTheSpireMod:Brewmster"],"relics":["Ring of the Serpent","REME_ComplimentaryCards","ReplayTheSpireMod:TigerMarble","Meat on the Bone","Mummified Hand","Lizard Tail","Chemical X","Replay:Baseball","Pocketwatch","REME_LowDesire","Gremlin Food","Orichalcum","Red Mask","Replay:Bandana","Replay:Bottled Snecko","REME_PuzzleBoxRelic"],"acts_visited":["Exordium","TheCity","TheBeyond"],"potions_floor_usage":[50,50,50,50,50,50,50],"damage_taken":[{"damage":0.0,"enemies":"Small Slimes","floor":1.0,"turns":4.0},{"damage":1.0,"enemies":"Cultist","floor":2.0,"turns":3.0},{"damage":0.0,"enemies":"2 Louse","floor":4.0,"turns":2.0},{"damage":0.0,"enemies":"Looter","floor":5.0,"turns":3.0},{"damage":17.0,"enemies":"Lagavulin Event","floor":7.0,"turns":5.0},{"damage":0.0,"enemies":"3 Louse","floor":10.0,"turns":2.0},{"damage":2.0,"enemies":"Blue Slaver","floor":11.0,"turns":3.0},{"damage":0.0,"enemies":"Gremlin Nob","floor":12.0,"turns":2.0},{"damage":2.0,"enemies":"2 Fungi Beasts","floor":14.0,"turns":2.0},{"damage":0.0,"enemies":"Hexaghost","floor":16.0,"turns":7.0},{"damage":8.0,"enemies":"2 Thieves","floor":18.0,"turns":2.0},{"damage":28.0,"enemies":"Slavers","floor":23.0,"turns":4.0},{"damage":18.0,"enemies":"Chosen","floor":27.0,"turns":6.0},{"damage":0.0,"enemies":"Shelled Parasite and Fungi","floor":29.0,"turns":4.0},{"damage":0.0,"enemies":"Snake Plant","floor":30.0,"turns":1.0},{"damage":0.0,"enemies":"Cultist and Chosen","floor":31.0,"turns":3.0},{"damage":16.0,"enemies":"Champ","floor":33.0,"turns":9.0},{"damage":8.0,"enemies":"3 Shapes","floor":35.0,"turns":4.0},{"damage":0.0,"enemies":"3 Darklings","floor":39.0,"turns":3.0},{"damage":21.0,"enemies":"Nemesis","floor":40.0,"turns":7.0},{"damage":0.0,"enemies":"4 Shapes","floor":41.0,"turns":1.0},{"damage":0.0,"enemies":"Maw","floor":42.0,"turns":6.0},{"damage":10.0,"enemies":"Giant Head","floor":44.0,"turns":7.0},{"damage":0.0,"enemies":"Sphere and 2 Shapes","floor":48.0,"turns":2.0},{"damage":24,"enemies":"Awakened One","floor":50,"turns":8}],"seed_played":"7875022856309493700","potions_obtained":[{"floor":1.0,"key":"Swift Potion"},{"floor":4.0,"key":"DistilledChaos"},{"floor":16.0,"key":"Poison Potion"},{"floor":18.0,"key":"Doom Potion"},{"floor":27.0,"key":"Milkshake"},{"floor":29.0,"key":"Strength Potion"},{"floor":42.0,"key":"EssenceOfSteel"},{"floor":44.0,"key":"Ancient Potion"}],"is_trial":false,"path_per_floor":["M","M","?","M","M","R","?","?","T","M","M","E","R","M","R","B",null,"M","?","$","?","?","E","R","$","T","M","R","M","M","M","R","B",null,"M","$","?","?","M","E","M","M","T","E","R","?","R","M","R","B",null],"character_chosen":"THE_SILENT","items_purchased":["Chemical X","Terror","Caltrops","Accuracy","Replay:BasicMightCard"],"campfire_rested":1,"item_purchase_floors":[20,20,20,25,36],"current_hp_per_floor":[59,58,58,58,58,58,41,36,36,36,34,34,34,32,32,32,53,45,29,29,29,29,13,13,13,13,28,28,28,28,28,28,24,30,22,22,22,12,24,15,27,27,27,17,26,26,26,26,26,14],"gold":192,"neow_bonus":"RANDOM_COLORLESS_2","is_daily":false,"chose_seed":false,"campfire_upgraded":8,"win_rate":0.0,"timestamp":1607945500,"path_taken":["M","M","?","M","?","R","?","?","T","M","M","E","R","M","R","BOSS","M","?","$","?","?","E","R","?","T","M","R","M","M","M","R","BOSS","M","$","?","?","M","E","M","M","T","E","R","?","R","M","R","BOSS"],"items_purchased_type":["Relic","Card","Card","Card","Card"],"build_version":"2020-12-13","purchased_purges":1,"victory":true,"max_hp_per_floor":[60,60,60,60,60,60,60,60,60,60,60,60,60,60,60,60,60,60,65,65,65,32,32,32,32,32,32,32,32,32,32,32,32,32,32,32,32,32,32,32,32,32,32,32,32,32,32,32,32,32],"card_choices":[{"not_picked":["Mayhem","HandOfGreed"],"picked":"REME_Flogging","floor":0.0},{"not_picked":["Underhanded Strike","Calculated Gamble"],"picked":"ReplayTheSpireMod:Scrap Shanks","floor":1.0},{"not_picked":["Underhanded Strike","Masterful Stab"],"picked":"Blade Dance","floor":2.0},{"not_picked":["Deflect","Sucker Punch"],"picked":"Cloak And Dagger","floor":4.0},{"not_picked":["ReplayTheSpireMod:The Works","ReplayTheSpireMod:Exploit Weakness"],"picked":"Doppelganger","floor":5.0},{"not_picked":["Dagger Spray","Deflect"],"picked":"Blur","floor":10.0},{"not_picked":["Backflip","Quick Slash","Hidden Blade"],"picked":"SKIP","floor":11.0},{"not_picked":["Dagger Throw","Backflip"],"picked":"Corpse Explosion","floor":12.0},{"not_picked":["Quick Slash","Cloak And Dagger","Blade Dance"],"picked":"SKIP","floor":14.0},{"not_picked":["Quick Slash","Cloak And Dagger"],"picked":"Blade Dance","floor":14.0},{"not_picked":["REME_GrazeFinale","Grand Finale"],"picked":"Die Die Die","floor":16.0},{"not_picked":["Backflip","Flying Knee"],"picked":"REME_GreenPollution","floor":18.0},{"not_picked":["Cloak And Dagger","Prepared"],"picked":"ReplayTheSpireMod:Speed Training","floor":23.0},{"not_picked":["Catalyst","Sneak Up+1"],"picked":"Calculated Gamble+1","floor":27.0},{"not_picked":["Dagger Spray","Hidden Blade+1"],"picked":"Tactician","floor":29.0},{"not_picked":["Slice","All Out Attack","Outmaneuver"],"picked":"SKIP","floor":30.0},{"not_picked":["Concentrate","Die Die Die","REME_ShadowStrike"],"picked":"SKIP","floor":31.0},{"not_picked":["Concentrate","REME_ShadowStrike"],"picked":"Die Die Die","floor":31.0},{"not_picked":["A Thousand Cuts","Poison Darts"],"picked":"After Image","floor":33.0},{"not_picked":["Cloak And Dagger","Dagger Throw","REME_MagicPocketWatch+1"],"picked":"Footwork","floor":35.0},{"not_picked":["REME_BattleFury","Replay:Bootleg Shield Generator"],"picked":"Deep Breath","floor":38.0},{"not_picked":["ReplayTheSpireMod:Uncanny Aura","PanicButton"],"picked":"Specialist","floor":38.0},{"not_picked":["Metamorphosis","Dramatic Entrance"],"picked":"Discovery","floor":38.0},{"not_picked":["Slice+1","All Out Attack+1","REME_ProfessionalPlagiarism"],"picked":"Footwork","floor":39.0},{"not_picked":["Dagger Throw","REME_GreenPollution","Eviscerate"],"picked":"ReplayTheSpireMod:Brewmster","floor":40.0},{"not_picked":["Poisoned Stab+1","Dagger Throw","Choke","Replay:Bootleg Shield Generator+1"],"picked":"SKIP","floor":41.0},{"not_picked":["Finisher","Slice","Dagger Throw+1","Mind Blast"],"picked":"SKIP","floor":42.0},{"not_picked":["All Out Attack+1","Deflect+1","Caltrops","Violence"],"picked":"SKIP","floor":44.0},{"not_picked":["Eviscerate","Distraction","Deadly Poison","Crow Ritual"],"picked":"SKIP","floor":48.0}],"player_experience":546481,"relics_obtained":[{"floor":9.0,"key":"Mummified Hand"},{"floor":12.0,"key":"Lizard Tail"},{"floor":23.0,"key":"Replay:Baseball"},{"floor":26.0,"key":"Pocketwatch"},{"floor":34.0,"key":"Gremlin Food"},{"floor":34.0,"key":"Orichalcum"},{"floor":40.0,"key":"Replay:Bandana"},{"floor":43.0,"key":"Replay:Bottled Snecko"},{"floor":44.0,"key":"REME_PuzzleBoxRelic"}],"event_choices":[{"cards_removed":["Strike_G"],"damage_healed":0.0,"max_hp_gain":0.0,"max_hp_loss":0.0,"gold_gain":0.0,"event_name":"Bonfire Elementals","player_choice":"Offered Basic","floor":3.0,"gold_loss":0.0,"damage_taken":0.0},{"damage_healed":0.0,"max_hp_gain":0.0,"max_hp_loss":0.0,"gold_gain":0.0,"event_name":"Dead Adventurer","player_choice":"Searched \u00272\u0027 times","floor":7.0,"gold_loss":0.0,"damage_taken":0.0,"relics_obtained":["ReplayTheSpireMod:TigerMarble"]},{"damage_healed":0.0,"max_hp_gain":0.0,"max_hp_loss":0.0,"gold_gain":0.0,"event_name":"Scrap Ooze","player_choice":"Success","floor":8.0,"gold_loss":0.0,"damage_taken":5.0,"relics_obtained":["Meat on the Bone"]},{"damage_healed":0.0,"max_hp_gain":5.0,"max_hp_loss":0.0,"gold_gain":0.0,"event_name":"Forgotten Altar","player_choice":"Shed Blood","floor":19.0,"gold_loss":0.0,"damage_taken":21.0},{"damage_healed":0.0,"max_hp_gain":0.0,"max_hp_loss":33.0,"gold_gain":0.0,"event_name":"Ghosts","player_choice":"Became a Ghost","floor":22.0,"gold_loss":0.0,"damage_taken":0.0,"cards_obtained":["Ghostly","Ghostly","Ghostly"]},{"damage_healed":0.0,"max_hp_gain":0.0,"max_hp_loss":0.0,"gold_gain":0.0,"event_name":"Tomb of Lord Red Mask","player_choice":"Paid","floor":37.0,"gold_loss":55.0,"damage_taken":0.0,"relics_obtained":["Red Mask"]},{"damage_healed":0.0,"max_hp_gain":0.0,"max_hp_loss":0.0,"gold_gain":0.0,"event_name":"SensoryStone","player_choice":"Memory 3","floor":38.0,"gold_loss":0.0,"damage_taken":10.0},{"cards_removed":["Strike_G"],"damage_healed":0.0,"max_hp_gain":0.0,"max_hp_loss":0.0,"gold_gain":0.0,"event_name":"Purifier","player_choice":"Purged","floor":46.0,"gold_loss":0.0,"damage_taken":0.0}],"is_beta":false,"boss_relics":[{"not_picked":["Kintsugi","Cursed Key"],"picked":"Ring of the Serpent"},{"not_picked":["Tiny House","Ring of Chaos"],"picked":"REME_LowDesire"}],"items_purged_floors":[20],"is_endless":false,"potions_floor_spawned":[1,4,5,16,18,27,29,42,44],"ascension_level":19}}