{"host":"qw1m3zcvi888b4j7","time":1607982334,"event":{"mods":["AchievementEnabler","BaseMod","Block Reminder","Colored Map","Colored Powertips","DeckTracker","Highlight Path","Minty Spire (QoL Compilation)","Quick Restart","Rare Cards Sparkle","Relic Sorter","Relic Stats"],"gold_per_floor":[117,130,130,130,144,144,173,188,188,188,188,188],"floor_reached":11,"playtime":544,"items_purged":[],"score":73,"play_id":"96e75022-c5c8-42ae-803a-ce68d225ff21","local_time":"20201214224534","is_ascension_mode":false,"campfire_choices":[{"floor":6,"key":"RECALL"},{"floor":10,"key":"REST"}],"circlet_count":0,"master_deck":["Strike_P","Strike_P","Strike_P","Strike_P","Defend_P","Defend_P","Defend_P","Defend_P","Eruption","Vigilance","Prostrate","MentalFortress","FlurryOfBlows","WaveOfTheHand","Halt"],"relics":["PureWater","Vajra","Tiny Chest"],"acts_visited":["Exordium"],"potions_floor_usage":[2,7,7,7],"damage_taken":[{"damage":0,"enemies":"2 Louse","floor":1,"turns":2},{"damage":0,"enemies":"Jaw Worm","floor":2,"turns":2},{"damage":0,"enemies":"Cultist","floor":5,"turns":3},{"damage":45,"enemies":"3 Sentries","floor":7,"turns":7},{"damage":22,"enemies":"Red Slaver","floor":8,"turns":2},{"damage":41,"enemies":"Lagavulin","floor":11,"turns":8}],"seed_played":"-396198938646288531","potions_obtained":[{"floor":0,"key":"Regen Potion"},{"floor":0,"key":"DistilledChaos"},{"floor":0,"key":"Dexterity Potion"},{"floor":4,"key":"PowerPotion"}],"is_trial":false,"path_per_floor":["M","M","?","?","M","R","E","M","T","R","E"],"character_chosen":"WATCHER","items_purchased":[],"campfire_rested":1,"item_purchase_floors":[],"current_hp_per_floor":[72,72,72,72,72,72,42,20,20,41,0,0],"gold":188,"neow_bonus":"THREE_SMALL_POTIONS","is_daily":false,"chose_seed":false,"campfire_upgraded":0,"win_rate":0.0,"timestamp":1607982334,"path_taken":["M","M","?","?","M","R","E","?","T","R","E"],"items_purchased_type":[],"build_version":"2020-12-13","purchased_purges":0,"victory":false,"max_hp_per_floor":[72,72,72,72,72,72,72,72,72,72,72,72],"relic_stats":{"counters":[6,24],"Tiny Chest":0,"obtain_stats":[{"Vajra":7,"Tiny Chest":9,"PureWater":0},{"Vajra":4,"Tiny Chest":5,"PureWater":0},{"Vajra":14,"Tiny Chest":16,"PureWater":0}]},"card_choices":[{"not_picked":["FollowUp","Perseverance"],"picked":"Prostrate","floor":1},{"not_picked":["Protect","Perseverance"],"picked":"MentalFortress","floor":2},{"not_picked":["Protect","ClearTheMind"],"picked":"FlurryOfBlows","floor":5},{"not_picked":["JustLucky","Protect"],"picked":"WaveOfTheHand","floor":7},{"not_picked":["Pray","ThirdEye"],"picked":"Halt","floor":8}],"player_experience":81392,"relics_obtained":[{"floor":7,"key":"Vajra"},{"floor":9,"key":"Tiny Chest"}],"event_choices":[{"damage_healed":0,"gold_gain":0,"player_choice":"Leave","damage_taken":0,"max_hp_gain":0,"max_hp_loss":0,"event_name":"The Cleric","floor":3,"gold_loss":0},{"damage_healed":0,"gold_gain":0,"player_choice":"Got Potions","damage_taken":0,"max_hp_gain":0,"max_hp_loss":0,"event_name":"Lab","floor":4,"gold_loss":0}],"is_beta":false,"boss_relics":[],"items_purged_floors":[],"is_endless":false,"potions_floor_spawned":[1],"killed_by":"Lagavulin","ascension_level":0}}