{"host":"7t8rqoeeopyy0nh0","time":1607938936,"event":{"mods":["AchievementEnabler","BaseMod","Better Third Choice","BetterRewards","Colored Map","Colored Powertips","Downfall","Hubris","Infinite Spire","Minty Spire (QoL Compilation)","Replay The Spire","StSLib"],"gold_per_floor":[110,44,60,60,78,78,96,96,96,106,131,55,85,99,99,99,99],"floor_reached":16,"playtime":867,"items_purged":[],"score":218,"play_id":"5723aee6-2010-4214-9321-2540cb0f00e7","local_time":"20201214044216","is_ascension_mode":true,"campfire_choices":[{"data":"Bash","floor":6,"key":"SMITH"},{"data":"Shrug It Off","floor":8,"key":"SMITH"},{"floor":15,"key":"REST"}],"circlet_count":0,"master_deck":["AscendersBane","Strike_R","Strike_R","Strike_R","Strike_R","Defend_R","Defend_R","Defend_R","Defend_R","Bash+1","Shrug It Off+1","hubris:CleavingFinish","hubris:CleavingFinish","Reaper","Seeing Red","hubris:StunningStrike","ReplayTheSpireMod:LeadingStrike","Juggernaut"],"relics":["Burning Blood","White Beast Statue","Replay:Rubber Ducky","hubris:MysteriousPyramids"],"acts_visited":["Exordium"],"potions_floor_usage":[10,11,13,13,14],"damage_taken":[{"damage":17,"enemies":"infinitespire:Voidling","floor":1,"turns":5},{"damage":0,"enemies":"Cultist","floor":3,"turns":3},{"damage":0,"enemies":"2 Louse","floor":5,"turns":2},{"damage":4,"enemies":"Looter","floor":7,"turns":3},{"damage":2,"enemies":"3 Louse","floor":10,"turns":4},{"damage":32,"enemies":"Gremlin Nob","floor":11,"turns":4},{"damage":47,"enemies":"Replay:BlueRogue","floor":13,"turns":11},{"damage":11,"enemies":"Gremlin Gang","floor":14,"turns":6},{"damage":53,"enemies":"Slime Boss","floor":16,"turns":7}],"seed_played":"-736976052754603556","potions_obtained":[{"floor":5,"key":"Fire Potion"},{"floor":7,"key":"hexamod:EctoCoolerPotion"},{"floor":10,"key":"Explosive Potion"},{"floor":11,"key":"DuplicationPotion"},{"floor":13,"key":"Slimebound:ThreeZeroPotion"},{"floor":14,"key":"ElixirPotion"}],"is_trial":false,"path_per_floor":["M","$","M","?","M","R","M","R","T","M","E","$","E","M","R","B"],"character_chosen":"IRONCLAD","items_purchased":["hubris:CleavingFinish","hubris:StunningStrike"],"campfire_rested":1,"item_purchase_floors":[2,12],"current_hp_per_floor":[76,76,82,82,82,82,82,82,82,82,60,60,21,25,49,4,4],"gold":99,"neow_bonus":"TEN_PERCENT_HP_BONUS","is_daily":false,"chose_seed":false,"campfire_upgraded":2,"win_rate":0.0,"timestamp":1607938936,"path_taken":["M","$","?","?","M","R","M","R","T","?","E","$","E","M","R","BOSS"],"items_purchased_type":["Card","Card"],"build_version":"2020-12-13","purchased_purges":0,"victory":false,"max_hp_per_floor":[82,82,82,82,82,82,82,82,82,82,82,82,82,82,82,82,82],"card_choices":[{"not_picked":["Replay:Undeath\u0027s Touch","Flame Barrier"],"picked":"Shrug It Off","floor":1},{"not_picked":["Shrug It Off","Warcry","ReplayTheSpireMod:Corrosion Curse"],"picked":"SKIP","floor":3},{"not_picked":["ReplayTheSpireMod:Strike From Hell","Uppercut"],"picked":"Reaper","floor":5},{"not_picked":["Perfected Strike","Flex","Headbutt"],"picked":"SKIP","floor":7},{"not_picked":["Fire Breathing","Run Through","Replay:Undeath\u0027s Touch"],"picked":"SKIP","floor":10},{"not_picked":["Double Tap","Shrug It Off"],"picked":"Seeing Red","floor":11},{"not_picked":["Cleave","True Grit"],"picked":"ReplayTheSpireMod:LeadingStrike","floor":13},{"not_picked":["Body Slam","Warcry"],"picked":"Juggernaut","floor":14}],"player_experience":318174,"relics_obtained":[{"floor":9,"key":"White Beast Statue"},{"floor":11,"key":"Replay:Rubber Ducky"},{"floor":13,"key":"hubris:MysteriousPyramids"}],"event_choices":[{"cards_removed":["Strike_R"],"damage_healed":0,"gold_gain":0,"player_choice":"Offered Basic","damage_taken":0,"max_hp_gain":0,"max_hp_loss":0,"event_name":"Bonfire Elementals","floor":4,"gold_loss":0}],"is_beta":false,"boss_relics":[],"items_purged_floors":[],"is_endless":false,"potions_floor_spawned":[5,7,10,11,13,14],"killed_by":"Slime Boss","ascension_level":19}}