{"host":"2ejh8pm4r3nhfji7","time":1607984755,"event":{"mods":["AchievementEnabler","BaseMod","Better Altar","Better Note","Better Sensory Stone","Better Skull","Better Third Choice","Better Vampires","Block Reminder","Colored Map","Colored Powertips","Hermit","Minty Spire (QoL Compilation)","Rare Cards Sparkle","Slay-I","StSLib"],"gold_per_floor":[99,99,174,139,64,64,64,77,77,92,112,112,112,143,143,143,143],"floor_reached":16,"playtime":1244,"items_purged":[],"score":102,"play_id":"7c5e89b2-da37-4454-b710-c3ec478d4f79","local_time":"20201214202555","is_ascension_mode":false,"campfire_choices":[{"data":"Defend_R","floor":6,"key":"SMITH"},{"data":"Entrench","floor":13,"key":"PURGE"},{"data":"Defend_R","floor":15,"key":"SMITH"}],"circlet_count":0,"master_deck":["Strike_R","Strike_R","Strike_R","Strike_R","Strike_R","Defend_R+1","Defend_R+1","Defend_R","Defend_R","Bash","Thunderclap","Anger","Flex","Iron Wave","Flex","Blood for Blood","Cleave","Fiend Fire"],"relics":["Burning Blood","Peace Pipe","Toxic Egg 2"],"acts_visited":["Exordium"],"potions_floor_usage":[16],"damage_taken":[{"damage":19,"enemies":"Small Slimes","floor":1,"turns":5},{"damage":6,"enemies":"Jaw Worm","floor":2,"turns":4},{"damage":11,"enemies":"2 Louse","floor":7,"turns":3},{"damage":1,"enemies":"2 Fungi Beasts","floor":8,"turns":4},{"damage":19,"enemies":"Large Slime","floor":10,"turns":6},{"damage":20,"enemies":"Gremlin Gang","floor":11,"turns":6},{"damage":32,"enemies":"3 Sentries","floor":14,"turns":7},{"damage":50,"enemies":"The Guardian","floor":16,"turns":9}],"seed_played":"5633907832510103655","potions_obtained":[{"floor":11,"key":"Block Potion"}],"is_trial":false,"path_per_floor":["M","M","?","?","$","R","M","M","T","M","M","?","R","E","R","B"],"character_chosen":"IRONCLAD","items_purchased":["Anger","Flex"],"campfire_rested":0,"item_purchase_floors":[5,5],"current_hp_per_floor":[67,67,56,76,76,76,71,76,76,63,49,75,75,49,49,0,0],"gold":143,"neow_bonus":"","is_daily":false,"chose_seed":false,"campfire_upgraded":2,"win_rate":0.0,"timestamp":1607984755,"path_taken":["M","M","?","?","?","R","M","M","T","M","M","?","R","E","R","BOSS"],"items_purchased_type":["Card","Card"],"build_version":"2020-12-13","purchased_purges":0,"victory":false,"max_hp_per_floor":[80,80,80,80,80,80,80,80,80,80,80,80,80,80,80,80,80],"card_choices":[{"not_picked":["Cleave","Shrug It Off"],"picked":"Entrench","floor":1},{"not_picked":["Body Slam","Rupture"],"picked":"Thunderclap","floor":2},{"not_picked":["Perfected Strike","True Grit"],"picked":"Iron Wave","floor":7},{"not_picked":["Iron Wave","Shrug It Off"],"picked":"Flex","floor":8},{"not_picked":["Pommel Strike","Headbutt"],"picked":"Blood for Blood","floor":10},{"not_picked":["Whirlwind","Iron Wave"],"picked":"Cleave","floor":11},{"not_picked":["Headbutt","Carnage"],"picked":"Fiend Fire","floor":14}],"player_experience":0,"relics_obtained":[{"floor":9,"key":"Peace Pipe"},{"floor":14,"key":"Toxic Egg 2"}],"event_choices":[{"damage_healed":0,"gold_gain":75,"player_choice":"Gold","damage_taken":11,"max_hp_gain":0,"max_hp_loss":0,"event_name":"betterThird:BetterGoop","floor":3,"gold_loss":0},{"damage_healed":20,"gold_gain":0,"player_choice":"Healed","damage_taken":0,"max_hp_gain":0,"max_hp_loss":0,"event_name":"The Cleric","floor":4,"gold_loss":35},{"damage_healed":26,"gold_gain":0,"player_choice":"Banana","damage_taken":0,"max_hp_gain":0,"max_hp_loss":0,"event_name":"Big Fish","floor":12,"gold_loss":0}],"is_beta":false,"boss_relics":[],"items_purged_floors":[],"is_endless":false,"potions_floor_spawned":[2,11],"killed_by":"The Guardian","ascension_level":0}}