{"host":"hlg6scarqnxczons","time":1607966672,"event":{"mods":["BaseMod","Conspire","Custom Start","Downfall","Emptier Cage","Friendly Minions","Gold Saver","Infinite Spire","Marisa????????","Minty Spire (QoL Compilation)","Quick Restart","Replay The Spire","StSLib","The Bug Knight","UnlockEverythingMod"],"gold_per_floor":[249,249,249,275,290,290,290],"floor_reached":6,"playtime":337,"items_purged":[],"score":36,"play_id":"d11e2ffa-2a3e-412a-9b9f-80a91c2e2c67","local_time":"20201214172432","daily_mods":["Heirloom","Flight","DeadlyEvents","Elite Swarm"],"is_ascension_mode":true,"campfire_choices":[],"circlet_count":0,"master_deck":["HollowMod:NailStrikeStart","HollowMod:NailStrikeStart","HollowMod:NailStrikeStart","HollowMod:QuickDashStart","HollowMod:QuickDashStart","HollowMod:QuickDashStart","HollowMod:QuickDashStart","HollowMod:FocusHealStart","HollowMod:PogoStrike"],"relics":["HollowMod:VesselMask","Durian","Omamori","Counterbalance"],"acts_visited":["Exordium"],"potions_floor_usage":[],"damage_taken":[{"damage":13,"enemies":"Jaw Worm","floor":1,"turns":3},{"damage":11,"enemies":"2 Louse","floor":5,"turns":3},{"damage":51,"enemies":"Lagavulin","floor":6,"turns":11}],"seed_played":"-2752132606134706764","potions_obtained":[],"is_trial":true,"path_per_floor":["M","?","?","?","M","E"],"character_chosen":"THE_BUGKNIGHT","items_purchased":[],"campfire_rested":0,"item_purchase_floors":[],"current_hp_per_floor":[67,60,42,42,31,0,0],"gold":290,"neow_bonus":"","is_daily":false,"chose_seed":false,"campfire_upgraded":0,"win_rate":0.0,"timestamp":1607966672,"path_taken":["M","?","?","?","?","E"],"items_purchased_type":[],"build_version":"2020-12-13","purchased_purges":0,"victory":false,"max_hp_per_floor":[80,80,80,80,80,80,80],"card_choices":[{"not_picked":["HollowMod:VengefulVoid","HollowMod:SharpenedNail","HollowMod:CloakDash"],"picked":"SKIP","floor":1},{"not_picked":["HollowMod:DesolateDive","HollowMod:WraithStrike","HollowMod:SoulSplash"],"picked":"SKIP","floor":5}],"player_experience":120015,"relics_obtained":[{"floor":4,"key":"Counterbalance"}],"event_choices":[{"cards_removed":["HollowMod:NailStrikeStart"],"damage_healed":0,"gold_gain":0,"player_choice":"Card Removal","damage_taken":7,"max_hp_gain":0,"max_hp_loss":0,"event_name":"Golden Wing","floor":2,"gold_loss":0},{"damage_healed":0,"gold_gain":0,"player_choice":"Success","damage_taken":18,"relics_obtained":["Omamori"],"max_hp_gain":0,"max_hp_loss":0,"event_name":"Scrap Ooze","floor":3,"gold_loss":0}],"is_beta":false,"boss_relics":[],"items_purged_floors":[],"is_endless":false,"potions_floor_spawned":[],"killed_by":"Lagavulin","ascension_level":1}}