{"host":"qm4rv4rkpk76sbxu","time":1607966411,"event":{"mods":["BaseMod","Bestiary","Block Reminder","DeckTracker","Filter the Spire","Keyboard Shortcuts","Minty Spire (QoL Compilation)","MonsterHotkey","Potion Indicator Mod","Quick Restart","Random Character Button","Relic Stats","Slay-I","StSLib","ojb\u0027s Better Paths Mod"],"gold_per_floor":[118,128,128,51,51,51,84,84,84,128,142,157,82,113,113,206,206,230,246,521,6,29,29,29],"floor_reached":23,"playtime":961,"items_purged":["Regret"],"score":418,"play_id":"8743a5dc-c0c2-4c0b-bfdd-a035ab50e02b","local_time":"20201214182011","is_ascension_mode":true,"campfire_choices":[{"data":"Streamline","floor":6.0,"key":"SMITH"},{"data":"Zap","floor":8.0,"key":"SMITH"},{"data":"Dualcast","floor":15.0,"key":"SMITH"}],"circlet_count":0,"master_deck":["AscendersBane","Strike_B","Strike_B","Defend_B+1","Defend_B+1","Defend_B","Defend_B","Zap+1","Dualcast+1","Sweeping Beam","Streamline+1","Cold Snap","All For One","Defragment+1","Doom and Gloom","Defragment+1","Defragment+1","Echo Form+1","FTL","Capacitor+1","Chill","Good Instincts"],"relics":["Cracked Core","Golden Idol","Frozen Egg 2","Singing Bowl","Blue Candle","War Paint","SlaversCollar","Bronze Scales"],"acts_visited":["Exordium","TheCity"],"potions_floor_usage":[],"damage_taken":[{"damage":7.0,"enemies":"Jaw Worm","floor":1.0,"turns":3.0},{"damage":1.0,"enemies":"Cultist","floor":2.0,"turns":3.0},{"damage":3.0,"enemies":"3 Sentries","floor":7.0,"turns":8.0},{"damage":31.0,"enemies":"Gremlin Nob","floor":10.0,"turns":4.0},{"damage":0.0,"enemies":"Small Slimes","floor":11.0,"turns":2.0},{"damage":5.0,"enemies":"Exordium Thugs","floor":12.0,"turns":3.0},{"damage":9.0,"enemies":"3 Sentries","floor":14.0,"turns":6.0},{"damage":6.0,"enemies":"The Guardian","floor":16.0,"turns":8.0},{"damage":5.0,"enemies":"3 Byrds","floor":18.0,"turns":5.0},{"damage":22.0,"enemies":"Chosen","floor":19.0,"turns":5.0},{"damage":14.0,"enemies":"Snake Plant","floor":22.0,"turns":3.0},{"damage":14,"enemies":"Book of Stabbing","floor":23,"turns":2}],"seed_played":"2720343983315794533","potions_obtained":[{"floor":1.0,"key":"EssenceOfSteel"},{"floor":2.0,"key":"EssenceOfSteel"},{"floor":10.0,"key":"PowerPotion"},{"floor":12.0,"key":"ColorlessPotion"},{"floor":14.0,"key":"EssenceOfDarkness"},{"floor":18.0,"key":"DuplicationPotion"},{"floor":19.0,"key":"CultistPotion"}],"is_trial":false,"path_per_floor":["M","M","?","$","?","R","E","R","T","E","M","M","?","E","R","B",null,"M","M","?","$","M","E"],"character_chosen":"DEFECT","items_purchased":["All For One","Capacitor+1","Chill","Bronze Scales","Good Instincts","PowerPotion"],"campfire_rested":0,"item_purchase_floors":[4,21,21,21,21,21],"current_hp_per_floor":[57,56,56,56,56,56,53,53,53,22,24,19,19,10,10,4,51,48,26,26,26,14,0,0],"gold":29,"neow_bonus":"THREE_CARDS","is_daily":false,"chose_seed":false,"campfire_upgraded":3,"win_rate":0.0,"timestamp":1607966411,"path_taken":["M","M","?","?","?","R","E","R","T","E","M","?","?","E","R","BOSS","M","M","?","$","?","E"],"items_purchased_type":["Card","Card","Card","Relic","Card","Potion"],"build_version":"2020-12-13","purchased_purges":1,"victory":false,"max_hp_per_floor":[71,71,71,71,64,64,64,64,64,64,66,66,66,66,66,66,66,68,68,68,68,70,70,70],"relic_stats":{"Singing Bowl":6,"counters":[12,52],"Golden Idol":69,"Blue Candle":[0],"Bronze Scales":[18],"War Paint":["Defend_B","Defend_B"],"obtain_stats":[{"SlaversCollar":17,"Singing Bowl":9,"Golden Idol":5,"Blue Candle":10,"Bronze Scales":21,"Frozen Egg 2":7,"War Paint":14,"Cracked Core":0},{"SlaversCollar":8,"Singing Bowl":3,"Golden Idol":2,"Blue Candle":4,"Bronze Scales":10,"Frozen Egg 2":3,"War Paint":7,"Cracked Core":0},{"SlaversCollar":37,"Singing Bowl":14,"Golden Idol":6,"Blue Candle":18,"Bronze Scales":47,"Frozen Egg 2":14,"War Paint":29,"Cracked Core":0}]},"card_choices":[{"not_picked":["Barrage","Stack"],"picked":"Sweeping Beam","floor":0.0},{"not_picked":["BootSequence","Sweeping Beam"],"picked":"Streamline","floor":1.0},{"not_picked":["Reinforced Body","Steam"],"picked":"Cold Snap","floor":2.0},{"not_picked":["Skim","All For One"],"picked":"Defragment+1","floor":7.0},{"not_picked":["Ball Lightning","Redo"],"picked":"Doom and Gloom","floor":10.0},{"not_picked":["Turbo","Storm+1","Streamline"],"picked":"Singing Bowl","floor":11.0},{"not_picked":["Reprogram","Coolheaded"],"picked":"Defragment+1","floor":12.0},{"not_picked":["Conserve Battery","Rebound"],"picked":"Defragment+1","floor":14.0},{"not_picked":["Amplify","Hyperbeam"],"picked":"Echo Form+1","floor":16.0},{"not_picked":["Auto Shields","Aggregate","White Noise"],"picked":"Singing Bowl","floor":18.0},{"not_picked":["Barrage","Beam Cell"],"picked":"FTL","floor":19.0},{"not_picked":["Go for the Eyes","Lockon","Rebound"],"picked":"Singing Bowl","floor":22.0}],"player_experience":1049785,"relics_obtained":[{"floor":7.0,"key":"Frozen Egg 2"},{"floor":9.0,"key":"Singing Bowl"},{"floor":10.0,"key":"Blue Candle"},{"floor":14.0,"key":"War Paint"}],"event_choices":[{"cards_removed":["Strike_B"],"damage_healed":0.0,"max_hp_gain":0.0,"max_hp_loss":0.0,"gold_gain":0.0,"event_name":"Wheel of Change","player_choice":"Card Removal","floor":3.0,"gold_loss":0.0,"damage_taken":0.0},{"damage_healed":0.0,"max_hp_gain":0.0,"max_hp_loss":7.0,"gold_gain":0.0,"event_name":"Golden Idol","player_choice":"Lose Max HP","floor":5.0,"gold_loss":0.0,"damage_taken":0.0,"relics_obtained":["Golden Idol"]},{"cards_removed":["Strike_B"],"damage_healed":0.0,"max_hp_gain":0.0,"max_hp_loss":0.0,"gold_gain":0.0,"event_name":"The Cleric","player_choice":"Card Removal","floor":13.0,"gold_loss":75.0,"damage_taken":0.0},{"damage_healed":0.0,"max_hp_gain":0.0,"max_hp_loss":0.0,"gold_gain":275.0,"event_name":"Golden Shrine","player_choice":"Desecrate","floor":20.0,"gold_loss":0.0,"damage_taken":0.0,"cards_obtained":["Regret"]}],"is_beta":false,"boss_relics":[{"not_picked":["Runic Dome","Ectoplasm"],"picked":"SlaversCollar"}],"items_purged_floors":[21],"is_endless":false,"potions_floor_spawned":[1,2,10,12,14,18,19],"killed_by":"Book of Stabbing","ascension_level":20}}