{"host":"0tiuc76yumknr6qf","time":1607915031,"event":{"mods":["BaseMod","Minty Spire (QoL Compilation)","StSLib"],"gold_per_floor":[111,123,143,143,153,153,187,187,235,267,53,65,65,80,80,156,156,176,91,91,91,107,136,148,85,112,141,169,183,212,230,230,304,304,321,161,177,190,200,200,218,243,243,243,261,290,290,317,317,317,317,317,317,58,83,83],"floor_reached":57,"playtime":5954,"items_purged":["Writhe"],"score":2939,"play_id":"58eac270-4baf-451e-b156-643e44b38205","local_time":"20201213210351","is_ascension_mode":true,"campfire_choices":[{"data":"Carnage","floor":6.0,"key":"SMITH"},{"data":"Wild Strike","floor":8.0,"key":"SMITH"},{"data":"Uppercut","floor":15.0,"key":"SMITH"},{"data":"Evolve","floor":24.0,"key":"SMITH"},{"data":"Armaments","floor":32.0,"key":"SMITH"},{"data":"Shockwave","floor":40.0,"key":"SMITH"},{"floor":44,"key":"RECALL"},{"data":"Shockwave","floor":49,"key":"SMITH"},{"data":"Panache","floor":53,"key":"SMITH"}],"circlet_count":0,"master_deck":["AscendersBane","Strike_R+1","Strike_R+1","Strike_R+1","Strike_R+1","Defend_R+1","Defend_R+1","Defend_R+1","Defend_R+1","Bash","Wild Strike+1","Disarm+1","Carnage+1","Feel No Pain","Clothesline","Evolve+1","Shrug It Off","Uppercut+1","Shockwave+1","Corruption","Armaments+1","Flame Barrier+1","Flame Barrier","Ghostly Armor","Feed","Power Through","Barricade","Flex+1","Shrug It Off","Power Through","Shockwave+1","Second Wind","Body Slam+1","Feel No Pain","Panache+1","The Bomb","Dark Embrace","Sword Boomerang+1","Armaments","Disarm"],"relics":["Burning Blood","Blood Vial","Pear","Lantern","Red Skull","Happy Flower","Snecko Eye","PreservedInsect","Bag of Preparation","MawBank","Red Mask","War Paint","Dream Catcher","Busted Crown","Orrery","Bottled Tornado","Molten Egg 2","Pantograph","Nunchaku","Anchor"],"acts_visited":["Exordium","TheCity","TheBeyond","TheEnding"],"potions_floor_usage":[42,56],"damage_taken":[{"damage":5.0,"enemies":"2 Louse","floor":1.0,"turns":4.0},{"damage":6.0,"enemies":"Cultist","floor":2.0,"turns":3.0},{"damage":14.0,"enemies":"Jaw Worm","floor":3.0,"turns":3.0},{"damage":7.0,"enemies":"2 Fungi Beasts","floor":5.0,"turns":3.0},{"damage":32.0,"enemies":"Gremlin Nob","floor":7.0,"turns":4.0},{"damage":9.0,"enemies":"Lagavulin","floor":10.0,"turns":5.0},{"damage":17.0,"enemies":"3 Louse","floor":12.0,"turns":3.0},{"damage":5.0,"enemies":"Large Slime","floor":14.0,"turns":5.0},{"damage":22.0,"enemies":"The Guardian","floor":16.0,"turns":9.0},{"damage":0.0,"enemies":"3 Byrds","floor":18.0,"turns":4.0},{"damage":0.0,"enemies":"2 Thieves","floor":22.0,"turns":3.0},{"damage":16.0,"enemies":"Gremlin Leader","floor":23.0,"turns":4.0},{"damage":0.0,"enemies":"Masked Bandits","floor":27.0,"turns":2.0},{"damage":0.0,"enemies":"Book of Stabbing","floor":28.0,"turns":4.0},{"damage":0.0,"enemies":"Cultist and Chosen","floor":29.0,"turns":5.0},{"damage":10.0,"enemies":"Slavers","floor":30.0,"turns":4.0},{"damage":5.0,"enemies":"3 Cultists","floor":31.0,"turns":5.0},{"damage":59.0,"enemies":"Automaton","floor":33.0,"turns":14.0},{"damage":0.0,"enemies":"3 Shapes","floor":35.0,"turns":6.0},{"damage":19.0,"enemies":"3 Darklings","floor":37.0,"turns":8.0},{"damage":0.0,"enemies":"Sphere and 2 Shapes","floor":38.0,"turns":6.0},{"damage":16.0,"enemies":"Jaw Worm Horde","floor":39.0,"turns":5.0},{"damage":10.0,"enemies":"3 Darklings","floor":41.0,"turns":6.0},{"damage":0,"enemies":"Reptomancer","floor":42,"turns":7},{"damage":0,"enemies":"Writhing Mass","floor":45,"turns":5},{"damage":0,"enemies":"Nemesis","floor":46,"turns":9},{"damage":37,"enemies":"Awakened One","floor":50,"turns":21},{"damage":10,"enemies":"Time Eater","floor":51,"turns":15},{"damage":42,"enemies":"Shield and Spear","floor":55,"turns":5},{"damage":60,"enemies":"The Heart","floor":56,"turns":11}],"seed_played":"2356342678823035394","potions_obtained":[{"floor":3.0,"key":"Swift Potion"},{"floor":7.0,"key":"BlessingOfTheForge"},{"floor":10.0,"key":"SpeedPotion"},{"floor":27.0,"key":"ElixirPotion"},{"floor":29.0,"key":"DuplicationPotion"},{"floor":38.0,"key":"SkillPotion"},{"floor":42,"key":"FearPotion"}],"is_trial":false,"path_per_floor":["M","M","M","?","M","R","E","R","T","E","$","M","$","M","R","B",null,"M","?","?","?","M","E","R","$","T","?","E","M","E","M","R","B",null,"M","$","M","M","M","R","M","E","T","R","M","E","?","T","R","B","B",null,"R","$","E","B",null],"character_chosen":"IRONCLAD","items_purchased":["Happy Flower","Shrug It Off","Orrery","Dark Embrace","EssenceOfSteel","Sword Boomerang+1","Armaments"],"campfire_rested":0,"item_purchase_floors":[11,11,36,54,54,54,54],"current_hp_per_floor":[71,73,67,67,68,68,54,54,54,53,53,44,44,47,47,33,72,80,80,80,80,85,75,75,75,75,83,85,85,81,87,87,39,79,90,90,83,94,90,90,91,102,102,102,113,118,108,108,108,91,114,120,120,120,86,59],"gold":83,"neow_bonus":"RANDOM_COMMON_RELIC","is_daily":false,"chose_seed":false,"campfire_upgraded":8,"win_rate":0.0,"timestamp":1607915031,"path_taken":["M","M","M","?","?","R","E","R","T","E","$","M","$","M","R","BOSS","M","?","?","?","M","E","R","$","T","?","E","M","E","M","R","BOSS","M","$","M","M","M","R","M","E","T","R","M","E","?","?","R","BOSS","BOSS","R","$","E","BOSS"],"items_purchased_type":["Relic","Card","Relic","Card","Potion","Card","Card"],"build_version":"2020-12-13","purchased_purges":1,"victory":true,"max_hp_per_floor":[75,75,75,75,75,75,85,85,85,85,85,85,85,85,85,85,85,85,85,85,85,85,85,85,85,85,85,85,85,85,88,88,92,92,95,95,99,102,106,106,109,112,112,112,115,118,118,118,118,122,122,122,122,122,122,122],"card_choices":[{"not_picked":["Infernal Blade","Warcry"],"picked":"Wild Strike","floor":1.0},{"not_picked":["Reckless Charge","Sword Boomerang"],"picked":"Disarm","floor":2.0},{"not_picked":["Bloodletting","Second Wind"],"picked":"Carnage","floor":3.0},{"not_picked":["Perfected Strike","Heavy Blade"],"picked":"Feel No Pain","floor":5.0},{"not_picked":["Reckless Charge","Blood for Blood"],"picked":"Clothesline","floor":7.0},{"not_picked":["Clash","Pommel Strike"],"picked":"Evolve","floor":10.0},{"not_picked":["Carnage","Warcry"],"picked":"Uppercut","floor":12.0},{"not_picked":["Evolve","Flame Barrier"],"picked":"Shockwave","floor":14.0},{"not_picked":["Juggernaut","Barricade"],"picked":"Corruption","floor":16.0},{"not_picked":["Thunderclap","Searing Blow","Perfected Strike"],"picked":"SKIP","floor":18.0},{"not_picked":["Intimidate","Cleave","Anger"],"picked":"SKIP","floor":22.0},{"not_picked":["Corruption","Cleave"],"picked":"Armaments","floor":23.0},{"not_picked":["Heavy Blade","Armaments"],"picked":"Flame Barrier","floor":27.0},{"not_picked":["Body Slam+1","Combust+1"],"picked":"Flame Barrier","floor":28.0},{"not_picked":["Wild Strike","Metallicize"],"picked":"Ghostly Armor","floor":29.0},{"not_picked":["Anger","Infernal Blade+1"],"picked":"Feed","floor":30.0},{"not_picked":["Hemokinesis","Burning Pact"],"picked":"Power Through","floor":31.0},{"not_picked":["Juggernaut","Bludgeon"],"picked":"Barricade","floor":33.0},{"not_picked":["Armaments"],"picked":"SKIP","floor":35.0},{"not_picked":[],"picked":"Flex+1","floor":36.0},{"not_picked":[],"picked":"Shrug It Off","floor":36.0},{"not_picked":[],"picked":"Power Through","floor":36.0},{"not_picked":["Evolve"],"picked":"SKIP","floor":37.0},{"not_picked":[],"picked":"Shockwave","floor":38.0},{"not_picked":["Sword Boomerang"],"picked":"SKIP","floor":39.0},{"not_picked":[],"picked":"Second Wind","floor":41.0},{"not_picked":["Headbutt"],"picked":"SKIP","floor":42},{"not_picked":[],"picked":"Body Slam+1","floor":45},{"not_picked":[],"picked":"Feel No Pain","floor":46},{"not_picked":[],"picked":"Panache","floor":47},{"not_picked":[],"picked":"The Bomb","floor":47},{"not_picked":[],"picked":"Disarm","floor":55}],"player_experience":1796928,"relics_obtained":[{"floor":7.0,"key":"Pear"},{"floor":9.0,"key":"Lantern"},{"floor":10.0,"key":"Red Skull"},{"floor":23.0,"key":"MawBank"},{"floor":27.0,"key":"Red Mask"},{"floor":28.0,"key":"War Paint"},{"floor":30.0,"key":"Dream Catcher"},{"floor":42,"key":"Bottled Tornado"},{"floor":43,"key":"Molten Egg 2"},{"floor":46,"key":"Pantograph"},{"floor":48,"key":"Nunchaku"},{"floor":55,"key":"Anchor"}],"event_choices":[{"cards_removed":["Strike_R"],"damage_healed":0.0,"max_hp_gain":0.0,"max_hp_loss":0.0,"gold_gain":0.0,"event_name":"Wheel of Change","player_choice":"Card Removal","floor":4.0,"gold_loss":0.0,"damage_taken":0.0},{"damage_healed":0.0,"max_hp_gain":0.0,"max_hp_loss":0.0,"gold_gain":0.0,"event_name":"Addict","player_choice":"Obtained Relic","floor":19.0,"gold_loss":85.0,"damage_taken":0.0,"relics_obtained":["PreservedInsect"]},{"damage_healed":0.0,"max_hp_gain":0.0,"max_hp_loss":0.0,"gold_gain":0.0,"event_name":"Back to Basics","player_choice":"Simplicity","floor":20.0,"gold_loss":0.0,"damage_taken":0.0,"cards_upgraded":["Strike_R","Strike_R","Strike_R","Strike_R","Defend_R","Defend_R","Defend_R","Defend_R"]},{"damage_healed":0.0,"max_hp_gain":0.0,"max_hp_loss":0.0,"gold_gain":0.0,"event_name":"The Mausoleum","player_choice":"Opened","floor":21.0,"gold_loss":0.0,"damage_taken":0.0,"relics_obtained":["Bag of Preparation"],"cards_obtained":["Writhe"]},{"damage_healed":0.0,"max_hp_gain":0.0,"max_hp_loss":0.0,"gold_gain":0.0,"event_name":"Masked Bandits","player_choice":"Fought Bandits","floor":27.0,"gold_loss":0.0,"damage_taken":0.0},{"damage_healed":0,"gold_gain":0,"player_choice":"Memory 3","damage_taken":10,"max_hp_gain":0,"max_hp_loss":0,"event_name":"SensoryStone","floor":47,"gold_loss":0}],"is_beta":false,"boss_relics":[{"not_picked":["Runic Dome","Cursed Key"],"picked":"Snecko Eye"},{"not_picked":["SacredBark","Empty Cage"],"picked":"Busted Crown"}],"items_purged_floors":[25],"is_endless":false,"potions_floor_spawned":[3,7,10,16,27,29,38,39,41,42,55],"ascension_level":20}}