{"host":"ow9msrs9p2ctkx99","time":1607966479,"event":{"mods":["AchievementEnabler","BaseMod","Colored Map","Colored Powertips","Minty Spire (QoL Compilation)","Permanent Neow","Quick Restart","SuperFastMode"],"gold_per_floor":[110,110,110,121,141,141,176,202,202,215,100,129,129,129,129,204,204,217,217,53,103,103,123,123,137,163,163,175,206,206,235,235,235,235],"floor_reached":33,"playtime":670,"items_purged":["Strike_G"],"score":523,"play_id":"e8cbdcbb-cefb-40cb-8590-933407a52012","local_time":"20201214182119","is_ascension_mode":true,"campfire_choices":[{"data":"Blade Dance","floor":6.0,"key":"SMITH"},{"data":"Infinite Blades","floor":13.0,"key":"SMITH"},{"floor":15.0,"key":"REST"},{"data":"A Thousand Cuts","floor":24,"key":"SMITH"},{"data":"Footwork","floor":27,"key":"SMITH"},{"floor":30,"key":"REST"},{"floor":32,"key":"REST"}],"circlet_count":0,"master_deck":["AscendersBane","Strike_G","Strike_G+1","Defend_G+1","Defend_G","Defend_G","Defend_G","Defend_G","Survivor","Neutralize","Cloak And Dagger+1","Riddle With Holes+1","Blade Dance+1","A Thousand Cuts+1","Infinite Blades+1","Slice+1","Poisoned Stab+1","Envenom","Well Laid Plans+1","Bouncing Flask","Storm of Steel","Footwork+1","Parasite","Backflip","Blur","Blade Dance","Escape Plan"],"relics":["WristBlade","War Paint","Spirit Poop","Strawberry","Dream Catcher","Molten Egg 2","Nunchaku","Cursed Key","Anchor","Oddly Smooth Stone","StrikeDummy","Akabeko"],"acts_visited":["Exordium","TheCity"],"potions_floor_usage":[29,29],"damage_taken":[{"damage":0.0,"enemies":"2 Louse","floor":1.0,"turns":4.0},{"damage":0.0,"enemies":"Cultist","floor":4.0,"turns":3.0},{"damage":0.0,"enemies":"Jaw Worm","floor":5.0,"turns":3.0},{"damage":2.0,"enemies":"3 Sentries","floor":7.0,"turns":6.0},{"damage":4.0,"enemies":"Exordium Wildlife","floor":10.0,"turns":3.0},{"damage":13.0,"enemies":"Gremlin Nob","floor":12.0,"turns":4.0},{"damage":32.0,"enemies":"The Guardian","floor":16.0,"turns":9.0},{"damage":0.0,"enemies":"Spheric Guardian","floor":18.0,"turns":3.0},{"damage":4.0,"enemies":"Shell Parasite","floor":23.0,"turns":4.0},{"damage":17,"enemies":"Chosen and Byrds","floor":25,"turns":5},{"damage":12,"enemies":"Shelled Parasite and Fungi","floor":28,"turns":5},{"damage":24,"enemies":"Book of Stabbing","floor":29,"turns":4},{"damage":15,"enemies":"Slavers","floor":31,"turns":5},{"damage":28,"enemies":"Collector","floor":33,"turns":3}],"seed_played":"8111293781467122645","potions_obtained":[{"floor":7.0,"key":"Explosive Potion"},{"floor":10.0,"key":"Block Potion"},{"floor":18.0,"key":"PowerPotion"},{"floor":23,"key":"Energy Potion"}],"is_trial":false,"path_per_floor":["M","?","?","M","M","R","E","T","T","M","$","E","R","?","R","B",null,"M","?","$","?","?","M","R","M","T","R","M","E","R","E","R","B"],"character_chosen":"THE_SILENT","items_purchased":["Infinite Blades","Anchor"],"campfire_rested":3,"item_purchase_floors":[11,20],"current_hp_per_floor":[59,59,59,59,59,59,64,64,64,60,60,47,47,25,46,14,58,58,58,58,58,58,54,54,37,37,37,25,1,22,7,28,0,0],"gold":235,"neow_bonus":"BOSS_RELIC","is_daily":false,"chose_seed":false,"campfire_upgraded":4,"win_rate":0.0,"timestamp":1607966479,"path_taken":["M","?","?","M","?","R","E","?","T","M","?","E","R","?","R","BOSS","M","?","$","?","?","M","R","?","T","R","M","E","R","E","R","BOSS"],"items_purchased_type":["Card","Relic"],"build_version":"2020-12-13","purchased_purges":1,"victory":false,"max_hp_per_floor":[66,66,66,66,66,66,73,73,73,73,73,73,73,73,73,73,73,73,73,73,73,73,73,73,73,73,73,73,73,73,73,73,73,73],"card_choices":[{"not_picked":["Deflect","Caltrops"],"picked":"Cloak And Dagger","floor":1.0},{"not_picked":["Deflect","Eviscerate"],"picked":"Riddle With Holes","floor":4.0},{"not_picked":["Bane","Noxious Fumes"],"picked":"Blade Dance","floor":5.0},{"not_picked":["Slice","Underhanded Strike"],"picked":"A Thousand Cuts","floor":7.0},{"not_picked":["Quick Slash+1","Heel Hook+1","Catalyst"],"picked":"SKIP","floor":10.0},{"not_picked":["Deflect","Noxious Fumes"],"picked":"Slice+1","floor":12.0},{"not_picked":["Acrobatics","PiercingWail"],"picked":"Poisoned Stab+1","floor":15.0},{"not_picked":["Burst","A Thousand Cuts"],"picked":"Envenom","floor":16.0},{"not_picked":["Cloak And Dagger","Calculated Gamble"],"picked":"Well Laid Plans","floor":18.0},{"not_picked":["PiercingWail","Slice+1"],"picked":"Footwork","floor":23},{"not_picked":["Dash+1","Endless Agony+1","Flying Knee+1"],"picked":"SKIP","floor":25},{"not_picked":["Deadly Poison","Outmaneuver"],"picked":"Backflip","floor":28},{"not_picked":["Terror","Flying Knee+1"],"picked":"Blur","floor":29},{"not_picked":["Storm of Steel","Blur"],"picked":"Blade Dance","floor":30},{"not_picked":["Footwork","Leg Sweep"],"picked":"Escape Plan","floor":31}],"player_experience":1070300,"relics_obtained":[{"floor":7.0,"key":"Strawberry"},{"floor":8.0,"key":"Dream Catcher"},{"floor":9.0,"key":"Molten Egg 2"},{"floor":12.0,"key":"Nunchaku"},{"floor":26,"key":"Oddly Smooth Stone"},{"floor":29,"key":"StrikeDummy"},{"floor":31,"key":"Akabeko"}],"event_choices":[{"damage_healed":0.0,"max_hp_gain":0.0,"max_hp_loss":0.0,"gold_gain":0.0,"event_name":"Big Fish","player_choice":"Box","floor":2.0,"gold_loss":0.0,"damage_taken":0.0,"relics_obtained":["War Paint"],"cards_obtained":["Regret"]},{"cards_removed":["Regret"],"damage_healed":0.0,"max_hp_gain":0.0,"max_hp_loss":0.0,"gold_gain":0.0,"event_name":"Bonfire Elementals","player_choice":"Offered Curse","floor":3.0,"gold_loss":0.0,"damage_taken":0.0,"relics_obtained":["Spirit Poop"]},{"damage_healed":0.0,"max_hp_gain":0.0,"max_hp_loss":0.0,"gold_gain":0.0,"event_name":"Shining Light","player_choice":"Entered Light","floor":14.0,"gold_loss":0.0,"damage_taken":22.0,"cards_upgraded":["Strike_G","Riddle With Holes"]},{"damage_healed":0.0,"max_hp_gain":0.0,"max_hp_loss":0.0,"gold_gain":0.0,"cards_transformed":["Strike_G","Strike_G"],"event_name":"Drug Dealer","player_choice":"Became Test Subject","floor":19.0,"gold_loss":0.0,"damage_taken":0.0,"cards_obtained":["Bouncing Flask","Storm of Steel"]},{"damage_healed":0.0,"max_hp_gain":0.0,"max_hp_loss":0.0,"gold_gain":50.0,"event_name":"Nest","player_choice":"Stole From Cult","floor":21.0,"gold_loss":0.0,"damage_taken":0.0},{"damage_healed":0.0,"max_hp_gain":0.0,"max_hp_loss":0.0,"gold_gain":0.0,"event_name":"Upgrade Shrine","player_choice":"Upgraded","floor":22.0,"gold_loss":0.0,"damage_taken":0.0,"cards_upgraded":["Well Laid Plans"]}],"is_beta":false,"boss_relics":[{"not_picked":["Sozu","Pandora\u0027s Box"],"picked":"Cursed Key"}],"items_purged_floors":[11],"is_endless":false,"potions_floor_spawned":[7,10,16,18,23],"killed_by":"Collector","ascension_level":16}}