{"host":"kag8mfq4or8nkqb2","time":1607913530,"event":{"mods":["2.2 Compatiblity","BaseMod","Downfall","Minty Spire (QoL Compilation)","StSLib"],"gold_per_floor":[99,99,117,143,52,37,37,37,22,22,38,58,58,78,93,198,198,123,134,134,134,150,183,183,108,136,136,147,157,157,157],"floor_reached":30,"playtime":1379,"items_purged":[],"score":396,"play_id":"06112cca-ef22-46ad-82b4-503aff7d0c35","local_time":"20201214023850","is_ascension_mode":true,"campfire_choices":[{"floor":1,"key":"RECALL"},{"data":"Guardian:BaubleBeam","floor":10,"key":"SMITH"},{"data":"Guardian:FastForward","floor":18,"key":"SMITH"},{"data":"Guardian:Clone","floor":21,"key":"SMITH"},{"data":"Guardian:SentryBeam","floor":25,"key":"SMITH"},{"data":"Guardian:Planning","floor":27,"key":"SMITH"}],"circlet_count":0,"master_deck":["Guardian:Strike_Guardian","Guardian:Strike_Guardian","Guardian:Strike_Guardian+1","Guardian:Defend_Guardian","Guardian:Defend_Guardian","Guardian:Defend_Guardian","Guardian:Defend_Guardian","Guardian:CurlUp+1","Guardian:TwinSlam+1","Guardian:FastForward+1","Guardian:MultiBeam","Guardian:SpikerProtocol+1","Guardian:BaubleBeam+1","Guardian:Clone+1","Guardian:Planning+1","Guardian:ShieldSpikes","Guardian:SentryBeam+1","Guardian:StasisEngine+1","Normality","Guardian:Gem_Cyan"],"relics":["Guardian:ModeShifter","Frozen Egg 2","StoneCalendar","Cursed Key","downfall:HeartBlessingRed","Whetstone","downfall:HeartBlessingBlue","PreservedInsect"],"acts_visited":["Exordium","TheCity"],"potions_floor_usage":[15,15,15,29,29,29],"damage_taken":[{"damage":12,"enemies":"Jaw Worm","floor":3,"turns":4},{"damage":35,"enemies":"3 Sentries","floor":4,"turns":10},{"damage":0,"enemies":"downfall:FleeingMerchant","floor":5,"turns":4},{"damage":0,"enemies":"downfall:FleeingMerchant","floor":6,"turns":4},{"damage":4,"enemies":"downfall:FleeingMerchant","floor":9,"turns":4},{"damage":2,"enemies":"Cultist","floor":11,"turns":4},{"damage":0,"enemies":"Small Slimes","floor":12,"turns":3},{"damage":0,"enemies":"Exordium Wildlife","floor":14,"turns":3},{"damage":0,"enemies":"Gremlin Gang","floor":15,"turns":1},{"damage":39,"enemies":"downfall:Silent","floor":16,"turns":10},{"damage":0,"enemies":"Spheric Guardian","floor":19,"turns":3},{"damage":16,"enemies":"Shell Parasite","floor":22,"turns":5},{"damage":10,"enemies":"Book of Stabbing","floor":23,"turns":4},{"damage":15,"enemies":"Gremlin Leader","floor":26,"turns":7},{"damage":24,"enemies":"Snake Plant","floor":28,"turns":5},{"damage":0,"enemies":"Centurion and Healer","floor":29,"turns":3},{"damage":10,"enemies":"downfall:FleeingMerchant","floor":30,"turns":2}],"seed_played":"6080218565943143335","potions_obtained":[{"floor":4,"key":"Slimebound:ThreeZeroPotion"},{"floor":11,"key":"Block Potion"},{"floor":14,"key":"AttackPotion"},{"floor":16,"key":"LiquidMemories"},{"floor":23,"key":"CultistPotion"},{"floor":28,"key":"AttackPotion"}],"is_trial":false,"path_per_floor":["R","?","M","E","$","$","T","?","$","R","M","M","?","M","M","B",null,"R","M","?","R","M","E","T","R","E","R","M","M","$"],"character_chosen":"GUARDIAN","items_purchased":["Guardian:Clone"],"campfire_rested":0,"item_purchase_floors":[5],"current_hp_per_floor":[72,72,60,25,25,25,25,25,21,21,19,19,45,45,45,6,62,62,62,62,62,46,36,36,46,31,31,7,7,0,0],"gold":157,"neow_bonus":"ONE_RANDOM_RARE_CARD","is_daily":false,"chose_seed":false,"campfire_upgraded":5,"win_rate":0.0,"timestamp":1607913530,"path_taken":["R","?","?","E","$","$","T","?","?","R","M","M","?","?","M","BOSS","R","?","?","R","M","E","T","R","E","R","M","M","$"],"items_purchased_type":["Card"],"build_version":"2020-12-13","purchased_purges":0,"victory":false,"max_hp_per_floor":[80,80,80,80,80,80,80,80,80,80,80,80,80,80,80,80,80,80,80,80,80,80,80,80,90,90,90,90,90,90,90],"card_choices":[{"not_picked":["Guardian:Gem_Green","Guardian:RollAttack"],"picked":"Guardian:MultiBeam","floor":3},{"not_picked":["Guardian:Gem_Green","Guardian:GuardianWhirl"],"picked":"Guardian:SpikerProtocol+1","floor":4},{"not_picked":["Guardian:WalkerClaw","Guardian:Suspension"],"picked":"Guardian:BaubleBeam","floor":5},{"not_picked":["Guardian:TemporalShield","Guardian:Reroute","Guardian:StasisField"],"picked":"SKIP","floor":6},{"not_picked":["Guardian:PolyBeam","Guardian:MultiBeam"],"picked":"Guardian:Planning","floor":9},{"not_picked":["Guardian:RollAttack","Guardian:Gem_Green"],"picked":"Guardian:Gem_Fragmented","floor":11},{"not_picked":["Guardian:Gem_Fragmented","Guardian:PrismaticBarrier"],"picked":"Guardian:Gem_Yellow","floor":12},{"not_picked":["Guardian:Preprogram","Guardian:PrismaticBeam"],"picked":"Guardian:ShieldSpikes","floor":14},{"not_picked":["Guardian:GuardianWhirl","Guardian:ChargeCore"],"picked":"Guardian:Gem_Cyan","floor":15},{"not_picked":["Guardian:AncientConstruct+1","Guardian:FastForward"],"picked":"Guardian:Gem_Synthetic","floor":16},{"not_picked":["Guardian:Suspension+1","Guardian:Gem_Lightblue","Guardian:VentSteam"],"picked":"SKIP","floor":19},{"not_picked":["Guardian:MultiBeam","Guardian:VentSteam"],"picked":"Guardian:SentryBeam","floor":22},{"not_picked":["Guardian:Gem_Red","Guardian:RollAttack"],"picked":"Guardian:StasisEngine+1","floor":23},{"not_picked":["Guardian:PolyBeam","Guardian:ShieldCharger","Guardian:TemporalStrike"],"picked":"SKIP","floor":26},{"not_picked":["Guardian:TemporalStrike","Guardian:ChargeCore+1"],"picked":"Guardian:Gem_Cyan","floor":28},{"not_picked":["Guardian:Emergency","Guardian:Recover","Guardian:Harden+1"],"picked":"SKIP","floor":29}],"player_experience":993469,"relics_obtained":[{"floor":4,"key":"Frozen Egg 2"},{"floor":7,"key":"StoneCalendar"},{"floor":23,"key":"Whetstone"},{"floor":26,"key":"PreservedInsect"}],"event_choices":[{"damage_healed":26,"gold_gain":0,"player_choice":"Banana","damage_taken":0,"max_hp_gain":0,"max_hp_loss":0,"event_name":"Big Fish","floor":13,"gold_loss":0},{"cards_removed":["Guardian:Strike_Guardian"],"damage_healed":0,"gold_gain":0,"player_choice":"Card Removal","damage_taken":0,"max_hp_gain":0,"max_hp_loss":0,"event_name":"Wheel of Change","floor":20,"gold_loss":0}],"is_beta":false,"boss_relics":[{"not_picked":["Empty Cage","Coffee Dripper"],"picked":"Cursed Key"}],"items_purged_floors":[],"is_endless":false,"potions_floor_spawned":[4,11,14,16,23,28],"killed_by":"downfall:FleeingMerchant","ascension_level":7}}