{"host":"ecr3kz287jr92u81","time":1607934078,"event":{"mods":["Act Like it!","BaseMod","Dota2Spire","Hallownest","Lobotomy","LobotomyExtend","Minty Spire (QoL Compilation)","Pale of the Ancients","Quick Restart","Replay The Spire","RumiaBox-露米娅的神秘盒子","Spicy Shops","StSLib","[IsaacMod]以撒尖塔","vexMod","【东方二次创作】八云紫mod"],"gold_per_floor":[177,213,252,2,62,197,254,254,254,314,374,109,184,238,238,469,469,576,31,91,173,262,352,476,6,6,115,115,208,293,338,338,557,557,636,715,748,808,35,138,233,233,233],"floor_reached":42,"playtime":2974,"items_purged":["AT_purpleEX","Bomb","Defend_purpleEX","Defend_purpleEX","ContainerChange_purple","Defend_purpleEX"],"score":1486,"play_id":"02146e95-aae2-41ff-9c13-2b2fdb5edeb0","local_time":"20201214162118","daily_mods":["Vintage","Heirloom","Time Dilation","Flight","DeadlyEvents","Elite Swarm","Midas"],"is_ascension_mode":true,"campfire_choices":[{"floor":15.0,"key":"REST"},{"floor":32.0,"key":"REST"}],"circlet_count":1,"master_deck":["AscendersBane","AT_purpleEX","AT_purpleEX","Defend_purpleEX+1","Observe_purple_1+1","Observe_purple_2","Mirror_Drifter_purple+1","WangLiang_LineAndCurveDreams_purple+1","Observe_purple_2","StateErode_purple","ProofOfUnderstanding_purple","DimensionStaggered_purple","Computing_the_future_purpleEX+1","ContainerChange_purple+1","Mirror_TwoAndThreeElementRealm_purple+1","Monsters_DoubleDeathButterfly_purple+1"],"relics":["Boundary_crack","Memoryfragments_purpleEX","replay:Trail_Library","HushsDoor","PillsDrop","Parasol_purpleEX","GodSword7","LetterFromLob","Dota2Spire:Dagon","vexMod:FocusSash","Dota2Spire:BladeMail","Lizard Tail","Bird Faced Urn","InkBottle","TheBible","ZombieArmy","Guide Book","LaetitiaHeart","MagicBullet_r","Dota2Spire:PowerTreads","vexMod:TanglingVine","PreservedInsect","BargainBundle","Shuriken","Dota2Spire:PhaseBoots","Frozen Egg 2","Bronze Scales","Replay:Wax Seal","Ice Cream","Centennial Puzzle","War Paint","vexMod:BarristanHead","Pet Ghost","Circlet","Replay:Grab Bag","Dota2Spire:HeartOfTarrasque","ReplayTheSpireMod:Lightbulb","SharpPlug","Blood Vial","Replay:Bandana","HornCleat","Turnip","Akabeko","D6","BloodDonationMachine","CeramicFish","DeadEye","Vajra"],"acts_visited":["Exordium","TheCity","TheBeyond"],"potions_floor_usage":[37],"damage_taken":[{"damage":5.0,"enemies":"Cultist","floor":1.0,"turns":5.0},{"damage":2.0,"enemies":"2 Louse","floor":2.0,"turns":3.0},{"damage":8.0,"enemies":"Jaw Worm","floor":3.0,"turns":4.0},{"damage":1.0,"enemies":"Large Slime","floor":5.0,"turns":4.0},{"damage":29.0,"enemies":"3 Sentries","floor":6.0,"turns":8.0},{"damage":13.0,"enemies":"Exordium Thugs","floor":7.0,"turns":4.0},{"damage":6.0,"enemies":"Looter","floor":10.0,"turns":3.0},{"damage":0.0,"enemies":"2 Fungi Beasts","floor":11.0,"turns":3.0},{"damage":2.0,"enemies":"Exordium Thugs","floor":13.0,"turns":3.0},{"damage":0.0,"enemies":"Exordium Thugs","floor":13.0,"turns":2.0},{"damage":2.0,"enemies":"Exordium Thugs","floor":13.0,"turns":2.0},{"damage":4.0,"enemies":"Exordium Thugs","floor":14.0,"turns":3.0},{"damage":41.0,"enemies":"Fading Forest","floor":16.0,"turns":13.0},{"damage":18.0,"enemies":"3 Byrds","floor":18.0,"turns":3.0},{"damage":0.0,"enemies":"Spheric Guardian","floor":20.0,"turns":2.0},{"damage":0.0,"enemies":"Snake Plant","floor":21.0,"turns":1.0},{"damage":0.0,"enemies":"Chosen and Byrds","floor":22.0,"turns":3.0},{"damage":38.0,"enemies":"Replay:Snechameleon","floor":23.0,"turns":3.0},{"damage":12.0,"enemies":"Gremlin Leader","floor":24.0,"turns":2.0},{"damage":9.0,"enemies":"Replay:Snechameleon","floor":27.0,"turns":2.0},{"damage":0.0,"enemies":"Slavers","floor":29.0,"turns":3.0},{"damage":23.0,"enemies":"Shelled Parasite and Fungi","floor":30.0,"turns":2.0},{"damage":15.0,"enemies":"Sentry and Sphere","floor":31.0,"turns":3.0},{"damage":30.0,"enemies":"Collector","floor":33.0,"turns":4.0},{"damage":20.0,"enemies":"Orb Walker","floor":35.0,"turns":1.0},{"damage":0.0,"enemies":"3 Shapes","floor":36.0,"turns":3.0},{"damage":16,"enemies":"Transient","floor":37,"turns":6},{"damage":3,"enemies":"Maw","floor":38,"turns":6},{"damage":11,"enemies":"Giant Head","floor":40,"turns":5},{"damage":21,"enemies":"3 Darklings","floor":41,"turns":4},{"damage":0,"enemies":"Jaw Worm Horde","floor":42,"turns":1}],"seed_played":"499913391283553843","potions_obtained":[{"floor":2.0,"key":"SkillPotion"},{"floor":5.0,"key":"ColorlessPotion"},{"floor":6.0,"key":"Adrenaline Potion"},{"floor":11.0,"key":"Explosive Potion"},{"floor":16.0,"key":"Ancient Potion"},{"floor":22.0,"key":"PowerPotion"},{"floor":29.0,"key":"Venom Potion"},{"floor":30.0,"key":"Cursed Concoction"},{"floor":33.0,"key":"SkillPotion"},{"floor":36.0,"key":"Reflective Coating"},{"floor":40,"key":"SpeedPotion"}],"is_trial":true,"path_per_floor":["M","M","M","$","M","E","M","?","T","M","M","$","M","M","R","B",null,"M","$","M","M","M","E","E","$","T","E","?","E","M","M","R","B",null,"M","M","M","M","$","E","M","M"],"character_chosen":"Youkari","items_purchased":["Mirror_Drifter_purple","Guide Book","BargainBundle","StateErode_purple","ProofOfUnderstanding_purple","DimensionStaggered_purple","Ice Cream","Damocles","D6","BloodDonationMachine","CeramicFish"],"campfire_rested":2,"item_purchase_floors":[4,12,19,19,19,19,25,34,39,39,39],"current_hp_per_floor":[56,55,51,51,52,25,14,14,14,11,15,15,3,11,32,24,56,45,45,51,51,62,31,24,24,24,19,19,28,41,34,54,51,57,46,53,54,67,0,15,18,20,20],"gold":233,"neow_bonus":"","is_daily":false,"chose_seed":false,"campfire_upgraded":0,"win_rate":0.0,"timestamp":1607934078,"path_taken":["M","M","M","$","M","E","M","?","T","M","M","$","M","M","R","BOSS","M","$","M","M","M","E","E","$","T","E","?","E","M","M","R","BOSS","M","M","M","M","$","E","M","M"],"items_purchased_type":["Card","Relic","Relic","Card","Card","Card","Relic","Relic","Relic","Relic","Relic"],"build_version":"2020-12-13","purchased_purges":6,"victory":false,"max_hp_per_floor":[65,65,68,68,68,68,68,68,68,68,68,68,68,71,71,71,66,66,66,66,66,69,69,69,69,69,69,69,69,69,69,69,69,59,67,67,67,67,67,67,67,67,67],"card_choices":[{"not_picked":["Human_Monster_Realm_purple","MagicEyes_LaplaceDemon_purple"],"picked":"WangLiang_LineAndCurveDreams_purple","floor":6.0},{"not_picked":["GluttonyofRealm_purpleEX","UniverseChoice_purple"],"picked":"ContainerChange_purple","floor":16.0},{"not_picked":["Know_ledgeAbilityRealm_purple","Human_Monster_Realm_purple"],"picked":"Computing_the_future_purpleEX+1","floor":23.0},{"not_picked":["GluttonyofRealm_purpleEX","Fancifulhole_purple"],"picked":"ContainerChange_purple+1","floor":24.0},{"not_picked":["Price_of_realm_purpleEX","Fancifulhole_purple"],"picked":"Mirror_TwoAndThreeElementRealm_purple","floor":27.0},{"not_picked":["UniverseChoice_purple+1","MagicEyes_LaplaceDemon_purple"],"picked":"Monsters_DoubleDeathButterfly_purple+1","floor":29.0},{"not_picked":["Mirror_TwoAndThreeElementRealm_purple","Theboundaryofcreation_purpleEX","UniverseChoice_purple+1"],"picked":"SKIP","floor":40}],"player_experience":153150,"relics_obtained":[{"floor":1.0,"key":"GodSword7"},{"floor":1.0,"key":"LetterFromLob"},{"floor":2.0,"key":"Dota2Spire:Dagon"},{"floor":3.0,"key":"vexMod:FocusSash"},{"floor":5.0,"key":"Dota2Spire:BladeMail"},{"floor":6.0,"key":"Lizard Tail"},{"floor":7.0,"key":"Bird Faced Urn"},{"floor":9.0,"key":"InkBottle"},{"floor":10.0,"key":"TheBible"},{"floor":11.0,"key":"ZombieArmy"},{"floor":14.0,"key":"Dota2Spire:PowerTreads"},{"floor":18.0,"key":"PreservedInsect"},{"floor":20.0,"key":"Shuriken"},{"floor":21.0,"key":"Dota2Spire:PhaseBoots"},{"floor":22.0,"key":"Frozen Egg 2"},{"floor":23.0,"key":"Bronze Scales"},{"floor":24.0,"key":"Replay:Wax Seal"},{"floor":26.0,"key":"Dead Branch"},{"floor":27.0,"key":"Centennial Puzzle"},{"floor":29.0,"key":"War Paint"},{"floor":30.0,"key":"vexMod:BarristanHead"},{"floor":31.0,"key":"Pet Ghost"},{"floor":35.0,"key":"Dota2Spire:HeartOfTarrasque"},{"floor":35.0,"key":"ReplayTheSpireMod:Lightbulb"},{"floor":36.0,"key":"SharpPlug"},{"floor":36.0,"key":"Blood Vial"},{"floor":37,"key":"Replay:Bandana"},{"floor":37,"key":"HornCleat"},{"floor":38,"key":"Turnip"},{"floor":38,"key":"Akabeko"},{"floor":40,"key":"DeadEye"},{"floor":41,"key":"Vajra"}],"event_choices":[{"damage_healed":0.0,"max_hp_gain":0.0,"max_hp_loss":0.0,"gold_gain":0.0,"event_name":"Vampires","player_choice":"Ignored","floor":28.0,"gold_loss":0.0,"damage_taken":0.0}],"is_beta":false,"boss_relics":[{"not_picked":["vexMod:BigBerry","vexMod:RockOfEvil"],"picked":"vexMod:TanglingVine"},{"not_picked":[]},{"not_picked":["Snecko Heart","Pandora\u0027s Box"],"picked":"Replay:Grab Bag"},{"not_picked":[]}],"items_purged_floors":[4,12,17,19,25,39],"is_endless":true,"potions_floor_spawned":[2,5,6,11,13,16,22,24,29,30,33,36,40],"killed_by":"Jaw Worm Horde","ascension_level":20}}