{"host":"0cnf9zf1gia27zti","time":1607910189,"event":{"mods":["BaseMod","BetterRewards","Card Forge","Colored Map","Colored Powertips","Conspire","Downfall","Minty Spire (QoL Compilation)","Quick Restart","Replay The Spire","Shade Mod","Spicy Shops","StSLib"],"gold_per_floor":[110,124,124,124,144,144,176,3,30,30,4,79,3,3,3,99,149,164,182,182,40,40,40,54,54,54,72,107,7,19,19,19,119,119,119,119],"floor_reached":35,"playtime":2466,"items_purged":["Shame","Injury","Eruption"],"score":755,"play_id":"a79561e8-ebd5-4879-b284-03bedfbba6e1","local_time":"20201214014309","is_ascension_mode":true,"campfire_choices":[{"data":"Devotion","floor":6,"key":"SMITH"},{"floor":10,"key":"REST"},{"floor":15,"key":"REST"},{"data":"LikeWater","floor":23,"key":"SMITH"},{"floor":25,"key":"REST"},{"floor":32,"key":"REST"}],"circlet_count":0,"master_deck":["Strike_P","Strike_P","Strike_P","Strike_P","Defend_P","Defend_P","Defend_P","Defend_P","Vigilance","PathToVictory","Study","LikeWater+1","Devotion+1","PathToVictory","Judgement","PathToVictory","LikeWater+1","Collect","Replay:ManipulateFuture+1","MentalFortress","Mayhem+1","Brilliance","Evaluate+1","Prostrate+1","InnerPeace","Perseverance+1","Omniscience"],"relics":["PureWater","Hammer of Thor","Seething Fire","Anvil of the Gods","Snack Pack","conspire:Dentures","Membership Card","Bronze Scales","Chemical X","ReplayTheSpireMod:CursedCoin","Replay:Baseball","conspire:TopHat","BargainBundle","Regal Pillow","Tiny House","Tiny Chest","The Courier","Incense Burner","Letter Opener","conspire:SpecialSausage"],"acts_visited":["Exordium","TheCity","TheBeyond"],"potions_floor_usage":[7,7,16,16,16,18],"damage_taken":[{"damage":0,"enemies":"Jaw Worm","floor":1,"turns":5},{"damage":5,"enemies":"2 Louse","floor":2,"turns":4},{"damage":1,"enemies":"Cultist","floor":5,"turns":4},{"damage":16,"enemies":"Gremlin Nob","floor":7,"turns":3},{"damage":18,"enemies":"Slime Boss","floor":16,"turns":5},{"damage":0,"enemies":"Spheric Guardian","floor":18,"turns":2},{"damage":14,"enemies":"Chosen","floor":19,"turns":7},{"damage":13,"enemies":"3 Cultists","floor":24,"turns":5},{"damage":26,"enemies":"Shelled Parasite and Fungi","floor":27,"turns":7},{"damage":35,"enemies":"Book of Stabbing","floor":28,"turns":5},{"damage":7,"enemies":"Snecko","floor":30,"turns":7},{"damage":42,"enemies":"Pondfish","floor":33,"turns":8},{"damage":0,"enemies":"3 Shapes","floor":35,"turns":1}],"seed_played":"7970772500525720475","potions_obtained":[{"floor":2,"key":"champ:CounterPotion"},{"floor":5,"key":"Explosive Potion"},{"floor":17,"key":"LifebloodPotion"},{"floor":33,"key":"DuplicationPotion"}],"is_trial":false,"path_per_floor":["M","M","?","?","M","R","E","$","T","R","$","?","$","?","R","B",null,"M","M","?","$","?","R","M","R","T","M","E","$","M","?","R","B",null,"M"],"character_chosen":"WATCHER","items_purchased":["PathToVictory","Study","Snack Pack","conspire:Dentures","Membership Card","LikeWater","LikeWater","Chemical X","ReplayTheSpireMod:CursedCoin","Collect","Replay:Baseball","Replay:ManipulateFuture","BargainBundle","MentalFortress","DistilledChaos","Adrenaline Potion","Fire Potion","Regal Pillow","Mayhem","Tiny Chest","Letter Opener"],"campfire_rested":4,"item_purchase_floors":[0,0,0,0,0,0,8,8,8,8,8,11,13,13,13,13,13,13,13,21,29],"current_hp_per_floor":[33,28,14,72,71,71,55,55,55,72,72,61,61,61,72,54,73,73,59,59,59,59,59,48,77,77,51,16,16,9,9,47,9,60,60,60],"gold":119,"neow_bonus":"","is_daily":false,"chose_seed":false,"campfire_upgraded":2,"win_rate":0.0,"timestamp":1607910189,"path_taken":["M","M","?","?","?","R","E","$","T","R","?","?","$","?","R","BOSS","M","M","?","$","?","R","M","R","T","M","E","$","?","?","R","BOSS","M"],"items_purchased_type":["Card","Card","Relic","Relic","Relic","Card","Card","Relic","Relic","Card","Relic","Card","Relic","Card","Potion","Potion","Potion","Relic","Card","Relic","Relic"],"build_version":"2020-11-30","purchased_purges":3,"victory":false,"max_hp_per_floor":[72,72,72,72,72,72,72,72,72,72,72,72,72,72,72,72,77,77,77,77,77,77,77,77,77,77,77,77,77,77,77,77,77,77,77,77],"card_choices":[{"not_picked":["Crescendo","InnerPeace"],"picked":"PathToVictory","floor":1},{"not_picked":["FlurryOfBlows","Indignation"],"picked":"MentalFortress","floor":2},{"not_picked":["SandsOfTime","SashWhip"],"picked":"Judgement","floor":5},{"not_picked":["FollowUp","ClearTheMind"],"picked":"PathToVictory","floor":7},{"not_picked":["Wish","Judgement"],"picked":"Brilliance","floor":16},{"not_picked":["Blasphemy","FollowUp"],"picked":"Evaluate+1","floor":18},{"not_picked":["Consecrate+1","PathToVictory"],"picked":"Prostrate+1","floor":19},{"not_picked":["Tantrum","FollowUp+1"],"picked":"InnerPeace","floor":24},{"not_picked":["SignatureMove","Sanctity","Pray+1"],"picked":"SKIP","floor":27},{"not_picked":["JustLucky","Indignation+1"],"picked":"Perseverance+1","floor":28},{"not_picked":["WreathOfFlame","EmptyFist+1","Replay:Battleflow"],"picked":"SKIP","floor":30},{"not_picked":["DeusExMachina","SpiritShield"],"picked":"Omniscience","floor":33}],"player_experience":2001589,"relics_obtained":[{"floor":7,"key":"Bronze Scales"},{"floor":9,"key":"conspire:TopHat"},{"floor":26,"key":"The Courier"},{"floor":28,"key":"Incense Burner"}],"event_choices":[{"damage_healed":0,"gold_gain":0,"player_choice":"Entered Light","damage_taken":14,"max_hp_gain":0,"max_hp_loss":0,"event_name":"Shining Light","floor":3,"gold_loss":0,"cards_upgraded":["MentalFortress","LikeWater"]},{"cards_removed":["MentalFortress"],"damage_healed":58,"gold_gain":0,"player_choice":"Offered Uncommon","damage_taken":0,"max_hp_gain":0,"max_hp_loss":0,"event_name":"Bonfire Elementals","floor":4,"gold_loss":0},{"damage_healed":0,"gold_gain":75,"player_choice":"Gather Gold","damage_taken":11,"max_hp_gain":0,"max_hp_loss":0,"event_name":"World of Goop","floor":12,"gold_loss":0},{"damage_healed":0,"gold_gain":0,"player_choice":"Leave","damage_taken":0,"max_hp_gain":0,"max_hp_loss":0,"event_name":"conspire:Investor","floor":14,"gold_loss":0},{"damage_healed":0,"gold_gain":0,"player_choice":"Upgraded","damage_taken":0,"max_hp_gain":0,"max_hp_loss":0,"event_name":"Upgrade Shrine","floor":22,"gold_loss":0,"cards_upgraded":["Mayhem"]},{"damage_healed":0,"gold_gain":0,"player_choice":"Ignored","damage_taken":0,"max_hp_gain":0,"max_hp_loss":0,"event_name":"Ghosts","floor":31,"gold_loss":0}],"is_beta":false,"boss_relics":[{"not_picked":["Replay:Bronze Core","Replay:Ancient Bell"],"picked":"Tiny House"},{"not_picked":["Snecko Heart","Replay:Grab Bag"],"picked":"conspire:SpecialSausage"}],"items_purged_floors":[8,13,21],"is_endless":false,"potions_floor_spawned":[2,5,33],"killed_by":"3 Shapes","ascension_level":9}}