{"host":"r2b8ojg4o4pyvjvq","time":1607967546,"event":{"mods":["BaseMod","Colored Map","Downfall","Highlight Path","Hubris","Minty Spire (QoL Compilation)","Replay The Spire","StSLib","SuperFastMode"],"gold_per_floor":[99,127,127,2,2,27,27,27,54,66,78,90,500,500,500,500,500,500,500,500,500,500,500,500,500,500],"floor_reached":25,"playtime":1143,"items_purged":["Hallucinations"],"score":304,"play_id":"8402196f-f794-426e-ba5a-fb6d9e5c0f1f","local_time":"20201214183906","is_ascension_mode":true,"campfire_choices":[{"data":"sneckomod:SnekBite","floor":1,"key":"SMITH"},{"data":"sneckomod:DiceBlock","floor":8,"key":"SMITH"},{"data":"sneckomod:QuickBite","floor":10,"key":"SMITH"},{"floor":18,"key":"RECALL"}],"circlet_count":0,"master_deck":["sneckomod:Strike","sneckomod:Strike","sneckomod:Strike","sneckomod:Defend","sneckomod:Defend","sneckomod:Defend","sneckomod:TailWhip","sneckomod:SnekBite+1","sneckomod:Unknown","sneckomod:DiceBlock+1","sneckomod:Unknown1Cost","sneckomod:WideSting","sneckomod:SnakeSap+1","sneckomod:UnknownStrength+1","sneckomod:QuickMove","sneckomod:QuickBite+1","Bash","sneckomod:DiceBlock","expansioncontent:SuperHexaguard","sneckomod:DiceCrush","sneckomod:SoulDraw","Apotheosis+1","sneckomod:ImprovisedAttack","sneckomod:SerpentIdol","sneckomod:Unknown3Cost","sneckomod:Transmogrify","sneckomod:UnknownClassGUARDIAN+1","sneckomod:IronFang","sneckomod:Mudshield","sneckomod:UnknownWeak+1","sneckomod:UnknownDexterity"],"relics":["sneckomod:SneckoSoul","downfall:HeartsMalice","Ring of Misfortune","Juzu Bracelet","Iron Hammer","MawBank","FaceOfCleric","hubris:TenFootPole","BranchBurnRelic","Gremlin Food","TheAbacus","Snack Pack","Sozu","Kunai","hubris:SlimyHat","Lantern"],"acts_visited":["Exordium","TheCity"],"potions_floor_usage":[23],"damage_taken":[{"damage":0,"enemies":"Lagavulin","floor":2,"turns":1},{"damage":0,"enemies":"Cultist","floor":3,"turns":1},{"damage":0,"enemies":"downfall:FleeingMerchant","floor":4,"turns":1},{"damage":35,"enemies":"Gremlin Nob","floor":6,"turns":5},{"damage":20,"enemies":"3 Sentries","floor":9,"turns":5},{"damage":0,"enemies":"downfall:FleeingMerchant","floor":13,"turns":4},{"damage":0,"enemies":"2 Louse","floor":15,"turns":2},{"damage":29,"enemies":"downfall:Silent","floor":16,"turns":13},{"damage":16,"enemies":"Spheric Guardian","floor":19,"turns":8},{"damage":42,"enemies":"Book of Stabbing","floor":21,"turns":7},{"damage":22,"enemies":"3 Byrds","floor":22,"turns":6},{"damage":34,"enemies":"Slavers","floor":23,"turns":4},{"damage":10,"enemies":"Shelled Parasite and Fungi","floor":25,"turns":1}],"seed_played":"5437262386301214033","potions_obtained":[{"floor":9,"key":"PowerPotion"}],"is_trial":false,"path_per_floor":["R","E","M","$","?","E","T","R","E","R","?","?","$","?","M","B",null,"R","M","T","E","M","E","T","M"],"character_chosen":"THE_SNECKO","items_purchased":["sneckomod:SnakeSap+1","sneckomod:UnknownStrength","sneckomod:SoulDraw","Apotheosis","Dead Branch","hubris:TenFootPole","Guide Book","sneckomod:ImprovisedAttack"],"campfire_rested":0,"item_purchase_floors":[4,4,13,13,13,13,13,13],"current_hp_per_floor":[90,90,91,92,92,57,57,57,37,37,37,37,46,46,48,20,96,96,85,85,44,36,8,8,0,0],"gold":500,"neow_bonus":"THREE_ENEMY_KILL","is_daily":false,"chose_seed":false,"campfire_upgraded":3,"win_rate":0.0,"timestamp":1607967546,"path_taken":["R","E","M","?","?","E","T","R","E","R","?","?","$","?","M","BOSS","R","M","?","E","M","E","T","M"],"items_purchased_type":["Card","Card","Card","Card","Relic","Relic","Relic","Card"],"build_version":"2020-12-13","purchased_purges":1,"victory":false,"max_hp_per_floor":[90,90,91,92,92,92,92,92,92,92,92,92,93,93,95,96,96,96,98,98,99,101,103,103,103,103],"card_choices":[{"not_picked":["sneckomod:CheapStock","sneckomod:UnknownClassPURPLE"],"picked":"sneckomod:DiceBlock","floor":2},{"not_picked":["sneckomod:Unknown0Cost","sneckomod:CheapStock"],"picked":"sneckomod:Unknown1Cost","floor":3},{"not_picked":["sneckomod:UnknownCommonAttack","sneckomod:UnknownClassBLUE"],"picked":"sneckomod:WideSting","floor":4},{"not_picked":["sneckomod:SlitherStrike","sneckomod:DiceBlock"],"picked":"sneckomod:QuickMove","floor":6},{"not_picked":["sneckomod:UnknownClassBLUE","sneckomod:DiceBlock"],"picked":"sneckomod:QuickBite","floor":9},{"not_picked":["sneckomod:UnknownClassPURPLE","sneckomod:UnknownClassGREEN"],"picked":"sneckomod:DiceCrush","floor":13},{"not_picked":["sneckomod:UnknownStrike","sneckomod:UnknownCommonSkill"],"picked":"sneckomod:Unknown3Cost","floor":15},{"not_picked":["sneckomod:Mudshield","sneckomod:SerpentMind"],"picked":"sneckomod:Transmogrify","floor":16},{"not_picked":["sneckomod:Unknown0Cost+1","sneckomod:UnknownExhaust+1"],"picked":"sneckomod:UnknownClassGUARDIAN+1","floor":19},{"not_picked":["sneckomod:RainOfDice","sneckomod:Unknown2Cost"],"picked":"sneckomod:IronFang","floor":19},{"not_picked":["sneckomod:Nope","sneckomod:UnknownClassSLIMEBOUND"],"picked":"sneckomod:Mudshield","floor":21},{"not_picked":["sneckomod:DiceBlock","sneckomod:UnknownEthereal+1"],"picked":"sneckomod:UnknownWeak+1","floor":22},{"not_picked":["sneckomod:UnknownClassSLIMEBOUND","sneckomod:WideSting"],"picked":"sneckomod:UnknownDexterity","floor":23}],"player_experience":404910,"relics_obtained":[{"floor":2,"key":"Kunai"},{"floor":5,"key":"Ring of Misfortune"},{"floor":6,"key":"Juzu Bracelet"},{"floor":7,"key":"Iron Hammer"},{"floor":9,"key":"MawBank"},{"floor":19,"key":"hubris:GrandSneckoEye"},{"floor":20,"key":"Gremlin Food"},{"floor":21,"key":"TheAbacus"},{"floor":21,"key":"Snack Pack"},{"floor":22,"key":"Sozu"},{"floor":23,"key":"Kunai"},{"floor":23,"key":"hubris:SlimyHat"},{"floor":24,"key":"Lantern"}],"event_choices":[{"damage_healed":0,"gold_gain":0,"player_choice":"Trade","damage_taken":0,"relics_obtained":["FaceOfCleric"],"max_hp_gain":0,"max_hp_loss":0,"event_name":"FaceTrader","floor":12,"gold_loss":0},{"damage_healed":0,"gold_gain":0,"cards_transformed":["sneckomod:Unknown"],"player_choice":"Transformed","damage_taken":0,"max_hp_gain":0,"max_hp_loss":0,"event_name":"Transmorgrifier","floor":14,"gold_loss":0,"cards_obtained":["sneckomod:SerpentIdol"]}],"is_beta":false,"boss_relics":[{"not_picked":["Calling Bell","Philosopher\u0027s Stone"],"picked":"hubris:GrandSneckoEye"}],"items_purged_floors":[13],"is_endless":false,"potions_floor_spawned":[9,15,22],"killed_by":"Shelled Parasite and Fungi","ascension_level":2}}