{"host":"qrt7o4dq2qslzw13","time":1607937659,"event":{"mods":["AchievementEnabler","BaseMod","Colored Map","Colored Powertips","Minty Spire (QoL Compilation)","Quick Restart","Rare Cards Sparkle","StSLib","SuperFastMode"],"gold_per_floor":[109,126,126,126,145,145,160,175,200,200,44,44,58,58,58,135,185,185,185],"floor_reached":18,"playtime":383,"items_purged":[],"score":308,"play_id":"9ebed5b1-bdb7-4499-818e-09f90b88cb95","local_time":"20201214042059","is_ascension_mode":true,"campfire_choices":[{"data":"True Grit","floor":6,"key":"SMITH"},{"floor":12,"key":"REST"},{"floor":15,"key":"REST"}],"circlet_count":0,"master_deck":["AscendersBane","Strike_R","Strike_R","Strike_R","Strike_R","Strike_R+1","Defend_R","Defend_R","Defend_R","Bash","Pain","True Grit+1","Inflame","Regret","Rage+1","Rage","Body Slam","Burning Pact+1","Inflame","Reckless Charge","Sentinel","Immolate","Shrug It Off"],"relics":["Burning Blood","CaptainsWheel","Smiling Mask","Happy Flower","Tiny House"],"acts_visited":["Exordium","TheCity"],"potions_floor_usage":[10,16,18,18],"damage_taken":[{"damage":5,"enemies":"Cultist","floor":1,"turns":4},{"damage":11,"enemies":"2 Louse","floor":2,"turns":3},{"damage":18,"enemies":"Jaw Worm","floor":5,"turns":5},{"damage":18,"enemies":"Large Slime","floor":7,"turns":8},{"damage":6,"enemies":"Looter","floor":8,"turns":4},{"damage":2,"enemies":"3 Louse","floor":10,"turns":2},{"damage":5,"enemies":"2 Fungi Beasts","floor":13,"turns":4},{"damage":52,"enemies":"The Guardian","floor":16,"turns":10},{"damage":81,"enemies":"3 Byrds","floor":18,"turns":8}],"seed_played":"-7118699098054767020","potions_obtained":[{"floor":7,"key":"SmokeBomb"},{"floor":13,"key":"ColorlessPotion"},{"floor":16,"key":"ColorlessPotion"},{"floor":17,"key":"BloodPotion"}],"is_trial":false,"path_per_floor":["M","M","?","?","M","R","M","M","T","M","$","R","M","?","R","B",null,"M"],"character_chosen":"IRONCLAD","items_purchased":["Inflame","Reckless Charge"],"campfire_rested":2,"item_purchase_floors":[11,11],"current_hp_per_floor":[69,64,64,64,52,52,40,40,40,44,44,66,67,44,66,20,66,0,0],"gold":185,"neow_bonus":"ONE_RARE_RELIC","is_daily":false,"chose_seed":false,"campfire_upgraded":1,"win_rate":0.0,"timestamp":1607937659,"path_taken":["M","M","?","?","M","R","M","M","T","?","$","R","M","?","R","BOSS","M"],"items_purchased_type":["Card","Card"],"build_version":"2020-12-13","purchased_purges":0,"victory":false,"max_hp_per_floor":[75,75,75,75,75,75,75,75,75,75,75,75,75,75,75,75,80,80,80],"card_choices":[{"not_picked":["Dark Embrace","Warcry"],"picked":"True Grit","floor":1},{"not_picked":["Heavy Blade","Uppercut"],"picked":"Inflame","floor":2},{"not_picked":["Disarm","Clash"],"picked":"Rage","floor":5},{"not_picked":["Perfected Strike","Thunderclap"],"picked":"Body Slam","floor":7},{"not_picked":["Second Wind","Iron Wave"],"picked":"Burning Pact","floor":8},{"not_picked":["Wild Strike","Armaments"],"picked":"Sentinel","floor":13},{"not_picked":["Barricade","Offering"],"picked":"Immolate","floor":16},{"not_picked":["Dark Embrace","Clash"],"picked":"Shrug It Off","floor":17}],"player_experience":451182,"relics_obtained":[{"floor":9,"key":"Happy Flower"}],"event_choices":[{"damage_healed":0,"gold_gain":0,"player_choice":"Box","damage_taken":0,"relics_obtained":["Smiling Mask"],"max_hp_gain":0,"max_hp_loss":0,"event_name":"Big Fish","floor":3,"gold_loss":0,"cards_obtained":["Regret"]},{"damage_healed":0,"gold_gain":0,"cards_transformed":["Defend_R"],"player_choice":"Transformed","damage_taken":0,"max_hp_gain":0,"max_hp_loss":0,"event_name":"Transmorgrifier","floor":4,"gold_loss":0,"cards_obtained":["Rage"]},{"damage_healed":0,"gold_gain":0,"player_choice":"Entered Light","damage_taken":23,"max_hp_gain":0,"max_hp_loss":0,"event_name":"Shining Light","floor":14,"gold_loss":0,"cards_upgraded":["Burning Pact","Rage"]}],"is_beta":false,"boss_relics":[{"not_picked":["Philosopher\u0027s Stone","Coffee Dripper"],"picked":"Tiny House"}],"items_purged_floors":[],"is_endless":false,"potions_floor_spawned":[7,10,13,16],"killed_by":"3 Byrds","ascension_level":20}}