{"host":"czzthkrvfe6r7fjf","time":1607957084,"event":{"mods":["Act Like it!","BaseMod","Downfall","GungeonMod","Marisa£®ÏF”Í°°ƒß¿Ì…≥£©","Minty Spire (QoL Compilation)","Quick Restart","StSLib","The Servant 0.9.4","Waifu the Spire","°æπ¶ƒ‹Mod°øªÏ„Á÷Æª∑–ﬁ∏¥≤π∂°"],"gold_per_floor":[111,111,111,124,124,124,165,188,188,188,223,237,310,346,346,466,466,491,441,462,126,126,164,164,182,207,226,250,266,266,281,281,411,411,429,429,429,450,350,389,216,259,304,52,76,76,95,158,158,158],"floor_reached":51,"playtime":2714,"items_purged":["Strike_G","Strike_G","Strike_G"],"score":1202,"play_id":"62573aae-caae-401a-b28b-da4ca7423de9","local_time":"20201214224444","is_ascension_mode":true,"campfire_choices":[{"data":"Neutralize","floor":6.0,"key":"SMITH"},{"data":"Envenom","floor":10.0,"key":"SMITH"},{"data":"A Thousand Cuts","floor":15.0,"key":"SMITH"},{"data":"expansioncontent:QuickStudy","floor":24.0,"key":"SMITH"},{"floor":30.0,"key":"REST"},{"floor":32.0,"key":"REST"},{"data":"Accuracy","floor":46.0,"key":"SMITH"},{"floor":49.0,"key":"REST"}],"circlet_count":0,"master_deck":["AscendersBane","Defend_G","Defend_G","Defend_G","Survivor","Neutralize+1","Blade Dance+1","Deflect","Envenom+1","Underhanded Strike","Poisoned Stab","A Thousand Cuts+1","Acrobatics","Distraction+1","Infinite Blades+1","Prepared","expansioncontent:QuickStudy+1","PiercingWail","Accuracy+1","Dagger Throw+1","Madness","Madness","Outmaneuver+1","Heel Hook+1","Blur"],"relics":["Ring of the Snake","NeowsBlessing","Golden Idol","DemoMod:BlueGuonStone","Paper Crane","Lizard Tail","DemoMod:SerJunkan","DemoMod:Junk","Astrolabe","DemoMod:ResourcefulSack","DemoMod:WhiteGuonStone","HoveringKite","Blood Vial","Sundial","StoneCalendar"],"acts_visited":["Exordium","TheCity","TheBeyond"],"potions_floor_usage":[50,50],"damage_taken":[{"damage":0.0,"enemies":"2 Louse","floor":1.0,"turns":1.0},{"damage":0.0,"enemies":"Jaw Worm","floor":4.0,"turns":1.0},{"damage":0.0,"enemies":"Lagavulin","floor":7.0,"turns":1.0},{"damage":0.0,"enemies":"Small Slimes","floor":8.0,"turns":3.0},{"damage":8.0,"enemies":"Gremlin Nob","floor":11.0,"turns":6.0},{"damage":8.0,"enemies":"Exordium Thugs","floor":12.0,"turns":5.0},{"damage":2.0,"enemies":"Lagavulin Event","floor":13.0,"turns":6.0},{"damage":1.0,"enemies":"Lagavulin","floor":14.0,"turns":7.0},{"damage":16.0,"enemies":"Hexaghost","floor":16.0,"turns":6.0},{"damage":0.0,"enemies":"3 Byrds","floor":18.0,"turns":2.0},{"damage":14.0,"enemies":"Spheric Guardian","floor":20.0,"turns":4.0},{"damage":25.0,"enemies":"Gremlin Leader","floor":23.0,"turns":6.0},{"damage":16.0,"enemies":"Cultist and Chosen","floor":25.0,"turns":6.0},{"damage":1.0,"enemies":"Snecko","floor":27.0,"turns":6.0},{"damage":0.0,"enemies":"Snake Plant","floor":28.0,"turns":4.0},{"damage":0.0,"enemies":"Centurion and Healer","floor":29.0,"turns":6.0},{"damage":7.0,"enemies":"Cultist and Chosen","floor":31.0,"turns":6.0},{"damage":4.0,"enemies":"Collector","floor":33.0,"turns":6.0},{"damage":4.0,"enemies":"3 Darklings","floor":35.0,"turns":5.0},{"damage":3.0,"enemies":"3 Shapes","floor":38.0,"turns":3.0},{"damage":6.0,"enemies":"Reptomancer","floor":40.0,"turns":7.0},{"damage":2.0,"enemies":"Nemesis","floor":42.0,"turns":6.0},{"damage":0.0,"enemies":"Transient","floor":45.0,"turns":5.0},{"damage":7.0,"enemies":"Jaw Worm Horde","floor":47.0,"turns":3.0},{"damage":0.0,"enemies":"Mind Bloom Boss Battle","floor":48.0,"turns":6.0},{"damage":38,"enemies":"Awakened One","floor":50,"turns":13}],"seed_played":"-8627891764393154104","potions_obtained":[{"floor":4.0,"key":"DuplicationPotion"},{"floor":12.0,"key":"Fruit Juice"},{"floor":14.0,"key":"AttackPotion"},{"floor":23.0,"key":"champ:CounterPotion"},{"floor":35.0,"key":"Strength Potion"},{"floor":45.0,"key":"SkillPotion"}],"is_trial":false,"path_per_floor":["M","?","?","M","?","R","E","M","T","R","E","M","?","E","R","B",null,"M","?","M","$","?","E","R","M","T","M","M","M","R","M","R","B",null,"M","?","?","M","$","E","$","E","T","$","M","R","M","?","R","B",null],"character_chosen":"THE_SILENT","items_purchased":["expansioncontent:QuickStudy","Regen Potion","PowerPotion","Sundial"],"campfire_rested":3,"item_purchase_floors":[21,21,41,44],"current_hp_per_floor":[63,46,39,39,39,39,39,39,39,39,31,28,26,25,25,9,59,59,59,45,45,45,35,35,19,19,18,18,18,40,33,55,51,69,65,56,56,53,53,47,47,45,45,45,47,47,42,44,66,30],"gold":158,"neow_bonus":"THREE_ENEMY_KILL","is_daily":false,"chose_seed":false,"campfire_upgraded":5,"win_rate":0.0,"timestamp":1607957084,"path_taken":["M","?","?","M","?","R","E","M","T","R","E","M","?","E","R","BOSS","M","?","?","$","?","E","R","M","T","M","M","M","R","M","R","BOSS","M","?","?","?","?","E","$","E","T","$","?","R","M","?","R","BOSS"],"items_purchased_type":["Card","Potion","Potion","Relic"],"build_version":"2020-12-13","purchased_purges":3,"victory":true,"max_hp_per_floor":[70,70,70,70,70,70,70,70,70,70,70,75,75,75,75,75,75,75,75,75,75,75,75,75,75,75,75,75,75,75,75,75,75,75,75,75,75,75,75,75,75,75,75,75,75,75,75,75,75,75],"card_choices":[{"not_picked":["Bane","Flechettes"],"picked":"Blade Dance","floor":1.0},{"not_picked":["Flying Knee","Catalyst"],"picked":"Deflect","floor":4.0},{"not_picked":["Bane","Quick Slash"],"picked":"Envenom","floor":7.0},{"not_picked":["PiercingWail","Prepared"],"picked":"Underhanded Strike","floor":8.0},{"not_picked":["Glass Knife","Predator","Dash"],"picked":"SKIP","floor":11.0},{"not_picked":["Deflect","Outmaneuver"],"picked":"Poisoned Stab","floor":12.0},{"not_picked":["Flying Knee","Predator"],"picked":"A Thousand Cuts","floor":13.0},{"not_picked":["Cloak And Dagger","Deadly Poison"],"picked":"Acrobatics","floor":14.0},{"not_picked":["Poisoned Stab","Masterful Stab"],"picked":"Prepared","floor":18.0},{"not_picked":["Prepared","Quick Slash","Finisher+1"],"picked":"SKIP","floor":20.0},{"not_picked":["Riddle With Holes","Acrobatics","A Thousand Cuts"],"picked":"SKIP","floor":23.0},{"not_picked":["Riddle With Holes","Acrobatics","A Thousand Cuts"],"picked":"SKIP","floor":23.0},{"not_picked":["Riddle With Holes","Acrobatics","A Thousand Cuts"],"picked":"SKIP","floor":23.0},{"not_picked":["Dagger Spray","Prepared","Acrobatics"],"picked":"SKIP","floor":25.0},{"not_picked":["Acrobatics","Bane","Quick Slash"],"picked":"SKIP","floor":27.0},{"not_picked":["Choke","Prepared","PiercingWail"],"picked":"SKIP","floor":28.0},{"not_picked":["Choke","Prepared"],"picked":"PiercingWail","floor":28.0},{"not_picked":["Dagger Spray","Flying Knee","Bane"],"picked":"SKIP","floor":29.0},{"not_picked":["Dagger Spray","Deadly Poison"],"picked":"Accuracy","floor":31.0},{"not_picked":["Dodge and Roll","Crippling Poison"],"picked":"Dagger Throw+1","floor":35.0},{"not_picked":["Poisoned Stab","Catalyst+1"],"picked":"Outmaneuver+1","floor":38.0},{"not_picked":["Deflect+1","Sucker Punch"],"picked":"Heel Hook+1","floor":40.0},{"not_picked":["Leg Sweep","Bane","Venomology"],"picked":"SKIP","floor":42.0},{"not_picked":["Sucker Punch","Leg Sweep+1","Deadly Poison"],"picked":"SKIP","floor":45.0},{"not_picked":["Sucker Punch","Leg Sweep+1","Deadly Poison"],"picked":"SKIP","floor":45.0},{"not_picked":["Noxious Fumes+1","PiercingWail+1"],"picked":"Blur","floor":47.0}],"player_experience":474921,"relics_obtained":[{"floor":7.0,"key":"DemoMod:BlueGuonStone"},{"floor":9.0,"key":"Paper Crane"},{"floor":11.0,"key":"Lizard Tail"},{"floor":13.0,"key":"DemoMod:SerJunkan"},{"floor":14.0,"key":"DemoMod:Junk"},{"floor":23.0,"key":"DemoMod:Junk"},{"floor":26.0,"key":"DemoMod:WhiteGuonStone"},{"floor":40.0,"key":"DemoMod:Junk"},{"floor":42.0,"key":"DemoMod:Junk"},{"floor":43.0,"key":"Blood Vial"},{"floor":48.0,"key":"StoneCalendar"}],"event_choices":[{"damage_healed":0.0,"max_hp_gain":0.0,"max_hp_loss":0.0,"gold_gain":0.0,"event_name":"Golden Idol","player_choice":"Take Damage","floor":2.0,"gold_loss":0.0,"damage_taken":17.0,"relics_obtained":["Golden Idol"]},{"cards_removed":["Strike_G"],"damage_healed":0.0,"max_hp_gain":0.0,"max_hp_loss":0.0,"gold_gain":0.0,"event_name":"Golden Wing","player_choice":"Card Removal","floor":3.0,"gold_loss":0.0,"damage_taken":7.0},{"damage_healed":0.0,"max_hp_gain":0.0,"max_hp_loss":0.0,"gold_gain":0.0,"event_name":"Living Wall","player_choice":"Grow","floor":5.0,"gold_loss":0.0,"damage_taken":0.0,"cards_upgraded":["Blade Dance"]},{"damage_healed":0.0,"max_hp_gain":0.0,"max_hp_loss":0.0,"gold_gain":0.0,"event_name":"Dead Adventurer","player_choice":"Searched \u00271\u0027 times","floor":13.0,"gold_loss":0.0,"damage_taken":0.0},{"damage_healed":0.0,"max_hp_gain":0.0,"max_hp_loss":0.0,"gold_gain":0.0,"event_name":"The Joust","player_choice":"Bet on Owner","floor":19.0,"gold_loss":50.0,"damage_taken":0.0},{"cards_removed":["Predator"],"damage_healed":0.0,"max_hp_gain":0.0,"max_hp_loss":0.0,"gold_gain":0.0,"event_name":"WeMeetAgain","player_choice":"Gave Card","floor":22.0,"gold_loss":0.0,"damage_taken":0.0,"relics_obtained":["DemoMod:ResourcefulSack"]},{"damage_healed":0.0,"max_hp_gain":0.0,"max_hp_loss":0.0,"gold_gain":0.0,"event_name":"Winding Halls","player_choice":"Embrace Madness","floor":36.0,"gold_loss":0.0,"damage_taken":9.0,"cards_obtained":["Madness","Madness"]},{"damage_healed":0.0,"max_hp_gain":0.0,"max_hp_loss":0.0,"gold_gain":0.0,"event_name":"The Woman in Blue","player_choice":"Bought 0 Potions","floor":37.0,"gold_loss":0.0,"damage_taken":0.0},{"damage_healed":0.0,"max_hp_gain":0.0,"max_hp_loss":0.0,"gold_gain":0.0,"event_name":"MindBloom","player_choice":"Fight","floor":48.0,"gold_loss":0.0,"damage_taken":0.0}],"is_beta":false,"boss_relics":[{"not_picked":["Tiny House","Velvet Choker"],"picked":"Astrolabe"},{"not_picked":["Pandora\u0027s Box","Snecko Eye"],"picked":"HoveringKite"}],"items_purged_floors":[21,39,41],"is_endless":false,"potions_floor_spawned":[4,12,14,23,27,29,35,38,45,48],"ascension_level":12}}