{"host":"obza8r4x8ovwwhn2","time":1607932795,"event":{"mods":["BaseMod","BetterRewards","Colored Map","Downfall","Highlight Path","Minty Spire (QoL Compilation)","Permanent Neow","Quick Restart","Replay The Spire","Shop Mod","StSLib","SuperFastMode"],"gold_per_floor":[99,134,150,150,150,177,177,192,221,71,71,84,69,69,84,84,84],"floor_reached":16,"playtime":602,"items_purged":[],"score":124,"play_id":"562cb5c1-d2fd-4be9-9254-b42b5c88a146","local_time":"20201213235955","is_ascension_mode":true,"campfire_choices":[{"data":"Slimebound:Split","floor":1,"key":"SMITH"},{"floor":4,"key":"RECALL"},{"floor":10,"key":"REST"}],"circlet_count":0,"master_deck":["Slimebound:Strike_Slimebound","Slimebound:Strike_Slimebound","Slimebound:Tackle+1","Slimebound:Defend_Slimebound","Slimebound:Defend_Slimebound","Slimebound:Defend_Slimebound","Slimebound:Defend_Slimebound","Slimebound:Split+1","Slimebound:CorrosiveSpit","Slimebound:AcidTongue","Slimebound:HauntingLick","Slimebound:ItLooksTasty","Slimebound:SplitAcid+1","Slimebound:MinionMaster","Slimebound:HauntingLick+1","Slimebound:Gluttony","Slimebound:Gluttony","Slimebound:RejuvenatingLick"],"relics":["Slimebound:AbsorbEndCombat","Whetstone","Ornamental Fan","Simple Rune","Replay:Bottled Snecko","Singing Bowl","downfall:HeartBlessingRed","downfall:HeartBlessingGreen"],"acts_visited":["Exordium"],"potions_floor_usage":[6,16,16],"damage_taken":[{"damage":34,"enemies":"3 Sentries","floor":2,"turns":9},{"damage":9,"enemies":"Cultist","floor":3,"turns":3},{"damage":39,"enemies":"Lagavulin","floor":6,"turns":7},{"damage":0,"enemies":"2 Louse","floor":8,"turns":1},{"damage":48,"enemies":"Gremlin Nob","floor":9,"turns":4},{"damage":22,"enemies":"Small Slimes","floor":12,"turns":2},{"damage":19,"enemies":"downfall:FleeingMerchant","floor":13,"turns":4},{"damage":18,"enemies":"2 Fungi Beasts","floor":15,"turns":3},{"damage":48,"enemies":"downfall:Defect","floor":16,"turns":4}],"seed_played":"-5170218216829358592","potions_obtained":[{"floor":3,"key":"Weak Potion"},{"floor":9,"key":"LiquidBronze"},{"floor":12,"key":"Dexterity Potion"},{"floor":15,"key":"Slimebound:SpawnSlimePotion"}],"is_trial":false,"path_per_floor":["R","E","M","R","?","E","T","M","E","R","?","M","$","?","M","B"],"character_chosen":"SLIMEBOUND","items_purchased":[],"campfire_rested":1,"item_purchase_floors":[],"current_hp_per_floor":[60,42,45,45,45,34,34,42,18,36,36,30,31,31,37,0,0],"gold":84,"neow_bonus":"RANDOM_COMMON_RELIC","is_daily":false,"chose_seed":false,"campfire_upgraded":1,"win_rate":0.0,"timestamp":1607932795,"path_taken":["R","E","M","R","?","E","T","M","E","R","?","M","$","?","M","BOSS"],"items_purchased_type":[],"build_version":"2020-12-13","purchased_purges":0,"victory":false,"max_hp_per_floor":[60,60,60,60,60,60,60,60,60,60,60,60,60,60,60,60,60],"card_choices":[{"not_picked":["Slimebound:GoopSpray","Slimebound:SplitBruiser"],"picked":"Slimebound:AcidTongue","floor":2},{"not_picked":["Slimebound:ComboTackle","Slimebound:RollThrough"],"picked":"Slimebound:HauntingLick","floor":3},{"not_picked":["Slimebound:ComboTackle","Slimebound:GoopTackle"],"picked":"Slimebound:ItLooksTasty","floor":6},{"not_picked":["Slimebound:FinishingTackle","Slimebound:SplitBruiser"],"picked":"Slimebound:SplitAcid","floor":8},{"not_picked":["Slimebound:FlameTackle","Slimebound:Schlurp"],"picked":"Slimebound:MinionMaster","floor":9},{"not_picked":["Slimebound:GoopSpray","Slimebound:RollThrough"],"picked":"Slimebound:Gluttony","floor":12},{"not_picked":["Slimebound:ItLooksTasty","Slimebound:PressTheAttack"],"picked":"Slimebound:Gluttony","floor":13},{"not_picked":["Slimebound:GoopSpray","Slimebound:Schlurp"],"picked":"Slimebound:RejuvenatingLick","floor":15}],"player_experience":588888,"relics_obtained":[{"floor":2,"key":"Ornamental Fan"},{"floor":6,"key":"Simple Rune"},{"floor":7,"key":"Replay:Bottled Snecko"},{"floor":9,"key":"Singing Bowl"}],"event_choices":[],"is_beta":false,"boss_relics":[],"items_purged_floors":[],"is_endless":false,"potions_floor_spawned":[3,9,12,15],"killed_by":"downfall:Defect","ascension_level":1}}