{"host":"xodzlm10r37577ou","time":1607961100,"event":{"mods":["Act Like it!","BaseMod","Gensokyo","Minty Spire (QoL Compilation)","Replay The Spire","StSLib","TestMod"],"gold_per_floor":[115,16,26,26,126,126,137,163,163,188,188,207,221,40,40,144,144,154,29,127,127,142,142,177,190,216,242,242,255,275,125,125,220,220,239,239,251,267,282,307,307,318,318,143,163,163,182,193,193,193],"floor_reached":51,"playtime":2289,"items_purged":["Strike_P","Strike_P","Defend_P","Strike_P","Vigilance"],"score":1609,"play_id":"6583c9ee-711f-46fc-8405-c53cd4f83e43","local_time":"20201214235140","is_ascension_mode":true,"campfire_choices":[{"data":"ForeignInfluence","floor":6,"key":"SMITH"},{"data":"ForeignInfluence","floor":11,"key":"SMITH"},{"data":"Fasting2","floor":15,"key":"SMITH"},{"data":"FlurryOfBlows","floor":23,"key":"SMITH"},{"data":"JustLucky","floor":28,"key":"SMITH"},{"data":"Weave","floor":32,"key":"SMITH"},{"data":"Scrawl","floor":49,"key":"SMITH"}],"circlet_count":0,"master_deck":["AscendersBane","Defend_P","Eruption","JustLucky+1","FlurryOfBlows+1","BowlingBash","ForeignInfluence+1","Steam","Replay:ManipulateFuture","ForeignInfluence+1","Prostrate","Fasting2+1","Scrawl+1","Replay:Hum","Weave+1","Crescendo+1"],"relics":["PureWater","testmod-TestBox","testmod-Muramasa","NeowsBlessing","testmod-ThousandKnives","Chameleon Ring","testmod-Maize","Busted Crown","Lantern","Ring of Peace","Ring of Hypnosis","testmod-AssaultLearning","testmod-TurbochargingSystem","testmod-SaigiyounoYou","StrikeDummy","testmod-IndustrialRevolution"],"acts_visited":["Exordium","TheCity","TheBeyond"],"potions_floor_usage":[7,22,27,42,50,50,50,50,50],"damage_taken":[{"damage":0.0,"enemies":"Jaw Worm","floor":1.0,"turns":1.0},{"damage":0.0,"enemies":"2 Louse","floor":3.0,"turns":2.0},{"damage":0,"enemies":"Cultist","floor":7,"turns":1},{"damage":12,"enemies":"3 Sentries","floor":8,"turns":7},{"damage":0,"enemies":"Replay:BlueRogue","floor":10,"turns":1},{"damage":0,"enemies":"Looter","floor":12,"turns":3},{"damage":0,"enemies":"3 Louse","floor":13,"turns":1},{"damage":0,"enemies":"Fading Forest","floor":16,"turns":4},{"damage":0,"enemies":"Chosen","floor":18,"turns":1},{"damage":0,"enemies":"3 Byrds","floor":22,"turns":2},{"damage":0,"enemies":"Replay:Snechameleon","floor":24,"turns":1},{"damage":0,"enemies":"Shelled Parasite and Fungi","floor":25,"turns":2},{"damage":0,"enemies":"Slavers","floor":27,"turns":3},{"damage":0,"enemies":"Cultist and Chosen","floor":29,"turns":2},{"damage":0,"enemies":"Snake Plant","floor":30,"turns":2},{"damage":0,"enemies":"Pondfish","floor":33,"turns":3},{"damage":0,"enemies":"Orb Walker","floor":35,"turns":1},{"damage":0,"enemies":"3 Darklings","floor":37,"turns":2},{"damage":0,"enemies":"Maw","floor":38,"turns":2},{"damage":0,"enemies":"Transient","floor":39,"turns":4},{"damage":0,"enemies":"Giant Head","floor":40,"turns":2},{"damage":0,"enemies":"Spire Growth","floor":42,"turns":1},{"damage":0,"enemies":"4 Shapes","floor":45,"turns":1},{"damage":0,"enemies":"3 Darklings","floor":47,"turns":1},{"damage":0,"enemies":"Jaw Worm Horde","floor":48,"turns":2},{"damage":0,"enemies":"Replay:Hell Engine","floor":50,"turns":1}],"seed_played":"6057877271286288730","potions_obtained":[{"floor":3.0,"key":"BlessingOfTheForge"},{"floor":7,"key":"testmod-SpacePotion"},{"floor":8,"key":"Explosive Potion"},{"floor":22,"key":"testmod-SpacePotion"},{"floor":27,"key":"ColorlessPotion"},{"floor":30,"key":"Weak Potion"},{"floor":35,"key":"Swift Potion"},{"floor":37,"key":"Languid Potion"},{"floor":48,"key":"Ancient Potion"}],"is_trial":false,"path_per_floor":["M","$","M","?","?","R","M","E","T","E","R","M","M","$","R","B",null,"M","$","?","?","M","R","E","M","T","E","R","M","M","$","R","B",null,"M","?","M","M","M","E","?","M","T","$","M","$","M","M","R","B",null],"character_chosen":"WATCHER","items_purchased":["FlurryOfBlows","Fasting2"],"campfire_rested":0,"item_purchase_floors":[2,14],"current_hp_per_floor":[65,65,65,65,65,65,65,53,53,53,53,53,53,53,53,53,67,67,67,49,49,49,49,49,49,49,49,49,49,49,49,49,49,66,72,62,72,72,72,72,72,72,72,72,72,72,72,72,72,72],"gold":193,"neow_bonus":"THREE_ENEMY_KILL","is_daily":false,"chose_seed":false,"campfire_upgraded":7,"win_rate":0.0,"timestamp":1607961100,"path_taken":["M","$","M","?","?","R","?","E","T","E","R","M","M","$","R","BOSS","M","$","?","?","M","R","E","M","T","E","R","M","M","$","R","BOSS","M","?","M","M","M","E","?","M","T","$","M","$","M","M","R","BOSS"],"items_purchased_type":["Card","Card"],"build_version":"2020-12-13","purchased_purges":5,"victory":true,"max_hp_per_floor":[72,72,72,72,72,72,72,72,72,72,72,72,72,72,72,72,72,72,72,72,72,72,72,72,72,72,72,72,72,72,72,72,72,72,72,72,72,72,72,72,72,72,72,72,72,72,72,72,72,72],"card_choices":[{"not_picked":["Protect","EmptyMind"],"picked":"JustLucky","floor":1.0},{"not_picked":["EmptyBody","FlyingSleeves"],"picked":"BowlingBash","floor":3.0},{"not_picked":["FollowUp","TalkToTheHand"],"picked":"Replay:ManipulateFuture","floor":7},{"not_picked":["Crescendo","ThirdEye"],"picked":"ForeignInfluence","floor":8},{"not_picked":["CrushJoints","DevaForm"],"picked":"Prostrate","floor":10},{"not_picked":["SashWhip","ThirdEye","CrushJoints"],"picked":"SKIP","floor":12},{"not_picked":["Replay:Vibes","Study","Ragnarok"],"picked":"SKIP","floor":13},{"not_picked":["Devotion","LessonLearned"],"picked":"Scrawl","floor":16},{"not_picked":["Vengeance"],"picked":"SKIP","floor":18},{"not_picked":[],"picked":"Replay:Hum","floor":20},{"not_picked":["Replay:BluntJabs+1"],"picked":"SKIP","floor":22},{"not_picked":["Meditate"],"picked":"SKIP","floor":24},{"not_picked":["Replay:ManipulateFuture"],"picked":"SKIP","floor":25},{"not_picked":["Vengeance"],"picked":"SKIP","floor":27},{"not_picked":["PathToVictory"],"picked":"SKIP","floor":29},{"not_picked":[],"picked":"Weave","floor":30},{"not_picked":["Meditate"],"picked":"SKIP","floor":35},{"not_picked":["Halt+1"],"picked":"SKIP","floor":37},{"not_picked":["PathToVictory+1"],"picked":"SKIP","floor":38},{"not_picked":["CutThroughFate"],"picked":"SKIP","floor":39},{"not_picked":["SashWhip+1"],"picked":"SKIP","floor":40},{"not_picked":["FlyingSleeves"],"picked":"SKIP","floor":42},{"not_picked":["ReachHeaven"],"picked":"SKIP","floor":45},{"not_picked":[],"picked":"Crescendo+1","floor":47},{"not_picked":["Sanctity"],"picked":"SKIP","floor":48}],"player_experience":428787,"relics_obtained":[{"floor":8,"key":"testmod-ThousandKnives"},{"floor":9,"key":"Chameleon Ring"},{"floor":10,"key":"testmod-Maize"},{"floor":20,"key":"Lantern"},{"floor":21,"key":"Ring of Peace"},{"floor":21,"key":"Ring of Hypnosis"},{"floor":24,"key":"testmod-AssaultLearning"},{"floor":26,"key":"testmod-TurbochargingSystem"},{"floor":40,"key":"StrikeDummy"},{"floor":43,"key":"testmod-IndustrialRevolution"}],"event_choices":[{"damage_healed":0,"gold_gain":100,"player_choice":"Pray","damage_taken":0,"max_hp_gain":0,"max_hp_loss":0,"event_name":"Golden Shrine","floor":5,"gold_loss":0},{"damage_healed":0,"gold_gain":0,"player_choice":"Memory 3","damage_taken":10,"max_hp_gain":0,"max_hp_loss":0,"event_name":"SensoryStone","floor":36,"gold_loss":0},{"cards_removed":["Defend_P"],"damage_healed":0,"gold_gain":0,"player_choice":"Purged","damage_taken":0,"max_hp_gain":0,"max_hp_loss":0,"event_name":"Purifier","floor":41,"gold_loss":0}],"is_beta":false,"boss_relics":[{"not_picked":["VioletLotus","testmod-Prudence"],"picked":"Busted Crown"},{"not_picked":["ChewingGum","testmod-Nine"],"picked":"testmod-SaigiyounoYou"}],"items_purged_floors":[2,14,19,31,44],"is_endless":false,"potions_floor_spawned":[3,7,8,22,27,30,35,37,40,48],"ascension_level":11}}