{"host":"es89jqq87guwhc1m","time":1607915776,"event":{"mods":["BaseMod","Colored Map","DeckTracker","Minty Spire (QoL Compilation)","StSLib","SuperFastMode"],"gold_per_floor":[110,110,126,126,126,126,137,137,161,179,190,222,222,238,238,315,315,327,337,209,209,226,226,1,1,25,25,25,25,36,47,47,47,47],"floor_reached":33,"playtime":1659,"items_purged":["Defend_B","Defend_B"],"score":432,"play_id":"5b34b22f-7479-4f47-9b2f-8b1a378971ff","local_time":"20201214121616","is_ascension_mode":true,"campfire_choices":[{"data":"Zap","floor":6.0,"key":"SMITH"},{"data":"Aggregate","floor":8.0,"key":"SMITH"},{"floor":13.0,"key":"REST"},{"data":"Turbo","floor":15.0,"key":"SMITH"},{"data":"Consume","floor":23.0,"key":"SMITH"},{"data":"Reboot","floor":25.0,"key":"SMITH"},{"data":"Double Energy","floor":27.0,"key":"SMITH"},{"data":"Hologram","floor":32.0,"key":"SMITH"}],"circlet_count":0,"master_deck":["AscendersBane","Defend_B","Zap+1","Dualcast","Tempest","Ball Lightning","Aggregate+1","Thunder Strike","Stack","Defragment","Turbo+1","Undo","Reboot+1","Leap+1","Darkness+1","Doom and Gloom+1","Consume+1","Redo","Turbo","Double Energy+1","Hologram+1","Cold Snap","Stack"],"relics":["Cracked Core","Juzu Bracelet","Regal Pillow","Eternal Feather","Astrolabe","Strawberry"],"acts_visited":["Exordium","TheCity"],"potions_floor_usage":[33],"damage_taken":[{"damage":7.0,"enemies":"Jaw Worm","floor":1.0,"turns":4.0},{"damage":8.0,"enemies":"2 Louse","floor":3.0,"turns":2.0},{"damage":0.0,"enemies":"Small Slimes","floor":7.0,"turns":2.0},{"damage":10.0,"enemies":"3 Louse","floor":10.0,"turns":3.0},{"damage":8.0,"enemies":"Blue Slaver","floor":11.0,"turns":2.0},{"damage":26.0,"enemies":"Lagavulin","floor":12.0,"turns":4.0},{"damage":10.0,"enemies":"Exordium Thugs","floor":14.0,"turns":3.0},{"damage":33.0,"enemies":"Slime Boss","floor":16.0,"turns":8.0},{"damage":22.0,"enemies":"2 Thieves","floor":18.0,"turns":4.0},{"damage":0.0,"enemies":"Spheric Guardian","floor":19.0,"turns":3.0},{"damage":18.0,"enemies":"Cultist and Chosen","floor":22.0,"turns":4.0},{"damage":8.0,"enemies":"Shelled Parasite and Fungi","floor":30.0,"turns":3.0},{"damage":14.0,"enemies":"Centurion and Healer","floor":31.0,"turns":6.0},{"damage":65,"enemies":"Collector","floor":33,"turns":6}],"seed_played":"4017449652408120248","potions_obtained":[{"floor":10.0,"key":"Explosive Potion"},{"floor":11.0,"key":"CultistPotion"},{"floor":12.0,"key":"FearPotion"},{"floor":18.0,"key":"FearPotion"},{"floor":19.0,"key":"Block Potion"}],"is_trial":false,"path_per_floor":["M","?","M","?","?","R","M","R","T","M","M","E","R","M","R","B",null,"M","M","$","?","M","R","$","R","T","R","?","$","M","M","R","B"],"character_chosen":"DEFECT","items_purchased":["Redo","Turbo","Double Energy"],"campfire_rested":1,"item_purchase_floors":[20,24,24],"current_hp_per_floor":[57,62,54,47,47,47,47,47,47,37,29,3,49,39,48,15,61,39,39,39,39,21,30,30,42,49,61,61,61,53,39,51,0,0],"gold":47,"neow_bonus":"RANDOM_COMMON_RELIC","is_daily":false,"chose_seed":false,"campfire_upgraded":7,"win_rate":0.0,"timestamp":1607915776,"path_taken":["M","?","M","?","?","R","M","R","T","M","M","E","R","M","R","BOSS","M","M","$","?","M","R","$","R","T","R","?","?","M","M","R","BOSS"],"items_purchased_type":["Card","Card","Card"],"build_version":"2020-12-13","purchased_purges":2,"victory":false,"max_hp_per_floor":[71,76,76,76,76,76,76,76,76,76,76,76,76,76,76,76,76,76,76,76,76,76,76,76,76,83,83,83,83,83,83,83,83,83],"card_choices":[{"not_picked":["Beam Cell","Go for the Eyes"],"picked":"Tempest","floor":1.0},{"not_picked":["Rebound","Conserve Battery"],"picked":"Ball Lightning","floor":3.0},{"not_picked":["Conserve Battery","FTL"],"picked":"Thunder Strike","floor":7.0},{"not_picked":["Streamline","Melter"],"picked":"Stack","floor":10.0},{"not_picked":["Tempest","Leap"],"picked":"Defragment","floor":11.0},{"not_picked":["Barrage","Compile Driver"],"picked":"Turbo","floor":12.0},{"not_picked":["Go for the Eyes","Redo"],"picked":"Undo","floor":14.0},{"not_picked":["Fission","Multi-Cast"],"picked":"Reboot","floor":16.0},{"not_picked":["Go for the Eyes","Streamline","Leap"],"picked":"SKIP","floor":18.0},{"not_picked":["Barrage","Leap"],"picked":"Consume","floor":19.0},{"not_picked":["Barrage","Auto Shields","Beam Cell"],"picked":"SKIP","floor":22.0},{"not_picked":["Compile Driver","Redo"],"picked":"Cold Snap","floor":30.0},{"not_picked":["Barrage+1","Fusion"],"picked":"Stack","floor":31.0}],"player_experience":1598881,"relics_obtained":[{"floor":9.0,"key":"Regal Pillow"},{"floor":12.0,"key":"Eternal Feather"},{"floor":26.0,"key":"Strawberry"}],"event_choices":[{"damage_healed":0.0,"max_hp_gain":5.0,"max_hp_loss":0.0,"gold_gain":0.0,"event_name":"Big Fish","player_choice":"Donut","floor":2.0,"gold_loss":0.0,"damage_taken":0.0},{"cards_removed":["Strike_B"],"damage_healed":0.0,"max_hp_gain":0.0,"max_hp_loss":0.0,"gold_gain":0.0,"event_name":"Golden Wing","player_choice":"Card Removal","floor":4.0,"gold_loss":0.0,"damage_taken":7.0},{"damage_healed":0.0,"max_hp_gain":0.0,"max_hp_loss":0.0,"gold_gain":0.0,"cards_transformed":["Strike_B"],"event_name":"Living Wall","player_choice":"Change","floor":5.0,"gold_loss":0.0,"damage_taken":0.0,"cards_obtained":["Aggregate"]},{"damage_healed":0.0,"max_hp_gain":0.0,"max_hp_loss":0.0,"gold_gain":0.0,"event_name":"Ghosts","player_choice":"Ignored","floor":21.0,"gold_loss":0.0,"damage_taken":0.0},{"damage_healed":0.0,"max_hp_gain":0.0,"max_hp_loss":0.0,"gold_gain":0.0,"event_name":"The Library","player_choice":"Read","floor":28.0,"gold_loss":0.0,"damage_taken":0.0,"cards_obtained":["Hologram"]}],"is_beta":false,"boss_relics":[{"not_picked":["Busted Crown","Calling Bell"],"picked":"Astrolabe"}],"items_purged_floors":[20,24],"is_endless":false,"potions_floor_spawned":[10,11,12,18,19],"killed_by":"Collector","ascension_level":15}}