{"host":"vvp4eihuvtuugjfx","time":1607945255,"event":{"mods":["Act Like it!","Aspiration","BaseMod","Better Note","CCEM","Colored Map","Colored Powertips","Downfall","Hallownest","Highlight Path","Mimic Mod","Minty Spire (QoL Compilation)","Permanent Neow","Quick Restart","Replay The Spire","Shop Mod","Spicy Shops","StSLib","The Bug Knight","The Construct","Unceasing Turn Reminder"],"gold_per_floor":[65,65,65,515,530,562,585,599,599,632,632,71,89,189,200,305,305,305,340,340,340,368,368,368,368,380,380,397,44,60,60,80,178,178,258,272,272,289,289,289],"floor_reached":39,"playtime":3844,"items_purged":["Injury","Languid"],"score":500,"play_id":"52cdd3bc-ecb7-489e-853d-af7e9e5eb7a8","local_time":"20201214122735","is_ascension_mode":false,"campfire_choices":[{"data":"champ:Taunt","floor":9,"key":"SMITH"},{"data":"champ:GladiatorStyle","floor":18,"key":"SMITH"},{"data":"champ:ShieldWall","floor":23,"key":"SMITH"},{"data":"champ:FocusedDefense","floor":25,"key":"SMITH"},{"data":"champ:Circumvent","floor":27,"key":"SMITH"}],"circlet_count":0,"master_deck":["champ:Execute","champ:Taunt+1","All Out Attack+1","Survivor","Slimebound:Icky","Slimebound:Icky","Slimebound:Icky","champ:Encircle+1","champ:TornadoPunch+1","champ:RisingSlash+1","champ:Encircle+1","champ:BringItOn","champ:Improvising+1","champ:HeavySlash+1","champ:HeavySlash+1","champ:FlashCut+1","champ:DancingMaster+1","champ:Shatter+1","champ:GladiatorsShout","champ:Taunt","Purity+1","champ:GladiatorStyle+1","champ:BladeFlurry+1","champ:PerfectForm+1","champ:EnGarde+1","champ:BerserkersShout","champ:Shatter+1","champ:FaceSlap+1","champ:GladiatorsShout","champ:RapidStrikes+1","champ:FocusedDefense+1","champ:ShieldWall+1","champ:Circumvent+1","champ:AdrenalArmor+1","champ:FlashCut+1","champ:FightOn","champ:BerserkerStyle+1","champ:FocusedGladiator+1","Apotheosis+1","champ:StanceDance","Replay:SS_hec_1+1","champ:ShieldWall+1","expansioncontent:QuickStudy+1","champ:CheapShot+1","champ:DeathBlow+1"],"relics":["champ:ChampionCrown","Incense Burner","Molten Egg 2","MerchantsRug","Golden Egg","downfall:GremlinSack","Potion Belt","champ:DefensiveTrainingManual","Toy Ornithopter","Guide Book","CCEMRelics:FestiveHat","construct:ClawGrip","downfall:TeleportStone"],"acts_visited":["Exordium","TheCity","TheBeyond"],"potions_floor_usage":[16,39,39],"damage_taken":[{"damage":1,"enemies":"Jaw Worm","floor":5,"turns":7},{"damage":45,"enemies":"Gremlin Nob","floor":6,"turns":4},{"damage":1,"enemies":"2 Louse","floor":8,"turns":2},{"damage":26,"enemies":"Lagavulin","floor":10,"turns":8},{"damage":5,"enemies":"downfall:FleeingMerchant","floor":12,"turns":4},{"damage":0,"enemies":"Small Slimes","floor":13,"turns":3},{"damage":12,"enemies":"Small Slimes","floor":14,"turns":4},{"damage":28,"enemies":"Lots of Slimes","floor":15,"turns":5},{"damage":16,"enemies":"downfall:Watcher","floor":16,"turns":7},{"damage":54,"enemies":"Gremlin Leader","floor":19,"turns":5},{"damage":54,"enemies":"Slavers","floor":22,"turns":4},{"damage":1,"enemies":"Spheric Guardian","floor":26,"turns":2},{"damage":4,"enemies":"Shell Parasite","floor":28,"turns":2},{"damage":8,"enemies":"downfall:FleeingMerchant","floor":29,"turns":4},{"damage":23,"enemies":"Shelled Parasite and Fungi","floor":30,"turns":3},{"damage":21,"enemies":"Centurion and Healer","floor":32,"turns":4},{"damage":48,"enemies":"downfall:Defect","floor":33,"turns":6},{"damage":63,"enemies":"3 Shapes","floor":36,"turns":6},{"damage":34,"enemies":"3 Darklings","floor":38,"turns":2},{"damage":56,"enemies":"downfall:Silent","floor":39,"turns":5}],"seed_played":"-9205859000081646372","potions_obtained":[{"floor":8,"key":"Dexterity Potion"},{"floor":14,"key":"champ:TechniquePotion"},{"floor":15,"key":"ColorlessPotion"},{"floor":19,"key":"DistilledChaos"},{"floor":30,"key":"BlessingOfTheForge"},{"floor":33,"key":"Ancient Potion"},{"floor":38,"key":"Energy Potion"}],"is_trial":false,"path_per_floor":["R_BF","?","?","?","M","E","T","M","R","E","T","$","M","?","M","B",null,"R","E","?","?","E","R","T","R","M","R","M","$","M","?","M","B",null,"R_BF","M","?","M","B"],"character_chosen":"THE_CHAMP","items_purchased":["MerchantsRug","Golden Egg","champ:Improvising","champ:HeavySlash+1","champ:FightOn","champ:BerserkerStyle","champ:FocusedGladiator","Guide Book","CCEMRelics:FestiveHat"],"campfire_rested":0,"item_purchase_floors":[12,12,12,12,29,29,29,29,29],"current_hp_per_floor":[90,90,90,90,89,67,67,68,68,46,46,45,45,42,18,6,90,90,68,68,68,23,41,41,59,60,78,74,71,50,90,72,38,90,90,63,63,41,0,0],"gold":289,"neow_bonus":"ONE_RARE_RELIC","is_daily":false,"chose_seed":false,"campfire_upgraded":5,"win_rate":0.0,"timestamp":1607945255,"path_taken":["R_BF","?","?","?","M","E","T","M","R","E","?","$","?","?","M","BOSS","R","E","?","?","E","R","T","R","M","R","M","$","M","?","M","BOSS","R_BF","M","?","M","BOSS"],"items_purchased_type":["Relic","Relic","Card","Card","Card","Card","Card","Relic","Relic"],"build_version":"2020-12-13","purchased_purges":2,"victory":false,"max_hp_per_floor":[90,90,90,90,90,90,90,90,90,90,90,90,90,90,90,90,90,90,90,90,90,90,90,90,90,90,90,90,90,90,90,90,90,90,90,90,90,90,90,90],"card_choices":[{"not_picked":["champ:RisingSlash+1","champ:StanceDance"],"picked":"champ:Encircle+1","floor":5},{"not_picked":["champ:StanceDance","champ:CalledShot"],"picked":"champ:TornadoPunch+1","floor":6},{"not_picked":["champ:Duel+1","champ:Riposte"],"picked":"champ:RisingSlash+1","floor":8},{"not_picked":["champ:AdrenalArmor","champ:FocusedGladiator"],"picked":"champ:Encircle+1","floor":10},{"not_picked":["champ:RisingSlash+1","champ:PerfectedStrike+1"],"picked":"champ:BringItOn","floor":12},{"not_picked":["champ:IgnorePain","champ:BringItOn"],"picked":"champ:FlashCut+1","floor":13},{"not_picked":["champ:FlashCut+1","champ:Haymaker+1"],"picked":"champ:GladiatorStyle","floor":14},{"not_picked":["champ:Circumvent","champ:HeartStrike+1"],"picked":"champ:BladeFlurry+1","floor":15},{"not_picked":["champ:HoldFirm","champ:MurderStrike+1"],"picked":"champ:PerfectForm","floor":16},{"not_picked":["champ:RapidStrikes+1","champ:CrookedStrike+1"],"picked":"champ:FocusedDefense","floor":19},{"not_picked":["champ:BringItOn","champ:Encircle+1"],"picked":"champ:ShieldWall","floor":22},{"not_picked":["champ:DeathBlow+1","champ:FanOfKnives+1"],"picked":"champ:Circumvent","floor":26},{"not_picked":["champ:GladiatorStyle+1","champ:GladiatorsShout"],"picked":"champ:AdrenalArmor+1","floor":28},{"not_picked":["champ:ShieldWall","champ:Circumvent+1"],"picked":"champ:FlashCut+1","floor":29},{"not_picked":["Chrysalis+1","Replay:SS_fish_2+1"],"picked":"Apotheosis+1","floor":30},{"not_picked":["champ:RapidStrikes+1","champ:Duel+1"],"picked":"champ:StanceDance","floor":30},{"not_picked":["ReplayTheSpireMod:Private Reserves+1","Trip+1"],"picked":"Replay:SS_hec_1+1","floor":32},{"not_picked":["champ:CrookedStrike+1","champ:Haymaker+1"],"picked":"champ:ShieldWall+1","floor":32},{"not_picked":["ReplayUltimateDefense+1","expansioncontent:CaCaw+1"],"picked":"expansioncontent:QuickStudy+1","floor":33},{"not_picked":["champ:ShieldThrow+1","champ:LastStand"],"picked":"champ:CheapShot+1","floor":33},{"not_picked":["champ:FlashCut+1","champ:GladiatorsShout+1"],"picked":"champ:DeathBlow+1","floor":36},{"not_picked":["champ:FaceSlap+1","champ:Encircle+1","champ:PerfectedStrike+1"],"picked":"SKIP","floor":38}],"player_experience":738207,"relics_obtained":[{"floor":6,"key":"Sundial"},{"floor":7,"key":"Replay:Wax Seal"},{"floor":10,"key":"Eternal Feather"},{"floor":11,"key":"Replay:Bottled Steam"},{"floor":14,"key":"downfall:GremlinSack"},{"floor":19,"key":"Potion Belt"},{"floor":22,"key":"Toy Ornithopter"},{"floor":24,"key":"Bottled Tornado"}],"event_choices":[{"cards_removed":["Purity"],"damage_healed":0,"gold_gain":0,"player_choice":"Give","damage_taken":0,"max_hp_gain":0,"max_hp_loss":0,"event_name":"betterNote:BetterNote","floor":20,"gold_loss":0,"cards_obtained":["hexamod:FifthSeal"]}],"is_beta":false,"boss_relics":[{"not_picked":["construct:WeddingRing","Honey Jar"],"picked":"Pandora\u0027s Box"},{"not_picked":["CCEMRelics:TransientCore","Ring of Chaos"],"picked":"construct:ClawGrip"}],"items_purged_floors":[12,29],"is_endless":false,"potions_floor_spawned":[8,14,15,19,30,33,38],"killed_by":"downfall:Silent","ascension_level":0}}