{"host":"swphzoo6hmc78epl","time":1607905059,"event":{"mods":["BaseMod","Highlight Path","Minty Spire (QoL Compilation)","Quick Restart"],"gold_per_floor":[115,0,17,17,29,29,29,60,60,85,85,160,186,136,136,238,238,257,257,257,269,269,287,297,326,405,439,439,439],"floor_reached":28,"playtime":1260,"items_purged":["Strike_P"],"score":384,"play_id":"ce72717f-f88f-45d4-9156-2ae3a51086e9","local_time":"20201213191739","is_ascension_mode":true,"campfire_choices":[{"data":"ForeignInfluence","floor":6,"key":"SMITH"},{"data":"SashWhip","floor":15,"key":"SMITH"}],"circlet_count":0,"master_deck":["Defend_P","Defend_P","Defend_P","Defend_P","Eruption+1","Vigilance","LikeWater","ForeignInfluence+1","SashWhip+1","FlyingSleeves","LikeWater","Conclude+1","WreathOfFlame","ConjureBlade","Perseverance+1","Ghostly","Ghostly+1","Ghostly","Ghostly+1","Ghostly","LikeWater+1","WheelKick+1","Crescendo+1","DevaForm"],"relics":["HolyWater","NeowsBlessing","InkBottle","TungstenRod","Pen Nib","MealTicket","Whetstone","Toxic Egg 2","Strawberry","Eternal Feather","War Paint"],"acts_visited":["Exordium","TheCity"],"potions_floor_usage":[10,13,25,28],"damage_taken":[{"damage":0,"enemies":"Small Slimes","floor":1,"turns":1},{"damage":0,"enemies":"Cultist","floor":3,"turns":1},{"damage":0,"enemies":"2 Louse","floor":5,"turns":1},{"damage":18,"enemies":"Gremlin Nob","floor":8,"turns":4},{"damage":8,"enemies":"3 Sentries","floor":10,"turns":5},{"damage":2,"enemies":"Lagavulin","floor":13,"turns":3},{"damage":12,"enemies":"The Guardian","floor":16,"turns":11},{"damage":10,"enemies":"Chosen","floor":18,"turns":3},{"damage":0,"enemies":"Spheric Guardian","floor":21,"turns":6},{"damage":21,"enemies":"Snake Plant","floor":23,"turns":3},{"damage":0,"enemies":"Centurion and Healer","floor":24,"turns":4},{"damage":0,"enemies":"Book of Stabbing","floor":25,"turns":5},{"damage":12,"enemies":"Slavers","floor":27,"turns":8},{"damage":0,"enemies":"Colosseum Slavers","floor":28,"turns":2},{"damage":10,"enemies":"Colosseum Nobs","floor":28,"turns":2}],"seed_played":"-2421703999955450805","potions_obtained":[{"floor":1,"key":"Explosive Potion"},{"floor":5,"key":"Weak Potion"},{"floor":13,"key":"SmokeBomb"},{"floor":16,"key":"SteroidPotion"},{"floor":21,"key":"SteroidPotion"},{"floor":25,"key":"Dexterity Potion"}],"is_trial":false,"path_per_floor":["M","$","M","?","M","R","?","E","T","E","$","?","E","?","R","B",null,"M","?","?","M","?","M","M","E","T","E","?"],"character_chosen":"WATCHER","items_purchased":["LikeWater"],"campfire_rested":0,"item_purchase_floors":[2],"current_hp_per_floor":[72,72,72,72,72,72,69,51,51,43,58,48,46,46,46,34,72,62,36,36,36,36,15,15,22,22,10,0,0],"gold":439,"neow_bonus":"THREE_ENEMY_KILL","is_daily":false,"chose_seed":false,"campfire_upgraded":2,"win_rate":0.0,"timestamp":1607905059,"path_taken":["M","$","M","?","?","R","?","E","T","E","$","?","E","?","R","BOSS","M","?","?","M","?","?","M","E","T","E","?"],"items_purchased_type":["Card"],"build_version":"2020-12-13","purchased_purges":1,"victory":false,"max_hp_per_floor":[72,72,72,72,72,72,72,72,72,72,72,72,72,72,72,72,72,72,36,36,36,36,36,36,43,43,43,43,43],"card_choices":[{"not_picked":["Nirvana","Halt","Evaluate"],"picked":"SKIP","floor":1},{"not_picked":["Halt","ClearTheMind"],"picked":"ForeignInfluence","floor":3},{"not_picked":["EmptyFist","Evaluate"],"picked":"FlyingSleeves","floor":5},{"not_picked":["FlyingSleeves","SpiritShield"],"picked":"LikeWater","floor":8},{"not_picked":["Prostrate","SignatureMove"],"picked":"Conclude","floor":10},{"not_picked":["EmptyBody","Halt"],"picked":"WreathOfFlame","floor":13},{"not_picked":["Establishment","Judgement"],"picked":"ConjureBlade","floor":16},{"not_picked":["ReachHeaven","WreathOfFlame"],"picked":"Perseverance+1","floor":18},{"not_picked":["FlyingSleeves+1","PathToVictory+1","Evaluate+1"],"picked":"SKIP","floor":21},{"not_picked":["Swivel+1","Protect+1"],"picked":"LikeWater+1","floor":23},{"not_picked":["BowlingBash+1","Vengeance+1"],"picked":"WheelKick+1","floor":24},{"not_picked":["FlyingSleeves","Pray+1"],"picked":"Crescendo+1","floor":25},{"not_picked":["Consecrate+1","ThirdEye+1"],"picked":"DevaForm","floor":27}],"player_experience":734810,"relics_obtained":[{"floor":8,"key":"TungstenRod"},{"floor":9,"key":"Pen Nib"},{"floor":10,"key":"MealTicket"},{"floor":13,"key":"Whetstone"},{"floor":25,"key":"Strawberry"},{"floor":26,"key":"Eternal Feather"},{"floor":27,"key":"War Paint"}],"event_choices":[{"damage_healed":0,"gold_gain":0,"cards_transformed":["Strike_P"],"player_choice":"Transformed","damage_taken":0,"max_hp_gain":0,"max_hp_loss":0,"event_name":"Transmorgrifier","floor":4,"gold_loss":0,"cards_obtained":["SashWhip"]},{"damage_healed":0,"gold_gain":0,"player_choice":"Success","damage_taken":3,"relics_obtained":["InkBottle"],"max_hp_gain":0,"max_hp_loss":0,"event_name":"Scrap Ooze","floor":7,"gold_loss":0},{"damage_healed":0,"gold_gain":75,"player_choice":"Gather Gold","damage_taken":11,"max_hp_gain":0,"max_hp_loss":0,"event_name":"World of Goop","floor":12,"gold_loss":0},{"cards_removed":["Strike_P"],"damage_healed":0,"gold_gain":0,"player_choice":"Card Removal","damage_taken":0,"max_hp_gain":0,"max_hp_loss":0,"event_name":"The Cleric","floor":14,"gold_loss":50},{"damage_healed":0,"gold_gain":0,"player_choice":"Became a Ghost","damage_taken":0,"max_hp_gain":0,"max_hp_loss":36,"event_name":"Ghosts","floor":19,"gold_loss":0,"cards_obtained":["Ghostly","Ghostly","Ghostly","Ghostly","Ghostly"]},{"damage_healed":0,"gold_gain":0,"player_choice":"Opened","damage_taken":0,"relics_obtained":["Toxic Egg 2"],"max_hp_gain":0,"max_hp_loss":0,"event_name":"The Mausoleum","floor":20,"gold_loss":0},{"cards_removed":["Strike_P"],"damage_healed":0,"gold_gain":0,"player_choice":"Elegance","damage_taken":0,"max_hp_gain":0,"max_hp_loss":0,"event_name":"Back to Basics","floor":22,"gold_loss":0},{"damage_healed":0,"gold_gain":0,"player_choice":"Fight","damage_taken":0,"max_hp_gain":0,"max_hp_loss":0,"event_name":"Colosseum","floor":28,"gold_loss":0},{"damage_healed":0,"gold_gain":0,"player_choice":"Fought Nobs","damage_taken":0,"max_hp_gain":0,"max_hp_loss":0,"event_name":"Colosseum","floor":28,"gold_loss":0}],"is_beta":false,"boss_relics":[{"not_picked":["Fusion Hammer","VioletLotus"],"picked":"HolyWater"}],"items_purged_floors":[2],"is_endless":false,"potions_floor_spawned":[1,5,13,16,21,25,28],"killed_by":"Colosseum Nobs","ascension_level":4}}