{"host":"szp1d6dso4pv7ddl","time":1607909453,"event":{"mods":["AchievementEnabler","Alarm Clock","BaseMod","Bestiary","Block Reminder","Colored Map","Colored Powertips","Curses Come First","Displayed Cursed Tome","Highlight Path","Minty Spire (QoL Compilation)","Permanent Neow","Quick Restart","Relic Stats","StSLib"],"gold_per_floor":[109,109,123,123,7,34,34,44,44,44,17,29,29,39,39,138,138,151,151,163,174,174,174],"floor_reached":22,"playtime":1701,"items_purged":[],"score":251,"play_id":"e41f7ac2-da41-4e01-8015-7cf4983e1f14","local_time":"20201213173053","is_ascension_mode":true,"campfire_choices":[{"floor":7.0,"key":"REST"},{"data":"Tactician","floor":10.0,"key":"SMITH"},{"data":"Neutralize","floor":13.0,"key":"SMITH"},{"data":"Endless Agony","floor":15.0,"key":"SMITH"}],"circlet_count":0,"master_deck":["Strike_G","Strike_G","Defend_G","Defend_G","Defend_G","Defend_G","Survivor","Neutralize+1","Heel Hook","Calculated Gamble+1","Sucker Punch","Backstab","Tactician+1","Slice","Slice","Slice","Endless Agony+1","Die Die Die","Eviscerate+1","Blade Dance"],"relics":["Ring of the Serpent","Meat on the Bone","InkBottle"],"acts_visited":["Exordium","TheCity"],"potions_floor_usage":[16,16,16],"damage_taken":[{"damage":1.0,"enemies":"Jaw Worm","floor":1.0,"turns":4.0},{"damage":0.0,"enemies":"Cultist","floor":3.0,"turns":4.0},{"damage":33.0,"enemies":"Gremlin Nob","floor":6.0,"turns":4.0},{"damage":0.0,"enemies":"2 Louse","floor":8.0,"turns":1.0},{"damage":3.0,"enemies":"Exordium Thugs","floor":12.0,"turns":3.0},{"damage":0.0,"enemies":"2 Fungi Beasts","floor":14.0,"turns":2.0},{"damage":39,"enemies":"The Guardian","floor":16,"turns":15},{"damage":0,"enemies":"3 Byrds","floor":18,"turns":4},{"damage":11,"enemies":"Spheric Guardian","floor":20,"turns":3},{"damage":18,"enemies":"3 Cultists","floor":21,"turns":5},{"damage":42,"enemies":"Snake Plant","floor":22,"turns":7}],"seed_played":"-8615055426562268391","potions_obtained":[{"floor":3.0,"key":"Poison Potion"},{"floor":6.0,"key":"EssenceOfSteel"},{"floor":8.0,"key":"SkillPotion"}],"is_trial":false,"path_per_floor":["M","?","M","?","$","E","R","M","T","R","$","M","R","M","R","B",null,"M","?","M","M","M"],"character_chosen":"THE_SILENT","items_purchased":["Tactician","Slice","Slice"],"campfire_rested":1,"item_purchase_floors":[5,5,11],"current_hp_per_floor":[44,44,44,44,44,11,32,44,44,44,44,41,41,41,41,14,56,56,56,45,39,0,0],"gold":174,"neow_bonus":"TRANSFORM_TWO_CARDS","is_daily":false,"chose_seed":false,"campfire_upgraded":3,"win_rate":0.0,"timestamp":1607909453,"path_taken":["M","?","?","?","$","E","R","M","T","R","?","?","R","M","R","BOSS","M","?","M","?","M"],"items_purchased_type":["Card","Card","Card"],"build_version":"2020-12-13","purchased_purges":0,"victory":false,"max_hp_per_floor":[70,70,70,70,70,70,70,70,70,70,70,70,70,70,70,70,70,70,70,70,70,70,70],"relic_stats":{"counters":[11,52],"obtain_stats":[{"InkBottle":9,"Ring of the Serpent":17,"Ring of the Snake":0,"Meat on the Bone":6},{"InkBottle":4,"Ring of the Serpent":7,"Ring of the Snake":0,"Meat on the Bone":3},{"InkBottle":13,"Ring of the Serpent":33,"Ring of the Snake":0,"Meat on the Bone":12}],"InkBottle":[18],"Meat on the Bone":36},"card_choices":[{"not_picked":["PiercingWail","Slice"],"picked":"Sucker Punch","floor":1.0},{"not_picked":["Dodge and Roll","Backflip"],"picked":"Backstab","floor":3.0},{"not_picked":["Noxious Fumes","Well Laid Plans"],"picked":"Slice","floor":6.0},{"not_picked":["Quick Slash","Bouncing Flask","Venomology"],"picked":"SKIP","floor":8.0},{"not_picked":["Deadly Poison","Outmaneuver","Quick Slash"],"picked":"SKIP","floor":12.0},{"not_picked":["Well Laid Plans","Dagger Spray"],"picked":"Endless Agony","floor":14.0},{"not_picked":["Bullet Time","Doppelganger"],"picked":"Die Die Die","floor":16},{"not_picked":["Slice","Distraction","Poisoned Stab"],"picked":"SKIP","floor":18},{"not_picked":["Blur","Dash"],"picked":"Eviscerate+1","floor":20},{"not_picked":["Flying Knee","Dodge and Roll"],"picked":"Blade Dance","floor":21}],"player_experience":929645,"relics_obtained":[{"floor":6.0,"key":"Meat on the Bone"},{"floor":9.0,"key":"InkBottle"}],"event_choices":[{"cards_removed":["Strike_G"],"damage_healed":0.0,"max_hp_gain":0.0,"max_hp_loss":0.0,"gold_gain":0.0,"event_name":"Purifier","player_choice":"Purged","floor":2.0,"gold_loss":0.0,"damage_taken":0.0},{"damage_healed":0.0,"max_hp_gain":0.0,"max_hp_loss":0.0,"gold_gain":0.0,"event_name":"Upgrade Shrine","player_choice":"Upgraded","floor":4.0,"gold_loss":0.0,"damage_taken":0.0,"cards_upgraded":["Calculated Gamble"]},{"cards_removed":["Strike_G"],"damage_healed":0,"gold_gain":0,"player_choice":"Purged","damage_taken":0,"max_hp_gain":0,"max_hp_loss":0,"event_name":"Purifier","floor":19,"gold_loss":0}],"is_beta":false,"boss_relics":[{"not_picked":["SlaversCollar","Tiny House"],"picked":"Ring of the Serpent"}],"items_purged_floors":[],"is_endless":false,"potions_floor_spawned":[3,6,8],"killed_by":"Snake Plant","ascension_level":7}}