{"host":"cijhj3091wf4aho3","time":1607919612,"event":{"mods":["BaseMod","Colored Map","Colored Powertips","Downfall","Friendly Minions","GifTheSpireLib","Highlight Path","Minty Spire (QoL Compilation)","Permanent Neow","Random Character Button","Relic Sorter","Relic Stats","StSLib","everything is the same but u backflip on backflip","slay the spire mod where everything is the same but ironclad has a cowboy hat"],"gold_per_floor":[99,109,34,134,164,74,74,93,93,93,93,93,107,125,145,240,240,240,270,287,298,40,40,40,50,75,0,275,288,75,99,125,236,248,185,197,209,221,233,502,502,502,502],"floor_reached":42,"playtime":2172,"items_purged":["champ:Strike","Regret","champ:Defend"],"score":505,"play_id":"e2d7fd76-1cb1-4ad6-a97e-886195570ce9","local_time":"20201213202012","is_ascension_mode":false,"campfire_choices":[{"floor":1,"key":"RECALL"},{"data":"expansioncontent:CaCaw","floor":3,"key":"SMITH"},{"data":"champ:Devastate","floor":10,"key":"SMITH"},{"data":"champ:VampiricStrike","floor":18,"key":"SMITH"},{"data":"champ:MurderStrike","floor":23,"key":"SMITH"},{"data":"champ:Taunt","floor":27,"key":"SMITH"},{"data":"champ:AdrenalArmor","floor":35,"key":"SMITH"},{"data":"champ:BerserkerStyle","floor":38,"key":"SMITH"}],"circlet_count":0,"master_deck":["champ:Strike","champ:Strike","champ:Strike+1","champ:Defend","champ:Defend","champ:Defend+1","champ:Execute","champ:Taunt+1","expansioncontent:CaCaw+1","champ:FaceSlap+1","champ:VampiricStrike+1","champ:Devastate+1","champ:BerserkerStyle+1","champ:FanOfKnives","champ:MurderStrike+1","champ:ArenaPreparation","Regret","champ:AdrenalArmor+1","champ:IronFortress"],"relics":["champ:ChampionCrown","downfall:HeartBlessingRed","Unceasing Top","Blue Candle","Busted Crown","Ancient Tea Set","Singing Bowl","Smiling Mask","downfall:HeartBlessingGreen","Membership Card","MawBank","Snecko Eye","downfall:HeartBlessingBlue","Du-Vu Doll","Strawberry"],"acts_visited":["Exordium","TheCity","TheBeyond"],"potions_floor_usage":[26],"damage_taken":[{"damage":5,"enemies":"Cultist","floor":2,"turns":4},{"damage":19,"enemies":"Lagavulin","floor":5,"turns":6},{"damage":10,"enemies":"downfall:FleeingMerchant","floor":6,"turns":4},{"damage":0,"enemies":"Small Slimes","floor":8,"turns":3},{"damage":24,"enemies":"Jaw Worm","floor":13,"turns":5},{"damage":30,"enemies":"Large Slime","floor":14,"turns":7},{"damage":19,"enemies":"Blue Slaver","floor":15,"turns":3},{"damage":52,"enemies":"downfall:Watcher","floor":16,"turns":7},{"damage":49,"enemies":"Gremlin Leader","floor":19,"turns":7},{"damage":6,"enemies":"Spheric Guardian","floor":20,"turns":3},{"damage":16,"enemies":"3 Byrds","floor":21,"turns":4},{"damage":8,"enemies":"downfall:FleeingMerchant","floor":22,"turns":4},{"damage":27,"enemies":"Sentry and Sphere","floor":25,"turns":4},{"damage":53,"enemies":"Book of Stabbing","floor":26,"turns":5},{"damage":24,"enemies":"Centurion and Healer","floor":29,"turns":6},{"damage":34,"enemies":"downfall:FleeingMerchant","floor":30,"turns":4},{"damage":14,"enemies":"Chosen and Byrds","floor":32,"turns":3},{"damage":83,"enemies":"downfall:Silent","floor":33,"turns":7},{"damage":0,"enemies":"downfall:FleeingMerchant","floor":40,"turns":1}],"seed_played":"-3643198038751979516","potions_obtained":[{"floor":5,"key":"DistilledChaos"},{"floor":8,"key":"DistilledChaos"},{"floor":13,"key":"FairyPotion"},{"floor":15,"key":"SkillPotion"},{"floor":16,"key":"sneckomod:MuddlingPotion"},{"floor":20,"key":"Regen Potion"},{"floor":29,"key":"champ:UltimateStancePotion"},{"floor":39,"key":"DuplicationPotion"},{"floor":39,"key":"Strength Potion"}],"is_trial":false,"path_per_floor":["R","M","R","?","E","$","T","M","?","R","?","?","M","M","M","B",null,"R","E","M","M","$","R","T","M","E","R","?","M","$","T","M","B",null,"R","?","?","R","?","$","T","M"],"character_chosen":"THE_CHAMP","items_purchased":["Singing Bowl","Membership Card","champ:IronFortress"],"campfire_rested":0,"item_purchase_floors":[22,30,40],"current_hp_per_floor":[90,90,90,90,81,90,90,90,95,95,95,95,93,95,81,56,95,95,91,85,93,95,95,95,78,81,81,81,97,98,98,101,75,103,113,109,109,109,109,121,128,108,108],"gold":502,"neow_bonus":"RANDOM_COLORLESS","is_daily":false,"chose_seed":false,"campfire_upgraded":7,"win_rate":0.0,"timestamp":1607919612,"path_taken":["R","M","R","?","E","$","T","M","?","R","?","?","M","?","M","BOSS","R","E","M","M","$","R","T","?","E","R","?","M","$","?","M","BOSS","R","?","?","R","?","$","T","?"],"items_purchased_type":["Relic","Relic","Card"],"build_version":"2020-12-13","purchased_purges":3,"victory":false,"max_hp_per_floor":[90,90,90,90,90,90,90,90,95,95,95,95,95,95,95,95,95,95,95,95,95,95,95,95,95,97,97,97,97,99,99,101,103,103,113,119,119,119,119,121,128,128,128],"relic_stats":{"Busted Crown":34,"Singing Bowl":16,"counters":[20,91],"Blue Candle":[14],"Snecko Eye":[9,6,7,6],"Smiling Mask":13,"MawBank":108,"obtain_stats":[{"downfall:HeartBlessingRed":3,"Singing Bowl":22,"Blue Candle":7,"champ:ChampionCrown":0,"downfall:HeartBlessingGreen":27,"Ancient Tea Set":19,"Smiling Mask":26,"MawBank":31,"Du-Vu Doll":37,"Busted Crown":17,"downfall:HeartBlessingBlue":35,"Strawberry":41,"Snecko Eye":34,"Membership Card":30,"Unceasing Top":5},{"downfall:HeartBlessingRed":1,"Singing Bowl":12,"Blue Candle":3,"champ:ChampionCrown":0,"downfall:HeartBlessingGreen":14,"Ancient Tea Set":9,"Smiling Mask":14,"MawBank":16,"Du-Vu Doll":18,"Busted Crown":8,"downfall:HeartBlessingBlue":18,"Strawberry":19,"Snecko Eye":18,"Membership Card":16,"Unceasing Top":2},{"downfall:HeartBlessingRed":4,"Singing Bowl":57,"Blue Candle":14,"champ:ChampionCrown":0,"downfall:HeartBlessingGreen":66,"Ancient Tea Set":46,"Smiling Mask":66,"MawBank":76,"Du-Vu Doll":86,"Busted Crown":39,"downfall:HeartBlessingBlue":86,"Strawberry":87,"Snecko Eye":86,"Membership Card":76,"Unceasing Top":10}],"Unceasing Top":[8]},"card_choices":[{"not_picked":["expansioncontent:AwakenDeath","expansioncontent:DonusPower"],"picked":"expansioncontent:CaCaw","floor":0},{"not_picked":["champ:Circumvent","champ:Duel"],"picked":"champ:FaceSlap","floor":2},{"not_picked":["champ:Encircle","champ:StanceDance"],"picked":"champ:VampiricStrike","floor":5},{"not_picked":["champ:Shatter","champ:GladiatorsShout","champ:ViciousMockery"],"picked":"SKIP","floor":6},{"not_picked":["champ:FalseCounter","champ:Haymaker"],"picked":"champ:Devastate","floor":8},{"not_picked":["champ:EnGarde","champ:Circumvent"],"picked":"champ:BerserkerStyle","floor":13},{"not_picked":["champ:DefensiveStyle","champ:BerserkersShout","champ:GutPunch"],"picked":"SKIP","floor":14},{"not_picked":["champ:RapidStrikes","champ:PreciseThrust"],"picked":"champ:FanOfKnives","floor":15},{"not_picked":["champ:StrikeOfGenius","champ:LastStand"],"picked":"champ:MurderStrike","floor":16},{"not_picked":["champ:FocusedDefense"],"picked":"SKIP","floor":19},{"not_picked":["champ:GutPunch"],"picked":"SKIP","floor":20},{"not_picked":["champ:SkillfulDodge"],"picked":"SKIP","floor":21},{"not_picked":["champ:PerfectedStrike+1"],"picked":"SKIP","floor":22},{"not_picked":[],"picked":"champ:ArenaPreparation","floor":25},{"not_picked":["champ:Circumvent"],"picked":"Singing Bowl","floor":26},{"not_picked":[],"picked":"champ:AdrenalArmor","floor":29},{"not_picked":["champ:Haymaker+1"],"picked":"Singing Bowl","floor":30},{"not_picked":["champ:FlashCut"],"picked":"Singing Bowl","floor":32},{"not_picked":["champ:SwordThrow"],"picked":"Singing Bowl","floor":33},{"not_picked":["expansioncontent:CaCaw"],"picked":"Singing Bowl","floor":36},{"not_picked":["expansioncontent:DefensiveMode"],"picked":"Singing Bowl","floor":36},{"not_picked":["expansioncontent:TimeRipple"],"picked":"Singing Bowl","floor":36},{"not_picked":["champ:BladeFlurry"],"picked":"Singing Bowl","floor":40}],"player_experience":428917,"relics_obtained":[{"floor":5,"key":"Unceasing Top"},{"floor":7,"key":"Blue Candle"},{"floor":19,"key":"Ancient Tea Set"},{"floor":26,"key":"Smiling Mask"},{"floor":31,"key":"MawBank"},{"floor":37,"key":"Du-Vu Doll"},{"floor":41,"key":"Strawberry"}],"event_choices":[{"damage_healed":0,"gold_gain":0,"player_choice":"Donut","damage_taken":0,"max_hp_gain":5,"max_hp_loss":0,"event_name":"Big Fish","floor":9,"gold_loss":0},{"damage_healed":0,"gold_gain":0,"player_choice":"Got Potions","damage_taken":0,"max_hp_gain":0,"max_hp_loss":0,"event_name":"Lab","floor":39,"gold_loss":0}],"is_beta":false,"boss_relics":[{"not_picked":["Runic Dome","SlaversCollar"],"picked":"Busted Crown"},{"not_picked":["Velvet Choker","Runic Pyramid"],"picked":"Snecko Eye"}],"items_purged_floors":[6,30,40],"is_endless":false,"potions_floor_spawned":[5,8,13,15,16,20,21,25,29],"killed_by":"3 Shapes","ascension_level":0}}