{"host":"79x1xq0joessh4ki","time":1607953904,"event":{"mods":["BaseMod","Hermit","Minty Spire (QoL Compilation)","Relic Stats","StSLib"],"gold_per_floor":[113,113,132,152,14,14,48,48,48,48,63,76,86,120,120,120,120],"floor_reached":16,"playtime":502,"items_purged":[],"score":224,"play_id":"637a1f6f-f0b0-4104-b8c6-ce5190bb974b","local_time":"20201214145144","is_ascension_mode":true,"campfire_choices":[{"data":"hermit:Snapshot","floor":6,"key":"SMITH"},{"floor":10,"key":"REST"},{"data":"hermit:NoHoldsBarred","floor":15,"key":"SMITH"}],"circlet_count":0,"master_deck":["AscendersBane","hermit:Strike_Hermit","hermit:Strike_Hermit+1","hermit:Defend_Hermit+1","hermit:Defend_Hermit","hermit:Defend_Hermit","hermit:Snapshot+1","hermit:Covet","hermit:Gestalt","hermit:Gestalt","hermit:Determination","hermit:CursedWeapon","hermit:Coalescence","hermit:NoHoldsBarred+1","hermit:Determination"],"relics":["Empty Cage","Sundial","Smiling Mask","Shovel"],"acts_visited":["Exordium"],"potions_floor_usage":[],"damage_taken":[{"damage":2,"enemies":"Jaw Worm","floor":1,"turns":3},{"damage":1,"enemies":"2 Louse","floor":3,"turns":3},{"damage":1,"enemies":"Cultist","floor":4,"turns":3},{"damage":2,"enemies":"Lagavulin","floor":7,"turns":6},{"damage":3,"enemies":"Large Slime","floor":11,"turns":4},{"damage":3,"enemies":"2 Fungi Beasts","floor":12,"turns":3},{"damage":3,"enemies":"Blue Slaver","floor":13,"turns":3},{"damage":4,"enemies":"Gremlin Nob","floor":14,"turns":4},{"damage":40,"enemies":"Hexaghost","floor":16,"turns":7}],"seed_played":"8978421747438622863","potions_obtained":[{"floor":1,"key":"Explosive Potion"}],"is_trial":false,"path_per_floor":["M","?","M","M","$","R","E","?","T","R","M","M","M","E","R","B"],"character_chosen":"HERMIT","items_purchased":["hermit:Determination","Weak Potion"],"campfire_rested":1,"item_purchase_floors":[5,5],"current_hp_per_floor":[62,55,54,53,53,53,51,30,30,51,48,45,42,38,38,0,0],"gold":120,"neow_bonus":"BOSS_RELIC","is_daily":false,"chose_seed":false,"campfire_upgraded":2,"win_rate":0.0,"timestamp":1607953904,"path_taken":["M","?","M","M","$","R","E","?","T","R","M","M","M","E","R","BOSS"],"items_purchased_type":["Card","Potion"],"build_version":"2020-12-13","purchased_purges":0,"victory":false,"max_hp_per_floor":[71,71,71,71,71,71,71,71,71,71,71,71,71,71,71,71,71],"relic_stats":{"Shovel":0,"counters":[9,36],"Sundial":[4],"Smiling Mask":0,"obtain_stats":[{"Shovel":14,"Sundial":7,"Empty Cage":0,"Smiling Mask":9,"hermit:Momento":0},{"Shovel":8,"Sundial":4,"Empty Cage":0,"Smiling Mask":4,"hermit:Momento":0},{"Shovel":29,"Sundial":15,"Empty Cage":0,"Smiling Mask":15,"hermit:Momento":0}]},"card_choices":[{"not_picked":["hermit:ItchyTrigger","hermit:Dive"],"picked":"hermit:Gestalt","floor":1},{"not_picked":["hermit:Ricochet","hermit:Coalescence","hermit:LowProfile"],"picked":"SKIP","floor":3},{"not_picked":["hermit:Spite","hermit:Desperado"],"picked":"hermit:Gestalt","floor":4},{"not_picked":["hermit:Coalescence","hermit:TakeAim"],"picked":"hermit:CursedWeapon","floor":7},{"not_picked":["hermit:Desperado","hermit:BigShot","hermit:Ricochet"],"picked":"SKIP","floor":11},{"not_picked":["hermit:Combo","hermit:BodyArmor"],"picked":"hermit:Coalescence","floor":12},{"not_picked":["hermit:BigShot","hermit:Horror"],"picked":"hermit:NoHoldsBarred","floor":13},{"not_picked":["hermit:HighCaliber","hermit:Manifest"],"picked":"hermit:Determination","floor":14}],"player_experience":690294,"relics_obtained":[{"floor":7,"key":"Sundial"},{"floor":9,"key":"Smiling Mask"},{"floor":14,"key":"Shovel"}],"event_choices":[{"cards_removed":["hermit:Strike_Hermit"],"damage_healed":0,"gold_gain":0,"player_choice":"Card Removal","damage_taken":7,"max_hp_gain":0,"max_hp_loss":0,"event_name":"Golden Wing","floor":2,"gold_loss":0},{"damage_healed":0,"gold_gain":0,"player_choice":"Entered Light","damage_taken":21,"max_hp_gain":0,"max_hp_loss":0,"event_name":"Shining Light","floor":8,"gold_loss":0,"cards_upgraded":["hermit:Defend_Hermit","hermit:Strike_Hermit"]}],"is_beta":false,"boss_relics":[],"items_purged_floors":[],"is_endless":false,"potions_floor_spawned":[1,7,13,14],"killed_by":"Hexaghost","ascension_level":20}}