{"host":"5gc11emcm5chfr5t","time":1607964997,"event":{"mods":["2.2 Compatiblity","AchievementEnabler","BaseMod","Bestiary","Better Note","Colored Map","Colored Powertips","Downfall","Googly Eyes","Minty Spire (QoL Compilation)","Rare Cards Sparkle","Say the Spire","StSLib"],"gold_per_floor":[112,112,112,130,142,176,176,210,256,21,21,98,28,60,60,80,80],"floor_reached":16,"playtime":718,"items_purged":[],"score":121,"play_id":"821f048b-8a90-4005-a9d0-0338fcde87be","local_time":"20201214115637","is_ascension_mode":true,"campfire_choices":[{"data":"sneckomod:Restock","floor":7.0,"key":"SMITH"},{"floor":15,"key":"REST"}],"circlet_count":0,"master_deck":["sneckomod:Strike","sneckomod:Strike","sneckomod:Strike","sneckomod:Defend","sneckomod:Defend","sneckomod:Defend","sneckomod:TailWhip","sneckomod:SnekBite","sneckomod:Unknown","sneckomod:Unknown","expansioncontent:AwakenDeath","sneckomod:UnknownWeak","sneckomod:UnknownUncommonSkill","sneckomod:SlitherStrike","sneckomod:Restock+1","sneckomod:QuickMove+1","HandOfGreed","sneckomod:DiceCrush","sneckomod:UnknownColorless","sneckomod:DiceBoulder"],"relics":["sneckomod:SneckoSoul","Sundial","Smiling Mask","Membership Card"],"acts_visited":["Exordium"],"potions_floor_usage":[14,16],"damage_taken":[{"damage":14.0,"enemies":"Jaw Worm","floor":1.0,"turns":3.0},{"damage":4.0,"enemies":"Cultist","floor":4.0,"turns":3.0},{"damage":0.0,"enemies":"2 Louse","floor":5.0,"turns":1.0},{"damage":21.0,"enemies":"3 Sentries","floor":6.0,"turns":11.0},{"damage":11.0,"enemies":"Lagavulin","floor":8.0,"turns":6.0},{"damage":17,"enemies":"Lots of Slimes","floor":12,"turns":5},{"damage":0,"enemies":"2 Fungi Beasts","floor":14,"turns":4},{"damage":69,"enemies":"Slime Boss","floor":16,"turns":9}],"seed_played":"-8815105026981394626","potions_obtained":[{"floor":2.0,"key":"SneckoOil"},{"floor":2.0,"key":"hexamod:EctoCoolerPotion"},{"floor":2.0,"key":"SteroidPotion"},{"floor":4.0,"key":"Swift Potion"},{"floor":12,"key":"FearPotion"}],"is_trial":false,"path_per_floor":["M","?","$","M","M","E","R","E","T","$","?","M","$","M","R","B"],"character_chosen":"THE_SNECKO","items_purchased":["Membership Card","HandOfGreed","sneckomod:UnknownColorless","DistilledChaos"],"campfire_rested":1,"item_purchase_floors":[10,10,13,13],"current_hp_per_floor":[77,77,77,74,74,53,53,42,42,42,42,25,26,26,53,0,0],"gold":80,"neow_bonus":"RANDOM_COLORLESS","is_daily":false,"chose_seed":false,"campfire_upgraded":1,"win_rate":0.0,"timestamp":1607964997,"path_taken":["M","?","?","M","M","E","R","E","T","$","?","M","$","?","R","BOSS"],"items_purchased_type":["Relic","Card","Card","Potion"],"build_version":"2020-12-13","purchased_purges":0,"victory":false,"max_hp_per_floor":[91,91,91,92,92,92,92,92,92,92,92,92,93,93,93,93,93],"card_choices":[{"not_picked":["expansioncontent:LastStand","Impatience"],"picked":"expansioncontent:AwakenDeath","floor":0.0},{"not_picked":["sneckomod:WideSting","sneckomod:UnknownCommonAttack"],"picked":"sneckomod:UnknownWeak","floor":1.0},{"not_picked":["sneckomod:Nope","sneckomod:UnknownVulnerable"],"picked":"sneckomod:UnknownUncommonSkill","floor":4.0},{"not_picked":["sneckomod:UnknownClassGREEN","sneckomod:UnknownCommonSkill"],"picked":"sneckomod:SlitherStrike","floor":5.0},{"not_picked":["sneckomod:IronFang","sneckomod:RainOfDice"],"picked":"sneckomod:Restock","floor":6.0},{"not_picked":["sneckomod:UnknownClassTHE_CHAMP_GRAY","sneckomod:SnekBeam"],"picked":"sneckomod:QuickMove","floor":8.0},{"not_picked":["sneckomod:QuickBite","sneckomod:QuickMove"],"picked":"sneckomod:DiceCrush","floor":12},{"not_picked":["sneckomod:UnknownDexterity","sneckomod:UnknownVulnerable"],"picked":"sneckomod:DiceBoulder","floor":14}],"player_experience":352814,"relics_obtained":[{"floor":6.0,"key":"Sundial"},{"floor":8.0,"key":"Smiling Mask"}],"event_choices":[{"damage_healed":0.0,"max_hp_gain":0.0,"max_hp_loss":0.0,"gold_gain":0.0,"event_name":"Lab","player_choice":"Got Potions","floor":2.0,"gold_loss":0.0,"damage_taken":0.0},{"damage_healed":0.0,"max_hp_gain":0.0,"max_hp_loss":0.0,"gold_gain":0.0,"event_name":"Upgrade Shrine","player_choice":"Upgraded","floor":11.0,"gold_loss":0.0,"damage_taken":0.0,"cards_upgraded":["sneckomod:QuickMove"]}],"is_beta":false,"boss_relics":[],"items_purged_floors":[],"is_endless":false,"potions_floor_spawned":[4,12],"killed_by":"Slime Boss","ascension_level":2}}