{"host":"f5n4tidiz2n5sooh","time":1607937614,"event":{"mods":["BaseMod","Colored Map","Minty Spire (QoL Compilation)","Relic Stats","StSLib"],"gold_per_floor":[37,69,89,99,175,175,208,208,234,234,234,234,275,275,275,347,347,391,391,391,281,324,324,377,377,448,448,475,18,97,11,11,114,114,184,204,38,63,63,115,115,180,259,106,123,203,228,228,228],"floor_reached":48,"playtime":2397,"items_purged":["Strike_B","Strike_B"],"score":1053,"play_id":"de246727-ee7f-4bb8-b5fb-ca609d1112ea","local_time":"20201214032014","is_ascension_mode":true,"campfire_choices":[{"floor":6,"key":"REST"},{"floor":8,"key":"REST"},{"floor":11,"key":"REST"},{"data":"Defragment","floor":15,"key":"SMITH"},{"floor":23,"key":"REST"},{"floor":25,"key":"REST"},{"floor":27,"key":"REST"},{"floor":32,"key":"REST"},{"floor":41,"key":"REST"}],"circlet_count":0,"master_deck":["AscendersBane","Strike_B","Defend_B","Defend_B","Defend_B","Defend_B","Zap","Dualcast","HandOfGreed+1","Ball Lightning","Cold Snap","Compile Driver+1","Defragment+1","Loop","Conserve Battery","Echo Form","Ghostly","Ghostly+1","Ghostly","RitualDagger","Coolheaded","Genetic Algorithm+1","Glacier","Glacier","Seek","Coolheaded"],"relics":["Cracked Core","StoneCalendar","Potion Belt","Fusion Hammer","Bag of Marbles","Letter Opener","Regal Pillow","Pocketwatch","HornCleat","Black Star","Toy Ornithopter","FossilizedHelix","Du-Vu Doll","Turnip","Bird Faced Urn","Lantern"],"acts_visited":["Exordium","TheCity","TheBeyond"],"potions_floor_usage":[7,24,24,28,30,33,42,48],"damage_taken":[{"damage":5,"enemies":"Small Slimes","floor":1,"turns":3},{"damage":0,"enemies":"Cultist","floor":2,"turns":3},{"damage":2,"enemies":"Jaw Worm","floor":3,"turns":3},{"damage":16,"enemies":"Large Slime","floor":4,"turns":6},{"damage":20,"enemies":"Lots of Slimes","floor":5,"turns":6},{"damage":38,"enemies":"3 Sentries","floor":7,"turns":6},{"damage":10,"enemies":"Looter","floor":13,"turns":3},{"damage":7,"enemies":"Hexaghost","floor":16,"turns":8},{"damage":15,"enemies":"3 Byrds","floor":18,"turns":5},{"damage":0,"enemies":"Spheric Guardian","floor":22,"turns":6},{"damage":26,"enemies":"Slavers","floor":24,"turns":7},{"damage":12,"enemies":"Book of Stabbing","floor":28,"turns":7},{"damage":10,"enemies":"Slavers","floor":30,"turns":7},{"damage":10,"enemies":"Champ","floor":33,"turns":14},{"damage":11,"enemies":"3 Shapes","floor":35,"turns":6},{"damage":11,"enemies":"Orb Walker","floor":36,"turns":4},{"damage":0,"enemies":"Mind Bloom Boss Battle","floor":38,"turns":7},{"damage":2,"enemies":"Nemesis","floor":40,"turns":11},{"damage":0,"enemies":"Jaw Worm Horde","floor":42,"turns":7},{"damage":0,"enemies":"Transient","floor":45,"turns":6},{"damage":26,"enemies":"2 Orb Walkers","floor":46,"turns":8},{"damage":25,"enemies":"Reptomancer","floor":48,"turns":3}],"seed_played":"-288371993289337316","potions_obtained":[{"floor":2,"key":"LiquidBronze"},{"floor":7,"key":"DuplicationPotion"},{"floor":13,"key":"SteroidPotion"},{"floor":18,"key":"Fire Potion"},{"floor":22,"key":"Energy Potion"},{"floor":28,"key":"EssenceOfDarkness"},{"floor":30,"key":"Ancient Potion"},{"floor":38,"key":"Strength Potion"},{"floor":42,"key":"Dexterity Potion"}],"is_trial":false,"path_per_floor":["M","M","M","M","M","R","E","R","T","?","R","?","M","?","R","B",null,"M","?","?","?","M","R","E","R","T","R","E","$","E","$","R","B",null,"M","M","$","?","?","E","R","M","T","$","M","?","T","E"],"character_chosen":"DEFECT","items_purchased":["Pocketwatch","SteroidPotion","Glacier","Toy Ornithopter","PowerPotion"],"campfire_rested":8,"item_purchase_floors":[29,29,31,37,44],"current_hp_per_floor":[59,59,57,41,21,42,4,25,25,4,25,30,20,20,20,13,60,45,38,32,32,32,38,12,23,23,34,22,22,12,12,38,28,36,25,14,14,14,14,12,38,38,38,38,38,12,12,0,0],"gold":228,"neow_bonus":"RANDOM_COLORLESS_2","is_daily":false,"chose_seed":false,"campfire_upgraded":1,"win_rate":0.0,"timestamp":1607937614,"path_taken":["M","M","M","M","M","R","E","R","T","?","R","?","M","?","R","BOSS","M","?","?","?","M","R","E","R","T","R","E","$","E","$","R","BOSS","M","?","$","?","?","E","R","M","T","$","?","?","?","E"],"items_purchased_type":["Relic","Potion","Card","Relic","Potion"],"build_version":"2020-12-13","purchased_purges":2,"victory":false,"max_hp_per_floor":[71,71,71,71,71,71,71,71,71,71,71,76,76,76,76,76,76,76,38,38,38,38,38,38,38,38,38,38,38,38,38,38,38,38,38,38,38,38,38,38,38,38,38,38,38,38,38,38,38],"relic_stats":{"Regal Pillow":30,"counters":[22,135],"Bird Faced Urn":[4],"StoneCalendar":[245],"Turnip":[0],"Black Star":1,"Letter Opener":[116],"obtain_stats":[{"Potion Belt":9,"Regal Pillow":28,"Lantern":47,"StoneCalendar":7,"Letter Opener":26,"Du-Vu Doll":40,"HornCleat":30,"Bird Faced Urn":46,"Fusion Hammer":17,"Turnip":40,"Bag of Marbles":24,"Black Star":34,"Cracked Core":0,"Toy Ornithopter":37,"FossilizedHelix":38,"Pocketwatch":29},{"Potion Belt":6,"Regal Pillow":12,"Lantern":21,"StoneCalendar":6,"Letter Opener":11,"Du-Vu Doll":18,"HornCleat":13,"Bird Faced Urn":21,"Fusion Hammer":8,"Turnip":18,"Bag of Marbles":11,"Black Star":14,"Cracked Core":0,"Toy Ornithopter":16,"FossilizedHelix":17,"Pocketwatch":12},{"Potion Belt":27,"Regal Pillow":62,"Lantern":132,"StoneCalendar":27,"Letter Opener":55,"Du-Vu Doll":111,"HornCleat":69,"Bird Faced Urn":132,"Fusion Hammer":37,"Turnip":111,"Bag of Marbles":55,"Black Star":83,"Cracked Core":0,"Toy Ornithopter":93,"FossilizedHelix":100,"Pocketwatch":62}],"Toy Ornithopter":5,"Pocketwatch":[120]},"card_choices":[{"not_picked":["Chrysalis","Master of Strategy"],"picked":"HandOfGreed","floor":0},{"not_picked":["Go for the Eyes","Compile Driver"],"picked":"Ball Lightning","floor":1},{"not_picked":["Stack","Hologram"],"picked":"Cold Snap","floor":2},{"not_picked":["Conserve Battery","Sunder"],"picked":"Compile Driver","floor":3},{"not_picked":["Cold Snap","Aggregate"],"picked":"Defragment","floor":4},{"not_picked":["Go for the Eyes","Rebound"],"picked":"Loop","floor":5},{"not_picked":["Storm","Heatsinks","Gash"],"picked":"SKIP","floor":7},{"not_picked":["Rebound","Leap"],"picked":"Conserve Battery","floor":13},{"not_picked":["Machine Learning","Core Surge"],"picked":"Echo Form","floor":16},{"not_picked":["Redo","BootSequence+1","Scrape"],"picked":"SKIP","floor":18},{"not_picked":["Lockon","Hologram"],"picked":"Coolheaded","floor":22},{"not_picked":["Stack+1","Barrage"],"picked":"Genetic Algorithm+1","floor":24},{"not_picked":["Ball Lightning","Leap","Force Field"],"picked":"SKIP","floor":28},{"not_picked":["White Noise","Buffer"],"picked":"Glacier","floor":30},{"not_picked":["Gash+1","Barrage+1","Genetic Algorithm"],"picked":"SKIP","floor":35},{"not_picked":["Ball Lightning","Melter","Leap+1"],"picked":"SKIP","floor":36},{"not_picked":["Chill","Rebound+1"],"picked":"Seek","floor":40},{"not_picked":["Reprogram+1","Steam"],"picked":"Coolheaded","floor":42},{"not_picked":["Turbo+1","Scrape","Beam Cell+1"],"picked":"SKIP","floor":45}],"player_experience":1881305,"relics_obtained":[{"floor":7,"key":"StoneCalendar"},{"floor":9,"key":"Potion Belt"},{"floor":24,"key":"Bag of Marbles"},{"floor":26,"key":"Letter Opener"},{"floor":28,"key":"Regal Pillow"},{"floor":30,"key":"HornCleat"},{"floor":38,"key":"FossilizedHelix"},{"floor":40,"key":"Du-Vu Doll"},{"floor":40,"key":"Turnip"},{"floor":46,"key":"Bird Faced Urn"},{"floor":47,"key":"Lantern"}],"event_choices":[{"damage_healed":0,"gold_gain":0,"player_choice":"Entered Light","damage_taken":21,"max_hp_gain":0,"max_hp_loss":0,"event_name":"Shining Light","floor":10,"gold_loss":0,"cards_upgraded":["HandOfGreed","Compile Driver"]},{"damage_healed":0,"gold_gain":0,"player_choice":"Donut","damage_taken":0,"max_hp_gain":5,"max_hp_loss":0,"event_name":"Big Fish","floor":12,"gold_loss":0},{"damage_healed":0,"gold_gain":0,"player_choice":"Searched \u00270\u0027 times","damage_taken":0,"max_hp_gain":0,"max_hp_loss":0,"event_name":"Dead Adventurer","floor":14,"gold_loss":0},{"damage_healed":0,"gold_gain":0,"player_choice":"Became a Ghost","damage_taken":0,"max_hp_gain":0,"max_hp_loss":38,"event_name":"Ghosts","floor":19,"gold_loss":0,"cards_obtained":["Ghostly","Ghostly","Ghostly"]},{"damage_healed":0,"gold_gain":0,"player_choice":"Joined the Cult","damage_taken":6,"max_hp_gain":0,"max_hp_loss":0,"event_name":"Nest","floor":20,"gold_loss":0,"cards_obtained":["RitualDagger"]},{"cards_removed":["Strike_B"],"damage_healed":0,"gold_gain":0,"player_choice":"Upgrade and Remove","damage_taken":0,"max_hp_gain":0,"max_hp_loss":0,"event_name":"Designer","floor":21,"gold_loss":110,"cards_upgraded":["Ghostly"]},{"damage_healed":0,"gold_gain":0,"player_choice":"Fight","damage_taken":0,"max_hp_gain":0,"max_hp_loss":0,"event_name":"MindBloom","floor":38,"gold_loss":0},{"damage_healed":0,"gold_gain":0,"player_choice":"Ignored","damage_taken":0,"max_hp_gain":0,"max_hp_loss":0,"event_name":"SecretPortal","floor":39,"gold_loss":0},{"damage_healed":0,"gold_gain":0,"player_choice":"Fight","damage_taken":0,"max_hp_gain":0,"max_hp_loss":0,"event_name":"Mysterious Sphere","floor":46,"gold_loss":0}],"is_beta":false,"boss_relics":[{"not_picked":["Runic Dome","Tiny House"],"picked":"Fusion Hammer"},{"not_picked":["Busted Crown","Philosopher\u0027s Stone"],"picked":"Black Star"}],"items_purged_floors":[29,44],"is_endless":false,"potions_floor_spawned":[2,7,13,18,22,28,30,38,42,46],"killed_by":"Reptomancer","ascension_level":20}}