{"host":"o2evyl5sbrgotc3u","time":1607910592,"event":{"mods":["AchievementEnabler","BaseMod","Colored Map","DeckTracker","Faster Ascension Climbing","Keyboard Shortcuts","Minty Spire (QoL Compilation)","Permanent Neow","Quick Restart","Relic Stats","StSLib","SuperFastMode","everything is the same but u backflip on backflip"],"gold_per_floor":[113,12,12,23,23,23,49,49,76,76,90,100,100,128,128,227,227,237,42,52,66,66,66,97,97,124,149,149,149,177,177,177,274,274,288,198,40,56,68,100,100,100,100],"floor_reached":42,"playtime":1317,"items_purged":["Strike_B","Strike_B"],"score":648,"play_id":"de4122ed-e504-418f-94c0-b1f0956f3521","local_time":"20201214104952","is_ascension_mode":true,"campfire_choices":[{"data":"Dualcast","floor":6.0,"key":"SMITH"},{"data":"Consume","floor":8.0,"key":"SMITH"},{"data":"Go for the Eyes","floor":15.0,"key":"SMITH"},{"data":"Hologram","floor":23.0,"key":"SMITH"},{"floor":25.0,"key":"RECALL"},{"data":"Zap","floor":29.0,"key":"SMITH"},{"data":"Biased Cognition","floor":32.0,"key":"SMITH"},{"data":"Coolheaded","floor":41,"key":"SMITH"}],"circlet_count":0,"master_deck":["Defend_B+1","Defend_B+1","Defend_B+1","Zap+1","Dualcast+1","Biased Cognition+1","Hologram+1","Cold Snap","Go for the Eyes+1","Consume+1","Compile Driver","Capacitor+1","FTL","Core Surge","Lockon+1","Ball Lightning+1","Cold Snap+1","Ball Lightning","Seek","Coolheaded+1","Undo","Finesse","Ball Lightning+1","Conserve Battery"],"relics":["Cracked Core","Mercury Hourglass","Bronze Scales","Sundial","StrikeDummy","Coffee Dripper","Membership Card","Blood Vial","War Paint","Smiling Mask","Cursed Key","OrangePellets","Anchor"],"acts_visited":["Exordium","TheCity","TheBeyond"],"potions_floor_usage":[],"damage_taken":[{"damage":0.0,"enemies":"Small Slimes","floor":1.0,"turns":2.0},{"damage":7.0,"enemies":"Jaw Worm","floor":4.0,"turns":3.0},{"damage":1.0,"enemies":"Gremlin Nob","floor":7.0,"turns":3.0},{"damage":0.0,"enemies":"Cultist","floor":11.0,"turns":3.0},{"damage":2.0,"enemies":"Large Slime","floor":12.0,"turns":4.0},{"damage":7.0,"enemies":"Lagavulin","floor":14.0,"turns":6.0},{"damage":3.0,"enemies":"The Guardian","floor":16.0,"turns":9.0},{"damage":0.0,"enemies":"Shell Parasite","floor":18.0,"turns":3.0},{"damage":8.0,"enemies":"3 Byrds","floor":20.0,"turns":3.0},{"damage":7.0,"enemies":"Centurion and Healer","floor":21.0,"turns":6.0},{"damage":36.0,"enemies":"Slavers","floor":24.0,"turns":3.0},{"damage":18.0,"enemies":"Book of Stabbing","floor":27.0,"turns":4.0},{"damage":12.0,"enemies":"Gremlin Leader","floor":30.0,"turns":5.0},{"damage":0,"enemies":"Automaton","floor":33,"turns":8},{"damage":23,"enemies":"3 Darklings","floor":35,"turns":3},{"damage":0,"enemies":"3 Shapes","floor":38,"turns":3},{"damage":0,"enemies":"Transient","floor":39,"turns":5},{"damage":43,"enemies":"Nemesis","floor":40,"turns":5},{"damage":31,"enemies":"Jaw Worm Horde","floor":42,"turns":2}],"seed_played":"-5474019288983520473","potions_obtained":[{"floor":4.0,"key":"LiquidMemories"},{"floor":7.0,"key":"PowerPotion"},{"floor":11.0,"key":"Fire Potion"},{"floor":12.0,"key":"DuplicationPotion"},{"floor":20.0,"key":"FocusPotion"},{"floor":22.0,"key":"Regen Potion"},{"floor":30.0,"key":"Explosive Potion"},{"floor":33,"key":"DuplicationPotion"}],"is_trial":false,"path_per_floor":["M","$","?","M","?","R","E","R","T","?","M","M","?","E","R","B",null,"M","$","M","M","?","R","E","R","T","E","T","R","E","?","R","B",null,"M","?","$","M","M","E","R","M"],"character_chosen":"DEFECT","items_purchased":["Cold Snap","Membership Card","OrangePellets","Undo","Finesse"],"campfire_rested":0,"item_purchase_floors":[2,19,37,37,37],"current_hp_per_floor":[68,68,73,66,59,59,58,58,58,51,51,49,34,27,27,24,73,73,73,65,58,58,58,31,31,31,15,15,15,5,5,5,7,73,50,50,50,52,54,13,13,0,0],"gold":100,"neow_bonus":"THREE_RARE_CARDS","is_daily":false,"chose_seed":false,"campfire_upgraded":7,"win_rate":0.0,"timestamp":1607910592,"path_taken":["M","$","?","M","?","R","E","R","T","?","M","?","?","E","R","BOSS","M","$","M","M","?","R","E","R","T","E","?","R","E","?","R","BOSS","M","?","$","?","M","E","R","M"],"items_purchased_type":["Card","Relic","Relic","Card","Card"],"build_version":"2020-12-13","purchased_purges":2,"victory":false,"max_hp_per_floor":[68,68,73,73,73,73,73,73,73,73,73,73,73,73,73,73,73,73,73,73,73,73,73,73,73,73,73,73,73,73,73,73,73,73,73,73,73,73,73,73,73,73,73],"relic_stats":{"Blood Vial":14,"OrangePellets":[3],"counters":[19,79],"Sundial":[12],"Bronze Scales":[197],"War Paint":["Defend_B","Defend_B"],"Smiling Mask":0,"Cursed Key":0,"obtain_stats":[{"War Paint":28,"Smiling Mask":30,"Cursed Key":34,"Mercury Hourglass":7,"Blood Vial":24,"OrangePellets":37,"Anchor":40,"Sundial":10,"Bronze Scales":9,"Coffee Dripper":17,"Membership Card":19,"Cracked Core":0,"StrikeDummy":14},{"War Paint":12,"Smiling Mask":13,"Cursed Key":14,"Mercury Hourglass":3,"Blood Vial":11,"OrangePellets":15,"Anchor":18,"Sundial":3,"Bronze Scales":3,"Coffee Dripper":7,"Membership Card":8,"Cracked Core":0,"StrikeDummy":6},{"War Paint":48,"Smiling Mask":53,"Cursed Key":61,"Mercury Hourglass":8,"Blood Vial":44,"OrangePellets":64,"Anchor":77,"Sundial":8,"Bronze Scales":8,"Coffee Dripper":29,"Membership Card":32,"Cracked Core":0,"StrikeDummy":20}],"Mercury Hourglass":[276]},"card_choices":[{"not_picked":["Reboot","Fission"],"picked":"Biased Cognition","floor":0.0},{"not_picked":["Leap","Force Field"],"picked":"Hologram","floor":1.0},{"not_picked":["Barrage","Gash"],"picked":"Go for the Eyes","floor":4.0},{"not_picked":["Steam","Self Repair"],"picked":"Consume","floor":7.0},{"not_picked":["Sweeping Beam","Coolheaded"],"picked":"Compile Driver","floor":11.0},{"not_picked":["Beam Cell","Stack"],"picked":"Capacitor","floor":12.0},{"not_picked":["Static Discharge","Amplify"],"picked":"FTL","floor":14.0},{"not_picked":["Hyperbeam","Meteor Strike"],"picked":"Core Surge","floor":16.0},{"not_picked":["Streamline","Static Discharge","Tempest"],"picked":"SKIP","floor":18.0},{"not_picked":["Hologram","Beam Cell+1","Barrage"],"picked":"SKIP","floor":20.0},{"not_picked":["Doom and Gloom","Consume"],"picked":"Lockon+1","floor":21.0},{"not_picked":["Consume","Force Field"],"picked":"Ball Lightning","floor":24.0},{"not_picked":["Leap","Meteor Strike"],"picked":"Cold Snap+1","floor":27.0},{"not_picked":["Fusion+1","Skim"],"picked":"Ball Lightning","floor":30.0},{"not_picked":["Creative AI","Hyperbeam"],"picked":"Seek","floor":33},{"not_picked":["Doom and Gloom","Streamline+1"],"picked":"Coolheaded","floor":35},{"not_picked":["Steam","Barrage+1"],"picked":"Ball Lightning+1","floor":38},{"not_picked":["Storm+1","Streamline"],"picked":"Conserve Battery","floor":39},{"not_picked":["White Noise","Genetic Algorithm","Turbo+1"],"picked":"SKIP","floor":40}],"player_experience":276997,"relics_obtained":[{"floor":7.0,"key":"Mercury Hourglass"},{"floor":9.0,"key":"Bronze Scales"},{"floor":14.0,"key":"StrikeDummy"},{"floor":24.0,"key":"Blood Vial"},{"floor":28.0,"key":"War Paint"},{"floor":30.0,"key":"Smiling Mask"},{"floor":40,"key":"Anchor"}],"event_choices":[{"damage_healed":0.0,"max_hp_gain":5.0,"max_hp_loss":0.0,"gold_gain":0.0,"event_name":"Big Fish","player_choice":"Donut","floor":3.0,"gold_loss":0.0,"damage_taken":0.0},{"cards_removed":["Strike_B"],"damage_healed":0.0,"max_hp_gain":0.0,"max_hp_loss":0.0,"gold_gain":0.0,"event_name":"Golden Wing","player_choice":"Card Removal","floor":5.0,"gold_loss":0.0,"damage_taken":7.0},{"damage_healed":0.0,"max_hp_gain":0.0,"max_hp_loss":0.0,"gold_gain":0.0,"event_name":"Scrap Ooze","player_choice":"Success","floor":10.0,"gold_loss":0.0,"damage_taken":7.0,"relics_obtained":["Sundial"]},{"damage_healed":0.0,"max_hp_gain":0.0,"max_hp_loss":0.0,"gold_gain":0.0,"event_name":"Shining Light","player_choice":"Entered Light","floor":13.0,"gold_loss":0.0,"damage_taken":15.0,"cards_upgraded":["Capacitor","Defend_B"]},{"damage_healed":0.0,"max_hp_gain":0.0,"max_hp_loss":0.0,"gold_gain":0.0,"event_name":"Lab","player_choice":"Got Potions","floor":22.0,"gold_loss":0.0,"damage_taken":0.0},{"cards_removed":["Defend_B"],"damage_healed":0.0,"max_hp_gain":0.0,"max_hp_loss":0.0,"gold_gain":0.0,"event_name":"Back to Basics","player_choice":"Elegance","floor":31.0,"gold_loss":0.0,"damage_taken":0.0},{"cards_removed":["Strike_B"],"damage_healed":0,"gold_gain":0,"player_choice":"Upgrade and Remove","damage_taken":0,"max_hp_gain":0,"max_hp_loss":0,"event_name":"Designer","floor":36,"gold_loss":90,"cards_upgraded":["Ball Lightning"]}],"is_beta":false,"boss_relics":[{"not_picked":["SacredBark","Nuclear Battery"],"picked":"Coffee Dripper"},{"not_picked":["Snecko Eye","FrozenCore"],"picked":"Cursed Key"}],"items_purged_floors":[2,19],"is_endless":false,"potions_floor_spawned":[4,7,11,12,20,30,33,39,40],"killed_by":"Jaw Worm Horde","ascension_level":4}}