{"host":"z2r87akzpwm9sj6o","time":1607909311,"event":{"mods":["A Magickal Journey","Act Like it!","BaseMod","Downfall","Duelist Mod","Gensokyo","Highlight Path","Infinite Spire","KinomotoSakuraMod(????)","Marisa????????","Minty Spire (QoL Compilation)","Quick Restart","READ ME - Guardian Mod","Reimu??????","StSLib","The Bug Knight","The Cursed","The Druid","The Forsaken","The Necromancer","The Servant 0.9.4","TheBandit"],"gold_per_floor":[99,45,30,30,30,49,76,76,93,93,193,212,227,243,255,358,358,358,375,375,385,385,417,717,717,799,799,812,822,300,300,300],"floor_reached":31,"playtime":1692,"items_purged":[],"score":245,"play_id":"e56b3846-607c-4de4-b5dd-fb367ad6b7b5","local_time":"20201214012831","is_ascension_mode":false,"campfire_choices":[{"data":"Slimebound:CorrosiveSpit","floor":1,"key":"SMITH"},{"floor":5,"key":"REST"},{"data":"Slimebound:MinionMaster","floor":10,"key":"SMITH"},{"data":"Slimebound:LeadByExample","floor":18,"key":"SMITH"},{"floor":22,"key":"REST"},{"floor":27,"key":"REST"}],"circlet_count":0,"master_deck":["Slimebound:Strike_Slimebound","Slimebound:Strike_Slimebound","Slimebound:Strike_Slimebound","Slimebound:Defend_Slimebound","Slimebound:Defend_Slimebound","Slimebound:Defend_Slimebound","Slimebound:Defend_Slimebound","Slimebound:Split","Slimebound:CorrosiveSpit+1","Slimebound:SplitLeeching","Slimebound:LeadByExample+1","Slimebound:SplitAcid","Slimebound:SlimeSpikes","Slimebound:MinionMaster+1","Slimebound:SpikyOuterGoop","Slimebound:SlimeBarrage","Slimebound:MegaLick","Slimebound:FinishingTackle","Slimebound:WasteNot+1","Slimebound:LeadByExample+1","Slimebound:MinionMaster+1","Slimebound:Repurpose+1","Slimebound:Schlurp","Slimebound:SplitBruiser","Slimebound:MassRepurpose","Slimebound:RejuvenatingLick","Slimebound:PressTheAttack","Slimebound:LivingWall+1","expansioncontent:FaceSlap","Slimebound:SlimeBrawl"],"relics":["Slimebound:AbsorbEndCombat","Art of War","Toy Ornithopter","Astrolabe","Juzu Bracelet","Old Coin","infinitespire:Eraser","TheAbacus","Tiny Chest"],"acts_visited":["Exordium","TheCity"],"potions_floor_usage":[16,16,16,23],"damage_taken":[{"damage":15,"enemies":"downfall:FleeingMerchant","floor":2,"turns":4},{"damage":15,"enemies":"downfall:FleeingMerchant","floor":3,"turns":4},{"damage":3,"enemies":"2 Louse","floor":6,"turns":5},{"damage":0,"enemies":"Cultist","floor":8,"turns":1},{"damage":4,"enemies":"Small Slimes","floor":9,"turns":4},{"damage":39,"enemies":"downfall:LadyInBlue","floor":11,"turns":11},{"damage":37,"enemies":"Gremlin Gang","floor":12,"turns":5},{"damage":25,"enemies":"Exordium Thugs","floor":13,"turns":3},{"damage":10,"enemies":"Large Slime","floor":14,"turns":5},{"damage":32,"enemies":"3 Louse","floor":15,"turns":4},{"damage":42,"enemies":"downfall:Silent","floor":16,"turns":10},{"damage":20,"enemies":"Shell Parasite","floor":19,"turns":6},{"damage":56,"enemies":"Shelled Parasite and Fungi","floor":21,"turns":6},{"damage":73,"enemies":"Gremlin Leader","floor":23,"turns":7},{"damage":75,"enemies":"Sentry and Sphere","floor":28,"turns":9},{"damage":35,"enemies":"Snecko","floor":29,"turns":6},{"damage":16,"enemies":"downfall:FleeingMerchant","floor":30,"turns":4},{"damage":20,"enemies":"Snake Plant","floor":31,"turns":1}],"seed_played":"4350629958839692278","potions_obtained":[{"floor":6,"key":"FairyPotion"},{"floor":9,"key":"Block Potion"},{"floor":11,"key":"LiquidMemories"},{"floor":15,"key":"CultistPotion"},{"floor":21,"key":"SpeedPotion"},{"floor":29,"key":"ZuzhouPotion:ReiMu"}],"is_trial":false,"path_per_floor":["R","$","$","?","R","M","T","M","M","R","?","M","M","M","M","B",null,"R","M","?","M","R","E","T","?","T","R","M","M","$","M"],"character_chosen":"SLIMEBOUND","items_purchased":["Slimebound:LeadByExample","expansioncontent:FaceSlap","TheAbacus","Slimebound:SlimeBrawl","Tiny Chest","Explosive Potion"],"campfire_rested":3,"item_purchase_floors":[2,30,30,30,30,30],"current_hp_per_floor":[66,57,54,54,66,65,65,65,66,66,51,28,15,19,19,16,66,66,66,66,36,55,27,27,49,49,66,29,18,16,0,0],"gold":300,"neow_bonus":"TEN_PERCENT_HP_BONUS","is_daily":false,"chose_seed":false,"campfire_upgraded":3,"win_rate":0.0,"timestamp":1607909311,"path_taken":["R","$","$","?","R","M","T","M","M","R","?","M","M","M","M","BOSS","R","?","?","M","R","E","T","?","?","R","M","M","$","M"],"items_purchased_type":["Card","Card","Relic","Card","Relic","Potion"],"build_version":"2020-12-13","purchased_purges":0,"victory":false,"max_hp_per_floor":[66,66,66,66,66,66,66,66,66,66,66,66,66,66,66,66,66,66,66,66,66,66,66,66,66,66,66,66,66,66,66,66],"card_choices":[{"not_picked":["Slimebound:PressTheAttack","Slimebound:GoopSpray"],"picked":"Slimebound:SplitLeeching","floor":2},{"not_picked":["Slimebound:FirmFortitude","Slimebound:SamplingLick"],"picked":"Slimebound:SplitAcid","floor":3},{"not_picked":["Slimebound:PressTheAttack","Slimebound:MegaLick"],"picked":"Slimebound:Schlurp","floor":6},{"not_picked":["Slimebound:SplitMire","Slimebound:FormOfPuddle"],"picked":"Slimebound:SlimeSpikes","floor":8},{"not_picked":["Slimebound:LeechEnergy","Slimebound:ComboTackle"],"picked":"Slimebound:MinionMaster","floor":9},{"not_picked":["Slimebound:ViciousTackle","Slimebound:GrowthPunch"],"picked":"Slimebound:SpikyOuterGoop","floor":11},{"not_picked":["Slimebound:SplitAcid","Slimebound:SplitMire"],"picked":"Slimebound:SlimeBarrage","floor":12},{"not_picked":["Slimebound:ProtectTheBoss","Slimebound:HauntingLick"],"picked":"Slimebound:MegaLick","floor":13},{"not_picked":["Slimebound:MegaLick","Slimebound:Repurpose"],"picked":"Slimebound:SplitLeeching","floor":14},{"not_picked":["Slimebound:RollThrough","Slimebound:SplitMire"],"picked":"Slimebound:FinishingTackle","floor":15},{"not_picked":["Slimebound:RallyTheTroops","Slimebound:OozeBath"],"picked":"Slimebound:WasteNot","floor":16},{"not_picked":["Slimebound:SamplingLick+1","Slimebound:PressTheAttack+1"],"picked":"Slimebound:Schlurp","floor":19},{"not_picked":["Slimebound:SplitLeeching+1","Slimebound:LeechingTouch"],"picked":"Slimebound:SplitBruiser","floor":21},{"not_picked":["Slimebound:ViciousTackle+1","Slimebound:LeechingTouch"],"picked":"Slimebound:MassRepurpose","floor":23},{"not_picked":["Slimebound:FinishingTackle","Slimebound:LeechEnergy"],"picked":"Slimebound:RejuvenatingLick","floor":28},{"not_picked":["Slimebound:RollThrough","Slimebound:LeechEnergy+1"],"picked":"Slimebound:PressTheAttack","floor":29},{"not_picked":["Slimebound:SplitMire","Slimebound:DisruptingSlam"],"picked":"Slimebound:LivingWall+1","floor":30}],"player_experience":156320,"relics_obtained":[{"floor":7,"key":"Art of War"},{"floor":11,"key":"Toy Ornithopter"},{"floor":23,"key":"Juzu Bracelet"},{"floor":24,"key":"Old Coin"},{"floor":26,"key":"infinitespire:Eraser"}],"event_choices":[{"damage_healed":0,"gold_gain":0,"player_choice":"Forge","damage_taken":0,"max_hp_gain":0,"max_hp_loss":0,"event_name":"Accursed Blacksmith","floor":20,"gold_loss":0,"cards_upgraded":["Slimebound:WasteNot"]},{"damage_healed":22,"gold_gain":0,"player_choice":"Heal","damage_taken":0,"max_hp_gain":0,"max_hp_loss":0,"event_name":"The Library","floor":25,"gold_loss":0}],"is_beta":false,"boss_relics":[{"not_picked":["Snecko Eye","theForsaken:PaleLantern"],"picked":"Astrolabe"}],"items_purged_floors":[],"is_endless":false,"potions_floor_spawned":[6,9,13,14,15,21,29],"killed_by":"Snake Plant","ascension_level":0}}