{"host":"17xjy7b7ubl548g2","time":1607921466,"event":{"mods":["2.2 Compatiblity","Act Like it!","Aspiration","Astrologer","Bard","BaseMod","Bestiary","Challenge The Spire","ChefMod","Colored Map","Conspire","Elementarium","Energized Spire","GifTheSpireLib","Halation","Hallownest","Hermit","Hubris","Infinite Spire","Jedi Mod","Jorbs\u0027s Wanderer Trilogy","Marisa（霧雨　魔理沙）","Marked Mod","Minty Spire (QoL Compilation)","Pale of the Ancients","Permanent Neow","Puzzle Mod","Replay The Spire","Robot Space Explorer","Spicy Shops","StSLib","Stuff the Spire","The Blue Laboratory","The Bug Knight","The Construct","The Disciple","The Hayseed","The Hierophant","The Runesmith","The Sage"],"gold_per_floor":[119,119,119,130,148,148,178,192,192,203,216,235,235,265,277,365,377,402,427,439,451,451],"floor_reached":21,"playtime":1888,"items_purged":["Strike_B"],"score":338,"play_id":"44fad259-7aed-43f8-8beb-dfcf8ee1f46b","local_time":"20201213235106","is_ascension_mode":true,"campfire_choices":[{"data":"Zap","floor":6.0,"key":"SMITH"},{"data":"StuffTheSpire:Innocence","floor":13.0,"key":"SMITH"},{"data":"StuffTheSpire:ForEach","floor":15.0,"key":"SMITH"}],"circlet_count":0,"master_deck":["AscendersBane","infinitespire:Punishment+1","Strike_B","Strike_B","Strike_B","Defend_B","Defend_B","Defend_B","Defend_B","Zap+1","Dualcast","Bandage Up","Cold Snap","StuffTheSpire:Innocence+1","Hologram","Coolheaded","StuffTheSpire:ForEach+1","Steam","Self Repair","All For One","Leap"],"relics":["Cracked Core","Eternal Feather","PreservedInsect","StuffTheSpire:Tea","MawBank","Black Star","DataDisk"],"acts_visited":["Exordium","Exordium"],"potions_floor_usage":[21],"damage_taken":[{"damage":0.0,"enemies":"Small Slimes","floor":1.0,"turns":2.0},{"damage":2.0,"enemies":"Jaw Worm","floor":4.0,"turns":2.0},{"damage":0.0,"enemies":"Cultist","floor":5.0,"turns":2.0},{"damage":5.0,"enemies":"Gremlin Nob","floor":7.0,"turns":3.0},{"damage":0.0,"enemies":"Gremlin Gang","floor":8.0,"turns":3.0},{"damage":2.0,"enemies":"3 Louse","floor":10.0,"turns":2.0},{"damage":0.0,"enemies":"Exordium Thugs","floor":11.0,"turns":3.0},{"damage":0.0,"enemies":"Gremlin Gang","floor":12.0,"turns":4.0},{"damage":2.0,"enemies":"3 Sentries","floor":14.0,"turns":3.0},{"damage":3.0,"enemies":"Slime Boss","floor":16.0,"turns":11.0},{"damage":17.0,"enemies":"Elementarium:Cyclone","floor":18.0,"turns":8.0},{"damage":0.0,"enemies":"Elementarium:VoidCorruption","floor":19.0,"turns":5.0},{"damage":5,"enemies":"Elementarium:CYCLONE_AND_LIVING_STORMCLOUD","floor":21,"turns":7}],"seed_played":"256065542339577375","potions_obtained":[{"floor":4.0,"key":"blueLaboratory:NullPotion"},{"floor":7.0,"key":"LiquidBronze"},{"floor":12.0,"key":"Block Potion"},{"floor":16.0,"key":"blueLaboratory:BottledHope"},{"floor":18.0,"key":"blueLaboratory:Moonshine"}],"is_trial":false,"path_per_floor":["M","?","$","M","M","R","E","M","T","M","M","M","R","E","R","B",null,"M","M","?","M"],"character_chosen":"DEFECT","items_purchased":["Eternal Feather","PreservedInsect","blueLaboratory:StoneskinPotion"],"campfire_rested":0,"item_purchase_floors":[3,3,3],"current_hp_per_floor":[64,54,16,18,18,27,26,30,30,28,32,43,52,54,63,71,71,61,71,51,46,46],"gold":451,"neow_bonus":"RANDOM_COLORLESS","is_daily":false,"chose_seed":false,"campfire_upgraded":3,"win_rate":0.0,"timestamp":1607921466,"path_taken":["M","?","?","M","M","R","E","?","T","?","M","M","R","E","R","BOSS","M","M","?","M"],"items_purchased_type":["Relic","Relic","Potion"],"build_version":"2020-12-13","purchased_purges":1,"victory":false,"max_hp_per_floor":[71,71,71,71,71,71,71,71,71,71,71,71,71,71,71,71,71,71,71,71,71,71],"card_choices":[{"not_picked":["ReplayTheSpireMod:Uncanny Aura","Replay:Sssssssssstrike"],"picked":"Bandage Up","floor":0.0},{"not_picked":["Steam","Stack"],"picked":"Cold Snap","floor":1.0},{"not_picked":["Storm","Turbo"],"picked":"Hologram","floor":4.0},{"not_picked":["Darkness","BasicCrystalCard"],"picked":"Coolheaded","floor":5.0},{"not_picked":["Force Field","Thunder Strike"],"picked":"StuffTheSpire:ForEach","floor":7.0},{"not_picked":["jedi:overflow","Heatsinks","ReplayTheSpireMod:Dual Polarity"],"picked":"SKIP","floor":8.0},{"not_picked":["Stack","Redo"],"picked":"Steam","floor":10.0},{"not_picked":["StuffTheSpire:Plugnplay","conspire:Rain"],"picked":"Self Repair","floor":11.0},{"not_picked":["Skim","Rebound","jedi:BurstFrost"],"picked":"SKIP","floor":12.0},{"not_picked":["conspire:SharedLibrary","Hologram","jedi:blockon"],"picked":"SKIP","floor":14.0},{"not_picked":["ReplayTheSpireMod:Fabricate Wheel","Seek"],"picked":"All For One","floor":16.0},{"not_picked":["Aggregate","Cold Snap"],"picked":"Leap","floor":18.0},{"not_picked":["Aggregate","jedi:blockon","Stack"],"picked":"SKIP","floor":19.0}],"player_experience":1552437,"relics_obtained":[{"floor":7.0,"key":"StuffTheSpire:Tea"},{"floor":14.0,"key":"MawBank"}],"event_choices":[],"is_beta":false,"boss_relics":[{"not_picked":["hubris:VirtuousBlindfold","aspiration:FutureDiary"],"picked":"Black Star"}],"items_purged_floors":[3],"is_endless":false,"potions_floor_spawned":[4,7,8,12,16,18],"killed_by":"Elementarium:CYCLONE_AND_LIVING_STORMCLOUD","ascension_level":15}}