{"host":"ltca6yxwulbhza25","time":1607944564,"event":{"mods":["BaseMod","Card Forge","Colored Map","Colored Powertips","Minty Spire (QoL Compilation)","Quick Restart","Shop Mod","StSLib","The Blue Laboratory"],"gold_per_floor":[109,120,120,195,210,238,253,273,273,299,317,335,335,364,364,460,460,480,440,450,519,530,530,530,540,612,646,646,350,375,386,386,386,386],"floor_reached":33,"playtime":1636,"items_purged":["Defend_G+1"],"score":334,"play_id":"fc719086-9c6e-4caa-a069-7e7c7ba31f7f","local_time":"20201214191604","is_ascension_mode":false,"campfire_choices":[{"data":"Skewer","floor":13,"key":"PURGE"},{"data":"Calculated Gamble","floor":15,"key":"SMITH"},{"data":"Prepared","floor":23,"key":"PURGE"},{"data":"Strike_G+1","floor":28,"key":"PURGE"},{"data":"All Out Attack","floor":32,"key":"PURGE"}],"circlet_count":0,"master_deck":["Strike_G+1","Strike_G+1","Strike_G+1","Strike_G+1","Defend_G+1","Defend_G+1","Defend_G+1","Survivor+1","Neutralize+1","Terror","Deadly Poison","Calculated Gamble+1","Tactician","Envenom","Crippling Poison","Adrenaline","Doppelganger","Envenom"],"relics":["Ring of the Snake","Anvil of the Gods","Lantern","Peace Pipe","Tingsha","The Specimen","HoveringKite","Kunai","Matryoshka","Tough Bandages","MerchantsRug","Orichalcum"],"acts_visited":["TheCity"],"potions_floor_usage":[27,27,30,33],"damage_taken":[{"damage":0,"enemies":"Cultist","floor":1,"turns":2},{"damage":0,"enemies":"Jaw Worm","floor":2,"turns":2},{"damage":0,"enemies":"Small Slimes","floor":5,"turns":4},{"damage":10,"enemies":"3 Sentries","floor":6,"turns":9},{"damage":0,"enemies":"2 Fungi Beasts","floor":7,"turns":2},{"damage":0,"enemies":"Exordium Thugs","floor":8,"turns":2},{"damage":15,"enemies":"Lagavulin","floor":10,"turns":6},{"damage":0,"enemies":"Looter","floor":11,"turns":1},{"damage":0,"enemies":"Exordium Wildlife","floor":12,"turns":3},{"damage":12,"enemies":"3 Sentries","floor":14,"turns":7},{"damage":4,"enemies":"Hexaghost","floor":16,"turns":7},{"damage":10,"enemies":"Spheric Guardian","floor":18,"turns":4},{"damage":0,"enemies":"Chosen","floor":20,"turns":3},{"damage":9,"enemies":"Shelled Parasite and Fungi","floor":22,"turns":4},{"damage":2,"enemies":"Centurion and Healer","floor":25,"turns":6},{"damage":8,"enemies":"Gremlin Leader","floor":27,"turns":4},{"damage":0,"enemies":"Slavers","floor":30,"turns":4},{"damage":3,"enemies":"Snecko","floor":31,"turns":4},{"damage":50,"enemies":"Automaton","floor":33,"turns":6}],"seed_played":"3540638647255412736","potions_obtained":[{"floor":1,"key":"Ancient Potion"},{"floor":2,"key":"blueLaboratory:SavagePotion"},{"floor":10,"key":"Ancient Potion"},{"floor":16,"key":"blueLaboratory:BottledHope"},{"floor":19,"key":"blueLaboratory:FrostheartPotion"},{"floor":22,"key":"blueLaboratory:ArtistsPotion"},{"floor":25,"key":"ColorlessPotion"},{"floor":30,"key":"Weak Potion"}],"is_trial":false,"path_per_floor":["M","M","?","?","M","E","M","M","T","E","M","M","R","E","R","B",null,"M","?","M","T","M","R","?","M","T","E","R","$","E","M","R","B"],"character_chosen":"THE_SILENT","items_purchased":["MerchantsRug","All Out Attack"],"campfire_rested":0,"item_purchase_floors":[29,29],"current_hp_per_floor":[77,77,82,71,71,61,61,61,61,46,46,46,46,34,34,30,82,72,72,72,72,63,63,63,61,61,53,53,53,53,50,50,0,0],"gold":386,"neow_bonus":"TEN_PERCENT_HP_BONUS","is_daily":false,"chose_seed":false,"campfire_upgraded":1,"win_rate":0.0,"timestamp":1607944564,"path_taken":["M","M","?","?","M","E","M","M","T","E","M","M","R","E","R","BOSS","M","?","?","?","M","R","?","M","T","E","R","$","E","M","R","BOSS"],"items_purchased_type":["Relic","Card"],"build_version":"2020-12-13","purchased_purges":1,"victory":false,"max_hp_per_floor":[77,77,82,82,82,82,82,82,82,82,82,82,82,82,82,82,82,82,82,82,82,82,82,82,82,82,82,82,82,82,82,82,82,82],"card_choices":[{"not_picked":["Calculated Gamble","Blade Dance"],"picked":"Terror","floor":1},{"not_picked":["Expertise","Dagger Throw","Underhanded Strike"],"picked":"SKIP","floor":2},{"not_picked":["Sucker Punch","Endless Agony","Dodge and Roll"],"picked":"SKIP","floor":5},{"not_picked":["Riddle With Holes","Acrobatics"],"picked":"Deadly Poison","floor":6},{"not_picked":["Finisher","Deflect"],"picked":"Skewer","floor":7},{"not_picked":["Poisoned Stab","Slice"],"picked":"Calculated Gamble","floor":8},{"not_picked":["Escape Plan","Acrobatics"],"picked":"Tactician","floor":10},{"not_picked":["Flechettes","Dash"],"picked":"Envenom","floor":11},{"not_picked":["Acrobatics","Dagger Spray"],"picked":"Crippling Poison","floor":12},{"not_picked":["Riddle With Holes","Slice","Endless Agony"],"picked":"SKIP","floor":14},{"not_picked":["A Thousand Cuts","Doppelganger"],"picked":"Adrenaline","floor":16},{"not_picked":["Distraction","Backflip"],"picked":"Prepared","floor":18},{"not_picked":["Predator","Riddle With Holes","Prepared"],"picked":"SKIP","floor":20},{"not_picked":["Masterful Stab","Dagger Spray","Terror"],"picked":"SKIP","floor":22},{"not_picked":["Malaise","Blade Dance","Eviscerate"],"picked":"SKIP","floor":25},{"not_picked":["Outmaneuver","Quick Slash+1","Distraction"],"picked":"SKIP","floor":27},{"not_picked":["Acrobatics+1","Heel Hook+1"],"picked":"Envenom","floor":30},{"not_picked":["Masterful Stab","Choke","Deflect"],"picked":"SKIP","floor":31}],"player_experience":2343,"relics_obtained":[{"floor":6,"key":"Lantern"},{"floor":9,"key":"Peace Pipe"},{"floor":10,"key":"Tingsha"},{"floor":14,"key":"The Specimen"},{"floor":21,"key":"Kunai"},{"floor":26,"key":"Matryoshka"},{"floor":27,"key":"Tough Bandages"},{"floor":30,"key":"Orichalcum"}],"event_choices":[{"damage_healed":0,"gold_gain":0,"player_choice":"Donut","damage_taken":0,"max_hp_gain":5,"max_hp_loss":0,"event_name":"Big Fish","floor":3,"gold_loss":0},{"damage_healed":0,"gold_gain":75,"player_choice":"Gather Gold","damage_taken":11,"max_hp_gain":0,"max_hp_loss":0,"event_name":"World of Goop","floor":4,"gold_loss":0},{"damage_healed":0,"gold_gain":0,"player_choice":"Bought 3 Potions","damage_taken":0,"max_hp_gain":0,"max_hp_loss":0,"event_name":"The Woman in Blue","floor":19,"gold_loss":0},{"damage_healed":0,"gold_gain":0,"cards_transformed":["Defend_G"],"player_choice":"Transformed","damage_taken":0,"max_hp_gain":0,"max_hp_loss":0,"event_name":"Transmorgrifier","floor":24,"gold_loss":0,"cards_obtained":["Doppelganger"]}],"is_beta":false,"boss_relics":[{"not_picked":["WristBlade","Runic Dome"],"picked":"HoveringKite"}],"items_purged_floors":[29],"is_endless":false,"potions_floor_spawned":[1,2,10,11,16,20,22,25,30],"killed_by":"Automaton","ascension_level":0}}