{"host":"z9grmtg2w0nmz8n1","time":1607970124,"event":{"mods":["Aspiration","BaseMod","Better Third Choice","BetterRewards","CCEM","Colored Map","GifTheSpireLib","Googly Eyes","Highlight Path","Hubris","Infinite Spire","Jedi Mod","Jorbs\u0027s Wanderer Trilogy","Minty Spire (QoL Compilation)","Permanent Neow","Replay The Spire","Spicy Shops","StSLib","Stuff the Spire","The Bug Knight"],"gold_per_floor":[113,7,18,18,37,37,37,37,118,152,152,172,172,206,206,302,302,314,325,325,357,357,388,388,313,340,371,389,389,419,433,433,536,536,551,463,513,132,132,132,132,132],"floor_reached":41,"playtime":2745,"items_purged":["Strike_G","Amnesia"],"score":455,"play_id":"2bd8683b-0a3e-4d93-ba8e-50e9b31338ca","local_time":"20201214162204","is_ascension_mode":false,"campfire_choices":[{"floor":6,"key":"RECALL"},{"data":"After Image","floor":8,"key":"SMITH"},{"data":"Noxious Fumes","floor":11,"key":"SMITH"},{"data":"Blade Dance","floor":15,"key":"SMITH"},{"floor":24,"key":"REST"},{"floor":29,"key":"REST"},{"floor":32,"key":"REST"},{"data":"Envenom","floor":40,"key":"SMITH"}],"circlet_count":0,"master_deck":["Strike_G+1","Strike_G","Defend_G","Defend_G","Defend_G","Defend_G","Defend_G","Survivor","Neutralize","After Image+1","Slice+1","Blade Dance+1","ReplayTheSpireMod:Scrap Shanks","Noxious Fumes+1","Distraction+1","A Thousand Cuts","Pain","infinitespire:Neurotoxin","Specialist","ReplayTheSpireMod:Black Plague","ReplayTheSpireMod:Speed Training+1","Cloak And Dagger","Accuracy","Leg Sweep","Envenom+1","CurseOfTheBell","Replay:Poison Smokescreen+1","Cloak And Dagger+1","Calculated Gamble+1","Infinite Blades"],"relics":["Ring of the Snake","Blue Candle","Replay:Mystery Machine","CCEMRelics:Francisca","CCEMRelics:WhiteRose","ReplayTheSpireMod:SealedPack","Question Card","Runic Dome","Red Mask","Whetstone","Ancient Tea Set","Oddly Smooth Stone","StuffTheSpire:RubySignet","Replay:Ancient Bell","PreservedInsect","infinitespire:FocusingShard","Incense Burner","Gambling Chip","CCEMRelics:BiPhaseBiplane","aspiration:ChemicalBlood"],"acts_visited":["Exordium","TheCity","TheBeyond"],"potions_floor_usage":[10,16,21,27,28],"damage_taken":[{"damage":3,"enemies":"Small Slimes","floor":1,"turns":7},{"damage":1,"enemies":"Cultist","floor":3,"turns":4},{"damage":0,"enemies":"2 Louse","floor":5,"turns":2},{"damage":7,"enemies":"Lagavulin","floor":10,"turns":8},{"damage":1,"enemies":"2 Fungi Beasts","floor":12,"turns":3},{"damage":3,"enemies":"HollowMod:MossKnight","floor":14,"turns":8},{"damage":12,"enemies":"The Guardian","floor":16,"turns":9},{"damage":6,"enemies":"Spheric Guardian","floor":18,"turns":5},{"damage":9,"enemies":"Shell Parasite","floor":19,"turns":5},{"damage":30,"enemies":"Masked Bandits","floor":21,"turns":4},{"damage":16,"enemies":"HollowMod:Nosk","floor":23,"turns":6},{"damage":10,"enemies":"Replay:Snechameleon","floor":27,"turns":4},{"damage":12,"enemies":"Shelled Parasite and Fungi","floor":28,"turns":4},{"damage":9,"enemies":"HollowMod:Nosk","floor":30,"turns":5},{"damage":0,"enemies":"Snake Plant","floor":31,"turns":2},{"damage":49,"enemies":"Champ","floor":33,"turns":8},{"damage":15,"enemies":"3 Darklings","floor":35,"turns":3},{"damage":6,"enemies":"3 Shapes","floor":36,"turns":5},{"damage":5,"enemies":"Mind Bloom Boss Battle","floor":37,"turns":6},{"damage":37,"enemies":"Reptomancer","floor":41,"turns":4}],"seed_played":"5353840535958888475","potions_obtained":[{"floor":3,"key":"Regen Potion"},{"floor":5,"key":"AttackPotion"},{"floor":14,"key":"SkillPotion"},{"floor":23,"key":"ColorlessPotion"},{"floor":27,"key":"ColorlessPotion"},{"floor":30,"key":"FairyPotion"},{"floor":31,"key":"GhostInAJar"},{"floor":35,"key":"Dexterity Potion"}],"is_trial":false,"path_per_floor":["M","?","M","$","M","R","?","R","T","E","R","M","?","E","R","B",null,"M","M","AVR","?","?","E","R","?","T","E","M","R","E","M","R","B",null,"M","M","?","$","?","R","E"],"character_chosen":"THE_SILENT","items_purchased":["Infinite Blades","CCEMRelics:BiPhaseBiplane","aspiration:ChemicalBlood"],"campfire_rested":3,"item_purchase_floors":[38,38,38],"current_hp_per_floor":[60,60,59,59,59,59,59,59,59,52,52,51,51,48,48,36,63,57,48,48,30,30,14,32,32,32,22,10,28,19,19,37,33,63,48,42,37,37,37,37,0,0],"gold":132,"neow_bonus":"THREE_RARE_CARDS","is_daily":false,"chose_seed":false,"campfire_upgraded":4,"win_rate":0.0,"timestamp":1607970124,"path_taken":["M","?","?","$","M","R","?","R","T","E","R","M","?","E","R","BOSS","M","M","AVR","?","?","E","R","?","T","E","M","R","E","?","R","BOSS","M","M","?","$","?","R","E"],"items_purchased_type":["Card","Relic","Relic"],"build_version":"2020-12-13","purchased_purges":2,"victory":false,"max_hp_per_floor":[63,63,63,63,63,63,63,63,63,63,63,63,63,63,63,63,63,63,63,63,63,63,63,63,63,63,63,63,63,63,63,63,63,63,63,63,63,63,63,63,63,63],"card_choices":[{"not_picked":["Grand Finale","ReplayTheSpireMod:Necrosis"],"picked":"After Image","floor":0},{"not_picked":["Deflect","Finisher"],"picked":"Slice","floor":1},{"not_picked":["Fluid Movement","Backflip"],"picked":"Blade Dance","floor":3},{"not_picked":["jedi:brewingpoison","Blur"],"picked":"ReplayTheSpireMod:Scrap Shanks","floor":5},{"not_picked":["Quick Slash","Backflip"],"picked":"Noxious Fumes","floor":10},{"not_picked":["PiercingWail","Outmaneuver","ReplayTheSpireMod:Shiv Toss"],"picked":"SKIP","floor":12},{"not_picked":["StuffTheSpire:Repulse","jedi:rejectivetoxin","Backflip"],"picked":"SKIP","floor":14},{"not_picked":["Unload","Venomology"],"picked":"A Thousand Cuts","floor":16},{"not_picked":["Die Die Die","jedi:brewingpoison"],"picked":"infinitespire:Neurotoxin","floor":17},{"not_picked":["jedi:forcepush","StuffTheSpire:FreeRealEstate"],"picked":"Specialist","floor":17},{"not_picked":["ReplayTheSpireMod:Chaos Vortex","infinitespire:UltimateForm"],"picked":"ReplayTheSpireMod:Black Plague","floor":17},{"not_picked":["Deflect","Bullet Time"],"picked":"ReplayTheSpireMod:Speed Training+1","floor":18},{"not_picked":["Sucker Punch+1","StuffTheSpire:Incantation","StuffTheSpire:ClusterCrunch"],"picked":"SKIP","floor":19},{"not_picked":["A Thousand Cuts","jedi:pocketpoison","Dagger Throw"],"picked":"Cloak And Dagger","floor":23},{"not_picked":["Tactician","StuffTheSpire:Incursion","StuffTheSpire:Repulse+1"],"picked":"Accuracy","floor":27},{"not_picked":["StuffTheSpire:Python","Deadly Poison+1","Flechettes"],"picked":"Leg Sweep","floor":28},{"not_picked":["Outmaneuver","Underhanded Strike","Sneak Up","hubris:SlightOfHand"],"picked":"SKIP","floor":30},{"not_picked":["StuffTheSpire:Sprint+1","Blade Dance+1","Envenom","ReplayTheSpireMod:Scrap Shanks"],"picked":"SKIP","floor":31},{"not_picked":["Storm of Steel","Grand Finale","StuffTheSpire:FinalStruggle"],"picked":"Envenom","floor":33},{"not_picked":["Doubt","ReplayTheSpireMod:Doomed","hubris:Greed"],"picked":"Amnesia","floor":34},{"not_picked":["Normality","Amnesia","Parasite"],"picked":"ReplayTheSpireMod:IOU","floor":34},{"not_picked":["Replay:Hysterical Blindness","ReplayTheSpireMod:Doomed","Pain"],"picked":"CurseOfTheBell","floor":34},{"not_picked":["StuffTheSpire:ClusterCrunch+1","PiercingWail","hubris:SlightOfHand"],"picked":"Replay:Poison Smokescreen+1","floor":35},{"not_picked":["StuffTheSpire:ClusterCrunch+1","Deflect+1","StuffTheSpire:Python"],"picked":"Cloak And Dagger+1","floor":36},{"not_picked":["Blade Dance+1","ReplayTheSpireMod:From All Sides","StuffTheSpire:BumpUp"],"picked":"Calculated Gamble+1","floor":37}],"player_experience":545456,"relics_obtained":[{"floor":7,"key":"Replay:Mystery Machine"},{"floor":10,"key":"CCEMRelics:Francisca"},{"floor":14,"key":"CCEMRelics:WhiteRose"},{"floor":21,"key":"Red Mask"},{"floor":23,"key":"Whetstone"},{"floor":26,"key":"Ancient Tea Set"},{"floor":27,"key":"Oddly Smooth Stone"},{"floor":30,"key":"StuffTheSpire:RubySignet"},{"floor":37,"key":"Gambling Chip"}],"event_choices":[{"damage_healed":0,"gold_gain":0,"player_choice":"Paid Gold","damage_taken":0,"relics_obtained":["Blue Candle"],"max_hp_gain":0,"max_hp_loss":0,"event_name":"WeMeetAgain","floor":2,"gold_loss":106},{"damage_healed":0,"gold_gain":0,"player_choice":"Fought Bandits","damage_taken":0,"max_hp_gain":0,"max_hp_loss":0,"event_name":"Masked Bandits","floor":21,"gold_loss":0},{"cards_removed":["Strike_G"],"damage_healed":0,"gold_gain":0,"player_choice":"Gave Gold","damage_taken":0,"max_hp_gain":0,"max_hp_loss":0,"event_name":"Beggar","floor":25,"gold_loss":75},{"damage_healed":0,"gold_gain":0,"player_choice":"Fight","damage_taken":0,"max_hp_gain":0,"max_hp_loss":0,"event_name":"MindBloom","floor":37,"gold_loss":0}],"is_beta":false,"boss_relics":[{"not_picked":["SacredBark","Runic Pyramid"],"picked":"ReplayTheSpireMod:SealedPack"},{"not_picked":["Snecko Scales","jedi:battlestandard"],"picked":"Replay:Ancient Bell"},{"not_picked":["CCEMRelics:GrindingGear","Anchor"],"picked":"PreservedInsect"},{"not_picked":["White Beast Statue","hubris:CrystalStatue"],"picked":"infinitespire:FocusingShard"},{"not_picked":["Tough Bandages","Bird Faced Urn"],"picked":"Incense Burner"}],"items_purged_floors":[20,38],"is_endless":false,"potions_floor_spawned":[3,5,14,23,27,30,31,35],"killed_by":"Reptomancer","ascension_level":0}}