{"host":"ek0z0lqzh47k8ua6","time":1607979698,"event":{"mods":["Act Like it!","BaseMod","CapriCore","Chen","Custom Start","Force Act Four","Gensokyo","Hubris","Infinite Spire","Koishi","Marisa????????","Mimic Mod","Minty Spire (QoL Compilation)","Prisma Mod","Reimu??????","Relic Stats","Remilia??????","StSLib","The Construct","The Immortal","The Mystic","The Servant 0.9.4","Waifu the Spire","Yuyuko","???????????mod"],"gold_per_floor":[113,147,147,147,1,26,58,58,58,88,88,107,107,124,124,228,228,241,241,241,86,86,120,120,136,169,169,179,76,76,96,96,191,191,203,221,68,68,68,68,100,100,127,0,0,0,0,0],"floor_reached":51,"playtime":2688,"items_purged":[],"score":888,"play_id":"054da271-baf5-4ede-a53a-ec65cab65cf1","local_time":"20201214160138","daily_mods":["Heirloom","Time Dilation","Flight"],"is_ascension_mode":false,"campfire_choices":[{"floor":8.0,"key":"RECALL"},{"data":"Koishi:HeartStoppingHorror","floor":11.0,"key":"SMITH"},{"data":"Koishi:HeartStoppingHorror","floor":13.0,"key":"SMITH"},{"data":"Koishi:JumpScare","floor":15.0,"key":"SMITH"},{"data":"Koishi:JumpScare","floor":24.0,"key":"SMITH"},{"data":"Koishi:Catatonia","floor":27.0,"key":"SMITH"},{"floor":30.0,"key":"REST"},{"floor":32.0,"key":"REST"},{"floor":40,"key":"REST"},{"data":"Koishi:HauntingSlash","floor":42,"key":"SMITH"},{"floor":47,"key":"REST"},{"floor":49,"key":"REST"}],"circlet_count":0,"master_deck":["Koishi:TerrifyingSpectre+1","Koishi:HeartStoppingHorror+1","Koishi:HeartStoppingHorror+1","Koishi:ImGoingToCallYouNow","Koishi:ImGoingToCallYouNow","Koishi:DanmakuParanoia","Koishi:DanmakuParanoia","Koishi:DanmakuParanoia","Koishi:PredatoryInstincts","Koishi:PredatoryInstincts","Koishi:JumpScare+1","Koishi:JumpScare+1","Koishi:Provoke","Koishi:BasicDefend","Koishi:BasicDefend","Koishi:BasicDefend","Koishi:BasicDefend","Koishi:UnseenTerror","Koishi:UnseenTerror","Koishi:Catatonia","Koishi:Catatonia","Koishi:MindNumbingTerror","Koishi:MindNumbingTerror","Koishi:MindNumbingTerror","Koishi:TremblingHands","Koishi:TremblingHands","Koishi:TremblingHands","Koishi:StingingMind","Koishi:StingingMind","Koishi:BloodcurdlingScream","Koishi:BloodcurdlingScream","Koishi:RacingHeart","Koishi:RacingHeart","Koishi:RacingHeart","Koishi:ParalyzingFear","Koishi:ParalyzingFear","Koishi:DreadfulBlow","Koishi:DreadfulBlow","Koishi:BasicStrike","Koishi:BasicStrike","Koishi:BasicStrike","Koishi:BasicStrike","Koishi:HauntingSlash","Koishi:HauntingSlash+1","Violence"],"relics":["Koishi:ImaginaryFriend","hubris:Teleporter","Singing Bowl","Gensokyo:OccultBall","PrismaticShard","Letter Opener","Akabeko","Lantern","Black Star","Potion Belt","Centennial Puzzle","Prayer Wheel","hubris:DeckOfHolding","Philosopher\u0027s Stone","Blood Vial","hubris:FunFungus","Oddly Smooth Stone","MealTicket","Red Mask","Ancient Tea Set","hubris:FruitBowl","hubris:EvacipatedBox","Strawberry","Kunai","Pantograph"],"acts_visited":["Gensokyo:Gensokyo","Gensokyo:Gensokyoer","TheBeyond"],"potions_floor_usage":[35,50,50,50],"damage_taken":[{"damage":0.0,"enemies":"Gensokyo:3_Fairies","floor":1.0,"turns":4.0},{"damage":4.0,"enemies":"Gensokyo:Aya","floor":2.0,"turns":6.0},{"damage":2.0,"enemies":"Gensokyo:Aya","floor":6.0,"turns":4.0},{"damage":4.0,"enemies":"Gensokyo:Mamizou","floor":7.0,"turns":5.0},{"damage":0.0,"enemies":"Gensokyo:Aya","floor":10.0,"turns":1.0},{"damage":0.0,"enemies":"Gensokyo:Python","floor":12.0,"turns":2.0},{"damage":0.0,"enemies":"Gensokyo:Gryphon","floor":14.0,"turns":1.0},{"damage":3.0,"enemies":"Gensokyo:Reimu","floor":16.0,"turns":9.0},{"damage":0.0,"enemies":"Gensokyo:2_Gloops","floor":18.0,"turns":2.0},{"damage":15.0,"enemies":"Gensokyo:Koishi","floor":23.0,"turns":4.0},{"damage":11.0,"enemies":"Gensokyo:3_Dogs","floor":25.0,"turns":4.0},{"damage":6.0,"enemies":"Gensokyo:Slime_Group","floor":26.0,"turns":3.0},{"damage":66.0,"enemies":"Gensokyo:Slime_Group","floor":28.0,"turns":6.0},{"damage":47.0,"enemies":"Gensokyo:3_Gloops","floor":31.0,"turns":7.0},{"damage":15,"enemies":"Gensokyo:Eternal_Rivals","floor":33,"turns":8},{"damage":99,"enemies":"3 Darklings","floor":35,"turns":16},{"damage":0,"enemies":"3 Shapes","floor":36,"turns":1},{"damage":5,"enemies":"Nemesis","floor":41,"turns":6},{"damage":63,"enemies":"Awakened One","floor":50,"turns":13}],"seed_played":"-5861542947158288915","potions_obtained":[{"floor":6.0,"key":"Fire Potion"},{"floor":12.0,"key":"Fire Potion"},{"floor":16.0,"key":"PowerPotion"},{"floor":18.0,"key":"SkillPotion"},{"floor":31.0,"key":"SpeedPotion"},{"floor":33,"key":"BlessingOfTheForge"},{"floor":35,"key":"Weak Potion"},{"floor":36,"key":"AttackPotion"}],"is_trial":true,"path_per_floor":["M","?","?","?","$","E","E","R","T","E","R","M","R","M","R","B",null,"M","?","?","$","?","E","R","M","MIM","R","M","$","R","M","R","B",null,"M","M","$","?","?","R","E","R","T","?","$","R","R","B",null],"character_chosen":"KOISHI","items_purchased":["PrismaticShard","Potion Belt","Fruit Juice","Blood Vial","Ancient Tea Set","hubris:FruitBowl","hubris:EvacipatedBox","Strawberry","Kunai","Pantograph"],"campfire_rested":5,"item_purchase_floors":[5,21,29,37,45,45,45,45,45,45],"current_hp_per_floor":[60,62,68,68,68,70,72,72,72,74,74,76,76,78,78,78,78,80,80,80,80,80,80,80,84,88,88,31,36,65,36,66,69,103,45,57,57,57,57,90,108,108,108,108,28,64,100,123],"gold":0,"neow_bonus":"","is_daily":false,"chose_seed":false,"campfire_upgraded":6,"win_rate":0.0,"timestamp":1607979698,"path_taken":["M","?","?","?","?","E","E","R","T","E","R","M","R","?","R","BOSS","M","?","?","$","?","E","R","M","MIM","R","M","?","R","M","R","BOSS","M","M","$","?","?","R","E","R","T","?","?","R","R","BOSS"],"items_purchased_type":["Relic","Relic","Potion","Relic","Relic","Relic","Relic","Relic","Relic","Relic"],"build_version":"2020-12-13","purchased_purges":0,"victory":true,"max_hp_per_floor":[60,62,68,68,68,70,72,72,72,74,74,76,76,78,78,78,78,80,80,80,80,80,82,82,86,88,88,92,97,97,101,101,103,103,107,111,111,111,111,111,113,113,113,113,123,123,123,123],"relic_stats":{"Blood Vial":2,"Centennial Puzzle":[8],"Singing Bowl":42,"counters":[19,102],"Pantograph":23,"Prayer Wheel":5,"MealTicket":0,"Black Star":2,"Letter Opener":[105],"Kunai":[5],"obtain_stats":[{"Lantern":10,"Singing Bowl":2,"PrismaticShard":5,"Ancient Tea Set":45,"hubris:EvacipatedBox":45,"Blood Vial":37,"Frozen Eye":23,"Centennial Puzzle":23,"Strawberry":45,"Pantograph":45,"Gensokyo:OccultBall":4,"Prayer Wheel":23,"hubris:DeckOfHolding":26,"Philosopher\u0027s Stone":34,"MealTicket":43,"hubris:FunFungus":41,"Red Mask":44,"Kunai":45,"Potion Belt":21,"hubris:Teleporter":0,"Oddly Smooth Stone":41,"hubris:FruitBowl":45,"Letter Opener":6,"Akabeko":7,"Black Star":17,"Koishi:ImaginaryFriend":0},{"Lantern":5,"Singing Bowl":2,"PrismaticShard":2,"Ancient Tea Set":18,"hubris:EvacipatedBox":18,"Blood Vial":17,"Frozen Eye":9,"Centennial Puzzle":10,"Strawberry":18,"Pantograph":18,"Gensokyo:OccultBall":2,"Prayer Wheel":10,"hubris:DeckOfHolding":12,"Philosopher\u0027s Stone":15,"MealTicket":18,"hubris:FunFungus":18,"Red Mask":18,"Kunai":18,"Potion Belt":9,"hubris:Teleporter":0,"Oddly Smooth Stone":18,"hubris:FruitBowl":18,"Letter Opener":3,"Akabeko":4,"Black Star":8,"Koishi:ImaginaryFriend":0},{"Lantern":20,"Singing Bowl":10,"PrismaticShard":10,"Ancient Tea Set":89,"hubris:EvacipatedBox":89,"Blood Vial":83,"Frozen Eye":34,"Centennial Puzzle":38,"Strawberry":89,"Pantograph":89,"Gensokyo:OccultBall":10,"Prayer Wheel":38,"hubris:DeckOfHolding":45,"Philosopher\u0027s Stone":66,"MealTicket":89,"hubris:FunFungus":89,"Red Mask":89,"Kunai":89,"Potion Belt":34,"hubris:Teleporter":0,"Oddly Smooth Stone":89,"hubris:FruitBowl":89,"Letter Opener":14,"Akabeko":19,"Black Star":32,"Koishi:ImaginaryFriend":0}]},"card_choices":[{"not_picked":["Koishi:Bloodlust","Koishi:Whimsy","Koishi:RorschachInDanmaku"],"picked":"SKIP","floor":1.0},{"not_picked":["Koishi:Prune","Koishi:FadingMemory","Koishi:ReleaseOfTheId"],"picked":"Singing Bowl","floor":2.0},{"not_picked":["DarkMatter","SafetyPray:ReiMu","Chen:Unpredictable"],"picked":"Singing Bowl","floor":6.0},{"not_picked":["mysticmod:Disengage","MokouMod:UncontrollableSolarReaction","Worldmountain_purple"],"picked":"Singing Bowl","floor":7.0},{"not_picked":["Chen:Instinct","AirStrike:ReiMu","mysticmod:AllIn"],"picked":"Singing Bowl","floor":10.0},{"not_picked":["PrismaMod:MiyuCheapStrBuff","StateDuplicate_purple","mysticmod:BulkUp"],"picked":"Singing Bowl","floor":12.0},{"not_picked":["OneTimeOff","Anti_communist_purple","DoubleEdge"],"picked":"Singing Bowl","floor":14.0},{"not_picked":["BarrageBoundary_PipeDream_purple","Chen:DazzleFlash"],"picked":"Violence","floor":16.0},{"not_picked":["BarrageOfMoneybags:ReiMu","Blade Dance","StateDuplicate_purple+1"],"picked":"Singing Bowl","floor":18.0},{"not_picked":["Discovery","Linger over Flower","mysticmod:StyleChange"],"picked":"Singing Bowl","floor":23.0},{"not_picked":["Koishi:IdleWhim","TreasureHunter","Chen:Instinct"],"picked":"Singing Bowl","floor":25.0},{"not_picked":["SubcavityInstant:ReiMu","Song of Papilio","Umbrella_purple"],"picked":"Singing Bowl","floor":25.0},{"not_picked":["FoulBorder2:ReiMu","ThirdEye","Chen:RecklessLeap"],"picked":"Singing Bowl","floor":26.0},{"not_picked":["Whirlwind","PrismaMod:IllyaCheapChannelDefend","construct:Construct_Overclock+1"],"picked":"Singing Bowl","floor":28.0},{"not_picked":["mysticmod:BulkUp","Cleave","StarlightTyphoon"],"picked":"Singing Bowl","floor":28.0},{"not_picked":["MachineGunSpark","AsteroidBelt","Unruled"],"picked":"Singing Bowl","floor":31.0},{"not_picked":["MokouMod:ResoluteFlare","Chen:Flicker+1","ClearTheMind"],"picked":"Singing Bowl","floor":31.0},{"not_picked":["Rainbow","Wish","Float on Moon"],"picked":"Singing Bowl","floor":33},{"not_picked":["MokouMod:FlareStarter","Occultation","MillenniumVampire"],"picked":"Singing Bowl","floor":35},{"not_picked":["Ghostdom Sakura","Replace","Nihility+1"],"picked":"Singing Bowl","floor":35},{"not_picked":["construct:SweepLaser","EmergencyTakeOff:ReiMu","VampireSweep"],"picked":"Singing Bowl","floor":36},{"not_picked":["PrismaMod:ChloeExhaustOne","Koishi:Prune+1","SfantasyHide_purple+1"],"picked":"Singing Bowl","floor":36},{"not_picked":["CharismaGuard+1","Evaluate+1","Dropkick+1"],"picked":"Singing Bowl","floor":41}],"player_experience":169151,"relics_obtained":[{"floor":2.0,"key":"Singing Bowl"},{"floor":6.0,"key":"Letter Opener"},{"floor":7.0,"key":"Akabeko"},{"floor":10.0,"key":"Gensokyo:OccultBall"},{"floor":10.0,"key":"Lantern"},{"floor":16.0,"key":"Gensokyo:OccultBall"},{"floor":23.0,"key":"Centennial Puzzle"},{"floor":23.0,"key":"Prayer Wheel"},{"floor":26.0,"key":"hubris:DeckOfHolding"},{"floor":33,"key":"Gensokyo:OccultBall"},{"floor":41,"key":"hubris:FunFungus"},{"floor":41,"key":"Oddly Smooth Stone"},{"floor":43,"key":"MealTicket"}],"event_choices":[{"damage_healed":0,"gold_gain":0,"player_choice":"Ignored","damage_taken":0,"max_hp_gain":0,"max_hp_loss":0,"event_name":"Mysterious Sphere","floor":38,"gold_loss":0},{"cards_removed":["Koishi:Catatonia"],"damage_healed":0,"gold_gain":0,"player_choice":"Removed Attack","damage_taken":0,"max_hp_gain":0,"max_hp_loss":0,"event_name":"Falling","floor":39,"gold_loss":0},{"damage_healed":0,"gold_gain":0,"player_choice":"Paid","damage_taken":0,"relics_obtained":["Red Mask"],"max_hp_gain":0,"max_hp_loss":0,"event_name":"Tomb of Lord Red Mask","floor":44,"gold_loss":127}],"is_beta":false,"boss_relics":[{"not_picked":["Cursed Key","Calling Bell"],"picked":"Black Star"},{"not_picked":["hubris:TerracottaHorce","Empty Cage"],"picked":"Philosopher\u0027s Stone"}],"items_purged_floors":[],"is_endless":false,"potions_floor_spawned":[6,12,16,18,31,33,35,36],"ascension_level":0}}