{"host":"ndqkyrxelzss439h","time":1607914015,"event":{"mods":["2.2 Compatiblity","Act Like it!","BaseMod","Better Third Choice","Colored Map","Colored Powertips","Downfall","Highlight Path","Infinite Spire","Mimic Mod","Minty Spire (QoL Compilation)","Permanent Neow","Quick Restart","Replay The Spire","StSLib","Steal the Spire"],"gold_per_floor":[99,99,129,54,54,54,93,27,27,55,74,94,94,43,62,159,159,184,203,203,203,221,235,274,2,2,36,55,155,90,109,125,220,220,220,251,261,273,273,273,273,273,300,225,243,243,243,243,261,261],"floor_reached":51,"playtime":2889,"items_purged":[],"score":781,"play_id":"383e76d7-551b-4fcc-8852-4f81dce1e67a","local_time":"20201213214655","is_ascension_mode":false,"campfire_choices":[{"floor":1,"key":"RECALL"},{"data":"champ:FocusedGladiator","floor":4,"key":"SMITH"},{"floor":9,"key":"REST"},{"data":"champ:PerfectForm","floor":20,"key":"SMITH"},{"data":"champ:Encircle","floor":26,"key":"SMITH"},{"data":"champ:SkillfulDodge","floor":35,"key":"SMITH"},{"floor":40,"key":"REST"},{"data":"champ:HoldFirm","floor":42,"key":"SMITH"},{"data":"champ:ShieldWall","floor":44,"key":"SMITH"}],"circlet_count":0,"master_deck":["champ:Strike","champ:Strike","champ:Strike","champ:Defend","champ:Defend","champ:Defend","champ:Defend","champ:Execute","champ:Taunt","champ:FocusedGladiator+1","champ:SkillfulDodge+1","champ:Backstep","champ:Riposte","champ:BringItOn","champ:EndlessRage","champ:Haymaker","champ:Circumvent","champ:HoldFirm","champ:HeartStrike","champ:FanOfKnives+1","champ:GutPunch","champ:PerfectForm+1","champ:Encircle+1","champ:Encircle+1","champ:RisingSlash+1","champ:Backstep","champ:BringItOn+1","champ:TornadoPunch","champ:HoldFirm+1","champ:AdrenalArmor","champ:Encircle+1","champ:Duel","expansioncontent:GoopSpray","champ:ShieldWall+1","champ:Circumvent+1","infinitespire:Gouge","champ:AdrenalArmor+1"],"relics":["champ:ChampionCrown","downfall:HeartsMalice","Bird Faced Urn","downfall:HeartBlessingRed","Gremlin Food","ReplayFunnel","Busted Crown","downfall:HeartBlessingBlue","Divine Protection","Shuriken","Replay:Towering Pillar of Hats","champ:ChampionCrownUpgraded","Mango","Pen Nib","Simple Rune","downfall:HeartBlessingGreen","Mirror"],"acts_visited":["Exordium","TheCity","TheBeyond"],"potions_floor_usage":[16,16,16,19,25,32,32,33,50],"damage_taken":[{"damage":0,"enemies":"Gremlin Nob","floor":3,"turns":1},{"damage":0,"enemies":"Jaw Worm","floor":5,"turns":1},{"damage":0,"enemies":"2 Louse","floor":7,"turns":1},{"damage":0,"enemies":"downfall:FleeingMerchant","floor":8,"turns":4},{"damage":45,"enemies":"3 Sentries","floor":10,"turns":14},{"damage":0,"enemies":"2 Louse","floor":11,"turns":2},{"damage":8,"enemies":"Cultist","floor":12,"turns":3},{"damage":10,"enemies":"downfall:FleeingMerchant","floor":14,"turns":4},{"damage":9,"enemies":"3 Louse","floor":15,"turns":5},{"damage":58,"enemies":"downfall:Watcher","floor":16,"turns":18},{"damage":7,"enemies":"3 Byrds","floor":19,"turns":6},{"damage":21,"enemies":"Shell Parasite","floor":22,"turns":5},{"damage":51,"enemies":"Sentry and Sphere","floor":23,"turns":8},{"damage":22,"enemies":"Centurion and Healer","floor":24,"turns":8},{"damage":19,"enemies":"downfall:FleeingMerchant","floor":25,"turns":4},{"damage":36,"enemies":"Slavers","floor":27,"turns":6},{"damage":23,"enemies":"Centurion and Healer","floor":28,"turns":5},{"damage":28,"enemies":"downfall:FleeingMerchant","floor":30,"turns":4},{"damage":12,"enemies":"Snecko","floor":31,"turns":5},{"damage":8,"enemies":"Snake Plant","floor":32,"turns":4},{"damage":70,"enemies":"downfall:Ironclad","floor":33,"turns":9},{"damage":97,"enemies":"Giant Head","floor":36,"turns":9},{"damage":28,"enemies":"3 Darklings","floor":37,"turns":5},{"damage":8,"enemies":"Orb Walker","floor":38,"turns":2},{"damage":58,"enemies":"Nemesis","floor":43,"turns":9},{"damage":22,"enemies":"3 Darklings","floor":45,"turns":7},{"damage":4,"enemies":"Spire Growth","floor":49,"turns":3},{"damage":94,"enemies":"downfall:Silent","floor":50,"turns":8}],"seed_played":"2401791171447397271","potions_obtained":[{"floor":11,"key":"Dexterity Potion"},{"floor":12,"key":"Cursed Concoction"},{"floor":15,"key":"champ:OpenerPotion"},{"floor":16,"key":"Fire Potion"},{"floor":19,"key":"Adrenaline Potion"},{"floor":22,"key":"AttackPotion"},{"floor":23,"key":"SpeedPotion"},{"floor":32,"key":"champ:CounterPotion"},{"floor":37,"key":"GamblersBrew"},{"floor":38,"key":"Block Potion"},{"floor":43,"key":"Milkshake"}],"is_trial":false,"path_per_floor":["R","?","E","R","M","?","MIM","$","R","E","M","M","?","$","M","B",null,"R_BF","M","R","?","M","M","MIM","$","R","E","M","?","$","M","M","B",null,"R","E","M","M","?","R","T","R","E","R","M","?","?","?","M","B",null],"character_chosen":"THE_CHAMP","items_purchased":["champ:BringItOn","champ:FanOfKnives+1","Shuriken","champ:TornadoPunch"],"campfire_rested":2,"item_purchase_floors":[8,14,25,30],"current_hp_per_floor":[90,90,90,90,90,83,83,83,90,55,55,55,55,58,59,22,90,100,100,100,100,100,73,85,100,100,87,87,87,92,100,100,87,100,100,58,91,99,99,114,114,114,105,105,114,114,87,87,95,68],"gold":261,"neow_bonus":"THREE_ENEMY_KILL","is_daily":false,"chose_seed":false,"campfire_upgraded":6,"win_rate":0.0,"timestamp":1607914015,"path_taken":["R","?","E","R","M","?","MIM","$","R","E","?","M","?","$","M","BOSS","R_BF","M","R","?","M","M","MIM","$","R","E","M","?","$","M","M","BOSS","R","E","M","M","?","R","T","R","E","R","M","?","?","?","M","BOSS"],"items_purchased_type":["Card","Card","Relic","Card"],"build_version":"2020-12-13","purchased_purges":0,"victory":true,"max_hp_per_floor":[90,90,90,90,90,90,90,90,90,90,90,90,90,90,90,90,90,100,100,100,100,100,100,100,100,100,100,100,100,100,100,100,100,100,100,114,114,114,114,114,114,114,114,114,114,114,114,114,114,114],"card_choices":[{"not_picked":["champ:PerfectedStrike","champ:HeartStrike"],"picked":"champ:FocusedGladiator","floor":3},{"not_picked":["champ:Duel","champ:Encircle"],"picked":"champ:SkillfulDodge","floor":5},{"not_picked":["champ:FocusedGladiator","champ:SkillfulDodge"],"picked":"champ:Backstep","floor":7},{"not_picked":["champ:FlashCut","champ:TornadoPunch"],"picked":"champ:Riposte","floor":8},{"not_picked":["champ:Riposte","champ:GladiatorsShout"],"picked":"champ:EndlessRage","floor":10},{"not_picked":["champ:AdrenalArmor","champ:DefensiveShout"],"picked":"champ:Haymaker","floor":11},{"not_picked":["champ:ArenaPreparation","champ:Encircle"],"picked":"champ:Circumvent","floor":12},{"not_picked":["champ:LastStand","champ:SkillfulDodge"],"picked":"champ:HeartStrike","floor":14},{"not_picked":["champ:Shatter","champ:Lariat"],"picked":"champ:GutPunch","floor":15},{"not_picked":["champ:CrownThrow","champ:ShieldThrow"],"picked":"champ:PerfectForm","floor":16},{"not_picked":[],"picked":"champ:Encircle+1","floor":19},{"not_picked":[],"picked":"champ:Encircle","floor":22},{"not_picked":["champ:Encircle"],"picked":"SKIP","floor":23},{"not_picked":[],"picked":"champ:RisingSlash+1","floor":24},{"not_picked":[],"picked":"champ:AdrenalArmor","floor":25},{"not_picked":[],"picked":"champ:Backstep","floor":27},{"not_picked":["champ:Haymaker+1"],"picked":"SKIP","floor":28},{"not_picked":[],"picked":"champ:BringItOn+1","floor":30},{"not_picked":["champ:Haymaker"],"picked":"SKIP","floor":31},{"not_picked":["champ:PerfectedStrike"],"picked":"SKIP","floor":32},{"not_picked":[],"picked":"champ:HoldFirm","floor":33},{"not_picked":[],"picked":"champ:AdrenalArmor","floor":36},{"not_picked":[],"picked":"champ:Encircle+1","floor":37},{"not_picked":[],"picked":"champ:Duel","floor":38},{"not_picked":[],"picked":"expansioncontent:GoopSpray","floor":39},{"not_picked":[],"picked":"champ:ShieldWall","floor":43},{"not_picked":[],"picked":"champ:Circumvent+1","floor":45},{"not_picked":["ReplayTheSpireMod:Haul","infinitespire:Oblivion"],"picked":"infinitespire:Gouge","floor":47},{"not_picked":[],"picked":"champ:AdrenalArmor+1","floor":49}],"player_experience":161646,"relics_obtained":[{"floor":3,"key":"Bird Faced Urn"},{"floor":10,"key":"ReplayFunnel"},{"floor":24,"key":"Divine Protection"},{"floor":27,"key":"Replay:Towering Pillar of Hats"},{"floor":36,"key":"Mango"},{"floor":41,"key":"Pen Nib"},{"floor":43,"key":"Simple Rune"},{"floor":46,"key":"Mirror"}],"event_choices":[{"damage_healed":0,"gold_gain":0,"player_choice":"Relic ","damage_taken":7,"max_hp_gain":0,"max_hp_loss":0,"event_name":"betterThird:BetterScrap","floor":6,"gold_loss":0,"cards_obtained":["ReplayTheSpireMod:Limb From Limb"]},{"damage_healed":0,"gold_gain":0,"cards_transformed":["champ:Strike"],"player_choice":"Transformed","damage_taken":0,"max_hp_gain":0,"max_hp_loss":0,"event_name":"Transmorgrifier","floor":13,"gold_loss":0,"cards_obtained":["champ:HoldFirm"]},{"damage_healed":0,"gold_gain":0,"player_choice":"Ignored","damage_taken":0,"max_hp_gain":0,"max_hp_loss":0,"event_name":"Vampires","floor":21,"gold_loss":0},{"cards_removed":["champ:AdrenalArmor"],"damage_healed":0,"gold_gain":0,"player_choice":"Removed Skill","damage_taken":0,"max_hp_gain":0,"max_hp_loss":0,"event_name":"Falling","floor":48,"gold_loss":0}],"is_beta":false,"boss_relics":[{"not_picked":["Replay:Wanted Poster","Replay:Drink Me"],"picked":"Busted Crown"},{"not_picked":["Cursed Key","infinitespire:Cupcake"],"picked":"champ:ChampionCrownUpgraded"}],"items_purged_floors":[],"is_endless":false,"potions_floor_spawned":[11,12,15,16,19,22,23,32,37,38,43,45,49],"ascension_level":0}}