{"host":"4jkxfxw6g7t9vgog","time":1607978909,"event":{"mods":["BaseMod","Colored Map","Minty Spire (QoL Compilation)"],"gold_per_floor":[118,118,136,154,169,169,189,219,219,275,275,290,72,91,91,193,193,208,218,66,84,98,123,123,149,149,149,160,187,212,246,246,351,351,370,370,140,154,168,200,212,212,212,245,295,329,329,329,329,329],"floor_reached":51,"playtime":3784,"items_purged":["Strike_R"],"score":966,"play_id":"a4e8fc5f-8fef-49fa-8211-671819dbb856","local_time":"20201214234829","is_ascension_mode":true,"campfire_choices":[{"data":"Seeing Red","floor":6,"key":"SMITH"},{"data":"Thunderclap","floor":11,"key":"SMITH"},{"floor":15,"key":"REST"},{"data":"Fiend Fire","floor":24,"key":"SMITH"},{"data":"Shockwave","floor":27,"key":"SMITH"},{"data":"Heavy Blade","floor":32,"key":"SMITH"},{"data":"Feed","floor":42,"key":"SMITH"},{"data":"Immolate","floor":47,"key":"SMITH"},{"floor":49,"key":"RECALL"}],"circlet_count":0,"master_deck":["Strike_R","Strike_R","Strike_R+1","Strike_R+1","Defend_R+1","Defend_R","Defend_R+1","Defend_R","Bash","Transmutation+1","Headbutt","Twin Strike","Heavy Blade","Seeing Red+1","Thunderclap+1","Fiend Fire+1","Sword Boomerang","Sentinel","Spot Weakness","Battle Trance","Impervious","Heavy Blade+1","Shockwave+1","Immolate+1","Cleave+1","Heavy Blade+1","Cleave+1","Sword Boomerang+1","Feed+1","Warcry","Shockwave+1","Combust+1","Bloodletting+1","Twin Strike+1","Demon Form","Chrysalis"],"relics":["Black Blood","War Paint","Question Card","HornCleat","Brimstone","Bag of Preparation","Meat on the Bone","Singing Bowl","WingedGreaves","Bag of Marbles","Champion Belt","Whetstone","Mark of Pain","Sling","Paper Frog","Shuriken","Ginger","FossilizedHelix","Strawberry"],"acts_visited":["Exordium","TheCity","TheBeyond"],"potions_floor_usage":[8,10,10,16,22,23,29,29,35,40,45,46,50],"damage_taken":[{"damage":0,"enemies":"2 Louse","floor":1,"turns":4},{"damage":5,"enemies":"Cultist","floor":3,"turns":4},{"damage":7,"enemies":"Jaw Worm","floor":4,"turns":3},{"damage":20,"enemies":"Looter","floor":5,"turns":3},{"damage":0,"enemies":"Large Slime","floor":7,"turns":5},{"damage":25,"enemies":"Gremlin Nob","floor":8,"turns":4},{"damage":19,"enemies":"3 Sentries","floor":10,"turns":5},{"damage":0,"enemies":"Exordium Wildlife","floor":12,"turns":2},{"damage":3,"enemies":"Blue Slaver","floor":14,"turns":2},{"damage":32,"enemies":"Hexaghost","floor":16,"turns":6},{"damage":7,"enemies":"Chosen","floor":18,"turns":3},{"damage":0,"enemies":"Spheric Guardian","floor":19,"turns":3},{"damage":20,"enemies":"Shelled Parasite and Fungi","floor":21,"turns":4},{"damage":3,"enemies":"Snake Plant","floor":22,"turns":4},{"damage":29,"enemies":"Slavers","floor":23,"turns":3},{"damage":0,"enemies":"Gremlin Leader","floor":25,"turns":2},{"damage":11,"enemies":"Centurion and Healer","floor":28,"turns":4},{"damage":0,"enemies":"Book of Stabbing","floor":29,"turns":2},{"damage":12,"enemies":"Gremlin Leader","floor":30,"turns":4},{"damage":14,"enemies":"Book of Stabbing","floor":31,"turns":3},{"damage":53,"enemies":"Champ","floor":33,"turns":6},{"damage":24,"enemies":"3 Shapes","floor":35,"turns":4},{"damage":8,"enemies":"Orb Walker","floor":38,"turns":3},{"damage":15,"enemies":"Maw","floor":39,"turns":5},{"damage":23,"enemies":"Nemesis","floor":40,"turns":3},{"damage":0,"enemies":"Sphere and 2 Shapes","floor":41,"turns":3},{"damage":14,"enemies":"Giant Head","floor":44,"turns":5},{"damage":8,"enemies":"Mind Bloom Boss Battle","floor":45,"turns":3},{"damage":32,"enemies":"Reptomancer","floor":46,"turns":4},{"damage":88,"enemies":"Awakened One","floor":50,"turns":8}],"seed_played":"5076571543741906213","potions_obtained":[{"floor":3,"key":"SteroidPotion"},{"floor":5,"key":"Explosive Potion"},{"floor":7,"key":"GamblersBrew"},{"floor":8,"key":"SmokeBomb"},{"floor":12,"key":"Weak Potion"},{"floor":18,"key":"SpeedPotion"},{"floor":19,"key":"Swift Potion"},{"floor":25,"key":"SkillPotion"},{"floor":28,"key":"DistilledChaos"},{"floor":30,"key":"GamblersBrew"},{"floor":31,"key":"Regen Potion"},{"floor":33,"key":"ElixirPotion"},{"floor":35,"key":"Energy Potion"},{"floor":41,"key":"FearPotion"},{"floor":44,"key":"Fire Potion"},{"floor":45,"key":"FairyPotion"}],"is_trial":false,"path_per_floor":["M","?","M","M","M","R","M","E","T","E","R","M","$","M","R","B",null,"M","M","$","M","M","E","R","E","T","R","M","E","E","E","R","B",null,"M","?","$","M","M","E","M","R","T","E","?","E","R","?","R","B",null],"character_chosen":"IRONCLAD","items_purchased":["Brimstone","Spot Weakness","Bag of Preparation","Sling"],"campfire_rested":1,"item_purchase_floors":[13,13,20,37],"current_hp_per_floor":[62,62,63,62,48,48,54,35,35,22,22,28,28,31,55,29,80,80,80,80,72,80,63,63,75,75,75,76,82,82,82,82,53,84,72,72,72,76,73,67,82,82,82,80,86,75,75,75,75,53],"gold":329,"neow_bonus":"RANDOM_COLORLESS_2","is_daily":false,"chose_seed":false,"campfire_upgraded":7,"win_rate":0.0,"timestamp":1607978909,"path_taken":["M","?","?","M","M","R","M","E","T","E","R","M","$","M","R","BOSS","M","M","$","M","M","E","R","E","T","R","M","E","E","E","R","BOSS","M","?","$","M","M","E","M","R","T","E","?","E","R","?","R","BOSS"],"items_purchased_type":["Relic","Card","Relic","Relic"],"build_version":"2020-12-13","purchased_purges":1,"victory":true,"max_hp_per_floor":[80,80,80,80,80,80,80,80,80,80,80,80,80,80,80,80,80,80,80,80,80,80,80,80,80,80,80,80,82,82,84,84,84,84,84,84,84,84,84,84,87,87,87,87,89,98,98,98,98,98],"card_choices":[{"not_picked":["Panache","The Bomb"],"picked":"Transmutation","floor":0},{"not_picked":["Wild Strike","Perfected Strike"],"picked":"Headbutt","floor":1},{"not_picked":["True Grit","Havoc"],"picked":"Twin Strike","floor":3},{"not_picked":["Feel No Pain","Rupture"],"picked":"Heavy Blade","floor":4},{"not_picked":["Twin Strike","Headbutt"],"picked":"Seeing Red","floor":5},{"not_picked":["Flex","Ghostly Armor"],"picked":"Thunderclap","floor":7},{"not_picked":["Reckless Charge","Havoc"],"picked":"Fiend Fire","floor":8},{"not_picked":["Reckless Charge","Iron Wave","Wild Strike"],"picked":"Sword Boomerang","floor":10},{"not_picked":["Rage","Reckless Charge","Brutality"],"picked":"Sentinel","floor":12},{"not_picked":["Wild Strike","Clash","Flame Barrier"],"picked":"Battle Trance","floor":14},{"not_picked":["Fiend Fire","Juggernaut","Barricade"],"picked":"Impervious","floor":16},{"not_picked":["Wild Strike","Armaments","Havoc"],"picked":"Heavy Blade","floor":18},{"not_picked":["Spot Weakness+1","Twin Strike+1","Clothesline"],"picked":"Shockwave","floor":19},{"not_picked":["Disarm","Anger","Heavy Blade"],"picked":"Immolate","floor":21},{"not_picked":["Iron Wave","Ghostly Armor","Spot Weakness"],"picked":"Cleave+1","floor":22},{"not_picked":["Armaments","Iron Wave","Fiend Fire"],"picked":"Heavy Blade+1","floor":23},{"not_picked":["Uppercut+1","Iron Wave","Burning Pact"],"picked":"Cleave+1","floor":25},{"not_picked":["Wild Strike","Heavy Blade","Havoc"],"picked":"Sword Boomerang+1","floor":28},{"not_picked":["Juggernaut","Pummel","True Grit","Armaments"],"picked":"Singing Bowl","floor":29},{"not_picked":["Pommel Strike","Uppercut","Berserk"],"picked":"Inflame","floor":30},{"not_picked":["Evolve","Sword Boomerang","Disarm+1","Dual Wield+1"],"picked":"Singing Bowl","floor":31},{"not_picked":["Corruption","Berserk","Offering"],"picked":"Feed","floor":33},{"not_picked":["Battle Trance","Havoc","Clothesline"],"picked":"Warcry","floor":35},{"not_picked":["Seeing Red","Sever Soul+1","Intimidate"],"picked":"Shockwave+1","floor":38},{"not_picked":["Heavy Blade+1","Evolve","True Grit+1"],"picked":"Combust+1","floor":39},{"not_picked":["Shrug It Off+1","Heavy Blade","Rage+1"],"picked":"Bloodletting+1","floor":40},{"not_picked":["Impervious","Shrug It Off","Power Through+1"],"picked":"Twin Strike+1","floor":41},{"not_picked":["Armaments","Shrug It Off+1","Flex"],"picked":"Demon Form","floor":44},{"not_picked":["Headbutt+1","Havoc","Uppercut","Wild Strike+1"],"picked":"Singing Bowl","floor":45},{"not_picked":["Rage","Sword Boomerang+1","True Grit","Twin Strike+1"],"picked":"Singing Bowl","floor":46},{"not_picked":["Secret Weapon","Panacea","Swift Strike"],"picked":"Chrysalis","floor":48}],"player_experience":287984,"relics_obtained":[{"floor":8,"key":"War Paint"},{"floor":9,"key":"Question Card"},{"floor":10,"key":"HornCleat"},{"floor":23,"key":"Meat on the Bone"},{"floor":25,"key":"Singing Bowl"},{"floor":26,"key":"WingedGreaves"},{"floor":29,"key":"Bag of Marbles"},{"floor":30,"key":"Champion Belt"},{"floor":31,"key":"Whetstone"},{"floor":40,"key":"Paper Frog"},{"floor":43,"key":"Shuriken"},{"floor":44,"key":"Ginger"},{"floor":45,"key":"FossilizedHelix"},{"floor":46,"key":"Strawberry"}],"event_choices":[{"damage_healed":0,"gold_gain":0,"player_choice":"Upgraded","damage_taken":0,"max_hp_gain":0,"max_hp_loss":0,"event_name":"Upgrade Shrine","floor":2,"gold_loss":0,"cards_upgraded":["Transmutation"]},{"cards_removed":["Inflame"],"damage_healed":0,"gold_gain":0,"player_choice":"Removed Power","damage_taken":0,"max_hp_gain":0,"max_hp_loss":0,"event_name":"Falling","floor":36,"gold_loss":0},{"damage_healed":0,"gold_gain":0,"player_choice":"Fight","damage_taken":0,"max_hp_gain":0,"max_hp_loss":0,"event_name":"MindBloom","floor":45,"gold_loss":0},{"damage_healed":0,"gold_gain":0,"player_choice":"Memory 1","damage_taken":0,"max_hp_gain":0,"max_hp_loss":0,"event_name":"SensoryStone","floor":48,"gold_loss":0}],"is_beta":false,"boss_relics":[{"not_picked":["Astrolabe","SacredBark"],"picked":"Black Blood"},{"not_picked":["Sozu","Busted Crown"],"picked":"Mark of Pain"}],"items_purged_floors":[37],"is_endless":false,"potions_floor_spawned":[3,5,7,8,12,18,19,25,28,30,31,33,35,41,44,45],"ascension_level":1}}