{"host":"diimjn7l8zzl9nqr","time":1607951366,"event":{"mods":["BaseMod","DeckTracker","Keyboard Shortcuts","Minty Spire (QoL Compilation)","Permanent Neow","Quick Restart","StSLib"],"gold_per_floor":[117,127,143,143,160,160,177,192,192,192,192,217,217,234,234,330,330,342,358,52,66,66,66,97,97,179,195,195,215,232,245,245,345,345,365,187,187,28,44,72,86,120,143,154,154,154,154],"floor_reached":46,"playtime":1689,"items_purged":["Defend_R","Strike_R"],"score":562,"play_id":"2f4fb264-c9bb-4f2a-9418-43cb3099653a","local_time":"20201214220926","is_ascension_mode":true,"campfire_choices":[{"data":"Bash","floor":6.0,"key":"SMITH"},{"floor":10.0,"key":"REST"},{"floor":15.0,"key":"REST"},{"floor":23.0,"key":"REST"},{"data":"Limit Break","floor":25.0,"key":"SMITH"},{"floor":32.0,"key":"REST"},{"floor":45,"key":"REST"}],"circlet_count":0,"master_deck":["Defend_R","Defend_R","Bash+1","Twin Strike","Inflame","Flex","Double Tap","Shrug It Off","Heavy Blade","Warcry","Intimidate","Sword Boomerang","Limit Break+1","Heavy Blade","Shrug It Off","Battle Trance","Spot Weakness","Rage","Reaper","Pummel","Evolve","Flame Barrier","Flex","Parasite","Writhe","Body Slam+1"],"relics":["Burning Blood","Peace Pipe","Nunchaku","Mercury Hourglass","Cursed Key","Omamori","Thread and Needle","Red Mask","White Beast Statue","Busted Crown","Blood Vial","Bronze Scales","Art of War"],"acts_visited":["Exordium","TheCity","TheBeyond"],"potions_floor_usage":[42],"damage_taken":[{"damage":4.0,"enemies":"Jaw Worm","floor":1.0,"turns":4.0},{"damage":6.0,"enemies":"Cultist","floor":2.0,"turns":3.0},{"damage":15.0,"enemies":"Small Slimes","floor":3.0,"turns":3.0},{"damage":5.0,"enemies":"2 Fungi Beasts","floor":5.0,"turns":4.0},{"damage":18.0,"enemies":"Exordium Wildlife","floor":7.0,"turns":4.0},{"damage":13.0,"enemies":"Blue Slaver","floor":8.0,"turns":3.0},{"damage":26.0,"enemies":"3 Sentries","floor":12.0,"turns":8.0},{"damage":0.0,"enemies":"2 Fungi Beasts","floor":14.0,"turns":3.0},{"damage":43.0,"enemies":"Hexaghost","floor":16.0,"turns":8.0},{"damage":11.0,"enemies":"Shell Parasite","floor":18.0,"turns":3.0},{"damage":22.0,"enemies":"2 Thieves","floor":19.0,"turns":3.0},{"damage":27.0,"enemies":"Snake Plant","floor":21.0,"turns":4.0},{"damage":33.0,"enemies":"Masked Bandits","floor":24.0,"turns":4.0},{"damage":11.0,"enemies":"Centurion and Healer","floor":27.0,"turns":6.0},{"damage":11.0,"enemies":"Snecko","floor":29.0,"turns":4.0},{"damage":9.0,"enemies":"Snake Plant","floor":30.0,"turns":3.0},{"damage":12.0,"enemies":"Sentry and Sphere","floor":31.0,"turns":5.0},{"damage":20.0,"enemies":"Champ","floor":33.0,"turns":6.0},{"damage":7.0,"enemies":"3 Darklings","floor":35.0,"turns":4.0},{"damage":27.0,"enemies":"3 Shapes","floor":39.0,"turns":3.0},{"damage":28.0,"enemies":"Giant Head","floor":40.0,"turns":7.0},{"damage":0.0,"enemies":"Writhing Mass","floor":41.0,"turns":4.0},{"damage":40,"enemies":"Nemesis","floor":42,"turns":5},{"damage":36,"enemies":"Sphere and 2 Shapes","floor":44,"turns":4},{"damage":5,"enemies":"3 Darklings","floor":46,"turns":2}],"seed_played":"5859889163604379012","potions_obtained":[{"floor":5.0,"key":"Energy Potion"},{"floor":12.0,"key":"SkillPotion"},{"floor":16.0,"key":"EntropicBrew"},{"floor":18.0,"key":"Weak Potion"},{"floor":27.0,"key":"Explosive Potion"},{"floor":30.0,"key":"BlessingOfTheForge"},{"floor":31.0,"key":"Strength Potion"},{"floor":42,"key":"Swift Potion"}],"is_trial":false,"path_per_floor":["M","M","M","?","M","R","M","M","T","R","?","E","?","M","R","B",null,"M","M","$","M","?","R","?","R","T","M","?","M","M","M","R","B",null,"M","$","?","$","M","E","M","E","T","M","R","M"],"character_chosen":"IRONCLAD","items_purchased":["Battle Trance","Omamori","Pummel","Evolve","Flame Barrier","Flex"],"campfire_rested":5,"item_purchase_floors":[20,20,36,38,38,38],"current_hp_per_floor":[58,58,49,49,50,50,38,31,31,55,55,35,17,23,47,10,80,75,59,59,38,38,62,35,35,35,30,30,25,22,16,40,26,80,80,80,77,77,66,70,80,46,46,18,42,39,39],"gold":154,"neow_bonus":"REMOVE_TWO","is_daily":false,"chose_seed":false,"campfire_upgraded":2,"win_rate":0.0,"timestamp":1607951366,"path_taken":["M","M","M","?","?","R","M","M","T","R","?","E","?","M","R","BOSS","M","M","$","M","?","R","?","R","T","M","?","M","M","?","R","BOSS","M","$","?","$","M","E","M","E","T","?","R","M"],"items_purchased_type":["Card","Relic","Card","Card","Card","Card"],"build_version":"2020-12-13","purchased_purges":2,"victory":false,"max_hp_per_floor":[80,80,80,80,80,80,80,80,80,80,80,80,80,80,80,80,80,80,80,80,80,80,80,80,80,80,80,80,80,80,80,80,80,80,80,80,80,80,80,80,80,80,80,80,80,80,80],"card_choices":[{"not_picked":["Pommel Strike","Searing Blow"],"picked":"Twin Strike","floor":1.0},{"not_picked":["Armaments","Thunderclap"],"picked":"Inflame","floor":2.0},{"not_picked":["True Grit","Thunderclap"],"picked":"Flex","floor":3.0},{"not_picked":["Iron Wave","Clash"],"picked":"Double Tap","floor":5.0},{"not_picked":["Body Slam","Clash"],"picked":"Shrug It Off","floor":7.0},{"not_picked":["Wild Strike","Rage"],"picked":"Heavy Blade","floor":8.0},{"not_picked":["Double Tap","Pommel Strike"],"picked":"Intimidate","floor":12.0},{"not_picked":["Anger","Dark Embrace"],"picked":"Sword Boomerang","floor":14.0},{"not_picked":["Barricade","Bludgeon"],"picked":"Limit Break","floor":16.0},{"not_picked":["Sword Boomerang","Cleave"],"picked":"Heavy Blade","floor":18.0},{"not_picked":["True Grit","Bloodletting"],"picked":"Shrug It Off","floor":19.0},{"not_picked":["Rupture","Infernal Blade+1","Searing Blow"],"picked":"SKIP","floor":21.0},{"not_picked":["Cleave+1","Reckless Charge"],"picked":"Spot Weakness","floor":27.0},{"not_picked":["Shrug It Off","Armaments","Perfected Strike+1"],"picked":"SKIP","floor":29.0},{"not_picked":["Entrench","Dark Embrace"],"picked":"Rage","floor":30.0},{"not_picked":["Wild Strike","Body Slam+1","Fire Breathing"],"picked":"SKIP","floor":31.0},{"not_picked":["Corruption","Offering"],"picked":"Reaper","floor":33.0},{"not_picked":["Perfected Strike"],"picked":"SKIP","floor":35.0},{"not_picked":["Twin Strike"],"picked":"SKIP","floor":39.0},{"not_picked":["Headbutt+1"],"picked":"SKIP","floor":40.0},{"not_picked":["Headbutt"],"picked":"SKIP","floor":41.0},{"not_picked":["Berserk"],"picked":"SKIP","floor":42},{"not_picked":[],"picked":"Body Slam+1","floor":44}],"player_experience":84492,"relics_obtained":[{"floor":9.0,"key":"Peace Pipe"},{"floor":12.0,"key":"Nunchaku"},{"floor":24.0,"key":"Red Mask"},{"floor":26.0,"key":"White Beast Statue"},{"floor":40.0,"key":"Blood Vial"},{"floor":42,"key":"Bronze Scales"},{"floor":43,"key":"Art of War"}],"event_choices":[{"cards_removed":["Strike_R"],"damage_healed":0.0,"max_hp_gain":0.0,"max_hp_loss":0.0,"gold_gain":0.0,"event_name":"Bonfire Elementals","player_choice":"Offered Basic","floor":4.0,"gold_loss":0.0,"damage_taken":0.0},{"damage_healed":0.0,"max_hp_gain":0.0,"max_hp_loss":0.0,"gold_gain":0.0,"cards_transformed":["Strike_R"],"event_name":"Living Wall","player_choice":"Change","floor":11.0,"gold_loss":0.0,"damage_taken":0.0,"cards_obtained":["Warcry"]},{"damage_healed":0.0,"max_hp_gain":0.0,"max_hp_loss":0.0,"gold_gain":0.0,"event_name":"Scrap Ooze","player_choice":"Success","floor":13.0,"gold_loss":0.0,"damage_taken":18.0,"relics_obtained":["Mercury Hourglass"]},{"damage_healed":0.0,"max_hp_gain":0.0,"max_hp_loss":0.0,"gold_gain":0.0,"event_name":"Addict","player_choice":"Stole Relic","floor":22.0,"gold_loss":0.0,"damage_taken":0.0,"relics_obtained":["Thread and Needle"],"cards_obtained":["Shame"]},{"damage_healed":0.0,"max_hp_gain":0.0,"max_hp_loss":0.0,"gold_gain":0.0,"event_name":"Masked Bandits","player_choice":"Fought Bandits","floor":24.0,"gold_loss":0.0,"damage_taken":0.0},{"cards_removed":["Defend_R"],"damage_healed":0.0,"max_hp_gain":0.0,"max_hp_loss":0.0,"gold_gain":0.0,"event_name":"Back to Basics","player_choice":"Elegance","floor":28.0,"gold_loss":0.0,"damage_taken":0.0},{"damage_healed":0.0,"max_hp_gain":0.0,"max_hp_loss":0.0,"gold_gain":0.0,"event_name":"Designer","player_choice":"Punched","floor":37.0,"gold_loss":0.0,"damage_taken":3.0}],"is_beta":false,"boss_relics":[{"not_picked":["SlaversCollar","Ectoplasm"],"picked":"Cursed Key"},{"not_picked":["Mark of Pain","Black Star"],"picked":"Busted Crown"}],"items_purged_floors":[20,36],"is_endless":false,"potions_floor_spawned":[5,12,16,18,27,29,30,31,33,35,39,40,41,42,44],"killed_by":"3 Darklings","ascension_level":2}}