{"host":"cvdbfwtypahr1w62","time":1607948960,"event":{"mods":["AchievementEnabler","Act Like it!","BaseMod","BetterRewards","Colored Map","Filter the Spire","Hallownest","Highlight Path","Jorbs\u0027s Wanderer Trilogy","Marisa????????","Minty Spire (QoL Compilation)","Rare Cards Sparkle","Relic Stats","Shop Mod","StSLib","The Bug Knight","The Cursed"],"gold_per_floor":[111,130,130,130,130,130,145,159,159,159,176,134,134,158,158,233,233,248,248,248,265,265,265,283,283,283,283,294,18,18,18,18,91,91,106,27,52,52,52,52,52,52],"floor_reached":41,"playtime":1426,"items_purged":["Strike_G","Strike_G","Strike_G","Strike_G"],"score":1269,"play_id":"0916c0be-adce-4b70-a2bf-2325ae5ff45c","local_time":"20201214132920","is_ascension_mode":true,"campfire_choices":[{"data":"Footwork","floor":6.0,"key":"SMITH"},{"data":"Noxious Fumes","floor":13.0,"key":"SMITH"},{"floor":15.0,"key":"REST"},{"data":"Noxious Fumes","floor":23,"key":"SMITH"},{"data":"Neutralize","floor":25,"key":"SMITH"},{"floor":32,"key":"REST"},{"data":"Deadly Poison","floor":40,"key":"SMITH"}],"circlet_count":1,"master_deck":["AscendersBane","Defend_G","Defend_G","Defend_G","Defend_G","Defend_G","Survivor","Neutralize+1","Footwork+1","Noxious Fumes+1","Blur","Noxious Fumes+1","Noxious Fumes+1","Burst+1","Deadly Poison+1","Impatience"],"relics":["Ring of the Snake","HollowMod:JonisBlessing","Snake Skull","Bronze Scales","Hallownest:DreamNailRelic","Circlet","Singing Bowl","Hallownest:TeacherSealRelic","Tiny Chest","Sozu","Juzu Bracelet","Ancient Tea Set","Pear","Membership Card","SlaversCollar","Bird Faced Urn","Toxic Egg 2"],"acts_visited":["Exordium","Hallownest:Greenpath","TheBeyond"],"potions_floor_usage":[],"damage_taken":[{"damage":0.0,"enemies":"Hallownest:monsterHuskWarrior","floor":1.0,"turns":7.0},{"damage":0.0,"enemies":"Hallownest:2_Tiktiks_and_1_Crawlid","floor":2.0,"turns":8.0},{"damage":0.0,"enemies":"2_ Uuma","floor":7.0,"turns":8.0},{"damage":11.0,"enemies":"Hallownest:1_Ooma_and_2_Uuma","floor":8.0,"turns":10.0},{"damage":0.0,"enemies":"Hallownest:Wandering_and_Horned","floor":11.0,"turns":12.0},{"damage":0.0,"enemies":"Hallownest:BossHornet","floor":16.0,"turns":12.0},{"damage":13,"enemies":"Hallownest:2_Mistakes","floor":18,"turns":8},{"damage":7,"enemies":"Hallownest:3_Youths","floor":21,"turns":5},{"damage":0,"enemies":"Hallownest:Master_and_Novice","floor":24,"turns":5},{"damage":0,"enemies":"Hallownest:3_Mistakes","floor":28,"turns":7},{"damage":0,"enemies":"Hallownest:BossMantisLord","floor":33,"turns":6},{"damage":0,"enemies":"3 Darklings","floor":35,"turns":5},{"damage":0,"enemies":"Mind Bloom Boss Battle","floor":37,"turns":7},{"damage":102,"enemies":"Reptomancer","floor":41,"turns":7}],"seed_played":"3575916485714909354","potions_obtained":[{"floor":8.0,"key":"Fire Potion"},{"floor":11.0,"key":"SkillPotion"}],"is_trial":false,"path_per_floor":["M","M","$","?","?","R","M","M","T","?","M","$","R","T","R","B",null,"M","?","?","M","?","R","M","R","T","T","M","$","?","?","R","B",null,"M","$","?","T","?","R","E"],"character_chosen":"THE_SILENT","items_purchased":["Footwork","HollowMod:JonisBlessing","Snake Skull","Bronze Scales","Noxious Fumes","Membership Card","Noxious Fumes","Deadly Poison","Impatience"],"campfire_rested":2,"item_purchase_floors":[0,0,0,0,12,29,29,36,36],"current_hp_per_floor":[26,26,26,26,26,26,26,15,15,15,17,17,17,17,37,39,62,49,49,49,42,36,36,38,38,38,48,50,50,50,50,75,75,82,84,84,86,86,86,86,0,0],"gold":52,"neow_bonus":"","is_daily":false,"chose_seed":false,"campfire_upgraded":5,"win_rate":0.0,"timestamp":1607948960,"path_taken":["M","?","$","?","?","R","?","M","T","?","M","?","R","?","R","BOSS","M","?","?","M","?","R","M","R","T","?","M","$","?","?","R","BOSS","M","$","?","?","?","R","E"],"items_purchased_type":["Card","Relic","Relic","Relic","Card","Relic","Card","Card","Card"],"build_version":"2020-12-13","purchased_purges":4,"victory":false,"max_hp_per_floor":[66,66,66,66,66,66,66,66,66,66,68,68,68,68,68,70,70,70,70,70,70,70,70,72,72,72,82,84,84,84,84,84,84,84,86,86,88,88,88,88,88,88],"relic_stats":{"Sozu":4,"Singing Bowl":12,"counters":[399,2210],"Bronze Scales":[473],"Bird Faced Urn":[0],"Tiny Chest":2,"Snake Skull":[108],"Juzu Bracelet":2,"obtain_stats":[{"TwistedFunnel":19,"Whetstone":0,"Bottled Tornado":28,"Boot":8,"Sling":19,"Blood Vial":2,"Sundial":43,"MealTicket":7,"Fusion Hammer":34,"Kunai":9,"HollowMod:PaleOreRelic":40,"HollowMod:QueensCombRelic":0,"Pear":9,"Blue Candle":31,"HollowMod:JonisBlessing":0,"Eternal Feather":13,"Pen Nib":27,"Paper Crane":10,"Akabeko":45,"SlaversCollar":17,"MutagenicStrength":20,"Bird Faced Urn":25,"Pandora\u0027s Box":17,"Ring of the Serpent":34,"Unceasing Top":14,"Lantern":24,"Regal Pillow":26,"Torii":0,"Singing Bowl":9,"Magic Flower":0,"StoneCalendar":0,"Bag of Preparation":25,"Smiling Mask":9,"Hallownest:GodTamersBeastRelic":45,"Cursed Key":17,"Ancient Tea Set":7,"Matryoshka":31,"Shovel":0,"WristBlade":34,"Ninja Scroll":0,"WingedGreaves":0,"Chemical X":30,"InkBottle":14,"Hallownest:TeacherSealRelic":10,"Ring of the Snake":0,"Potion Belt":43,"Lee\u0027s Waffle":30,"Golden Idol":2,"Circlet":30,"Thread and Needle":40,"PreservedInsect":5,"Omamori":13,"Frozen Egg 2":22,"Hallownest:WatcherSealRelic":20,"Busted Crown":34,"Ornamental Fan":11,"Turnip":24,"Bottled Lightning":26,"Toy Ornithopter":9,"Ice Cream":39,"Mark of the Bloom":36,"Calipers":10,"Tiny House":17,"Gremlin Horn":29,"CeramicFish":26,"Vajra":10,"HoveringKite":34,"HollowMod:VesselMask":0,"HollowMod:StagPassRelic":9,"Sozu":34,"Lizard Tail":43,"HornCleat":0,"Strawberry":26,"Philosopher\u0027s Stone":17,"Prayer Wheel":27,"Toxic Egg 2":9,"Girya":8,"Happy Flower":0,"Oddly Smooth Stone":0,"War Paint":30,"Question Card":26,"WarpedTongs":28,"Du-Vu Doll":25,"Bottled Flame":26,"Shuriken":9,"Bronze Scales":20,"Molten Egg 2":45,"CatCart":37,"Pocketwatch":0,"Meat on the Bone":4,"Darkstone Periapt":26,"Hallownest:StagBellRelic1":3,"SacredBark":34,"Enchiridion":27,"Mango":0,"Snake Skull":0,"Juzu Bracelet":43,"Incense Burner":2,"Hallownest:DreamNailRelic":3,"Empty Cage":17,"ClockworkSouvenir":0,"Nunchaku":26,"Dream Catcher":9,"Tough Bandages":0,"Mummified Hand":44,"Pantograph":6,"Tiny Chest":31,"Red Mask":48,"Runic Pyramid":34,"Hallownest:BeastSealRelic":48,"Hallownest:SalubrasBlessingRelic":2,"HollowMod:LifeEnderRelic":40,"Odd Mushroom":11,"Orichalcum":44,"White Beast Statue":26,"Peace Pipe":13,"Anchor":30,"Membership Card":0,"TungstenRod":43},{"TwistedFunnel":198,"Whetstone":0,"Bottled Tornado":112,"Boot":4,"Sling":64,"Blood Vial":56,"Sundial":17,"MealTicket":96,"Fusion Hammer":46,"Kunai":20,"HollowMod:PaleOreRelic":287,"HollowMod:QueensCombRelic":188,"Pear":58,"Blue Candle":158,"HollowMod:JonisBlessing":0,"Eternal Feather":238,"Pen Nib":68,"Paper Crane":148,"Akabeko":73,"SlaversCollar":39,"MutagenicStrength":111,"Bird Faced Urn":111,"Pandora\u0027s Box":374,"Ring of the Serpent":136,"Unceasing Top":218,"Lantern":10,"Regal Pillow":131,"Torii":250,"Singing Bowl":292,"Magic Flower":55,"StoneCalendar":55,"Bag of Preparation":179,"Smiling Mask":4,"Hallownest:GodTamersBeastRelic":54,"Cursed Key":110,"Ancient Tea Set":359,"Matryoshka":12,"Shovel":289,"WristBlade":182,"Ninja Scroll":210,"WingedGreaves":105,"Chemical X":44,"InkBottle":22,"Hallownest:TeacherSealRelic":389,"Ring of the Snake":336,"Potion Belt":230,"Lee\u0027s Waffle":68,"Golden Idol":106,"Circlet":222,"Thread and Needle":184,"PreservedInsect":99,"Omamori":173,"Frozen Egg 2":9,"Hallownest:WatcherSealRelic":41,"Busted Crown":115,"Ornamental Fan":36,"Turnip":130,"Bottled Lightning":280,"Toy Ornithopter":107,"Ice Cream":286,"Mark of the Bloom":183,"Calipers":124,"Tiny House":127,"Gremlin Horn":200,"CeramicFish":179,"Vajra":59,"HoveringKite":202,"HollowMod:VesselMask":0,"HollowMod:StagPassRelic":255,"Sozu":244,"Lizard Tail":287,"HornCleat":188,"Strawberry":261,"Philosopher\u0027s Stone":7,"Prayer Wheel":87,"Toxic Egg 2":34,"Girya":255,"Happy Flower":55,"Oddly Smooth Stone":119,"War Paint":68,"Question Card":155,"WarpedTongs":43,"Du-Vu Doll":347,"Bottled Flame":11,"Shuriken":123,"Bronze Scales":25,"Molten Egg 2":208,"CatCart":226,"Pocketwatch":0,"Meat on the Bone":106,"Darkstone Periapt":198,"Hallownest:StagBellRelic1":145,"SacredBark":70,"Enchiridion":241,"Mango":18,"Snake Skull":188,"Juzu Bracelet":17,"Incense Burner":19,"Hallownest:DreamNailRelic":31,"Empty Cage":63,"ClockworkSouvenir":18,"Nunchaku":67,"Dream Catcher":147,"Tough Bandages":250,"Mummified Hand":207,"Pantograph":3,"Tiny Chest":303,"Red Mask":75,"Runic Pyramid":13,"Hallownest:BeastSealRelic":54,"Hallownest:SalubrasBlessingRelic":290,"HollowMod:LifeEnderRelic":229,"Odd Mushroom":102,"Orichalcum":187,"White Beast Statue":86,"Peace Pipe":81,"Anchor":134,"Membership Card":55,"TungstenRod":140},{"TwistedFunnel":1059,"Whetstone":0,"Bottled Tornado":608,"Boot":16,"Sling":351,"Blood Vial":314,"Sundial":91,"MealTicket":529,"Fusion Hammer":267,"Kunai":105,"HollowMod:PaleOreRelic":1541,"HollowMod:QueensCombRelic":1010,"Pear":321,"Blue Candle":829,"HollowMod:JonisBlessing":0,"Eternal Feather":1270,"Pen Nib":370,"Paper Crane":780,"Akabeko":387,"SlaversCollar":217,"MutagenicStrength":605,"Bird Faced Urn":605,"Pandora\u0027s Box":2059,"Ring of the Serpent":725,"Unceasing Top":1160,"Lantern":51,"Regal Pillow":701,"Torii":1334,"Singing Bowl":1609,"Magic Flower":310,"StoneCalendar":310,"Bag of Preparation":959,"Smiling Mask":16,"Hallownest:GodTamersBeastRelic":299,"Cursed Key":602,"Ancient Tea Set":1959,"Matryoshka":59,"Shovel":1574,"WristBlade":981,"Ninja Scroll":1121,"WingedGreaves":578,"Chemical X":253,"InkBottle":113,"Hallownest:TeacherSealRelic":2136,"Ring of the Snake":1845,"Potion Belt":1228,"Lee\u0027s Waffle":370,"Golden Idol":582,"Circlet":1184,"Thread and Needle":990,"PreservedInsect":549,"Omamori":913,"Frozen Egg 2":39,"Hallownest:WatcherSealRelic":230,"Busted Crown":624,"Ornamental Fan":195,"Turnip":698,"Bottled Lightning":1495,"Toy Ornithopter":585,"Ice Cream":1536,"Mark of the Bloom":985,"Calipers":675,"Tiny House":688,"Gremlin Horn":1072,"CeramicFish":959,"Vajra":325,"HoveringKite":1081,"HollowMod:VesselMask":0,"HollowMod:StagPassRelic":1359,"Sozu":1306,"Lizard Tail":1541,"HornCleat":1010,"Strawberry":1400,"Philosopher\u0027s Stone":32,"Prayer Wheel":476,"Toxic Egg 2":181,"Girya":1359,"Happy Flower":310,"Oddly Smooth Stone":643,"War Paint":370,"Question Card":814,"WarpedTongs":248,"Du-Vu Doll":1899,"Bottled Flame":55,"Shuriken":667,"Bronze Scales":137,"Molten Egg 2":1106,"CatCart":1208,"Pocketwatch":0,"Meat on the Bone":582,"Darkstone Periapt":1059,"Hallownest:StagBellRelic1":767,"SacredBark":378,"Enchiridion":1289,"Mango":100,"Snake Skull":1010,"Juzu Bracelet":91,"Incense Burner":102,"Hallownest:DreamNailRelic":168,"Empty Cage":346,"ClockworkSouvenir":100,"Nunchaku":364,"Dream Catcher":775,"Tough Bandages":1334,"Mummified Hand":1100,"Pantograph":11,"Tiny Chest":1687,"Red Mask":396,"Runic Pyramid":71,"Hallownest:BeastSealRelic":299,"Hallownest:SalubrasBlessingRelic":1591,"HollowMod:LifeEnderRelic":1224,"Odd Mushroom":563,"Orichalcum":1003,"White Beast Statue":466,"Peace Pipe":431,"Anchor":716,"Membership Card":310,"TungstenRod":739}],"Ring of the Snake":[86]},"card_choices":[{"not_picked":["Dagger Throw","Flechettes","Prepared"],"picked":"SKIP","floor":1.0},{"not_picked":["Underhanded Strike","Bane","Dodge and Roll"],"picked":"SKIP","floor":2.0},{"not_picked":["Poisoned Stab","Blade Dance","Backflip"],"picked":"SKIP","floor":7.0},{"not_picked":["Accuracy","Terror","Outmaneuver"],"picked":"SKIP","floor":8.0},{"not_picked":["Prepared","Deflect","Flying Knee"],"picked":"Singing Bowl","floor":11.0},{"not_picked":["Tools of the Trade","Doppelganger","Unload"],"picked":"Singing Bowl","floor":16.0},{"not_picked":["Prepared","Bane"],"picked":"Blur","floor":18},{"not_picked":["Masterful Stab","Cloak And Dagger"],"picked":"Noxious Fumes","floor":21},{"not_picked":["Dodge and Roll","Prepared","Eviscerate"],"picked":"Singing Bowl","floor":24},{"not_picked":["Finisher","Outmaneuver","Doppelganger"],"picked":"Singing Bowl","floor":28},{"not_picked":["Glass Knife","Doppelganger"],"picked":"Burst","floor":33},{"not_picked":["Caltrops","Bane","Dagger Throw"],"picked":"Singing Bowl","floor":35},{"not_picked":["Deadly Poison","Skewer","Dodge and Roll"],"picked":"Singing Bowl","floor":37}],"player_experience":783560,"relics_obtained":[{"floor":9.0,"key":"Singing Bowl"},{"floor":14.0,"key":"Tiny Chest"},{"floor":26,"key":"Ancient Tea Set"},{"floor":27,"key":"Pear"},{"floor":37,"key":"Bird Faced Urn"},{"floor":38,"key":"Toxic Egg 2"}],"event_choices":[{"damage_healed":0,"gold_gain":0,"player_choice":"Fight","damage_taken":0,"max_hp_gain":0,"max_hp_loss":0,"event_name":"MindBloom","floor":37,"gold_loss":0},{"damage_healed":0,"gold_gain":0,"player_choice":"Upgraded","damage_taken":0,"max_hp_gain":0,"max_hp_loss":0,"event_name":"Upgrade Shrine","floor":39,"gold_loss":0,"cards_upgraded":["Burst"]}],"is_beta":false,"boss_relics":[{"not_picked":["Pandora\u0027s Box","Coffee Dripper"],"picked":"Sozu"},{"not_picked":["SacredBark","Snecko Eye"],"picked":"SlaversCollar"}],"items_purged_floors":[0,0,0,29],"is_endless":false,"potions_floor_spawned":[8,11,24,33,35,37],"killed_by":"Reptomancer","ascension_level":19}}