{"host":"z9rwthyxsf7d04ix","time":1607935256,"event":{"mods":["AchievementEnabler","BaseMod","Colored Map","Colored Powertips","Minty Spire (QoL Compilation)","Quick Restart"],"gold_per_floor":[114,129,144,144,144,182,194,225,262,312,343,355,367,398,410,547,559,590,621,633,664,226,226,264,114,139,139,139],"floor_reached":27,"playtime":2414,"items_purged":[],"score":368,"play_id":"a358f843-a089-4f51-810e-8e86087d9006","local_time":"20201214104056","daily_mods":["Cursed Run","Diverse","DeadlyEvents"],"is_ascension_mode":false,"campfire_choices":[{"floor":7,"key":"REST"},{"floor":12,"key":"REST"},{"floor":15,"key":"REST"},{"floor":23,"key":"REST"}],"circlet_count":0,"master_deck":["Defend_B","Defend_B","Defend_B","Defend_B+1","Zap","Dualcast","Thunderclap","Conserve Battery","Loop","Dagger Spray","Shame","White Noise+1","Tools of the Trade","Regret","Armaments","Clumsy","A Thousand Cuts","CurseOfTheBell","Bite","Bite","Bite","Bite","Bite","After Image","Decay"],"relics":["Cursed Key","Darkstone Periapt","Du-Vu Doll","Golden Idol","MawBank","Regal Pillow","Boot","Nunchaku","Calling Bell","InkBottle","Mango","War Paint","Anchor","FossilizedHelix","Vajra","Tiny Chest","Orichalcum"],"acts_visited":["Exordium","TheCity"],"potions_floor_usage":[6,8,16,18,21,24],"damage_taken":[{"damage":1,"enemies":"Cultist","floor":1,"turns":4},{"damage":5,"enemies":"Small Slimes","floor":2,"turns":3},{"damage":4,"enemies":"2 Louse","floor":3,"turns":2},{"damage":30,"enemies":"Gremlin Nob","floor":6,"turns":5},{"damage":1,"enemies":"Gremlin Gang","floor":8,"turns":4},{"damage":31,"enemies":"Lagavulin","floor":10,"turns":7},{"damage":9,"enemies":"2 Fungi Beasts","floor":11,"turns":3},{"damage":2,"enemies":"Blue Slaver","floor":14,"turns":3},{"damage":64,"enemies":"Slime Boss","floor":16,"turns":9},{"damage":20,"enemies":"3 Byrds","floor":18,"turns":4},{"damage":25,"enemies":"Shell Parasite","floor":19,"turns":6},{"damage":23,"enemies":"Cultist and Chosen","floor":21,"turns":6},{"damage":51,"enemies":"Gremlin Leader","floor":24,"turns":7},{"damage":55,"enemies":"Slavers","floor":27,"turns":4}],"seed_played":"1880613833527945180","potions_obtained":[{"floor":2,"key":"AttackPotion"},{"floor":3,"key":"BlessingOfTheForge"},{"floor":10,"key":"DistilledChaos"},{"floor":11,"key":"GamblersBrew"},{"floor":18,"key":"SkillPotion"},{"floor":21,"key":"PowerPotion"}],"is_trial":false,"path_per_floor":["M","M","M","$","?","E","R","M","T","E","M","R","T","M","R","B",null,"M","M","?","M","$","R","E","$","T","E"],"character_chosen":"DEFECT","items_purchased":["Anchor","FossilizedHelix","Tiny Chest"],"campfire_rested":4,"item_purchase_floors":[22,22,25],"current_hp_per_floor":[74,69,65,65,47,17,39,38,44,13,4,43,49,47,87,29,113,93,68,68,63,63,79,45,45,51,0,0],"gold":139,"neow_bonus":"","is_daily":true,"chose_seed":false,"campfire_upgraded":0,"win_rate":0.0,"timestamp":1607935256,"path_taken":["M","M","M","?","?","E","R","?","T","E","M","R","?","M","R","BOSS","M","?","?","?","$","R","E","$","T","E"],"items_purchased_type":["Relic","Relic","Relic"],"build_version":"2020-12-13","purchased_purges":0,"victory":false,"max_hp_per_floor":[75,75,75,75,75,75,75,75,81,81,81,81,87,87,87,93,113,113,113,79,79,79,79,79,79,85,85,85],"card_choices":[{"not_picked":["Pommel Strike","Heavy Blade"],"picked":"Thunderclap","floor":1},{"not_picked":["Battle Trance","DeceiveReality"],"picked":"Conserve Battery","floor":2},{"not_picked":["Streamline","Crescendo"],"picked":"Loop","floor":3},{"not_picked":["Sword Boomerang","Acrobatics"],"picked":"Dagger Spray","floor":6},{"not_picked":["Headbutt","Deflect","Force Field"],"picked":"SKIP","floor":8},{"not_picked":["Cold Snap","Quick Slash"],"picked":"White Noise","floor":10},{"not_picked":["Backflip","Outmaneuver"],"picked":"Tools of the Trade","floor":11},{"not_picked":["Heel Hook","FTL"],"picked":"Armaments","floor":14},{"not_picked":["Machine Learning","Barricade"],"picked":"A Thousand Cuts","floor":16},{"not_picked":["Perfected Strike+1","Redo+1","True Grit"],"picked":"SKIP","floor":18},{"not_picked":["Scrape","Coolheaded","Poisoned Stab"],"picked":"SKIP","floor":19},{"not_picked":["Reckless Charge","Acrobatics","Heavy Blade"],"picked":"SKIP","floor":21},{"not_picked":["SandsOfTime","Skim+1"],"picked":"After Image","floor":24}],"player_experience":725367,"relics_obtained":[{"floor":6,"key":"MawBank"},{"floor":9,"key":"Regal Pillow"},{"floor":10,"key":"Boot"},{"floor":13,"key":"Nunchaku"},{"floor":17,"key":"InkBottle"},{"floor":17,"key":"Mango"},{"floor":17,"key":"War Paint"},{"floor":24,"key":"Vajra"},{"floor":26,"key":"Orichalcum"}],"event_choices":[{"damage_healed":0,"gold_gain":0,"player_choice":"Take Damage","damage_taken":18,"relics_obtained":["Golden Idol"],"max_hp_gain":0,"max_hp_loss":0,"event_name":"Golden Idol","floor":5,"gold_loss":0},{"damage_healed":0,"gold_gain":0,"player_choice":"Became a vampire","damage_taken":0,"max_hp_gain":0,"max_hp_loss":34,"event_name":"Vampires","floor":20,"gold_loss":0,"cards_obtained":["Bite","Bite","Bite","Bite","Bite"]}],"is_beta":false,"boss_relics":[{"not_picked":["Fusion Hammer","Inserter"],"picked":"Calling Bell"}],"items_purged_floors":[],"is_endless":false,"potions_floor_spawned":[2,3,10,11,18,21],"killed_by":"Slavers","ascension_level":0}}