{"host":"cz3p2o9n3b1gdmkz","time":1607968935,"event":{"mods":["AchievementEnabler","BaseMod","CapriCore","GungeonMod","Hermit","Lobotomy","Minty Spire (QoL Compilation)","Replay The Spire","Shop Mod","StSLib","SuperFastMode","The Cursed","The Dragon Tamer","The Gatherer","The Jungle","The Poker Player","The Runesmith"],"gold_per_floor":[111,111,121,121,146,146,161,194,194,194,164,164,181,197,197,298,298,329,99,99,249,301,301,301,347,356,356,356,640,683,692,692,801,901,901,901],"floor_reached":35,"playtime":1433,"items_purged":[],"score":511,"play_id":"f3dcd484-fc20-4d3b-9c1f-f98c82b8cd07","local_time":"20201215030215","is_ascension_mode":true,"campfire_choices":[{"data":"hermit:Snapshot","floor":6.0,"key":"SMITH"},{"floor":10.0,"key":"REST"},{"floor":12.0,"key":"REST"},{"data":"hermit:Combo","floor":15.0,"key":"SMITH"},{"floor":23.0,"key":"REST"},{"floor":28,"key":"REST"},{"floor":32,"key":"REST"}],"circlet_count":0,"master_deck":["hermit:Strike_Hermit+1","hermit:Strike_Hermit+1","hermit:Strike_Hermit+1","hermit:Strike_Hermit","hermit:Defend_Hermit","hermit:Defend_Hermit+1","hermit:Defend_Hermit+1","hermit:Defend_Hermit","hermit:Snapshot+1","hermit:Covet","Regret","Pain","hermit:Combo+1","hermit:DeadOrAlive+1","hermit:Brawl","hermit:Deadeye+1","Regret","hermit:LowProfile+1","Shame","hermit:HeroicBravado"],"relics":["hermit:Momento","Anchor","WarpedTongs","Gremlin Food","DemoMod:OrangeGuonStone","Mummified Hand","Cursed Key","Juzu Bracelet","CeramicFish","Bottled Flame","Pen Nib","theJungle:SneckoAutograph","Replay:Wanted Poster"],"acts_visited":["Exordium","Exordium","TheBeyond"],"potions_floor_usage":[],"damage_taken":[{"damage":0.0,"enemies":"2 Louse","floor":1.0,"turns":2.0},{"damage":0.0,"enemies":"Cultist","floor":3.0,"turns":4.0},{"damage":0.0,"enemies":"Jaw Worm","floor":7.0,"turns":3.0},{"damage":36.0,"enemies":"3 Sentries","floor":8.0,"turns":9.0},{"damage":0.0,"enemies":"Blue Slaver","floor":13.0,"turns":2.0},{"damage":0.0,"enemies":"Large Slime","floor":14.0,"turns":5.0},{"damage":62.0,"enemies":"Fading Forest","floor":16.0,"turns":11.0},{"damage":15.0,"enemies":"theJungle:5_Spyders","floor":18.0,"turns":6.0},{"damage":1.0,"enemies":"Shell Parasite","floor":22.0,"turns":5.0},{"damage":18.0,"enemies":"theJungle:MamaSnecko","floor":25.0,"turns":8.0},{"damage":37,"enemies":"theJungle:Cassacara","floor":30,"turns":7},{"damage":8,"enemies":"theJungle:QueenSpyder","floor":33,"turns":8},{"damage":60,"enemies":"3 Darklings","floor":35,"turns":6}],"seed_played":"3133737784516546740","potions_obtained":[{"floor":3.0,"key":"Languid Potion"},{"floor":7.0,"key":"Milkshake"},{"floor":11.0,"key":"LifebloodPotion"},{"floor":11.0,"key":"DistilledChaos"},{"floor":16.0,"key":"LiquidBronze"},{"floor":18.0,"key":"PowerPotion"},{"floor":22.0,"key":"AttackPotion"}],"is_trial":false,"path_per_floor":["M","?","M","?","T","R","M","E","T","R","?","R","M","M","R","B",null,"M","$","?","?","M","R","?","E","T","?","R","?","E","?","R","B",null,"M"],"character_chosen":"HERMIT","items_purchased":["Juzu Bracelet","hermit:Brawl"],"campfire_rested":5,"item_purchase_floors":[19,19],"current_hp_per_floor":[75,75,75,75,75,75,75,39,39,61,61,75,75,75,75,27,63,48,48,48,48,47,69,71,53,53,43,65,65,28,28,50,42,67,7,7],"gold":901,"neow_bonus":"RANDOM_EVENT","is_daily":false,"chose_seed":false,"campfire_upgraded":2,"win_rate":0.0,"timestamp":1607968935,"path_taken":["M","?","?","?","?","R","M","E","T","R","?","R","M","M","R","BOSS","M","$","?","?","M","R","?","E","T","?","R","?","E","?","R","BOSS","M"],"items_purchased_type":["Relic","Card"],"build_version":"2020-12-13","purchased_purges":0,"victory":false,"max_hp_per_floor":[75,75,75,75,75,75,75,75,75,75,75,75,75,75,75,75,75,75,75,75,75,75,75,75,75,75,75,75,75,75,75,75,75,75,75,75],"card_choices":[{"not_picked":["hermit:BodyArmor","hermit:CalledShot","hermit:Headshot"],"picked":"SKIP","floor":1.0},{"not_picked":["hermit:Glare","hermit:Showdown","hermit:Feint"],"picked":"SKIP","floor":3.0},{"not_picked":["hermit:LowProfile","hermit:Combo","hermit:OverwhelmingPower"],"picked":"SKIP","floor":7.0},{"not_picked":["hermit:Dive","hermit:ItchyTrigger","hermit:Roulette"],"picked":"SKIP","floor":8.0},{"not_picked":["hermit:ItchyTrigger","hermit:TrackingShot","hermit:Feint"],"picked":"SKIP","floor":13.0},{"not_picked":["hermit:TakeCover","hermit:Showdown"],"picked":"hermit:Combo","floor":14.0},{"not_picked":["hermit:FinalCanter","hermit:Purgatory"],"picked":"hermit:DeadOrAlive","floor":16.0},{"not_picked":["hermit:HighCaliber","hermit:CalledShot","hermit:LoneWolf+1"],"picked":"SKIP","floor":18.0},{"not_picked":["hermit:TrackingShot","hermit:Desperado","hermit:Vantage+1"],"picked":"SKIP","floor":22.0},{"not_picked":["hermit:Desperado+1","hermit:Quickdraw"],"picked":"hermit:Deadeye+1","floor":25.0},{"not_picked":["hermit:FlashPowder","hermit:HoleUp+1"],"picked":"hermit:LowProfile+1","floor":30},{"not_picked":["hermit:Purgatory","hermit:Dissolve"],"picked":"hermit:HeroicBravado","floor":33}],"player_experience":938381,"relics_obtained":[{"floor":5.0,"key":"Gremlin Food"},{"floor":8.0,"key":"DemoMod:OrangeGuonStone"},{"floor":9.0,"key":"Mummified Hand"},{"floor":25.0,"key":"CeramicFish"},{"floor":26.0,"key":"Bottled Flame"},{"floor":30,"key":"Pen Nib"}],"event_choices":[{"damage_healed":0.0,"max_hp_gain":0.0,"max_hp_loss":0.0,"gold_gain":0.0,"event_name":"Big Fish","player_choice":"Box","floor":0.0,"gold_loss":0.0,"damage_taken":0.0,"relics_obtained":["Anchor"],"cards_obtained":["Regret"]},{"damage_healed":0.0,"max_hp_gain":0.0,"max_hp_loss":0.0,"gold_gain":0.0,"event_name":"Accursed Blacksmith","player_choice":"Rummage","floor":2.0,"gold_loss":0.0,"damage_taken":0.0,"relics_obtained":["WarpedTongs"],"cards_obtained":["Pain"]},{"damage_healed":0.0,"max_hp_gain":0.0,"max_hp_loss":0.0,"gold_gain":0.0,"event_name":"The Woman in Blue","player_choice":"Bought 2 Potions","floor":11.0,"gold_loss":0.0,"damage_taken":0.0},{"damage_healed":0,"gold_gain":275,"player_choice":"Desecrate","damage_taken":0,"max_hp_gain":0,"max_hp_loss":0,"event_name":"Golden Shrine","floor":29,"gold_loss":0,"cards_obtained":["Regret"]}],"is_beta":false,"boss_relics":[{"not_picked":["Snecko Eye","hermit:DentedPlate"],"picked":"Cursed Key"},{"not_picked":["Calling Bell","Kintsugi"],"picked":"Replay:Wanted Poster"}],"items_purged_floors":[],"is_endless":false,"potions_floor_spawned":[3,7,13,14,16,18,22],"killed_by":"3 Darklings","ascension_level":5}}