{"host":"kh6fvhxn285ncg0o","time":1607921625,"event":{"mods":["Act Like it!","BaseMod","Colored Map","Friendly Minions","Keyboard Shortcuts","Minty Spire (QoL Compilation)","Quick Restart","Relic Stats","StSLib","SuperFastMode"],"gold_per_floor":[20,20,40,40,40,40,65,65,65,65,65,77,95,125,125,203,203,214,214,266,236,33,33,63,63,63,63,80,112,18,35,35,108,108,127,127,127,143,192,222,295,295,371,387,415,415,415,415],"floor_reached":47,"playtime":1401,"items_purged":["Defend_G","Defend_G+1"],"score":1204,"play_id":"3bd882b4-9b12-4fbb-a01f-56c2720559bf","local_time":"20201214135345","is_ascension_mode":true,"campfire_choices":[{"floor":6.0,"key":"REST"},{"data":"Deadly Poison","floor":11.0,"key":"SMITH"},{"data":"Neutralize","floor":15.0,"key":"SMITH"},{"data":"Blade Dance","floor":23,"key":"SMITH"},{"data":"Venomology","floor":32,"key":"SMITH"},{"data":"Acrobatics","floor":42,"key":"SMITH"},{"floor":46,"key":"RECALL"}],"circlet_count":0,"master_deck":["AscendersBane","Defend_G+1","Defend_G+1","Defend_G+1","Survivor","Neutralize+1","A Thousand Cuts+1","Bullet Time","Adrenaline","Deadly Poison+1","Backflip","Venomology+1","Terror","Blade Dance+1","Corpse Explosion","PiercingWail","Noxious Fumes+1","Envenom+1","CurseOfTheBell","Flash of Steel+1","Flash of Steel+1","Flash of Steel+1","Acrobatics+1","Footwork+1","Crippling Poison+1"],"relics":["Ring of the Snake","White Beast Statue","Frozen Egg 2","Molten Egg 2","Coffee Dripper","Membership Card","Pantograph","Darkstone Periapt","Boot","Calling Bell","Anchor","HornCleat","Incense Burner","Prayer Wheel","Ornamental Fan","Toxic Egg 2","The Courier","Akabeko"],"acts_visited":["Exordium","TheCity","TheBeyond"],"potions_floor_usage":[16,21,24,29,29,29,31,31,33,35,38,39,39,39,40,40,44,44,45,45,45,47,47],"damage_taken":[{"damage":21.0,"enemies":"Jaw Worm","floor":1.0,"turns":11.0},{"damage":14.0,"enemies":"Cultist","floor":3.0,"turns":6.0},{"damage":27.0,"enemies":"3 Sentries","floor":7.0,"turns":8.0},{"damage":0.0,"enemies":"2 Louse","floor":12.0,"turns":2.0},{"damage":0.0,"enemies":"Gremlin Gang","floor":13.0,"turns":3.0},{"damage":6.0,"enemies":"Gremlin Nob","floor":14.0,"turns":3.0},{"damage":1,"enemies":"The Guardian","floor":16,"turns":11},{"damage":7,"enemies":"Spheric Guardian","floor":18,"turns":7},{"damage":1,"enemies":"2 Thieves","floor":21,"turns":4},{"damage":0,"enemies":"Gremlin Leader","floor":24,"turns":5},{"damage":0,"enemies":"Centurion and Healer","floor":28,"turns":4},{"damage":3,"enemies":"Slavers","floor":29,"turns":4},{"damage":0,"enemies":"3 Cultists","floor":31,"turns":2},{"damage":38,"enemies":"Automaton","floor":33,"turns":8},{"damage":2,"enemies":"Orb Walker","floor":35,"turns":3},{"damage":0,"enemies":"3 Shapes","floor":38,"turns":2},{"damage":0,"enemies":"2 Orb Walkers","floor":39,"turns":2},{"damage":27,"enemies":"Nemesis","floor":40,"turns":5},{"damage":0,"enemies":"Maw","floor":44,"turns":5},{"damage":0,"enemies":"Giant Head","floor":45,"turns":5},{"damage":26,"enemies":"Nemesis","floor":47,"turns":4}],"seed_played":"7639760675865319435","potions_obtained":[{"floor":3.0,"key":"Fire Potion"},{"floor":7.0,"key":"Weak Potion"},{"floor":10.0,"key":"Fire Potion"},{"floor":14.0,"key":"CultistPotion"},{"floor":16,"key":"GhostInAJar"},{"floor":18,"key":"Ancient Potion"},{"floor":21,"key":"ColorlessPotion"},{"floor":24,"key":"FairyPotion"},{"floor":28,"key":"DuplicationPotion"},{"floor":29,"key":"SneckoOil"},{"floor":31,"key":"FearPotion"},{"floor":33,"key":"Energy Potion"},{"floor":40,"key":"SpeedPotion"},{"floor":44,"key":"CunningPotion"},{"floor":45,"key":"ColorlessPotion"}],"is_trial":false,"path_per_floor":["M","?","M","$","?","R","E","?","T","?","R","M","M","E","R","B",null,"M","?","T","M","$","R","E","?","T","?","M","E","$","M","R","B",null,"M","?","?","M","?","E","T","R","T","M","E","R","E"],"character_chosen":"THE_SILENT","items_purchased":["Membership Card","Noxious Fumes+1"],"campfire_rested":1,"item_purchase_floors":[22,30],"current_hp_per_floor":[38,38,24,24,24,43,16,9,9,9,9,9,9,3,3,2,50,43,43,43,42,42,42,42,42,42,42,42,39,39,44,44,28,63,61,51,51,51,51,24,24,24,24,24,24,24,0,0],"gold":415,"neow_bonus":"TRANSFORM_TWO_CARDS","is_daily":false,"chose_seed":false,"campfire_upgraded":5,"win_rate":0.0,"timestamp":1607921625,"path_taken":["M","?","?","$","?","R","E","?","T","?","R","?","M","E","R","BOSS","M","?","?","M","$","R","E","?","T","?","M","E","$","M","R","BOSS","M","?","?","M","?","E","?","R","T","M","E","R","E"],"items_purchased_type":["Relic","Card"],"build_version":"2020-12-13","purchased_purges":2,"victory":false,"max_hp_per_floor":[66,66,66,66,66,66,66,66,66,66,66,66,66,66,66,66,66,66,66,66,66,66,66,66,66,66,66,66,66,66,66,66,66,72,72,72,68,68,68,68,68,68,68,68,68,68,68,68],"relic_stats":{"Darkstone Periapt":6,"counters":[21,104],"Ornamental Fan":[60],"Pantograph":22,"Prayer Wheel":1,"Boot":[67],"obtain_stats":[{"Darkstone Periapt":26,"The Courier":43,"Incense Burner":34,"Frozen Egg 2":9,"Boot":29,"White Beast Statue":7,"Akabeko":45,"Calling Bell":34,"Anchor":34,"HornCleat":34,"Ornamental Fan":40,"Pantograph":24,"Molten Egg 2":14,"Prayer Wheel":39,"Coffee Dripper":17,"Membership Card":22,"Toxic Egg 2":41,"Ring of the Snake":0},{"Darkstone Periapt":10,"The Courier":18,"Incense Burner":14,"Frozen Egg 2":3,"Boot":12,"White Beast Statue":3,"Akabeko":20,"Calling Bell":14,"Anchor":14,"HornCleat":14,"Ornamental Fan":18,"Pantograph":10,"Molten Egg 2":6,"Prayer Wheel":17,"Coffee Dripper":7,"Membership Card":9,"Toxic Egg 2":18,"Ring of the Snake":0},{"Darkstone Periapt":60,"The Courier":90,"Incense Burner":78,"Frozen Egg 2":25,"Boot":68,"White Beast Statue":25,"Akabeko":100,"Calling Bell":78,"Anchor":78,"HornCleat":78,"Ornamental Fan":90,"Pantograph":60,"Molten Egg 2":33,"Prayer Wheel":85,"Coffee Dripper":44,"Membership Card":55,"Toxic Egg 2":90,"Ring of the Snake":0}],"Ring of the Snake":[42]},"card_choices":[{"not_picked":["Slice","Blur","Outmaneuver"],"picked":"SKIP","floor":1.0},{"not_picked":["Deflect","Prepared"],"picked":"Deadly Poison","floor":3.0},{"not_picked":["Cloak And Dagger","Sucker Punch"],"picked":"Backflip","floor":7.0},{"not_picked":["Flying Knee","Terror","Storm of Steel"],"picked":"SKIP","floor":12.0},{"not_picked":["Flying Knee","Terror","Storm of Steel"],"picked":"SKIP","floor":12.0},{"not_picked":["Outmaneuver","Prepared","Dash"],"picked":"SKIP","floor":13.0},{"not_picked":["Cloak And Dagger","Backflip","Tactician"],"picked":"SKIP","floor":14.0},{"not_picked":["Deadly Poison","Backflip","Dagger Throw+1"],"picked":"SKIP","floor":18},{"not_picked":["Deadly Poison","Setup"],"picked":"Blade Dance","floor":21},{"not_picked":["Prepared","Underhanded Strike+1"],"picked":"Corpse Explosion","floor":24},{"not_picked":["Masterful Stab+1","Eviscerate+1","Riddle With Holes+1"],"picked":"SKIP","floor":28},{"not_picked":["Blade Dance","Endless Agony+1"],"picked":"PiercingWail","floor":29},{"not_picked":["Poisoned Stab+1","Slice+1","Bouncing Flask"],"picked":"SKIP","floor":31},{"not_picked":["Die Die Die+1","Storm of Steel"],"picked":"Envenom+1","floor":33},{"not_picked":["Blur","Dash+1","Flying Knee+1"],"picked":"SKIP","floor":35},{"not_picked":["Chrysalis","Jack Of All Trades"],"picked":"Flash of Steel+1","floor":36},{"not_picked":["Bandage Up","Sadistic Nature+1"],"picked":"Flash of Steel+1","floor":36},{"not_picked":["Trip","Good Instincts"],"picked":"Flash of Steel+1","floor":36},{"not_picked":["Cloak And Dagger","Outmaneuver+1"],"picked":"Acrobatics","floor":38},{"not_picked":["Backflip+1","Dodge and Roll"],"picked":"Footwork+1","floor":40},{"not_picked":["Sucker Punch+1","Masterful Stab+1","Endless Agony+1"],"picked":"SKIP","floor":44},{"not_picked":["Bane+1","Caltrops+1","Slice+1"],"picked":"SKIP","floor":44},{"not_picked":["Prepared+1","Poisoned Stab+1"],"picked":"Crippling Poison+1","floor":45}],"player_experience":3161852,"relics_obtained":[{"floor":7.0,"key":"White Beast Statue"},{"floor":9.0,"key":"Frozen Egg 2"},{"floor":14.0,"key":"Molten Egg 2"},{"floor":24,"key":"Pantograph"},{"floor":26,"key":"Darkstone Periapt"},{"floor":29,"key":"Boot"},{"floor":34,"key":"Anchor"},{"floor":34,"key":"HornCleat"},{"floor":34,"key":"Incense Burner"},{"floor":39,"key":"Prayer Wheel"},{"floor":40,"key":"Ornamental Fan"},{"floor":41,"key":"Toxic Egg 2"},{"floor":43,"key":"The Courier"},{"floor":45,"key":"Akabeko"}],"event_choices":[{"damage_healed":0.0,"max_hp_gain":0.0,"max_hp_loss":0.0,"gold_gain":0.0,"event_name":"Match and Keep!","player_choice":"1 cards matched","floor":2.0,"gold_loss":0.0,"damage_taken":0.0,"cards_obtained":["Adrenaline"]},{"damage_healed":0.0,"max_hp_gain":0.0,"max_hp_loss":0.0,"gold_gain":0.0,"event_name":"Living Wall","player_choice":"Grow","floor":5.0,"gold_loss":0.0,"damage_taken":0.0,"cards_upgraded":["A Thousand Cuts"]},{"cards_removed":["Strike_G"],"damage_healed":0.0,"max_hp_gain":0.0,"max_hp_loss":0.0,"gold_gain":0.0,"event_name":"Golden Wing","player_choice":"Card Removal","floor":8.0,"gold_loss":0.0,"damage_taken":7.0},{"damage_healed":0.0,"max_hp_gain":0.0,"max_hp_loss":0.0,"gold_gain":0.0,"event_name":"Lab","player_choice":"Got Potions","floor":10.0,"gold_loss":0.0,"damage_taken":0.0},{"damage_healed":0,"gold_gain":0,"cards_transformed":["Strike_G","Strike_G"],"player_choice":"Became Test Subject","damage_taken":0,"max_hp_gain":0,"max_hp_loss":0,"event_name":"Drug Dealer","floor":19,"gold_loss":0,"cards_obtained":["Venomology","Terror"]},{"damage_healed":0,"gold_gain":0,"player_choice":"Simplicity","damage_taken":0,"max_hp_gain":0,"max_hp_loss":0,"event_name":"Back to Basics","floor":25,"gold_loss":0,"cards_upgraded":["Defend_G","Defend_G","Defend_G","Defend_G"]},{"damage_healed":0,"gold_gain":0,"player_choice":"Ignored","damage_taken":0,"max_hp_gain":0,"max_hp_loss":0,"event_name":"Ghosts","floor":27,"gold_loss":0},{"damage_healed":0,"gold_gain":0,"player_choice":"Memory 3","damage_taken":10,"max_hp_gain":0,"max_hp_loss":0,"event_name":"SensoryStone","floor":36,"gold_loss":0},{"damage_healed":0,"gold_gain":0,"player_choice":"Max HP","damage_taken":0,"max_hp_gain":0,"max_hp_loss":4,"event_name":"Winding Halls","floor":37,"gold_loss":0},{"damage_healed":0,"gold_gain":0,"player_choice":"Fight","damage_taken":0,"max_hp_gain":0,"max_hp_loss":0,"event_name":"Mysterious Sphere","floor":39,"gold_loss":0}],"is_beta":false,"boss_relics":[{"not_picked":["Cursed Key","Tiny House"],"picked":"Coffee Dripper"},{"not_picked":["Ring of the Serpent","Busted Crown"],"picked":"Calling Bell"}],"items_purged_floors":[22,30],"is_endless":false,"potions_floor_spawned":[3,7,12,13,14,16,18,21,24,28,29,31,33,35,38,39,40,44,45],"killed_by":"Nemesis","ascension_level":20}}