{"host":"2461dio7vetlq1z3","time":1607967619,"event":{"mods":["AchievementEnabler","Aspiration","BaseMod","Hermit","Lobotomy","Marisa????????","Minty Spire (QoL Compilation)","Relic Stats","Spicy Shops","StSLib","Waifu the Spire"],"gold_per_floor":[116,116,135,210,77,77,110,123,176,217,244,274,305,345,357,467,479,510,8,8,8,22,47,68,68,68,68,104,104,118,162,162,271,271,282,282,296,324,67,67,96,96,96,96,96,96],"floor_reached":45,"playtime":2863,"items_purged":["Decay","UpSweep"],"score":828,"play_id":"33160ebb-fab3-45e1-a7a0-e7135a22c95b","local_time":"20201214184019","is_ascension_mode":true,"campfire_choices":[{"data":"OrrerysSun","floor":6,"key":"SMITH"},{"data":"MilkyWay","floor":15,"key":"SMITH"},{"data":"EscapeVelocity","floor":25,"key":"SMITH"},{"data":"ChargingUp","floor":29,"key":"SMITH"},{"data":"UltimateShortwave","floor":32,"key":"SMITH"},{"data":"DarkMatter","floor":40,"key":"SMITH"},{"floor":42,"key":"REST"},{"floor":44,"key":"RECALL"}],"circlet_count":0,"master_deck":["Strike_MRS+1","Defend_MRS","Defend_MRS","Defend_MRS","Defend_MRS","MasterSpark","Good Instincts","GrandCross","OrrerysSun+1","ChargingUp","PropBag","ChargingUp+1","EnergyRecoil","Parasite","Parasite","UltimateShortwave+1","AsteroidBelt","Singularity","UltimateShortwave","MilkyWay+1","EscapeVelocity+1","AsteroidBelt","Panache+1","OortCloud+1","MilkyWay","DarkMatter+1","AsteroidBelt+1","MaximisePower","GalacticHalo+1","SuperNova+1","Orbital+1","Deep Breath"],"relics":["MiniHakkero","Orrery","ShroomBag","MawBank","Centennial Puzzle","aspiration:DSix","Black Star","Frozen Egg 2","CeramicFish","Torii","TungstenRod","Omamori","White Beast Statue","MagicBroom","Bottled Lightning","Empty Cage","Nunchaku","Turnip","Kunai"],"acts_visited":["Exordium","TheCity","TheBeyond"],"potions_floor_usage":[12,16,18,23,28,31,38,41,45,45,45],"damage_taken":[{"damage":7,"enemies":"Jaw Worm","floor":1,"turns":3},{"damage":3,"enemies":"2 Louse","floor":3,"turns":2},{"damage":0,"enemies":"Lagavulin","floor":7,"turns":5},{"damage":0,"enemies":"Cultist","floor":8,"turns":3},{"damage":13,"enemies":"3 Sentries","floor":10,"turns":7},{"damage":1,"enemies":"Looter","floor":11,"turns":3},{"damage":1,"enemies":"3 Louse","floor":12,"turns":5},{"damage":0,"enemies":"Large Slime","floor":13,"turns":3},{"damage":9,"enemies":"Lagavulin","floor":14,"turns":5},{"damage":30,"enemies":"Slime Boss","floor":16,"turns":5},{"damage":20,"enemies":"3 Byrds","floor":18,"turns":5},{"damage":3,"enemies":"Chosen","floor":22,"turns":4},{"damage":5,"enemies":"Gremlin Leader","floor":23,"turns":4},{"damage":1,"enemies":"Snecko","floor":24,"turns":6},{"damage":13,"enemies":"Slavers","floor":28,"turns":4},{"damage":0,"enemies":"Shelled Parasite and Fungi","floor":30,"turns":4},{"damage":12,"enemies":"Book of Stabbing","floor":31,"turns":5},{"damage":14,"enemies":"Champ","floor":33,"turns":7},{"damage":0,"enemies":"3 Darklings","floor":35,"turns":9},{"damage":0,"enemies":"3 Shapes","floor":37,"turns":6},{"damage":19,"enemies":"3 Darklings","floor":38,"turns":5},{"damage":54,"enemies":"Reptomancer","floor":41,"turns":5},{"damage":91,"enemies":"Transient","floor":45,"turns":5}],"seed_played":"18597462694762665","potions_obtained":[{"floor":7,"key":"ColorlessPotion"},{"floor":10,"key":"Fruit Juice"},{"floor":11,"key":"SkillPotion"},{"floor":12,"key":"BottledSpark"},{"floor":16,"key":"LiquidBronze"},{"floor":24,"key":"Dexterity Potion"},{"floor":28,"key":"SkillPotion"},{"floor":31,"key":"FearPotion"},{"floor":38,"key":"Fruit Juice"},{"floor":41,"key":"BlessingOfTheForge"}],"is_trial":false,"path_per_floor":["M","?","M","?","$","R","E","M","T","E","M","M","M","E","R","B",null,"M","$","?","?","M","E","M","R","T","?","E","R","M","E","R","B",null,"M","?","M","M","$","R","E","R","T","R","M"],"character_chosen":"MARISA","items_purchased":["Orrery","Frozen Egg 2","Panache+1","OortCloud+1","FearPotion","Deep Breath"],"campfire_rested":1,"item_purchase_floors":[5,19,19,19,19,39],"current_hp_per_floor":[61,46,43,43,43,43,43,47,47,38,41,47,51,46,46,20,65,49,49,75,75,76,75,78,78,78,78,67,67,71,63,63,53,73,77,77,80,65,65,65,15,39,39,39,0,0],"gold":96,"neow_bonus":"RANDOM_COLORLESS","is_daily":false,"chose_seed":false,"campfire_upgraded":6,"win_rate":0.0,"timestamp":1607967619,"path_taken":["M","?","M","?","$","R","E","M","T","E","M","M","M","E","R","BOSS","M","$","?","?","M","E","?","R","T","?","E","R","M","E","R","BOSS","M","?","M","M","$","R","E","R","T","R","M"],"items_purchased_type":["Relic","Relic","Card","Card","Potion","Card"],"build_version":"2020-12-13","purchased_purges":2,"victory":false,"max_hp_per_floor":[75,75,75,75,75,75,75,75,75,75,75,80,80,80,80,80,80,80,80,80,80,80,80,80,80,80,80,80,80,80,80,80,80,80,80,80,80,80,80,80,80,80,80,80,85,85],"relic_stats":{"Centennial Puzzle":[42],"Nunchaku":[0],"Torii":21,"counters":[23,110],"CeramicFish":54,"Turnip":[0],"Black Star":4,"Kunai":[0],"MawBank":120,"obtain_stats":[{"AmplifyWand":16,"Gremlin Horn":11,"Torii":23,"CeramicFish":23,"Empty Cage":34,"Centennial Puzzle":10,"Nunchaku":41,"Mummified Hand":7,"Kunai":45,"aspiration:DSix":14,"MagicBroom":31,"Blue Candle":31,"Omamori":28,"Letter Opener":28,"Frozen Egg 2":19,"MawBank":9,"White Beast Statue":28,"Mercury Hourglass":10,"ShroomBag":7,"Ornamental Fan":12,"Shuriken":14,"Orrery":5,"Turnip":41,"Black Star":17,"MiniHakkero":0,"Bottled Lightning":31,"TungstenRod":26,"Meat on the Bone":22},{"AmplifyWand":10,"Gremlin Horn":6,"Torii":13,"CeramicFish":13,"Empty Cage":18,"Centennial Puzzle":5,"Nunchaku":22,"Mummified Hand":3,"Kunai":23,"aspiration:DSix":9,"MagicBroom":17,"Blue Candle":17,"Omamori":15,"Letter Opener":15,"Frozen Egg 2":11,"MawBank":4,"White Beast Statue":15,"Mercury Hourglass":5,"ShroomBag":3,"Ornamental Fan":7,"Shuriken":9,"Orrery":2,"Turnip":22,"Black Star":10,"MiniHakkero":0,"Bottled Lightning":17,"TungstenRod":14,"Meat on the Bone":12},{"AmplifyWand":40,"Gremlin Horn":21,"Torii":54,"CeramicFish":54,"Empty Cage":80,"Centennial Puzzle":20,"Nunchaku":105,"Mummified Hand":8,"Kunai":107,"aspiration:DSix":36,"MagicBroom":73,"Blue Candle":71,"Omamori":64,"Letter Opener":63,"Frozen Egg 2":46,"MawBank":13,"White Beast Statue":64,"Mercury Hourglass":16,"ShroomBag":10,"Ornamental Fan":27,"Shuriken":35,"Orrery":5,"Turnip":105,"Black Star":41,"MiniHakkero":0,"Bottled Lightning":73,"TungstenRod":60,"Meat on the Bone":48}],"TungstenRod":25},"card_choices":[{"not_picked":["Deep Breath","PanicButton"],"picked":"Good Instincts","floor":0},{"not_picked":["LuminesStrike","PulseMagic"],"picked":"GrandCross","floor":1},{"not_picked":["MilkyWay","Acceleration"],"picked":"OrrerysSun","floor":3},{"not_picked":["DC","UnstableBomb"],"picked":"ChargingUp","floor":5},{"not_picked":["ShootingEcho","SporeBomb"],"picked":"PropBag","floor":5},{"not_picked":["SuperPerseids","StarlightTyphoon"],"picked":"ChargingUp","floor":5},{"not_picked":["6A","BinaryStars"],"picked":"EnergyRecoil","floor":5},{"not_picked":["ManaConvection","IllusionStar"],"picked":"UltimateShortwave","floor":7},{"not_picked":["MysteriousBeam","MachineGunSpark"],"picked":"AsteroidBelt","floor":8},{"not_picked":["ShootingEcho","WitchOfGreed","DeepEcoloBomb"],"picked":"SKIP","floor":10},{"not_picked":["EventHorizon","Acceleration"],"picked":"Singularity","floor":11},{"not_picked":["SporeBomb","Acceleration"],"picked":"UltimateShortwave","floor":12},{"not_picked":["IllusionStar","EventHorizon","WitchOfGreed"],"picked":"SKIP","floor":13},{"not_picked":["WitchLeyline","Occultation"],"picked":"MilkyWay","floor":14},{"not_picked":["BigCrunch","JA"],"picked":"EscapeVelocity","floor":16},{"not_picked":["GravityBeat","SporeBomb"],"picked":"AsteroidBelt","floor":18},{"not_picked":["ShootTheMoon","UnstableBomb+1"],"picked":"DarkMatter","floor":22},{"not_picked":["Orbital","Robbery","UnstableBomb"],"picked":"SKIP","floor":23},{"not_picked":["WitchOfGreed+1","MysteriousBeam+1"],"picked":"AsteroidBelt+1","floor":24},{"not_picked":["DarkSpark","AlicesGift"],"picked":"MaximisePower","floor":28},{"not_picked":["GravityBeat","6A","PowerUp"],"picked":"SKIP","floor":30},{"not_picked":["MysteriousBeam","6A"],"picked":"GalacticHalo+1","floor":31},{"not_picked":["UltimateShortwave","CasketOfStar+1"],"picked":"SuperNova+1","floor":33},{"not_picked":["ShootingEcho","Robbery","WitchLeyline"],"picked":"SKIP","floor":35},{"not_picked":["SporeBomb","DoubleSpark+1","UnstableBomb+1"],"picked":"SKIP","floor":37},{"not_picked":["UnstableBomb+1","RefractionSpark"],"picked":"Orbital+1","floor":38},{"not_picked":["LuminesStrike","ChargingUp","MysteriousBeam+1"],"picked":"SKIP","floor":41}],"player_experience":772815,"relics_obtained":[{"floor":7,"key":"ShroomBag"},{"floor":9,"key":"MawBank"},{"floor":10,"key":"Centennial Puzzle"},{"floor":14,"key":"aspiration:DSix"},{"floor":23,"key":"CeramicFish"},{"floor":23,"key":"Torii"},{"floor":26,"key":"TungstenRod"},{"floor":28,"key":"Omamori"},{"floor":28,"key":"White Beast Statue"},{"floor":31,"key":"MagicBroom"},{"floor":31,"key":"Bottled Lightning"},{"floor":41,"key":"Nunchaku"},{"floor":41,"key":"Turnip"}],"event_choices":[{"damage_healed":0,"gold_gain":0,"player_choice":"Entered Light","damage_taken":15,"max_hp_gain":0,"max_hp_loss":0,"event_name":"Shining Light","floor":2,"gold_loss":0,"cards_upgraded":["Strike_MRS","Strike_MRS"]},{"damage_healed":0,"gold_gain":75,"player_choice":"Gained Gold","damage_taken":0,"max_hp_gain":0,"max_hp_loss":0,"event_name":"Golden Wing","floor":4,"gold_loss":0},{"damage_healed":26,"gold_gain":0,"player_choice":"Heal","damage_taken":0,"max_hp_gain":0,"max_hp_loss":0,"event_name":"The Library","floor":20,"gold_loss":0},{"damage_healed":0,"gold_gain":0,"cards_transformed":["Strike_MRS"],"player_choice":"Transformed","damage_taken":0,"max_hp_gain":0,"max_hp_loss":0,"event_name":"Transmorgrifier","floor":21,"gold_loss":0,"cards_obtained":["MilkyWay"]},{"damage_healed":0,"gold_gain":0,"player_choice":"Ignored","damage_taken":0,"max_hp_gain":0,"max_hp_loss":0,"event_name":"Tomb of Lord Red Mask","floor":36,"gold_loss":0}],"is_beta":false,"boss_relics":[{"not_picked":["aspiration:PoetsPen_weak","RampagingMagicTools"],"picked":"Black Star"},{"not_picked":["Philosopher\u0027s Stone","aspiration:RunicSpoon"],"picked":"Empty Cage"}],"items_purged_floors":[5,39],"is_endless":false,"potions_floor_spawned":[7,10,11,12,16,24,28,30,31,33,35,37,38,41],"killed_by":"Transient","ascension_level":9}}