{"host":"63rwe7p34ct1i0qu","time":1607933678,"event":{"mods":["BaseMod","DeckTracker","Minty Spire (QoL Compilation)","Permanent Neow","Quick Restart","StSLib"],"gold_per_floor":[118,135,60,78,93,93,93,103,103,131,131,131,131,148,148,250,250,269,269,297,141,66,66,66,66],"floor_reached":24,"playtime":918,"items_purged":["Normality"],"score":184,"play_id":"7d0a623c-ec49-43a9-a474-3dea995d8e9a","local_time":"20201214171438","is_ascension_mode":false,"campfire_choices":[{"data":"Bash","floor":6,"key":"SMITH"},{"data":"Armaments","floor":11,"key":"SMITH"},{"data":"Infernal Blade","floor":13,"key":"SMITH"},{"data":"Battle Trance","floor":15,"key":"SMITH"},{"data":"Second Wind","floor":23,"key":"SMITH"}],"circlet_count":0,"master_deck":["Strike_R","Strike_R","Strike_R","Defend_R","Defend_R","Defend_R","Defend_R","Bash+1","Battle Trance+1","Inflame","Infernal Blade+1","Armaments+1","Second Wind+1","Barricade","Dropkick"],"relics":["Burning Blood","Champion Belt","Anchor","Odd Mushroom","Runic Pyramid","Red Mask","Bag of Preparation"],"acts_visited":["Exordium","TheCity"],"potions_floor_usage":[10],"damage_taken":[{"damage":13,"enemies":"Jaw Worm","floor":1,"turns":3},{"damage":2,"enemies":"2 Louse","floor":2,"turns":4},{"damage":1,"enemies":"Cultist","floor":4,"turns":3},{"damage":17,"enemies":"Exordium Thugs","floor":5,"turns":5},{"damage":7,"enemies":"Blue Slaver","floor":8,"turns":3},{"damage":24,"enemies":"The Mushroom Lair","floor":10,"turns":5},{"damage":3,"enemies":"Large Slime","floor":14,"turns":3},{"damage":34,"enemies":"Slime Boss","floor":16,"turns":11},{"damage":0,"enemies":"2 Thieves","floor":18,"turns":4},{"damage":26,"enemies":"Masked Bandits","floor":20,"turns":4},{"damage":10,"enemies":"Spheric Guardian","floor":24,"turns":5}],"seed_played":"-5932224973619554050","potions_obtained":[{"floor":5,"key":"SteroidPotion"},{"floor":14,"key":"DuplicationPotion"},{"floor":16,"key":"SteroidPotion"},{"floor":18,"key":"ElixirPotion"}],"is_trial":false,"path_per_floor":["M","M","$","M","M","R","$","M","T","?","R","?","R","M","R","B",null,"M","?","?","$","?","R","M"],"character_chosen":"IRONCLAD","items_purchased":["Bag of Preparation"],"campfire_rested":0,"item_purchase_floors":[21],"current_hp_per_floor":[73,77,77,80,69,69,69,68,68,50,50,50,50,53,53,25,80,80,80,60,60,60,60,50,50],"gold":66,"neow_bonus":"ONE_RARE_RELIC","is_daily":false,"chose_seed":false,"campfire_upgraded":5,"win_rate":0.0,"timestamp":1607933678,"path_taken":["M","M","$","M","M","R","$","M","T","?","R","?","R","?","R","BOSS","M","?","?","$","?","R","?"],"items_purchased_type":["Relic"],"build_version":"2020-12-13","purchased_purges":1,"victory":false,"max_hp_per_floor":[80,80,80,80,80,80,80,80,80,80,80,80,80,80,80,80,80,80,80,80,80,80,80,80,80],"card_choices":[{"not_picked":["Warcry","Perfected Strike"],"picked":"Battle Trance","floor":1},{"not_picked":["Cleave","Perfected Strike","Rage"],"picked":"SKIP","floor":2},{"not_picked":["Metallicize","Sever Soul"],"picked":"Inflame","floor":4},{"not_picked":["Sever Soul","Anger"],"picked":"Infernal Blade","floor":5},{"not_picked":["Warcry","Wild Strike"],"picked":"Armaments","floor":8},{"not_picked":["Battle Trance","Twin Strike"],"picked":"Second Wind","floor":10},{"not_picked":["Perfected Strike","Warcry","Pommel Strike"],"picked":"SKIP","floor":14},{"not_picked":["Berserk","Exhume"],"picked":"Barricade","floor":16},{"not_picked":["Clash+1","Sever Soul"],"picked":"Dropkick","floor":18}],"player_experience":759472,"relics_obtained":[{"floor":9,"key":"Anchor"},{"floor":10,"key":"Odd Mushroom"},{"floor":20,"key":"Red Mask"}],"event_choices":[{"damage_healed":0,"gold_gain":0,"player_choice":"Fought Mushrooms","damage_taken":0,"max_hp_gain":0,"max_hp_loss":0,"event_name":"Mushrooms","floor":10,"gold_loss":0},{"cards_removed":["Strike_R"],"damage_healed":0,"gold_gain":0,"player_choice":"Offered Basic","damage_taken":0,"max_hp_gain":0,"max_hp_loss":0,"event_name":"Bonfire Elementals","floor":12,"gold_loss":0},{"damage_healed":0,"gold_gain":0,"player_choice":"Ignored","damage_taken":0,"max_hp_gain":0,"max_hp_loss":0,"event_name":"Ghosts","floor":19,"gold_loss":0},{"damage_healed":0,"gold_gain":0,"player_choice":"Fought Bandits","damage_taken":0,"max_hp_gain":0,"max_hp_loss":0,"event_name":"Masked Bandits","floor":20,"gold_loss":0},{"cards_removed":["Strike_R"],"damage_healed":0,"gold_gain":0,"player_choice":"Gave Gold","damage_taken":0,"max_hp_gain":0,"max_hp_loss":0,"event_name":"Beggar","floor":22,"gold_loss":75}],"is_beta":false,"boss_relics":[{"not_picked":["SacredBark","Tiny House"],"picked":"Runic Pyramid"}],"items_purged_floors":[3],"is_endless":false,"potions_floor_spawned":[5,14,16,18],"killed_by":"Spheric Guardian","ascension_level":0}}