{"host":"ecr3kz287jr92u81","time":1607930818,"event":{"mods":["Act Like it!","BaseMod","Dota2Spire","Hallownest","Lobotomy","LobotomyExtend","Minty Spire (QoL Compilation)","Pale of the Ancients","Quick Restart","Replay The Spire","RumiaBox-露米娅的神秘盒子","Spicy Shops","StSLib","[IsaacMod]以撒尖塔","vexMod","【东方二次创作】八云紫mod"],"gold_per_floor":[131,144,163,178,197,224,234,159,159,159,178,204,219,234,234,234,234],"floor_reached":16,"playtime":1041,"items_purged":["Defend_purpleEX"],"score":336,"play_id":"7cc6e384-54f6-4e4e-a539-d363120ef37a","local_time":"20201214152658","daily_mods":["Vintage","Heirloom","Time Dilation","Flight","DeadlyEvents","Elite Swarm"],"is_ascension_mode":true,"campfire_choices":[{"data":"Observe_purple_2","floor":10,"key":"SMITH"},{"floor":15,"key":"REST"}],"circlet_count":0,"master_deck":["AscendersBane","AT_purpleEX","AT_purpleEX","AT_purpleEX","AT_purpleEX","Defend_purpleEX","Defend_purpleEX","Defend_purpleEX","Observe_purple_1","Observe_purple_2+1","Fantasy_PerpetualMotionMachine_purple","ContainerChange_purple"],"relics":["Boundary_crack","Memoryfragments_purpleEX","replay:Trail_Library","HushsDoor","PillsDrop","Dota2Spire:ShivaGuard","LetterFromLob","ReplayTheSpireMod:Lightbulb","AddBug","SecretRecord","SecretRecord","SecretRecord"],"acts_visited":["Exordium"],"potions_floor_usage":[4,6,12,16],"damage_taken":[{"damage":0.0,"enemies":"Cultist","floor":1.0,"turns":4.0},{"damage":0.0,"enemies":"Jaw Worm","floor":2.0,"turns":5.0},{"damage":0,"enemies":"2 Louse","floor":3,"turns":3},{"damage":23,"enemies":"Exordium Thugs","floor":4,"turns":6},{"damage":9,"enemies":"Blue Slaver","floor":5,"turns":5},{"damage":22,"enemies":"Lagavulin","floor":6,"turns":7},{"damage":13,"enemies":"Large Slime","floor":7,"turns":9},{"damage":15,"enemies":"3 Louse","floor":11,"turns":5},{"damage":28,"enemies":"Gremlin Nob","floor":12,"turns":4},{"damage":2,"enemies":"Blue Slaver","floor":13,"turns":4},{"damage":14,"enemies":"Exordium Wildlife","floor":14,"turns":6},{"damage":17,"enemies":"Fading Forest","floor":16,"turns":3}],"seed_played":"-1634225027272167990","potions_obtained":[{"floor":2,"key":"Toxic Potion"},{"floor":4,"key":"SkillPotion"},{"floor":11,"key":"Swift Potion"},{"floor":12,"key":"SkillPotion"}],"is_trial":true,"path_per_floor":["M","M","M","M","M","E","M","$","T","R","M","E","M","M","R","B"],"character_chosen":"Youkari","items_purchased":[],"campfire_rested":1,"item_purchase_floors":[],"current_hp_per_floor":[61,65,65,46,41,24,16,16,16,16,35,12,15,6,26,9,9],"gold":234,"neow_bonus":"","is_daily":false,"chose_seed":false,"campfire_upgraded":1,"win_rate":0.0,"timestamp":1607930818,"path_taken":["M","M","M","M","M","E","M","?","T","R","M","E","M","M","R","BOSS"],"items_purchased_type":[],"build_version":"2020-12-13","purchased_purges":1,"victory":false,"max_hp_per_floor":[65,65,65,65,65,65,65,65,65,65,68,68,68,68,68,68,68],"card_choices":[{"not_picked":[],"picked":"Bomb","floor":0.0},{"not_picked":["WangLiang_OokamiKakushi_purple","BarrageBoundary_PipeDream_purple"],"picked":"UniverseChoice_purple","floor":6},{"not_picked":["WangLiang_LineAndCurveDreams_purple","UniverseChoice_purple"],"picked":"ContainerChange_purple","floor":12}],"player_experience":153063,"relics_obtained":[{"floor":1.0,"key":"LetterFromLob"},{"floor":1.0,"key":"ReplayTheSpireMod:Lightbulb"},{"floor":1.0,"key":"AddBug"},{"floor":2,"key":"Bottled Lightning"},{"floor":3,"key":"Replay:Wax Seal"},{"floor":4,"key":"Dota2Spire:PowerTreads"},{"floor":5,"key":"BelialBook"},{"floor":6,"key":"SecretRecord"},{"floor":6,"key":"Dota2Spire:LotusOrb"},{"floor":7,"key":"Mercury Hourglass"},{"floor":9,"key":"MoneyPower"},{"floor":11,"key":"Lizard Tail"},{"floor":12,"key":"Bag of Marbles"},{"floor":13,"key":"SecretRecord"},{"floor":13,"key":"AnarchistCookbook"},{"floor":14,"key":"Incense Burner"}],"event_choices":[],"is_beta":false,"boss_relics":[],"items_purged_floors":[8],"is_endless":true,"potions_floor_spawned":[2,4,11,12],"killed_by":"Fading Forest","ascension_level":20}}