{"host":"vm2xipfi7knqomas","time":1607987086,"event":{"mods":["BaseMod","BetterRewards","Downfall","Hermit","Minty Spire (QoL Compilation)","Shop Mod","StSLib"],"gold_per_floor":[118,136,136,211,231,231,264,264,264,299,317,317,317,336,336,433,433,463,475,505,517,529,541,572,584,670,781,811,823,161,171,171,270,270,289,289,18,29,41,41,69,81,81,93,112,162,162,178,178,178],"floor_reached":51,"playtime":1996,"items_purged":["Strike_P+1","Strike_P+1"],"score":939,"play_id":"34e3707c-1b2f-45f0-9965-168fedc12782","local_time":"20201214180446","is_ascension_mode":false,"campfire_choices":[{"data":"Eruption","floor":6.0,"key":"SMITH"},{"data":"Conclude","floor":8.0,"key":"SMITH"},{"floor":13.0,"key":"REST"},{"data":"Ragnarok","floor":15.0,"key":"SMITH"},{"data":"Vault","floor":23.0,"key":"SMITH"},{"data":"Evaluate","floor":29.0,"key":"SMITH"},{"floor":32.0,"key":"REST"},{"floor":40,"key":"REST"},{"floor":49,"key":"REST"}],"circlet_count":0,"master_deck":["Strike_P+1","Strike_P+1","Defend_P+1","Defend_P+1","Defend_P+1","Defend_P+1","Eruption+1","Vigilance+1","ClearTheMind+1","Halt+1","Wireheading","Conclude+1","Ragnarok+1","Evaluate+1","BowlingBash","Vault+1","CurseOfTheBell","FlurryOfBlows+1","Tantrum","Tantrum+1","FollowUp","EmptyMind","DevaForm","Wallop+1","MentalFortress","InnerPeace","Parasite","ThirdEye+1","ClearTheMind+1","TalkToTheHand+1","Protect+1","InnerPeace+1","MentalFortress"],"relics":["PureWater","Vajra","MerchantsRug","Peace Pipe","TungstenRod","Mercury Hourglass","Calling Bell","MawBank","Blue Candle","Calipers","Meat on the Bone","Thread and Needle","Regal Pillow","HandDrill","Sozu","Damaru","War Paint","Bottled Lightning","GoldenEye"],"acts_visited":["Exordium","TheCity","TheBeyond"],"potions_floor_usage":[33,33],"damage_taken":[{"damage":0.0,"enemies":"Small Slimes","floor":1.0,"turns":2.0},{"damage":0.0,"enemies":"2 Louse","floor":2.0,"turns":1.0},{"damage":0.0,"enemies":"Jaw Worm","floor":5.0,"turns":3.0},{"damage":0.0,"enemies":"Lagavulin","floor":7.0,"turns":4.0},{"damage":27.0,"enemies":"Gremlin Nob","floor":10.0,"turns":3.0},{"damage":0.0,"enemies":"Exordium Wildlife","floor":11.0,"turns":1.0},{"damage":0.0,"enemies":"2 Fungi Beasts","floor":14.0,"turns":2.0},{"damage":19.0,"enemies":"The Guardian","floor":16.0,"turns":10.0},{"damage":14.0,"enemies":"2 Thieves","floor":18.0,"turns":3.0},{"damage":0.0,"enemies":"Spheric Guardian","floor":20.0,"turns":3.0},{"damage":9.0,"enemies":"Centurion and Healer","floor":24.0,"turns":4.0},{"damage":0.0,"enemies":"Snecko","floor":28.0,"turns":3.0},{"damage":0.0,"enemies":"3 Cultists","floor":31.0,"turns":3.0},{"damage":22,"enemies":"Automaton","floor":33,"turns":7},{"damage":17,"enemies":"3 Darklings","floor":35,"turns":4},{"damage":0,"enemies":"3 Shapes","floor":38,"turns":5},{"damage":40,"enemies":"Writhing Mass","floor":39,"turns":5},{"damage":13,"enemies":"Giant Head","floor":41,"turns":8},{"damage":31,"enemies":"Spire Growth","floor":42,"turns":5},{"damage":0,"enemies":"Transient","floor":44,"turns":6},{"damage":14,"enemies":"4 Shapes","floor":45,"turns":7},{"damage":1,"enemies":"Mind Bloom Boss Battle","floor":46,"turns":5},{"damage":27,"enemies":"Spire Growth","floor":48,"turns":5},{"damage":42,"enemies":"Awakened One","floor":50,"turns":11}],"seed_played":"4632114114088964347","potions_obtained":[{"floor":7.0,"key":"Energy Potion"},{"floor":10.0,"key":"FearPotion"},{"floor":14.0,"key":"GamblersBrew"},{"floor":16.0,"key":"Guardian:BlockOnCardUsePotion"},{"floor":28.0,"key":"Fire Potion"},{"floor":33,"key":"Guardian:BlockOnCardUsePotion"}],"is_trial":false,"path_per_floor":["M","M","?","?","M","R","E","R","T","E","M","?","R","M","R","B",null,"M","?","M","$","?","R","M","?","T","?","M","R","$","M","R","B",null,"M","?","$","M","M","R","E","M","T","M","M","?","?","M","R","B",null],"character_chosen":"WATCHER","items_purchased":["Vajra","MerchantsRug","Thread and Needle","Regal Pillow","HandDrill","MentalFortress","Damaru"],"campfire_rested":4,"item_purchase_floors":[0,0,30,30,30,37,37],"current_hp_per_floor":[72,72,72,61,61,61,61,61,61,34,34,34,55,55,55,36,72,58,58,58,58,58,58,49,49,49,49,49,49,49,49,72,50,72,55,55,55,55,27,62,49,30,30,42,40,39,39,24,59,29],"gold":178,"neow_bonus":"","is_daily":false,"chose_seed":false,"campfire_upgraded":5,"win_rate":0.0,"timestamp":1607987086,"path_taken":["M","M","?","?","M","R","E","R","T","E","M","?","R","M","R","BOSS","M","?","M","$","?","R","?","?","T","?","M","R","$","M","R","BOSS","M","?","?","M","M","R","E","M","T","M","M","?","?","M","R","BOSS"],"items_purchased_type":["Relic","Relic","Relic","Relic","Relic","Card","Relic"],"build_version":"2020-12-13","purchased_purges":2,"victory":true,"max_hp_per_floor":[72,72,72,72,72,72,72,72,72,72,72,72,72,72,72,72,72,72,72,72,72,72,72,72,72,72,72,72,72,72,72,72,72,72,72,68,68,68,68,68,68,68,68,68,68,68,68,68,68,68],"card_choices":[{"not_picked":["Protect","PathToVictory"],"picked":"ClearTheMind","floor":1.0},{"not_picked":["CarveReality","EmptyBody"],"picked":"Halt","floor":2.0},{"not_picked":["ThirdEye","SandsOfTime"],"picked":"Wireheading","floor":5.0},{"not_picked":["PathToVictory","Crescendo"],"picked":"Conclude","floor":7.0},{"not_picked":["EmptyFist","WaveOfTheHand"],"picked":"Ragnarok","floor":10.0},{"not_picked":["Consecrate","WreathOfFlame"],"picked":"Evaluate","floor":11.0},{"not_picked":["Fasting2","ClearTheMind"],"picked":"BowlingBash","floor":14.0},{"not_picked":["Establishment","Omniscience"],"picked":"Vault","floor":16.0},{"not_picked":["ReachHeaven+1","JustLucky+1"],"picked":"FlurryOfBlows+1","floor":18.0},{"not_picked":["EmptyFist","Consecrate+1"],"picked":"Tantrum","floor":20.0},{"not_picked":["WindmillStrike","FlyingSleeves"],"picked":"Tantrum+1","floor":24.0},{"not_picked":["FlurryOfBlows","Weave+1"],"picked":"FollowUp","floor":28.0},{"not_picked":["CarveReality","PathToVictory"],"picked":"EmptyMind","floor":31.0},{"not_picked":["Wish","Blasphemy"],"picked":"DevaForm","floor":33},{"not_picked":["JustLucky","EmptyFist+1"],"picked":"Wallop+1","floor":35},{"not_picked":["EmptyBody+1","WreathOfFlame+1"],"picked":"InnerPeace","floor":38},{"not_picked":["CrushJoints","Conclude+1"],"picked":"ThirdEye+1","floor":39},{"not_picked":["Protect","Halt"],"picked":"ClearTheMind+1","floor":41},{"not_picked":["Consecrate+1","EmptyBody+1","PathToVictory+1"],"picked":"SKIP","floor":42},{"not_picked":["ThirdEye+1","BowlingBash"],"picked":"TalkToTheHand+1","floor":44},{"not_picked":["FollowUp+1","Fasting2"],"picked":"Protect+1","floor":45},{"not_picked":["Protect","PathToVictory"],"picked":"InnerPeace+1","floor":46},{"not_picked":["Weave","Vengeance"],"picked":"MentalFortress","floor":48}],"player_experience":123704,"relics_obtained":[{"floor":7.0,"key":"Peace Pipe"},{"floor":9.0,"key":"TungstenRod"},{"floor":10.0,"key":"Mercury Hourglass"},{"floor":17.0,"key":"MawBank"},{"floor":17.0,"key":"Blue Candle"},{"floor":17.0,"key":"Calipers"},{"floor":26.0,"key":"Meat on the Bone"},{"floor":41,"key":"War Paint"},{"floor":43,"key":"Bottled Lightning"},{"floor":46,"key":"GoldenEye"}],"event_choices":[{"damage_healed":0.0,"max_hp_gain":0.0,"max_hp_loss":0.0,"gold_gain":0.0,"event_name":"Living Wall","player_choice":"Grow","floor":3.0,"gold_loss":0.0,"damage_taken":0.0,"cards_upgraded":["ClearTheMind"]},{"damage_healed":0.0,"max_hp_gain":0.0,"max_hp_loss":0.0,"gold_gain":75.0,"event_name":"World of Goop","player_choice":"Gather Gold","floor":4.0,"gold_loss":0.0,"damage_taken":11.0},{"damage_healed":0.0,"max_hp_gain":0.0,"max_hp_loss":0.0,"gold_gain":0.0,"event_name":"Dead Adventurer","player_choice":"Searched \u00271\u0027 times","floor":12.0,"gold_loss":0.0,"damage_taken":0.0},{"damage_healed":0.0,"max_hp_gain":0.0,"max_hp_loss":0.0,"gold_gain":0.0,"event_name":"Back to Basics","player_choice":"Simplicity","floor":19.0,"gold_loss":0.0,"damage_taken":0.0,"cards_upgraded":["Strike_P","Strike_P","Strike_P","Strike_P","Defend_P","Defend_P","Defend_P","Defend_P"]},{"damage_healed":0.0,"max_hp_gain":0.0,"max_hp_loss":0.0,"gold_gain":0.0,"event_name":"Vampires","player_choice":"Ignored","floor":22.0,"gold_loss":0.0,"damage_taken":0.0},{"damage_healed":0.0,"max_hp_gain":0.0,"max_hp_loss":0.0,"gold_gain":0.0,"event_name":"The Mausoleum","player_choice":"Ignored","floor":25.0,"gold_loss":0.0,"damage_taken":0.0},{"damage_healed":0.0,"max_hp_gain":0.0,"max_hp_loss":0.0,"gold_gain":99.0,"event_name":"Nest","player_choice":"Stole From Cult","floor":27.0,"gold_loss":0.0,"damage_taken":0.0},{"damage_healed":0,"gold_gain":0,"player_choice":"Max HP","damage_taken":0,"max_hp_gain":0,"max_hp_loss":4,"event_name":"Winding Halls","floor":36,"gold_loss":0},{"damage_healed":0,"gold_gain":0,"player_choice":"Fight","damage_taken":0,"max_hp_gain":0,"max_hp_loss":0,"event_name":"MindBloom","floor":46,"gold_loss":0},{"damage_healed":0,"gold_gain":0,"player_choice":"Ignored","damage_taken":0,"max_hp_gain":0,"max_hp_loss":0,"event_name":"SecretPortal","floor":47,"gold_loss":0}],"is_beta":false,"boss_relics":[{"not_picked":["Ectoplasm","Velvet Choker"],"picked":"Calling Bell"},{"not_picked":["HolyWater","Coffee Dripper"],"picked":"Sozu"}],"items_purged_floors":[30,37],"is_endless":false,"potions_floor_spawned":[7,10,14,16,18,28,33,38,39,44,45],"ascension_level":0}}