{"host":"svab9sudlrudptws","time":1607979524,"event":{"mods":["BaseMod","Colored Powertips","Minty Spire (QoL Compilation)","Robot Space Explorer","Shade Mod","StSLib","The Blackbeard","The Mystic","The Necromancer","The Poker Player","The Servant 0.9.4"],"gold_per_floor":[111,111,111,111,61,61,91,91,91,129,158,158,186,216,216,303,303,324,324,107,32,41,41,41],"floor_reached":23,"playtime":1292,"items_purged":[],"score":473,"play_id":"aace3b11-eaba-4010-8f05-43f49430718c","local_time":"20201214225844","is_ascension_mode":true,"campfire_choices":[{"floor":6,"key":"RECALL"},{"data":"Negative_Energy_Arrows","floor":8,"key":"SMITH"},{"data":"Slay_Living","floor":15,"key":"SMITH"}],"circlet_count":0,"master_deck":["AscendersBane","Strike_W+1","Strike_W","Defend_W","Defend_W","Defend_W+1","Defend_W","Negative_Energy_Arrows+1","Bone_Wall","Consume_Illness","Blood_Is_Power","Life_Drain","Acid_Javelin","Slay_Living+1","Summon_Vampire_Lady","Toxic_Smoke_Screen","Cloudkill","Necronomicurse"],"relics":["Vampire_Amulet","NeowsBlessing","Matryoshka","FossilizedHelix","Blue Candle","Question Card","CeramicFish","Gremlin Horn","Velvet Choker","Anchor","OrangePellets","Necronomicon"],"acts_visited":["Exordium","TheCity"],"potions_floor_usage":[14,23,23,23],"damage_taken":[{"damage":0,"enemies":"Small Slimes","floor":1,"turns":1},{"damage":0,"enemies":"Gremlin Nob","floor":7,"turns":1},{"damage":0,"enemies":"3 Sentries","floor":10,"turns":2},{"damage":0,"enemies":"2 Louse","floor":11,"turns":3},{"damage":0,"enemies":"Jaw Worm","floor":13,"turns":3},{"damage":12,"enemies":"Gremlin Nob","floor":14,"turns":4},{"damage":41,"enemies":"Hexaghost","floor":16,"turns":10},{"damage":23,"enemies":"Shell Parasite","floor":18,"turns":9},{"damage":72,"enemies":"Slavers","floor":23,"turns":4}],"seed_played":"-2754638588671439991","potions_obtained":[{"floor":7,"key":"AttackPotion"},{"floor":11,"key":"EntropicBrew"},{"floor":14,"key":"SkillPotion"},{"floor":18,"key":"Strength Potion"}],"is_trial":false,"path_per_floor":["M","?","$","?","?","R","E","R","T","E","M","?","M","E","R","B",null,"M","?","$","?","?","E"],"character_chosen":"NECROMANCER","items_purchased":["Cloudkill","OrangePellets"],"campfire_rested":0,"item_purchase_floors":[20,20],"current_hp_per_floor":[68,50,50,55,55,55,57,57,57,63,73,58,66,62,62,29,64,74,67,67,67,51,0,0],"gold":41,"neow_bonus":"THREE_ENEMY_KILL","is_daily":false,"chose_seed":false,"campfire_upgraded":2,"win_rate":0.0,"timestamp":1607979524,"path_taken":["M","?","$","?","?","R","E","R","T","E","M","?","M","E","R","BOSS","M","?","$","?","?","E"],"items_purchased_type":["Card","Relic"],"build_version":"2020-12-13","purchased_purges":0,"victory":false,"max_hp_per_floor":[71,71,71,76,76,76,76,76,76,76,76,76,76,76,76,76,76,76,76,76,76,76,76,76],"card_choices":[{"not_picked":["Bone_Armor","Bones_to_Steel"],"picked":"Consume_Illness","floor":1},{"not_picked":["Life_Tap","Plague_Bolt"],"picked":"Blood_Is_Power","floor":7},{"not_picked":["Negative_Energy_Sphere","Plague_Bolt","Violent_Necrosis"],"picked":"Life_Drain","floor":10},{"not_picked":["Exploit","Death_Coil","Chill_Blood"],"picked":"Acid_Javelin","floor":11},{"not_picked":["Bone_Bullets","Blood_Curse","Negative_Energy_Mist"],"picked":"Slay_Living","floor":13},{"not_picked":["Scare","Necromantic_Selection","Shackles_Of_Pain","Negative_Energy_Bomb"],"picked":"SKIP","floor":14},{"not_picked":["Requiem","Summon_Death_Knight","Cloudkill"],"picked":"Summon_Vampire_Lady","floor":16},{"not_picked":["Blood_Curse","Shackles_Of_Pain","Death_March_Dance"],"picked":"Toxic_Smoke_Screen","floor":18}],"player_experience":1559071,"relics_obtained":[{"floor":7,"key":"FossilizedHelix"},{"floor":9,"key":"Blue Candle"},{"floor":9,"key":"Question Card"},{"floor":10,"key":"CeramicFish"},{"floor":14,"key":"Gremlin Horn"},{"floor":22,"key":"Necronomicon"}],"event_choices":[{"damage_healed":0,"gold_gain":0,"player_choice":"Success","damage_taken":18,"relics_obtained":["Matryoshka"],"max_hp_gain":0,"max_hp_loss":0,"event_name":"Scrap Ooze","floor":2,"gold_loss":0},{"damage_healed":0,"gold_gain":0,"player_choice":"Donut","damage_taken":0,"max_hp_gain":5,"max_hp_loss":0,"event_name":"Big Fish","floor":4,"gold_loss":0},{"cards_removed":["Strike_W"],"damage_healed":0,"gold_gain":0,"player_choice":"Card Removal","damage_taken":0,"max_hp_gain":0,"max_hp_loss":0,"event_name":"The Cleric","floor":5,"gold_loss":50},{"damage_healed":0,"gold_gain":0,"player_choice":"Entered Light","damage_taken":15,"max_hp_gain":0,"max_hp_loss":0,"event_name":"Shining Light","floor":12,"gold_loss":0,"cards_upgraded":["Defend_W","Strike_W"]},{"damage_healed":0,"gold_gain":0,"player_choice":"Anchor","damage_taken":0,"relics_obtained":["Anchor"],"max_hp_gain":0,"max_hp_loss":0,"event_name":"blackbeard:ShipwreckEvent","floor":19,"gold_loss":0},{"cards_removed":["Strike_W"],"damage_healed":0,"gold_gain":0,"player_choice":"Gave Gold","damage_taken":0,"max_hp_gain":0,"max_hp_loss":0,"event_name":"Beggar","floor":21,"gold_loss":75},{"damage_healed":0,"gold_gain":0,"player_choice":"Obtained Book","damage_taken":16,"max_hp_gain":0,"max_hp_loss":0,"event_name":"Cursed Tome","floor":22,"gold_loss":0}],"is_beta":false,"boss_relics":[{"not_picked":["Runic Pyramid","Snecko Eye"],"picked":"Velvet Choker"}],"items_purged_floors":[],"is_endless":false,"potions_floor_spawned":[7,11,14,18],"killed_by":"Slavers","ascension_level":14}}