{"host":"5gc11emcm5chfr5t","time":1607984700,"event":{"mods":["2.2 Compatiblity","AchievementEnabler","BaseMod","Bestiary","Better Note","Colored Map","Colored Powertips","Downfall","Googly Eyes","Minty Spire (QoL Compilation)","Rare Cards Sparkle","Say the Spire","StSLib"],"gold_per_floor":[116,133,133,133,151,182,182,194,194,194,219,219,230,52,52,152,152,170,203,241,241,241,241,336,336,336,336,397,397],"floor_reached":28,"playtime":1082,"items_purged":[],"score":337,"play_id":"8161a1d8-8f42-4ddf-839f-48a5aefd924c","local_time":"20201214172500","is_ascension_mode":true,"campfire_choices":[{"floor":10,"key":"RECALL"},{"data":"sneckomod:CheapStock","floor":12,"key":"SMITH"},{"data":"sneckomod:PureSnecko","floor":15,"key":"SMITH"},{"data":"sneckomod:GlitteringGambit","floor":23,"key":"SMITH"},{"data":"sneckomod:SlitherStrike","floor":25,"key":"SMITH"}],"circlet_count":0,"master_deck":["sneckomod:Defend","sneckomod:Defend","sneckomod:Defend","sneckomod:TailWhip","sneckomod:SnekBite+1","sneckomod:Unknown+1","sneckomod:Unknown","sneckomod:UnknownClassBLUE","sneckomod:SoulDraw","sneckomod:Bewildered","sneckomod:Nope","sneckomod:UnknownExhaust","sneckomod:DiceBlock","sneckomod:WideSting","sneckomod:CheapStock+1","sneckomod:PureSnecko+1","sneckomod:UnknownUncommonPower","sneckomod:GlitteringGambit+1","sneckomod:SerpentIdol","sneckomod:UnknownStrike","sneckomod:UnknownClassGUARDIAN+1","Bite","Bite","Bite","Bite","Bite","sneckomod:SlitherStrike+1"],"relics":["sneckomod:SneckoSoul","NeowsBlessing","Vajra","Lizard Tail","Eternal Feather","Turnip","Lee\u0027s Waffle","Snecko Eye","Darkstone Periapt","Toxic Egg 2"],"acts_visited":["Exordium","TheCity"],"potions_floor_usage":[8,11,19,20,20,24],"damage_taken":[{"damage":0,"enemies":"2 Louse","floor":1,"turns":1},{"damage":0,"enemies":"Small Slimes","floor":2,"turns":1},{"damage":0,"enemies":"Cultist","floor":5,"turns":1},{"damage":0,"enemies":"Lagavulin","floor":6,"turns":3},{"damage":4,"enemies":"Red Slaver","floor":8,"turns":2},{"damage":35,"enemies":"3 Sentries","floor":11,"turns":8},{"damage":21,"enemies":"Gremlin Gang","floor":13,"turns":3},{"damage":101,"enemies":"Hexaghost","floor":16,"turns":15},{"damage":0,"enemies":"Spheric Guardian","floor":18,"turns":2},{"damage":0,"enemies":"3 Byrds","floor":19,"turns":2},{"damage":14,"enemies":"Snecko","floor":20,"turns":6},{"damage":28,"enemies":"Gremlin Leader","floor":24,"turns":8},{"damage":86,"enemies":"Book of Stabbing","floor":28,"turns":6}],"seed_played":"9193682522424638259","potions_obtained":[{"floor":1,"key":"Explosive Potion"},{"floor":2,"key":"sneckomod:CheatPotion"},{"floor":6,"key":"Slimebound:ThreeZeroPotion"},{"floor":11,"key":"Guardian:BlockOnCardUsePotion"},{"floor":18,"key":"AttackPotion"},{"floor":19,"key":"hexamod:EctoCoolerPotion"},{"floor":20,"key":"DistilledChaos"}],"is_trial":false,"path_per_floor":["M","M","?","?","M","E","?","M","T","R","E","R","M","$","R","B",null,"M","M","M","?","?","R","E","R","T","?","E"],"character_chosen":"THE_SNECKO","items_purchased":["Lee\u0027s Waffle","sneckomod:UnknownUncommonPower"],"campfire_rested":0,"item_purchase_floors":[14,14],"current_hp_per_floor":[91,91,73,73,73,74,74,70,70,79,44,53,32,100,100,50,100,100,110,97,77,63,78,63,78,78,78,0,0],"gold":397,"neow_bonus":"THREE_ENEMY_KILL","is_daily":false,"chose_seed":false,"campfire_upgraded":4,"win_rate":0.0,"timestamp":1607984700,"path_taken":["M","M","?","?","M","E","?","M","T","R","E","R","?","?","R","BOSS","M","M","?","?","?","R","E","R","T","?","E"],"items_purchased_type":["Relic","Card"],"build_version":"2020-12-13","purchased_purges":0,"victory":false,"max_hp_per_floor":[91,91,91,91,91,92,92,92,92,92,92,92,92,100,100,100,100,100,110,111,77,82,82,82,82,82,82,82,82],"card_choices":[{"not_picked":["sneckomod:UnknownStrike","sneckomod:UnknownVulnerable"],"picked":"sneckomod:UnknownClassBLUE","floor":1},{"not_picked":["sneckomod:UnknownCommonSkill","sneckomod:UnknownStrike"],"picked":"sneckomod:SoulDraw","floor":2},{"not_picked":["sneckomod:RainOfDice","sneckomod:QuickBite"],"picked":"sneckomod:Nope","floor":5},{"not_picked":["sneckomod:ImprovisedAttack","sneckomod:UnknownCommonSkill"],"picked":"sneckomod:UnknownExhaust","floor":6},{"not_picked":["sneckomod:QuickMove","sneckomod:DiceCrush"],"picked":"sneckomod:WideSting","floor":8},{"not_picked":["sneckomod:UnknownClassSLIMEBOUND","sneckomod:UnknownClassRED"],"picked":"sneckomod:CheapStock","floor":11},{"not_picked":["sneckomod:IronFang","sneckomod:SlitherStrike"],"picked":"sneckomod:PureSnecko","floor":13},{"not_picked":["sneckomod:SerpentMind","sneckomod:Restock"],"picked":"sneckomod:GlitteringGambit","floor":16},{"not_picked":["sneckomod:QuickMove","sneckomod:QuickBite"],"picked":"sneckomod:SerpentIdol","floor":18},{"not_picked":["sneckomod:RainOfDice","sneckomod:QuickMove"],"picked":"sneckomod:UnknownStrike","floor":19},{"not_picked":["sneckomod:DiceCrush","sneckomod:RainOfDice"],"picked":"sneckomod:UnknownClassGUARDIAN+1","floor":20},{"not_picked":["sneckomod:IronFang","sneckomod:UnknownX+1"],"picked":"sneckomod:SlitherStrike","floor":24}],"player_experience":364902,"relics_obtained":[{"floor":6,"key":"Lizard Tail"},{"floor":9,"key":"Eternal Feather"},{"floor":11,"key":"Turnip"},{"floor":24,"key":"Darkstone Periapt"},{"floor":26,"key":"Toxic Egg 2"}],"event_choices":[{"damage_healed":0,"gold_gain":0,"player_choice":"Entered Light","damage_taken":18,"max_hp_gain":0,"max_hp_loss":0,"event_name":"Shining Light","floor":3,"gold_loss":0,"cards_upgraded":["sneckomod:SnekBite","sneckomod:Unknown"]},{"damage_healed":0,"gold_gain":0,"cards_transformed":["sneckomod:Strike"],"player_choice":"Transformed","damage_taken":0,"max_hp_gain":0,"max_hp_loss":0,"event_name":"Transmorgrifier","floor":7,"gold_loss":0,"cards_obtained":["sneckomod:DiceBlock"]},{"damage_healed":0,"gold_gain":0,"player_choice":"Became a vampire","damage_taken":0,"max_hp_gain":0,"max_hp_loss":34,"event_name":"Vampires","floor":21,"gold_loss":0,"cards_obtained":["Bite","Bite","Bite","Bite","Bite"]},{"damage_healed":0,"gold_gain":0,"player_choice":"Shed Blood","damage_taken":19,"max_hp_gain":5,"max_hp_loss":0,"event_name":"Forgotten Altar","floor":22,"gold_loss":0},{"damage_healed":0,"gold_gain":0,"player_choice":"Ignored","damage_taken":0,"max_hp_gain":0,"max_hp_loss":0,"event_name":"Ghosts","floor":27,"gold_loss":0}],"is_beta":false,"boss_relics":[{"not_picked":["Black Star","SacredBark"],"picked":"Snecko Eye"}],"items_purged_floors":[],"is_endless":false,"potions_floor_spawned":[1,2,6,11,18,19,20],"killed_by":"Book of Stabbing","ascension_level":3}}