{"host":"v0dnu0zs4qo0v13s","time":1607934591,"event":{"mods":["BaseMod","Colored Map","Colored Powertips","Minty Spire (QoL Compilation)","Relic Stats","StSLib","SuperFastMode","everything is the same but u backflip on backflip"],"gold_per_floor":[115,115,131,101,111,111,146,146,146,156,9,21,21,21,21,21,21],"floor_reached":16,"playtime":520,"items_purged":[],"score":165,"play_id":"26734dd3-b931-4a2d-8df6-a404a406d5ad","local_time":"20201214032951","is_ascension_mode":true,"campfire_choices":[{"data":"Metallicize","floor":6,"key":"SMITH"},{"data":"Rupture","floor":8,"key":"SMITH"},{"floor":13,"key":"REST"},{"data":"True Grit","floor":15,"key":"SMITH"}],"circlet_count":0,"master_deck":["AscendersBane","Strike_R","Strike_R","Strike_R","Strike_R","Strike_R","Defend_R","Defend_R","Defend_R","Defend_R","Bash","Armaments+1","Headbutt","Metallicize+1","Rupture+1","Rampage","True Grit+1"],"relics":["Burning Blood","NeowsBlessing","Bird Faced Urn","Thread and Needle","PreservedInsect"],"acts_visited":["Exordium"],"potions_floor_usage":[16],"damage_taken":[{"damage":0,"enemies":"2 Louse","floor":1,"turns":1},{"damage":0,"enemies":"Cultist","floor":3,"turns":1},{"damage":0,"enemies":"Jaw Worm","floor":5,"turns":1},{"damage":33,"enemies":"Gremlin Nob","floor":7,"turns":5},{"damage":49,"enemies":"Exordium Thugs","floor":10,"turns":9},{"damage":6,"enemies":"2 Fungi Beasts","floor":12,"turns":4},{"damage":30,"enemies":"Slime Boss","floor":16,"turns":10}],"seed_played":"2689228921360122709","potions_obtained":[{"floor":4,"key":"GamblersBrew"},{"floor":4,"key":"LiquidBronze"},{"floor":10,"key":"Energy Potion"}],"is_trial":false,"path_per_floor":["M","?","M","?","M","R","E","R","T","M","$","M","R","$","R","B"],"character_chosen":"IRONCLAD","items_purchased":["PreservedInsect"],"campfire_rested":1,"item_purchase_floors":[11],"current_hp_per_floor":[78,78,80,80,80,80,53,53,53,14,14,14,38,38,38,12,12],"gold":21,"neow_bonus":"THREE_ENEMY_KILL","is_daily":false,"chose_seed":false,"campfire_upgraded":3,"win_rate":0.0,"timestamp":1607934591,"path_taken":["M","?","?","?","M","R","E","R","T","M","$","M","R","$","R","BOSS"],"items_purchased_type":["Relic"],"build_version":"2020-12-13","purchased_purges":0,"victory":false,"max_hp_per_floor":[80,80,80,80,80,80,80,80,80,80,80,80,80,80,80,80,80],"relic_stats":{"counters":[7,31],"Bird Faced Urn":[8],"PreservedInsect":0,"obtain_stats":[{"NeowsBlessing":0,"Bird Faced Urn":7,"Thread and Needle":9,"PreservedInsect":11,"Burning Blood":0},{"NeowsBlessing":0,"Bird Faced Urn":4,"Thread and Needle":4,"PreservedInsect":5,"Burning Blood":0},{"NeowsBlessing":0,"Bird Faced Urn":8,"Thread and Needle":8,"PreservedInsect":17,"Burning Blood":0}],"Burning Blood":26},"card_choices":[{"not_picked":["Sentinel","Pommel Strike"],"picked":"Armaments","floor":1},{"not_picked":["Shrug It Off","Sentinel"],"picked":"Headbutt","floor":3},{"not_picked":["Pommel Strike","Sever Soul"],"picked":"Metallicize","floor":5},{"not_picked":["Heavy Blade","Thunderclap"],"picked":"Rupture","floor":7},{"not_picked":["Havoc","Whirlwind"],"picked":"Rampage","floor":10},{"not_picked":["Thunderclap","Rage"],"picked":"True Grit","floor":12}],"player_experience":576852,"relics_obtained":[{"floor":7,"key":"Bird Faced Urn"},{"floor":9,"key":"Thread and Needle"}],"event_choices":[{"damage_healed":0,"gold_gain":0,"player_choice":"Upgraded","damage_taken":0,"max_hp_gain":0,"max_hp_loss":0,"event_name":"Upgrade Shrine","floor":2,"gold_loss":0,"cards_upgraded":["Armaments"]},{"damage_healed":0,"gold_gain":0,"player_choice":"Bought 2 Potions","damage_taken":0,"max_hp_gain":0,"max_hp_loss":0,"event_name":"The Woman in Blue","floor":4,"gold_loss":0}],"is_beta":false,"boss_relics":[],"items_purged_floors":[],"is_endless":false,"potions_floor_spawned":[10],"killed_by":"Slime Boss","ascension_level":13}}