{"host":"4qkvkh7pd9qr2mca","time":1607985437,"event":{"mods":["AchievementEnabler","BaseMod","Colored Map","Colored Powertips","Highlight Path","Minty Spire (QoL Compilation)","Permanent Neow","Quick Restart","StSLib","SuperFastMode"],"gold_per_floor":[112,125,125,125,144,144,165,165,165],"floor_reached":8,"playtime":280,"items_purged":[],"score":96,"play_id":"d12f187a-dbfd-4601-a44d-ce692ec8fec8","local_time":"20201214233717","is_ascension_mode":true,"campfire_choices":[{"data":"Burst","floor":6,"key":"SMITH"}],"circlet_count":0,"master_deck":["AscendersBane","Strike_G","Strike_G","Strike_G","Strike_G","Strike_G","Defend_G","Defend_G","Defend_G","Defend_G","Defend_G","Survivor","Neutralize","PiercingWail","Crippling Poison","All Out Attack","Burst+1","Blade Dance","Flying Knee"],"relics":["Ring of the Snake","Prayer Wheel","Golden Idol"],"acts_visited":["Exordium"],"potions_floor_usage":[],"damage_taken":[{"damage":7,"enemies":"2 Louse","floor":1,"turns":4},{"damage":11,"enemies":"Cultist","floor":2,"turns":5},{"damage":1,"enemies":"Jaw Worm","floor":5,"turns":5},{"damage":22,"enemies":"Exordium Thugs","floor":7,"turns":5},{"damage":36,"enemies":"Gremlin Nob","floor":8,"turns":3}],"seed_played":"241367337838621168","potions_obtained":[{"floor":5,"key":"Dexterity Potion"},{"floor":7,"key":"LiquidBronze"}],"is_trial":false,"path_per_floor":["M","M","?","?","M","R","M","E"],"character_chosen":"THE_SILENT","items_purchased":[],"campfire_rested":0,"item_purchase_floors":[],"current_hp_per_floor":[52,41,41,41,40,40,18,0,0],"gold":165,"neow_bonus":"ONE_RARE_RELIC","is_daily":false,"chose_seed":false,"campfire_upgraded":1,"win_rate":0.0,"timestamp":1607985437,"path_taken":["M","M","?","?","M","R","M","E"],"items_purchased_type":[],"build_version":"2020-12-13","purchased_purges":0,"victory":false,"max_hp_per_floor":[66,66,60,60,60,60,60,60,60],"card_choices":[{"not_picked":["Flying Knee","Expertise"],"picked":"PiercingWail","floor":1},{"not_picked":["Outmaneuver","Underhanded Strike","Quick Slash"],"picked":"SKIP","floor":1},{"not_picked":["Outmaneuver","Underhanded Strike","Quick Slash"],"picked":"SKIP","floor":1},{"not_picked":["Blade Dance","Bouncing Flask"],"picked":"Crippling Poison","floor":2},{"not_picked":["Backflip","Poisoned Stab"],"picked":"All Out Attack","floor":2},{"not_picked":["Underhanded Strike","Deadly Poison"],"picked":"Burst","floor":5},{"not_picked":["PiercingWail","Sucker Punch"],"picked":"Blade Dance","floor":5},{"not_picked":["Quick Slash","Poisoned Stab"],"picked":"Flying Knee","floor":7},{"not_picked":["Backflip","Caltrops","Poisoned Stab"],"picked":"SKIP","floor":7}],"player_experience":330881,"relics_obtained":[],"event_choices":[{"damage_healed":0,"gold_gain":0,"player_choice":"Lose Max HP","damage_taken":0,"relics_obtained":["Golden Idol"],"max_hp_gain":0,"max_hp_loss":6,"event_name":"Golden Idol","floor":3,"gold_loss":0},{"cards_removed":["Pain"],"damage_healed":0,"gold_gain":0,"player_choice":"Purged","damage_taken":0,"max_hp_gain":0,"max_hp_loss":0,"event_name":"Purifier","floor":4,"gold_loss":0}],"is_beta":false,"boss_relics":[],"items_purged_floors":[],"is_endless":false,"potions_floor_spawned":[5,7],"killed_by":"Gremlin Nob","ascension_level":20}}