{"host":"svwqvw2il1zfkkg0","time":1607985018,"event":{"mods":["AchievementEnabler","BaseMod","BetterRewards","Colored Map","Colored Powertips","Custom Start","Downfall","GifTheSpireLib","Highlight Path","Hubris","Infinite Spire","Minty Spire (QoL Compilation)","Quick Restart","Replay The Spire","Shop Mod","StSLib","SuperFastMode"],"gold_per_floor":[362,372,372,7,26,26,101,101,101,29,49,81,81,108,108,209,209,227,245,245,335,35,35,53,79,155,183,209,209,225,225,225,329,429,447,467,487,499,499,499,513,547,547,577,577,588,588,604,604,604,604],"floor_reached":50,"playtime":1542,"items_purged":[],"score":550,"play_id":"b2bbdc25-ff28-4391-9b9d-bdbb5e556c01","local_time":"20201214143018","is_ascension_mode":false,"campfire_choices":[{"floor":6,"key":"REST"},{"floor":8,"key":"REST"},{"data":"Glass Knife","floor":13,"key":"SMITH"},{"floor":15,"key":"REST"},{"floor":23,"key":"REST"},{"floor":29,"key":"REST"},{"floor":32,"key":"REST"},{"data":"Cloak And Dagger","floor":40,"key":"SMITH"},{"floor":45,"key":"REST"},{"floor":47,"key":"REST"},{"floor":49,"key":"REST"}],"circlet_count":0,"master_deck":["Backstab","Strike_G+2","Strike_G","Strike_G+2","Strike_G+1","Strike_G","Defend_G","Defend_G+1","Defend_G","Defend_G+2","Defend_G","Survivor","Neutralize+1","Sucker Punch","Dagger Throw+1","Glass Knife+1","Dagger Spray","Cloak And Dagger","Cloak And Dagger","Phantasmal Killer","A Thousand Cuts","Masterful Stab+1","Quick Slash","Blade Dance","Venomology","Blade Dance","Prepared","Flying Knee+1","Dagger Spray+1","CommonCold","Unload","Blade Dance+1","Finisher+1","Accuracy+1","Cloak And Dagger+1","Glass Knife","All Out Attack","Parasite","Cloak And Dagger+1"],"relics":["Ring of the Snake","Sling","Gremlin Food","Replay:Kaleidoscope","Byrd Skull","Black Star","Paper Crane","hubris:ScarierMask","Tough Bandages","infinitespire:Beetle Shell","infinitespire:Eraser","ReplayTheSpireMod:TigerMarble","Blue Doll","Red Mask","Replay:Wanted Poster","Art of War","Sundial","Vajra","Simple Rune","hubris:SlimyHat"],"acts_visited":["Exordium","TheCity","TheBeyond"],"potions_floor_usage":[12,16,24,25,27,27,35,35,37,41,41,44,44,46,48,48,50],"damage_taken":[{"damage":1,"enemies":"Cultist","floor":1,"turns":4},{"damage":0,"enemies":"2 Louse","floor":2,"turns":2},{"damage":0,"enemies":"Jaw Worm","floor":5,"turns":2},{"damage":14,"enemies":"Exordium Thugs","floor":11,"turns":3},{"damage":15,"enemies":"Lagavulin","floor":12,"turns":5},{"damage":3,"enemies":"3 Sentries","floor":14,"turns":4},{"damage":62,"enemies":"Fading Forest","floor":16,"turns":11},{"damage":19,"enemies":"Shell Parasite","floor":18,"turns":5},{"damage":0,"enemies":"Spheric Guardian","floor":19,"turns":3},{"damage":0,"enemies":"Cultist and Chosen","floor":24,"turns":3},{"damage":9,"enemies":"Slavers","floor":25,"turns":3},{"damage":18,"enemies":"Book of Stabbing","floor":27,"turns":3},{"damage":0,"enemies":"Masked Bandits","floor":28,"turns":2},{"damage":2,"enemies":"Centurion and Healer","floor":30,"turns":2},{"damage":0,"enemies":"Collector","floor":33,"turns":1},{"damage":0,"enemies":"Orb Walker","floor":35,"turns":2},{"damage":0,"enemies":"3 Darklings","floor":36,"turns":2},{"damage":0,"enemies":"Jaw Worm Horde","floor":37,"turns":2},{"damage":0,"enemies":"Spire Growth","floor":38,"turns":3},{"damage":0,"enemies":"3 Darklings","floor":41,"turns":3},{"damage":39,"enemies":"Reptomancer","floor":42,"turns":3},{"damage":1,"enemies":"Giant Head","floor":44,"turns":5},{"damage":0,"enemies":"Maw","floor":46,"turns":5},{"damage":54,"enemies":"Writhing Mass","floor":48,"turns":6},{"damage":39,"enemies":"Awakened One","floor":50,"turns":3}],"seed_played":"-175748908102718558","potions_obtained":[{"floor":14,"key":"Adrenaline Potion"},{"floor":19,"key":"Fire Potion"},{"floor":25,"key":"Fire Potion"},{"floor":28,"key":"Weak Potion"},{"floor":35,"key":"Weak Potion"},{"floor":37,"key":"Adrenaline Potion"},{"floor":44,"key":"SpeedPotion"}],"is_trial":false,"path_per_floor":["M","M","?","$","M","R","?","R","T","$","M","E","R","E","R","B",null,"M","M","AVR","?","$","R","M","E","T","E","?","R","M","?","R","B",null,"M","M","M","M","?","R","M","E","T","E","R","M","R","M","R","B"],"character_chosen":"THE_SILENT","items_purchased":["Sling","Glass Knife","Dagger Spray","Cloak And Dagger","Regen Potion","Blade Dance","AttackPotion","Block Potion","Venomology"],"campfire_rested":9,"item_purchase_floors":[4,4,4,4,10,22,22,22,22],"current_hp_per_floor":[48,48,34,34,34,55,44,65,65,65,51,50,50,47,68,28,70,51,51,51,39,39,60,60,51,51,33,33,54,52,52,70,70,70,70,70,70,70,66,66,66,27,27,26,45,45,64,10,29,0,0],"gold":604,"neow_bonus":"TWO_FIFTY_GOLD","is_daily":false,"chose_seed":false,"campfire_upgraded":2,"win_rate":0.0,"timestamp":1607985018,"path_taken":["M","M","?","$","M","R","?","R","T","?","M","E","R","E","R","BOSS","M","?","AVR","?","$","R","?","E","T","E","?","R","M","?","R","BOSS","M","M","?","M","?","R","M","E","T","E","R","M","R","M","R","BOSS"],"items_purchased_type":["Relic","Card","Card","Card","Potion","Card","Potion","Potion","Card"],"build_version":"2020-12-13","purchased_purges":0,"victory":false,"max_hp_per_floor":[70,70,70,70,70,70,70,70,70,70,70,70,70,70,70,70,70,70,70,70,70,70,70,70,70,70,70,70,70,70,70,70,70,70,70,70,70,70,66,66,66,66,66,66,66,66,66,66,66,66,66],"card_choices":[{"not_picked":["PiercingWail","Underhanded Strike"],"picked":"Sucker Punch","floor":1},{"not_picked":["Dodge and Roll","Quick Slash"],"picked":"Dagger Throw","floor":2},{"not_picked":["ReplayTheSpireMod:Shiv Toss","Deflect","Outmaneuver"],"picked":"SKIP","floor":5},{"not_picked":["Outmaneuver","Backstab"],"picked":"Cloak And Dagger","floor":11},{"not_picked":["ReplayTheSpireMod:From All Sides","Reflex"],"picked":"Phantasmal Killer","floor":12},{"not_picked":["Deflect","Envenom","Predator"],"picked":"SKIP","floor":14},{"not_picked":["Doppelganger","ReplayTheSpireMod:From All Sides"],"picked":"A Thousand Cuts","floor":16},{"not_picked":["Eviscerate","hubris:SlightOfHand"],"picked":"Masterful Stab","floor":18},{"not_picked":["hubris:SlightOfHand","Setup"],"picked":"Quick Slash","floor":19},{"not_picked":["Sneak Up","Tactician","ReplayTheSpireMod:Speed Training"],"picked":"SKIP","floor":24},{"not_picked":["ReplayTheSpireMod:Exploit Weakness","PiercingWail"],"picked":"Blade Dance","floor":25},{"not_picked":["PiercingWail","Blur"],"picked":"Prepared","floor":27},{"not_picked":["Slice","hubris:SlightOfHand+1"],"picked":"Flying Knee+1","floor":28},{"not_picked":["Noxious Fumes+1","Replay:Bag of Tricks"],"picked":"Dagger Spray+1","floor":30},{"not_picked":["Tools of the Trade","infinitespire:Neurotoxin"],"picked":"Unload","floor":33},{"not_picked":["Outmaneuver","Dodge and Roll+1"],"picked":"Blade Dance+1","floor":35},{"not_picked":["Dagger Spray","hubris:Counter+1"],"picked":"Finisher+1","floor":36},{"not_picked":["Sucker Punch+1","Choke+1"],"picked":"Accuracy+1","floor":37},{"not_picked":["Slice","Sneak Up+1"],"picked":"Cloak And Dagger","floor":38},{"not_picked":["Quick Slash","Poison Darts","ReplayTheSpireMod:The Works"],"picked":"SKIP","floor":41},{"not_picked":["hubris:SlightOfHand","PiercingWail+1","Flying Knee"],"picked":"SKIP","floor":42},{"not_picked":["Escape Plan+1","Draining Mist+1"],"picked":"Glass Knife","floor":44},{"not_picked":["Underhanded Strike+1","Prepared"],"picked":"All Out Attack","floor":46},{"not_picked":["ReplayTheSpireMod:The Works+1","Hidden Blade"],"picked":"Cloak And Dagger+1","floor":48}],"player_experience":371499,"relics_obtained":[{"floor":9,"key":"Gremlin Food"},{"floor":12,"key":"Replay:Kaleidoscope"},{"floor":14,"key":"Byrd Skull"},{"floor":25,"key":"Tough Bandages"},{"floor":25,"key":"infinitespire:Beetle Shell"},{"floor":26,"key":"infinitespire:Eraser"},{"floor":27,"key":"ReplayTheSpireMod:TigerMarble"},{"floor":27,"key":"Blue Doll"},{"floor":28,"key":"Red Mask"},{"floor":42,"key":"Art of War"},{"floor":42,"key":"Sundial"},{"floor":43,"key":"Vajra"},{"floor":44,"key":"Simple Rune"},{"floor":44,"key":"hubris:SlimyHat"}],"event_choices":[{"damage_healed":0,"gold_gain":0,"player_choice":"Entered Light","damage_taken":14,"max_hp_gain":0,"max_hp_loss":0,"event_name":"Shining Light","floor":3,"gold_loss":0,"cards_upgraded":["Strike_G","Neutralize"]},{"damage_healed":0,"gold_gain":75,"player_choice":"Gather Gold","damage_taken":11,"max_hp_gain":0,"max_hp_loss":0,"event_name":"World of Goop","floor":7,"gold_loss":0},{"damage_healed":0,"gold_gain":90,"player_choice":"GOLD ","damage_taken":12,"max_hp_gain":0,"max_hp_loss":0,"event_name":"Knowing Skull","floor":21,"potions_obtained":[],"gold_loss":0,"cards_obtained":[]},{"damage_healed":0,"gold_gain":0,"player_choice":"Fought Bandits","damage_taken":0,"max_hp_gain":0,"max_hp_loss":0,"event_name":"Masked Bandits","floor":28,"gold_loss":0},{"damage_healed":0,"gold_gain":0,"player_choice":"1 cards matched","damage_taken":0,"max_hp_gain":0,"max_hp_loss":0,"event_name":"Match and Keep!","floor":31,"gold_loss":0,"cards_obtained":["CommonCold"]},{"damage_healed":0,"gold_gain":0,"player_choice":"Max HP","damage_taken":0,"max_hp_gain":0,"max_hp_loss":4,"event_name":"Winding Halls","floor":39,"gold_loss":0}],"is_beta":false,"boss_relics":[{"not_picked":["Replay:Drink Me","Philosopher\u0027s Stone"],"picked":"Black Star"},{"not_picked":["infinitespire:Cupcake","Coffee Dripper"],"picked":"Replay:Wanted Poster"}],"items_purged_floors":[],"is_endless":false,"potions_floor_spawned":[14,19,25,28,35,37,41,42,44],"killed_by":"Awakened One","ascension_level":0}}