{"host":"a484oiac96svwyi6","time":1607928146,"event":{"mods":["2.2 Compatiblity","AchievementEnabler","Act Like it!","Astrologer","BaseMod","Better Altar","Better Match","Better Sensory Stone","Better Skull","Better Third Choice","Better-Laid Plans","BetterRewards","Block Reminder","Clawfect","Colored Map","Colored Powertips","Conjunction","Conspire","Custom Start","Dio Mod","Displayed Cursed Tome","Duelist Mod","GifTheSpireLib","Gold Saver","Googly Eyes","Hallownest","Hubris","Infinite Spire","Ironclad Rager","Jorbs\u0027s Wanderer Trilogy","Melee Mod","Menagerie","Minty Spire (QoL Compilation)","Quick Restart","RNG Fix","Random Character Button","Relic Filter","Relic Sorter","Relic Stats","Replay The Spire","Retaliation","Shop Mod","Small Relic Pack","Spikes Relics","Spire Birthday Party","StSLib","Stuff the Spire","SuperFastMode","The Fake Hero","The Necromancer","The Poker Player","TheHero","Transform Curses","Uncapped","Virulent Crown","[JumpMod]????","everything is the same but u backflip on backflip","vexMod"],"gold_per_floor":[755,755,505,505,516,547,524,557,604,604,652,652,677,693,693,765,765,779,779,779,790,790,790,806,806,806,806,840,840,867,867,867,944,944,964,964,964,964,980,980,1006,1006,1032,1050,1068,1078,1078,1089,1089,1189],"floor_reached":51,"playtime":1067,"items_purged":[],"score":1752,"play_id":"fbf2347d-a867-4221-9cf0-ce4d3b60c5a7","local_time":"20201214014226","is_ascension_mode":true,"campfire_choices":[{"floor":10,"key":"DIG"},{"floor":15,"key":"DIG"},{"floor":23,"key":"REST"},{"floor":25,"key":"REST"},{"data":"dioMod:MudaMudaMuda","floor":27,"key":"SMITH"},{"floor":32,"key":"REST"},{"floor":40,"key":"DIG"},{"floor":42,"key":"DIG"},{"floor":49,"key":"DIG"}],"circlet_count":0,"master_deck":["AscendersBane","dioMod:Strike","dioMod:Strike","dioMod:Strike","dioMod:Strike","Bite","dioMod:Defend","dioMod:Defend","dioMod:Defend","dioMod:DaggerToss","dioMod:DoubleTime","dioMod:MudaMudaMuda+1","dioMod:LaserVision","dioMod:LaserVision","dioMod:Muda","dioMod:MudaMudaMuda","dioMod:LaserVision","dioMod:Freeze","dioMod:Muda","dioMod:DaggerToss","dioMod:MudaMudaMuda+1","dioMod:TheWalk","dioMod:Hiss","AscendersBane","dioMod:Strike","dioMod:Strike","dioMod:Strike","dioMod:Strike","Bite","dioMod:Defend","dioMod:Defend","dioMod:Defend","dioMod:DaggerToss","dioMod:DoubleTime","dioMod:MudaMudaMuda+1","dioMod:LaserVision","dioMod:LaserVision","dioMod:Muda","dioMod:MudaMudaMuda","dioMod:LaserVision","dioMod:Freeze","dioMod:Muda","dioMod:DaggerToss","dioMod:MudaMudaMuda+1","dioMod:TheWalk","dioMod:Hiss","dioMod:DominatingPresence","dioMod:Muda","dioMod:MudaMudaMuda+1","Doubt"],"relics":["dioMod:VampireBlood","hubris:Icosahedron","HowToJump","Quantum Egg","Toolbox","Akabeko","Shovel","StuffTheSpire:RedRose","Iron Hammer","conspire:DecoderRing","SpikesRelics:ToyHorsey","Ancient Tea Set","hubris:TenFootPole","Nunchaku","PreservedInsect","StuffTheSpire:OldFever","Spirit Poop","Blood Vial","Thread and Needle","hubris:Reverence","ChewingGum","ShockBauble","Potion Belt","vexMod:FocusSash","White Beast Statue","Centennial Puzzle","Letter Opener"],"acts_visited":["Exordium","TheCity","TheBeyond"],"potions_floor_usage":[24,33,50,50,50],"damage_taken":[{"damage":2,"enemies":"Jaw Worm","floor":1,"turns":3},{"damage":0,"enemies":"Cultist","floor":5,"turns":2},{"damage":16,"enemies":"Gremlin Nob","floor":6,"turns":3},{"damage":22,"enemies":"3 Sentries","floor":8,"turns":3},{"damage":0,"enemies":"2 Louse","floor":13,"turns":1},{"damage":0,"enemies":"Lots of Slimes","floor":14,"turns":1},{"damage":54,"enemies":"The Guardian","floor":16,"turns":6},{"damage":32,"enemies":"Chosen","floor":18,"turns":6},{"damage":25,"enemies":"Shell Parasite","floor":21,"turns":3},{"damage":0,"enemies":"3 Cultists","floor":24,"turns":2},{"damage":14,"enemies":"Slavers","floor":28,"turns":2},{"damage":19,"enemies":"Gremlin Leader","floor":30,"turns":4},{"damage":21,"enemies":"Champ","floor":33,"turns":4},{"damage":4,"enemies":"3 Shapes","floor":35,"turns":1},{"damage":0,"enemies":"Orb Walker","floor":39,"turns":1},{"damage":0,"enemies":"Nemesis","floor":41,"turns":1},{"damage":11,"enemies":"Transient","floor":44,"turns":5},{"damage":0,"enemies":"Sphere and 2 Shapes","floor":45,"turns":1},{"damage":18,"enemies":"4 Shapes","floor":46,"turns":1},{"damage":0,"enemies":"Writhing Mass","floor":48,"turns":1},{"damage":93,"enemies":"Time Eater","floor":50,"turns":6}],"seed_played":"-4164799593791943782","potions_obtained":[{"floor":1,"key":"Cursed Concoction"},{"floor":13,"key":"Dexterity Potion"},{"floor":21,"key":"AttackPotion"},{"floor":30,"key":"Reflective Coating"},{"floor":33,"key":"SkillPotion"},{"floor":41,"key":"DDmod:CleansePotion"},{"floor":44,"key":"SneckoOil"}],"is_trial":false,"path_per_floor":["M","?","$","?","M","E","$","E","T","R","T","?","M","M","R","B",null,"M","?","?","M","?","R","M","R","T","R","E","?","E","?","R","B",null,"M","?","T","?","M","R","E","R","T","M","M","M","?","M","R","B",null],"character_chosen":"THE_DEFAULT","items_purchased":["dioMod:DaggerToss","dioMod:DoubleTime","Quantum Egg","dioMod:MudaMudaMuda","Toolbox","Akabeko","Iron Hammer","dioMod:Muda"],"campfire_rested":3,"item_purchase_floors":[0,0,0,0,0,0,3,7],"current_hp_per_floor":[71,71,71,71,75,62,62,51,51,51,51,56,62,77,77,30,68,41,41,41,19,19,43,55,79,79,79,72,72,64,64,80,64,76,79,80,80,80,80,80,80,80,80,76,80,77,80,80,80,22],"gold":1189,"neow_bonus":"","is_daily":false,"chose_seed":false,"campfire_upgraded":1,"win_rate":0.0,"timestamp":1607928146,"path_taken":["M","?","$","?","M","E","$","E","T","R","?","?","?","M","R","BOSS","M","?","?","M","?","R","?","R","T","R","E","?","E","?","R","BOSS","M","?","?","?","M","R","E","R","T","M","M","M","?","?","R","BOSS"],"items_purchased_type":["Card","Card","Relic","Card","Relic","Relic","Relic","Card"],"build_version":"2020-12-13","purchased_purges":0,"victory":true,"max_hp_per_floor":[75,75,75,75,75,75,75,75,75,75,75,80,80,80,80,80,80,80,80,80,80,80,80,80,80,80,80,80,80,80,80,80,80,80,80,80,80,80,80,80,80,80,80,80,80,80,80,80,80,80],"relic_stats":{"Blood Vial":7,"Nunchaku":[15],"Centennial Puzzle":[9],"Shovel":5,"counters":[42,175],"PreservedInsect":138,"Letter Opener":[5],"obtain_stats":[{"infinitespire:BottledMercury":31,"vexMod:MemoryStick":42,"ShockBauble":37,"conspire:RoyalGoblet":21,"Spirit Poop":22,"Bag of Preparation":45,"Replay:Mystery Machine":6,"Ancient Tea Set":9,"Pet Ghost":3,"relicPack:OneForAll":19,"Blood Vial":26,"Dream Catcher":27,"Nunchaku":11,"Centennial Puzzle":43,"Shovel":0,"hubris:Icosahedron":4,"SpikesRelics:ToyHorsey":8,"DollysMirror":41,"Pantograph":9,"conspire:DecoderRing":6,"hubris:ScarierMask":34,"Toolbox":0,"Iron Hammer":3,"StuffTheSpire:RedRose":2,"Potion Belt":40,"HowToJump":0,"Quantum Egg":0,"hubris:SphereOfDissonance":42,"Thread and Needle":28,"infinitespire:Beetle Shell":31,"PreservedInsect":15,"vexMod:FocusSash":41,"Letter Opener":49,"White Beast Statue":14,"Akabeko":0,"dioMod:VampireBlood":0,"infinitespire:Satchel":45,"Molten Egg 2":26,"ChewingGum":34,"Black Star":17,"hubris:TenFootPole":10,"Grinning Jar":21,"StuffTheSpire:OldFever":19,"hubris:Reverence":30},{"infinitespire:BottledMercury":12,"vexMod:MemoryStick":17,"ShockBauble":35,"conspire:RoyalGoblet":8,"Spirit Poop":30,"Bag of Preparation":18,"Replay:Mystery Machine":2,"Ancient Tea Set":25,"Pet Ghost":1,"relicPack:OneForAll":8,"Blood Vial":31,"Dream Catcher":10,"Nunchaku":25,"Centennial Puzzle":37,"Shovel":21,"hubris:Icosahedron":22,"SpikesRelics:ToyHorsey":25,"DollysMirror":16,"Pantograph":4,"conspire:DecoderRing":24,"hubris:ScarierMask":13,"Toolbox":21,"Iron Hammer":22,"StuffTheSpire:RedRose":22,"Potion Belt":36,"HowToJump":0,"Quantum Egg":21,"hubris:SphereOfDissonance":17,"Thread and Needle":32,"infinitespire:Beetle Shell":12,"PreservedInsect":27,"vexMod:FocusSash":37,"Letter Opener":41,"White Beast Statue":6,"Akabeko":21,"dioMod:VampireBlood":0,"infinitespire:Satchel":18,"Molten Egg 2":10,"ChewingGum":34,"Black Star":7,"hubris:TenFootPole":25,"Grinning Jar":8,"StuffTheSpire:OldFever":29,"hubris:Reverence":33},{"infinitespire:BottledMercury":61,"vexMod:MemoryStick":91,"ShockBauble":159,"conspire:RoyalGoblet":42,"Spirit Poop":146,"Bag of Preparation":99,"Replay:Mystery Machine":10,"Ancient Tea Set":129,"Pet Ghost":4,"relicPack:OneForAll":42,"Blood Vial":148,"Dream Catcher":52,"Nunchaku":129,"Centennial Puzzle":161,"Shovel":118,"hubris:Icosahedron":121,"SpikesRelics:ToyHorsey":129,"DollysMirror":85,"Pantograph":15,"conspire:DecoderRing":126,"hubris:ScarierMask":73,"Toolbox":118,"Iron Hammer":121,"StuffTheSpire:RedRose":121,"Potion Belt":160,"HowToJump":0,"Quantum Egg":118,"hubris:SphereOfDissonance":91,"Thread and Needle":150,"infinitespire:Beetle Shell":61,"PreservedInsect":131,"vexMod:FocusSash":161,"Letter Opener":169,"White Beast Statue":24,"Akabeko":118,"dioMod:VampireBlood":0,"infinitespire:Satchel":99,"Molten Egg 2":52,"ChewingGum":158,"Black Star":37,"hubris:TenFootPole":129,"Grinning Jar":42,"StuffTheSpire:OldFever":143,"hubris:Reverence":154}]},"card_choices":[{"not_picked":["dioMod:GoodbyeJojo","dioMod:StreetSign"],"picked":"dioMod:LaserVision","floor":1},{"not_picked":["dioMod:Roundabout","dioMod:BlendIn","dioMod:VengefulMuda"],"picked":"SKIP","floor":5},{"not_picked":["dioMod:VengefulMuda","dioMod:Roundabout"],"picked":"dioMod:LaserVision","floor":6},{"not_picked":["dioMod:SecretPlan","dioMod:BlendIn"],"picked":"dioMod:MudaMudaMuda","floor":8},{"not_picked":["dioMod:WRYYY","dioMod:DominatingPresence"],"picked":"dioMod:LaserVision","floor":13},{"not_picked":["dioMod:ComposedMuda","dioMod:GoodbyeJojo"],"picked":"dioMod:Freeze","floor":14},{"not_picked":["dioMod:TripleThreat","dioMod:BlendIn+1"],"picked":"dioMod:Muda","floor":18},{"not_picked":["dioMod:CautiousMuda","dioMod:DoubleTime"],"picked":"dioMod:DaggerToss","floor":21},{"not_picked":["dioMod:Regeneration","dioMod:VengefulMuda+1"],"picked":"dioMod:MudaMudaMuda+1","floor":24},{"not_picked":["dioMod:DaggerSpree","dioMod:ComposedMuda","dioMod:WRYYY"],"picked":"SKIP","floor":28},{"not_picked":["dioMod:HeavyLifting","dioMod:DisarmingVoice","dioMod:SlashThroughTime"],"picked":"SKIP","floor":30},{"not_picked":["dioMod:SevenPageMuda","dioMod:Pluck"],"picked":"dioMod:TheWalk","floor":33},{"not_picked":["dioMod:CautiousMuda+1","dioMod:WRYYY"],"picked":"dioMod:Hiss","floor":35},{"not_picked":["dioMod:Hiss","dioMod:BloodTransfusion"],"picked":"dioMod:DominatingPresence","floor":39},{"not_picked":["dioMod:SecretPlan","dioMod:Regeneration","dioMod:WRYYY"],"picked":"SKIP","floor":41},{"not_picked":["dioMod:Roundabout","dioMod:BloodSuck"],"picked":"dioMod:Muda","floor":44},{"not_picked":["dioMod:BloodSuck+1","dioMod:BloodSplash","dioMod:FlyAway"],"picked":"SKIP","floor":45},{"not_picked":["dioMod:LaserVision+1","dioMod:SecretPlan"],"picked":"dioMod:MudaMudaMuda+1","floor":46},{"not_picked":["dioMod:SevenPageMuda","dioMod:Diversion","dioMod:DarkRebirth"],"picked":"SKIP","floor":48}],"player_experience":349022,"relics_obtained":[{"floor":6,"key":"conspire:DecoderRing"},{"floor":8,"key":"SpikesRelics:ToyHorsey"},{"floor":9,"key":"Ancient Tea Set"},{"floor":10,"key":"hubris:TenFootPole"},{"floor":11,"key":"Nunchaku"},{"floor":15,"key":"PreservedInsect"},{"floor":26,"key":"Blood Vial"},{"floor":28,"key":"Thread and Needle"},{"floor":30,"key":"hubris:Reverence"},{"floor":37,"key":"ShockBauble"},{"floor":40,"key":"Potion Belt"},{"floor":41,"key":"vexMod:FocusSash"},{"floor":42,"key":"White Beast Statue"},{"floor":43,"key":"Centennial Puzzle"},{"floor":49,"key":"Letter Opener"}],"event_choices":[{"damage_healed":0,"gold_gain":0,"player_choice":"Donut","damage_taken":0,"max_hp_gain":5,"max_hp_loss":0,"event_name":"Big Fish","floor":12,"gold_loss":0},{"cards_removed":["Regret"],"damage_healed":0,"gold_gain":0,"player_choice":"Offered Curse","damage_taken":0,"relics_obtained":["Spirit Poop"],"max_hp_gain":0,"max_hp_loss":0,"event_name":"Bonfire Elementals","floor":22,"gold_loss":0},{"cards_removed":["dioMod:Defend"],"damage_healed":0,"gold_gain":0,"player_choice":"Card Removal","damage_taken":0,"max_hp_gain":0,"max_hp_loss":0,"event_name":"Wheel of Change","floor":29,"gold_loss":0},{"damage_healed":4,"gold_gain":0,"player_choice":"LEAVE ","damage_taken":0,"relics_obtained":[],"max_hp_gain":0,"max_hp_loss":0,"event_name":"betterSkull:BetterSkull","floor":36,"gold_loss":0,"cards_upgraded":[]},{"damage_healed":3,"gold_gain":0,"player_choice":"Heal","damage_taken":0,"max_hp_gain":0,"max_hp_loss":0,"event_name":"MindBloom","floor":47,"gold_loss":0,"cards_obtained":["Doubt"]}],"is_beta":false,"boss_relics":[{"not_picked":["hubris:TerracottaHorce","ReplayTheSpireMod:SealedPack","conspire:SlowCooker"]},{"not_picked":["hubris:Stopwatch","vexMod:ImprovementManual"],"picked":"ChewingGum"}],"items_purged_floors":[],"is_endless":false,"potions_floor_spawned":[1,13,21,30,33,39,41,44,45,46,48],"ascension_level":13}}