{"host":"fflyk188z5ncxlup","time":1607934396,"event":{"mods":["AchievementEnabler","BaseMod","Bestiary","Better Third Choice","Block Reminder","Colored Map","Colored Powertips","DeckTracker","Googly Eyes","Minty Spire (QoL Compilation)","StSLib","SuperFastMode"],"gold_per_floor":[114,114,114,33,52,90,121,133,170,182,213,244,256,43,62,62,187,187,206,206,244,244,144,144,144,144],"floor_reached":25,"playtime":630,"items_purged":["Injury","Decay"],"score":244,"play_id":"1c87ff0c-8c04-4687-96df-364ac0e69a90","local_time":"20201214172636","daily_mods":["Cursed Run","Diverse","DeadlyEvents"],"is_ascension_mode":false,"campfire_choices":[{"floor":8.0,"key":"REST"},{"data":"Crippling Poison","floor":13,"key":"SMITH"},{"data":"Poisoned Stab","floor":16,"key":"SMITH"},{"data":"Electrodynamics","floor":24,"key":"SMITH"}],"circlet_count":0,"master_deck":["Defend_B","Defend_B","Defend_B","Defend_B","Zap","Dualcast","Pommel Strike","Crippling Poison+1","Injury","Cold Snap","Poisoned Stab+1","Regret","Electrodynamics+1","True Grit","Bite","Bite","Bite","Bite","Bite"],"relics":["Cursed Key","Darkstone Periapt","Du-Vu Doll","Golden Idol","MawBank","Regal Pillow","OrangePellets","Inserter","Boot"],"acts_visited":["Exordium","TheCity"],"potions_floor_usage":[21,21,25],"damage_taken":[{"damage":1.0,"enemies":"Cultist","floor":1.0,"turns":4.0},{"damage":2.0,"enemies":"Small Slimes","floor":5.0,"turns":3.0},{"damage":30.0,"enemies":"Gremlin Nob","floor":6.0,"turns":5.0},{"damage":0.0,"enemies":"2 Louse","floor":7.0,"turns":2.0},{"damage":1,"enemies":"Gremlin Gang","floor":11,"turns":3},{"damage":0,"enemies":"2 Fungi Beasts","floor":12,"turns":3},{"damage":9,"enemies":"Blue Slaver","floor":15,"turns":3},{"damage":6,"enemies":"Slime Boss","floor":17,"turns":11},{"damage":30,"enemies":"3 Byrds","floor":19,"turns":3},{"damage":53,"enemies":"Gremlin Leader","floor":21,"turns":6},{"damage":22,"enemies":"Slavers","floor":25,"turns":2}],"seed_played":"1880613833527945180","potions_obtained":[{"floor":7.0,"key":"DistilledChaos"},{"floor":11,"key":"GamblersBrew"},{"floor":15,"key":"Dexterity Potion"},{"floor":21,"key":"LiquidMemories"}],"is_trial":false,"path_per_floor":["M","$","?","$","M","E","M","R","T","T","M","M","R","$","M","R","B",null,"M","?","E","?","$","R","E"],"character_chosen":"DEFECT","items_purchased":["Crippling Poison","OrangePellets"],"campfire_rested":1,"item_purchase_floors":[4,14],"current_hp_per_floor":[74,74,80,80,78,48,48,72,78,78,77,77,77,77,68,68,68,93,63,69,16,16,16,16,0,0],"gold":144,"neow_bonus":"","is_daily":true,"chose_seed":false,"campfire_upgraded":3,"win_rate":0.0,"timestamp":1607934396,"path_taken":["M","?","?","$","M","E","M","R","T","T","M","?","R","$","M","R","BOSS","M","?","?","?","$","R","E"],"items_purchased_type":["Card","Relic"],"build_version":"2020-12-13","purchased_purges":2,"victory":false,"max_hp_per_floor":[75,75,81,81,81,81,81,81,87,87,87,87,87,87,87,87,93,93,93,99,99,69,69,69,69,69],"card_choices":[{"not_picked":["Thunderclap","Heavy Blade"],"picked":"Pommel Strike","floor":1.0},{"not_picked":["Quick Slash","Reflex","Storm"],"picked":"SKIP","floor":5.0},{"not_picked":["Multi-Cast","Compile Driver","Chaos"],"picked":"SKIP","floor":6.0},{"not_picked":["Deflect","Force Field","FollowUp"],"picked":"SKIP","floor":7.0},{"not_picked":["Quick Slash","Chaos"],"picked":"Cold Snap","floor":11},{"not_picked":["ReachHeaven","Outmaneuver","Barrage"],"picked":"SKIP","floor":12},{"not_picked":["Iron Wave","Cleave"],"picked":"Poisoned Stab","floor":15},{"not_picked":["DevaForm","Doppelganger"],"picked":"Electrodynamics","floor":17},{"not_picked":["Perfected Strike+1","Redo+1"],"picked":"True Grit","floor":19},{"not_picked":["Scrape","Calculated Gamble","Poisoned Stab"],"picked":"SKIP","floor":21}],"player_experience":367775,"relics_obtained":[{"floor":6.0,"key":"MawBank"},{"floor":9.0,"key":"Regal Pillow"},{"floor":21,"key":"Boot"}],"event_choices":[{"damage_healed":0.0,"max_hp_gain":0.0,"max_hp_loss":0.0,"gold_gain":0.0,"event_name":"Golden Idol","player_choice":"Take Wound","floor":3.0,"gold_loss":0.0,"damage_taken":0.0,"relics_obtained":["Golden Idol"],"cards_obtained":["Injury"]},{"damage_healed":0,"gold_gain":0,"player_choice":"Cursed","damage_taken":0,"max_hp_gain":0,"max_hp_loss":0,"event_name":"Wheel of Change","floor":20,"gold_loss":0,"cards_obtained":["Decay"]},{"damage_healed":0,"gold_gain":0,"player_choice":"Became a vampire","damage_taken":0,"max_hp_gain":0,"max_hp_loss":30,"event_name":"Vampires","floor":22,"gold_loss":0,"cards_obtained":["Bite","Bite","Bite","Bite","Bite"]}],"is_beta":false,"boss_relics":[{"not_picked":["Fusion Hammer","Calling Bell"],"picked":"Inserter"}],"items_purged_floors":[14,23],"is_endless":false,"potions_floor_spawned":[7,11,15,21],"killed_by":"Slavers","ascension_level":0}}