{"host":"qf6a1vkjx65tfr1z","time":1607933473,"event":{"mods":["2.2 Compatiblity","AchievementEnabler","AlwaysNeverKeys","Aspiration","Astrologer","Bard","BaseMod","CCEM","Card Filter","Card Forge","Colored Map","Colorless Booster Pack","Conspire","Custom Start","Defuse TimeMaze Blight","Dota2Spire","Downfall","Duelist Mod","Energized Spire","Friendly Minions","GifTheSpireLib","Glutton Mod","Halation","Hubris","Hunter ??","Infinite Spire","Jedi Mod","Koishi","LagranYue(???·?)","Mad Scientist","Magitek Elite","Marisa????????","Minty Spire (QoL Compilation)","Quick Restart","Rare Cards Sparkle","RatMod","Relic Filter","Replay The Spire","Shade Mod","Shop Mod","Somnambulant","Spikes Relics","Spire Exporter","StSLib","Stuff the Spire","Td1madao Mod","The Accelerator","The Blackbeard","The Bug Knight","The Construct","The Cursed","The Mystic","The Necromancer","The Sage","The Servant 0.9.4","The Trickster","The Witch","Transform Curses","Unceasing Turn Reminder","Yuyuko","vexMod"],"gold_per_floor":[117,132,144,4,4,72,87,125,125,125,159,206,206,253,253,370,1036,1074,1108,1145,1145,1238,1238,1332,1277,1277,1328,1423,1498,1652,1652,1652,1749,1749,1801,1892,1892,1924,1962,1995,2073,2102,2102,2183,2025,2094,2237,2237,2237,2305,2415],"floor_reached":52,"playtime":11847,"items_purged":["Quake+1"],"score":2512,"play_id":"d59a0428-d667-4c58-ab95-59757aa1f0d1","local_time":"20201214031113","is_ascension_mode":true,"campfire_choices":[{"data":"Koishi:ConfinedInnocent+10","floor":10.0,"key":"SMITH"},{"data":"Koishi:ConfinedInnocent+11","floor":10.0,"key":"SMITH"},{"data":"HollowMod:Hiveblood+4","floor":10.0,"key":"SMITH"},{"data":"rat:BloodPact+3","floor":10.0,"key":"SMITH"},{"data":"Astra","floor":15.0,"key":"SMITH"},{"data":"Astra+1","floor":15.0,"key":"SMITH"},{"data":"Koishi:ConfinedInnocent+12","floor":15.0,"key":"SMITH"},{"data":"Koishi:ConfinedInnocent+13","floor":15.0,"key":"SMITH"},{"data":"ChosenOfTheMoon+3","floor":23.0,"key":"SMITH"},{"data":"ChosenOfTheMoon+4","floor":23.0,"key":"SMITH"},{"data":"Koishi:ConfinedInnocent+14","floor":23.0,"key":"SMITH"},{"data":"Koishi:ConfinedInnocent+15","floor":23.0,"key":"SMITH"},{"floor":32.0,"key":"REST"}],"circlet_count":0,"master_deck":["LagranYue:PowerDreamCard+1","HollowMod:Hiveblood+5","Koishi:Bloodlust+1","Koishi:PerfectMindControl+1","Koishi:ConfinedInnocent+16","Calmness Giant+1","WalpurgisNight+2","StrangeBrew+1","ChosenOfTheMoon+5","Glutton:Mug+1","TheCursedMod:ManaCirculation+1","jedi:cleanse+1","Envenom+1","rat:BloodPact+4","Exhume+1","Barricade+1","Corruption+1","Haste+1","infinitespire:Oblivion","somnambulantmod: LoseForm+1","Glutton:Thrombosis+6","Astra+6"],"relics":["Pendant","Hammer of Thor","Seething Fire","Anvil of the Gods","theTrickster:AncientPicklesRelic","Replay:Antivirus Software","AncientExoskeleton","Replay:Arrowhead","Blue Candle","StuffTheSpire:DarkSteelAnvil","conspire:InfiniteJournal","Ooze Armor","halation:PenCase","halation:PrussianBluePaint","Potion Belt","energizedSpire:UnstableMolecules","MealTicket","SpikesRelics:ToyHorsey","Replay:Multitool","LagranYue:MagicReflectiveArmorRelic","vexMod:RockOfEvil","Medical Kit","infinitespire:BottledMercury","Bag of Preparation","Dota2Spire:EchoSabre","conspire:RoyalGoblet","aspiration:VileToxins","PrismaticShard","Replay:WaspNest","Replay:Bandana","Question Card","SpikesRelics:DaevaFist","hubris:Towel"],"acts_visited":["Exordium","TheCity","TheBeyond"],"potions_floor_usage":[],"damage_taken":[{"damage":0.0,"enemies":"Cultist","floor":1.0,"turns":3.0},{"damage":10.0,"enemies":"Cultist","floor":2.0,"turns":4.0},{"damage":6.0,"enemies":"Small Slimes","floor":3.0,"turns":4.0},{"damage":46.0,"enemies":"3 Sentries","floor":6.0,"turns":5.0},{"damage":9.0,"enemies":"conspire:RoseBush","floor":7.0,"turns":2.0},{"damage":12.0,"enemies":"Red Slaver","floor":8.0,"turns":3.0},{"damage":13.0,"enemies":"Red Slaver","floor":11.0,"turns":5.0},{"damage":4.0,"enemies":"HollowMod:MossKnight","floor":12.0,"turns":4.0},{"damage":2.0,"enemies":"Replay:BlueRogue","floor":14.0,"turns":5.0},{"damage":13.0,"enemies":"The Guardian","floor":16.0,"turns":5.0},{"damage":1.0,"enemies":"3 Byrds","floor":18.0,"turns":3.0},{"damage":1.0,"enemies":"Spheric Guardian","floor":19.0,"turns":4.0},{"damage":15.0,"enemies":"Centurion and Healer","floor":20.0,"turns":6.0},{"damage":5.0,"enemies":"Sentry and Sphere","floor":22.0,"turns":5.0},{"damage":6.0,"enemies":"conspire:SneckoGhost","floor":24.0,"turns":5.0},{"damage":0.0,"enemies":"Snake Plant","floor":27.0,"turns":4.0},{"damage":4.0,"enemies":"conspire:Head Lice","floor":28.0,"turns":4.0},{"damage":3.0,"enemies":"Centurion and Healer","floor":29.0,"turns":4.0},{"damage":8.0,"enemies":"Nightmare","floor":30.0,"turns":9.0},{"damage":5.0,"enemies":"hubris:MusketHawk","floor":33.0,"turns":5.0},{"damage":0.0,"enemies":"Orb Walker","floor":35.0,"turns":4.0},{"damage":0.0,"enemies":"3 Shapes","floor":36.0,"turns":3.0},{"damage":12.0,"enemies":"3 Darklings","floor":38.0,"turns":3.0},{"damage":12.0,"enemies":"4 Shapes","floor":39.0,"turns":4.0},{"damage":1.0,"enemies":"R_Hoarder","floor":40.0,"turns":3.0},{"damage":30.0,"enemies":"Jaw Worm Horde","floor":41.0,"turns":4.0},{"damage":1.0,"enemies":"R_Hoarder","floor":42.0,"turns":2.0},{"damage":5.0,"enemies":"Giant Head","floor":44.0,"turns":5.0},{"damage":15.0,"enemies":"Maw","floor":46.0,"turns":4.0},{"damage":5.0,"enemies":"Reptomancer","floor":47.0,"turns":5.0},{"damage":1,"enemies":"hubris:GrandSnecko","floor":50,"turns":4},{"damage":42,"enemies":"Replay:Hell Engine","floor":51,"turns":3}],"seed_played":"9129560239888234358","potions_obtained":[{"floor":1.0,"key":"SpeedPotion"},{"floor":7.0,"key":"Adrenaline Potion"},{"floor":8.0,"key":"SkillPotion"},{"floor":38.0,"key":"Dota2Spire:HealingSalve"},{"floor":49.0,"key":"Languid Potion"}],"is_trial":true,"path_per_floor":["M","M","M","$","?","E","M","M","T","R","M","E","?","E","R","B",null,"M","M","M","?","M","R","E","$","T","M","E","M","NM","?","R","B",null,"M","M","AVR","M","M","E","M","E","T","E","$","M","E","?","R","B","B",null],"character_chosen":"MAGITEKELITE","items_purchased":["SkillPotion","Rune_Blade","PowerPotion","Holy"],"campfire_rested":1,"item_purchase_floors":[4,4,25,45],"current_hp_per_floor":[56,89,86,86,86,103,105,119,119,119,151,164,164,207,207,229,229,229,228,229,229,228,228,229,229,229,229,229,228,227,227,229,229,229,229,229,229,229,229,229,199,201,201,228,229,229,229,229,229,229,187],"gold":2415,"neow_bonus":"","is_daily":false,"chose_seed":false,"campfire_upgraded":12,"win_rate":0.0,"timestamp":1607933473,"path_taken":["M","M","M","?","?","E","?","M","T","R","M","E","?","E","R","BOSS","M","M","M","?","M","R","E","$","T","M","E","M","NM","?","R","BOSS","M","M","AVR","M","?","E","M","E","T","E","?","M","E","?","R","BOSS","BOSS"],"items_purchased_type":["Potion","Card","Potion","Card"],"build_version":"2020-12-13","purchased_purges":1,"victory":true,"max_hp_per_floor":[59,89,89,89,89,105,105,131,131,131,153,164,164,207,207,229,229,229,229,229,229,229,229,229,229,229,229,229,229,229,229,229,229,229,229,229,229,229,229,229,229,229,229,229,229,229,229,229,229,229,229],"card_choices":[{"not_picked":["Wall","Flare","Cursed_Shield"],"picked":"SKIP","floor":1.0},{"not_picked":["Wall","Flare","Cursed_Shield"],"picked":"SKIP","floor":1.0},{"not_picked":["Flare","Dark","Flametongue"],"picked":"SKIP","floor":2.0},{"not_picked":["Flare","Dark","Flametongue"],"picked":"SKIP","floor":2.0},{"not_picked":["Quake","Protect_M"],"picked":"Haste","floor":3.0},{"not_picked":["Aero","Thornlet","Cursed_Shield"],"picked":"SKIP","floor":6.0},{"not_picked":["Break","Magnus_Hat","Mythril_Knife"],"picked":"SKIP","floor":7.0},{"not_picked":["Break","Magnus_Hat","Mythril_Knife"],"picked":"SKIP","floor":7.0},{"not_picked":["Mirage_Vest","Shell"],"picked":"Haste","floor":8.0},{"not_picked":["Thunder_P","Flametongue","Break"],"picked":"SKIP","floor":11.0},{"not_picked":["Thunder_P","Flametongue","Break"],"picked":"SKIP","floor":11.0},{"not_picked":["Transpose_P","Mirage_Vest","Shell"],"picked":"SKIP","floor":12.0},{"not_picked":["Thunder_P","Flare"],"picked":"Astra","floor":14.0},{"not_picked":["Minerva_Bustier","Man_Eater+1","Shell"],"picked":"SKIP","floor":18.0},{"not_picked":["Balance","Meltdown+1","Water"],"picked":"SKIP","floor":19.0},{"not_picked":["Balance","Meltdown+1","Water"],"picked":"SKIP","floor":19.0},{"not_picked":["Meltdown","Protect_M+1","Bravery"],"picked":"SKIP","floor":20.0},{"not_picked":["Meltdown","Protect_M+1","Bravery"],"picked":"SKIP","floor":20.0},{"not_picked":["Magus_Robe","Heavy_Shield","Holy"],"picked":"SKIP","floor":22.0},{"not_picked":["Magus_Robe","Heavy_Shield","Holy"],"picked":"SKIP","floor":22.0},{"not_picked":["Crystal_Sword","Throw","Rune_Blade"],"picked":"SKIP","floor":24.0},{"not_picked":["Gladius","Man_Eater+1"],"picked":"Dispel","floor":27.0},{"not_picked":["Quake","Break","Blood_Hilt+1"],"picked":"SKIP","floor":28.0},{"not_picked":["Bravery+1","Aero","Lightbringer"],"picked":"SKIP","floor":29.0},{"not_picked":["Break","Gaia_Gear"],"picked":"Quake","floor":30.0},{"not_picked":["Mystery_Veil","Lightbringer"],"picked":"Might","floor":33.0},{"not_picked":["Cursed_Shield","Poisona","Crystal_Sword+1"],"picked":"SKIP","floor":35.0},{"not_picked":["Slow","Enhancer"],"picked":"Fake_Moustache","floor":36.0},{"not_picked":["Force_Armor+1","Gaia_Gear+1","Float2_Spell"],"picked":"SKIP","floor":38.0},{"not_picked":["Falchion","Heavy_Shield","Dark"],"picked":"SKIP","floor":39.0},{"not_picked":["Enhancer","Dark","Magnus_Hat"],"picked":"SKIP","floor":40.0},{"not_picked":["Enhancer","Dark","Magnus_Hat"],"picked":"SKIP","floor":40.0},{"not_picked":["theDuelist:Gernia","Aero","theDuelist:MagicalGhost"],"picked":"SKIP","floor":41.0},{"not_picked":["Flying Knee","theDuelist:FogKing","champ:Haymaker"],"picked":"SKIP","floor":42.0},{"not_picked":["theDuelist:StarlightRoad","bard:Demoralize","construct:Impenetrable"],"picked":"SKIP","floor":44.0},{"not_picked":["sneckomod:SlitherStrike","Magnus_Hat","Deep Breath","theDuelist:Pumpking"],"picked":"SKIP","floor":46.0},{"not_picked":["Wandering Soul","theDuelist:RockMetronome","theDuelist:Deskbot009"],"picked":"theDuelist:VampireSorcerer","floor":47.0}],"player_experience":78693,"relics_obtained":[{"floor":6.0,"key":"MealTicket"},{"floor":9.0,"key":"SpikesRelics:ToyHorsey"},{"floor":12.0,"key":"Replay:Multitool"},{"floor":14.0,"key":"LagranYue:MagicReflectiveArmorRelic"},{"floor":26.0,"key":"infinitespire:BottledMercury"},{"floor":28.0,"key":"Bag of Preparation"},{"floor":30.0,"key":"Dota2Spire:EchoSabre"},{"floor":40.0,"key":"aspiration:VileToxins"},{"floor":40.0,"key":"PrismaticShard"},{"floor":42.0,"key":"Replay:WaspNest"},{"floor":43.0,"key":"Replay:Bandana"},{"floor":44.0,"key":"Question Card"},{"floor":47.0,"key":"SpikesRelics:DaevaFist"}],"event_choices":[{"damage_healed":0.0,"max_hp_gain":0.0,"max_hp_loss":0.0,"gold_gain":0.0,"event_name":"Living Wall","player_choice":"Grow","floor":1.0,"gold_loss":0.0,"damage_taken":0.0,"cards_upgraded":["Koishi:ConfinedInnocent"]},{"damage_healed":0.0,"max_hp_gain":0.0,"max_hp_loss":0.0,"gold_gain":0.0,"event_name":"Living Wall","player_choice":"Grow","floor":1.0,"gold_loss":0.0,"damage_taken":0.0,"cards_upgraded":["Koishi:ConfinedInnocent"]},{"damage_healed":0.0,"max_hp_gain":0.0,"max_hp_loss":0.0,"gold_gain":0.0,"event_name":"Living Wall","player_choice":"Grow","floor":1.0,"gold_loss":0.0,"damage_taken":0.0,"cards_upgraded":["ChosenOfTheMoon"]},{"damage_healed":0.0,"max_hp_gain":0.0,"max_hp_loss":0.0,"gold_gain":0.0,"event_name":"Living Wall","player_choice":"Grow","floor":1.0,"gold_loss":0.0,"damage_taken":0.0,"cards_upgraded":["Koishi:ConfinedInnocent"]},{"damage_healed":0.0,"max_hp_gain":0.0,"max_hp_loss":0.0,"gold_gain":0.0,"event_name":"Living Wall","player_choice":"Grow","floor":1.0,"gold_loss":0.0,"damage_taken":0.0,"cards_upgraded":["Koishi:ConfinedInnocent"]},{"damage_healed":0.0,"max_hp_gain":0.0,"max_hp_loss":0.0,"gold_gain":0.0,"event_name":"Living Wall","player_choice":"Grow","floor":1.0,"gold_loss":0.0,"damage_taken":0.0,"cards_upgraded":["Koishi:ConfinedInnocent"]},{"damage_healed":0.0,"max_hp_gain":0.0,"max_hp_loss":0.0,"gold_gain":0.0,"event_name":"Living Wall","player_choice":"Grow","floor":1.0,"gold_loss":0.0,"damage_taken":0.0,"cards_upgraded":["Koishi:ConfinedInnocent"]},{"damage_healed":0.0,"max_hp_gain":0.0,"max_hp_loss":0.0,"gold_gain":0.0,"event_name":"Living Wall","player_choice":"Grow","floor":1.0,"gold_loss":0.0,"damage_taken":0.0,"cards_upgraded":["somnambulantmod: RuthlessStudy"]},{"damage_healed":0.0,"max_hp_gain":0.0,"max_hp_loss":0.0,"gold_gain":0.0,"event_name":"Living Wall","player_choice":"Grow","floor":1.0,"gold_loss":0.0,"damage_taken":0.0,"cards_upgraded":["HollowMod:Hiveblood"]},{"damage_healed":0.0,"max_hp_gain":0.0,"max_hp_loss":0.0,"gold_gain":0.0,"event_name":"Living Wall","player_choice":"Grow","floor":1.0,"gold_loss":0.0,"damage_taken":0.0,"cards_upgraded":["HollowMod:Hiveblood"]},{"damage_healed":0.0,"max_hp_gain":0.0,"max_hp_loss":0.0,"gold_gain":0.0,"event_name":"Living Wall","player_choice":"Grow","floor":1.0,"gold_loss":0.0,"damage_taken":0.0,"cards_upgraded":["HollowMod:Hiveblood"]},{"damage_healed":0.0,"max_hp_gain":0.0,"max_hp_loss":0.0,"gold_gain":0.0,"event_name":"Living Wall","player_choice":"Grow","floor":1.0,"gold_loss":0.0,"damage_taken":0.0,"cards_upgraded":["WalpurgisNight"]},{"damage_healed":0.0,"max_hp_gain":0.0,"max_hp_loss":0.0,"gold_gain":0.0,"event_name":"Living Wall","player_choice":"Grow","floor":1.0,"gold_loss":0.0,"damage_taken":0.0,"cards_upgraded":["Glutton:GuardStance"]},{"damage_healed":0.0,"max_hp_gain":0.0,"max_hp_loss":0.0,"gold_gain":0.0,"event_name":"Living Wall","player_choice":"Grow","floor":1.0,"gold_loss":0.0,"damage_taken":0.0,"cards_upgraded":["Glutton:GuardStance"]},{"damage_healed":0.0,"max_hp_gain":0.0,"max_hp_loss":0.0,"gold_gain":0.0,"event_name":"Living Wall","player_choice":"Grow","floor":1.0,"gold_loss":0.0,"damage_taken":0.0,"cards_upgraded":["Glutton:GuardStance"]},{"damage_healed":0.0,"max_hp_gain":0.0,"max_hp_loss":0.0,"gold_gain":0.0,"event_name":"Living Wall","player_choice":"Grow","floor":1.0,"gold_loss":0.0,"damage_taken":0.0,"cards_upgraded":["TheCursedMod:SpitefulPlan"]},{"damage_healed":0.0,"max_hp_gain":0.0,"max_hp_loss":0.0,"gold_gain":0.0,"event_name":"Living Wall","player_choice":"Grow","floor":1.0,"gold_loss":0.0,"damage_taken":0.0,"cards_upgraded":["rat:BloodPact"]},{"damage_healed":0.0,"max_hp_gain":0.0,"max_hp_loss":0.0,"gold_gain":0.0,"event_name":"Living Wall","player_choice":"Grow","floor":1.0,"gold_loss":0.0,"damage_taken":0.0,"cards_upgraded":["Glutton:GuardStance"]},{"damage_healed":0.0,"max_hp_gain":0.0,"max_hp_loss":0.0,"gold_gain":0.0,"event_name":"Living Wall","player_choice":"Grow","floor":4.0,"gold_loss":0.0,"damage_taken":0.0,"cards_upgraded":["Haste"]},{"damage_healed":0.0,"max_hp_gain":0.0,"max_hp_loss":0.0,"gold_gain":0.0,"event_name":"Living Wall","player_choice":"Grow","floor":4.0,"gold_loss":0.0,"damage_taken":0.0,"cards_upgraded":["Rune_Blade"]},{"damage_healed":0.0,"max_hp_gain":0.0,"max_hp_loss":0.0,"gold_gain":0.0,"event_name":"Living Wall","player_choice":"Grow","floor":4.0,"gold_loss":0.0,"damage_taken":0.0,"cards_upgraded":["rat:BloodPact"]},{"damage_healed":0.0,"max_hp_gain":0.0,"max_hp_loss":0.0,"gold_gain":0.0,"event_name":"Living Wall","player_choice":"Grow","floor":4.0,"gold_loss":0.0,"damage_taken":0.0,"cards_upgraded":["Koishi:ConfinedInnocent"]},{"damage_healed":0.0,"max_hp_gain":0.0,"max_hp_loss":0.0,"gold_gain":0.0,"event_name":"Living Wall","player_choice":"Grow","floor":4.0,"gold_loss":0.0,"damage_taken":0.0,"cards_upgraded":["Koishi:ConfinedInnocent"]},{"damage_healed":0.0,"max_hp_gain":0.0,"max_hp_loss":0.0,"gold_gain":0.0,"event_name":"Living Wall","player_choice":"Grow","floor":4.0,"gold_loss":0.0,"damage_taken":0.0,"cards_upgraded":["Koishi:ConfinedInnocent"]},{"damage_healed":0.0,"max_hp_gain":0.0,"max_hp_loss":0.0,"gold_gain":0.0,"event_name":"Wheel of Change","player_choice":"Relic","floor":5.0,"gold_loss":0.0,"damage_taken":0.0},{"damage_healed":0.0,"max_hp_gain":0.0,"max_hp_loss":0.0,"gold_gain":0.0,"event_name":"Living Wall","player_choice":"Grow","floor":8.0,"gold_loss":0.0,"damage_taken":0.0,"cards_upgraded":["ChosenOfTheMoon"]},{"damage_healed":0.0,"max_hp_gain":0.0,"max_hp_loss":0.0,"gold_gain":0.0,"event_name":"Purifier","player_choice":"Ignored","floor":13.0,"gold_loss":0.0,"damage_taken":0.0},{"damage_healed":0.0,"max_hp_gain":0.0,"max_hp_loss":0.0,"gold_gain":0.0,"event_name":"Purifier","player_choice":"Ignored","floor":31.0,"gold_loss":0.0,"damage_taken":0.0}],"is_beta":false,"boss_relics":[{"not_picked":["hubris:HollowSoul","Fusion Hammer"],"picked":"vexMod:RockOfEvil"},{"not_picked":["SacredBark","halation:SmartPhone"],"picked":"conspire:RoyalGoblet"}],"items_purged_floors":[45],"is_endless":false,"potions_floor_spawned":[1,7,8,14,20,24,28,29,30,38,40,42],"ascension_level":20}}