{"host":"8kmb0xrm8majrvz5","time":1607965964,"event":{"mods":["AchievementEnabler","BaseMod","Colored Map","Minty Spire (QoL Compilation)","Rare Cards Sparkle","SuperFastMode"],"gold_per_floor":[117,127,141,161,173,173,202,219,219,252,262,272,120,133,133,234,234,245,245,170,20,20,46,64,83,109,109,109,120,133,33,33,137,137,151,151,166,178,190,190,40,40,89,13,0,50,68,22,22,22],"floor_reached":51,"playtime":1949,"items_purged":["Defend_R","Writhe"],"score":765,"play_id":"f1b5d70e-3619-4818-8e57-73f721e79356","local_time":"20201215021244","is_ascension_mode":true,"campfire_choices":[{"data":"Bash","floor":6,"key":"SMITH"},{"floor":15,"key":"REST"},{"floor":27,"key":"REST"},{"floor":32,"key":"REST"},{"data":"Armaments","floor":40,"key":"SMITH"},{"data":"Berserk","floor":42,"key":"SMITH"},{"floor":49,"key":"REST"}],"circlet_count":0,"master_deck":["Strike_R","Strike_R","Strike_R","Strike_R","Strike_R","Defend_R","Bash+1","Shrug It Off","Infernal Blade","Rage+1","Hemokinesis","Armaments+1","Flame Barrier","Inflame","Whirlwind","Spot Weakness+1","Twin Strike","Feed","Battle Trance+1","Dropkick","Pummel+1","Thunderclap","Impatience","Bloodletting","Blood for Blood","Berserk","CurseOfTheBell","Discovery","Trip","Heavy Blade+1","Carnage+1","Shockwave+1","Berserk+1","True Grit","Metallicize+1","Warcry"],"relics":["Burning Blood","Anchor","InkBottle","Mummified Hand","Boot","SlaversCollar","Question Card","Lantern","Kunai","Red Skull","Calling Bell","MealTicket","Darkstone Periapt","Du-Vu Doll","DollysMirror","War Paint","Red Mask","Lizard Tail"],"acts_visited":["Exordium","TheCity","TheBeyond"],"potions_floor_usage":[18,23,24,33,33,33,50,50],"damage_taken":[{"damage":1,"enemies":"Cultist","floor":1,"turns":4},{"damage":1,"enemies":"Jaw Worm","floor":2,"turns":2},{"damage":0,"enemies":"2 Louse","floor":3,"turns":3},{"damage":0,"enemies":"2 Fungi Beasts","floor":4,"turns":3},{"damage":5,"enemies":"Gremlin Gang","floor":5,"turns":5},{"damage":34,"enemies":"Lagavulin","floor":7,"turns":5},{"damage":0,"enemies":"Blue Slaver","floor":8,"turns":2},{"damage":37,"enemies":"3 Sentries","floor":10,"turns":10},{"damage":5,"enemies":"Exordium Thugs","floor":11,"turns":6},{"damage":2,"enemies":"3 Louse","floor":12,"turns":2},{"damage":4,"enemies":"Exordium Wildlife","floor":14,"turns":3},{"damage":42,"enemies":"The Guardian","floor":16,"turns":10},{"damage":12,"enemies":"Spheric Guardian","floor":18,"turns":3},{"damage":21,"enemies":"Slavers","floor":23,"turns":4},{"damage":12,"enemies":"2 Thieves","floor":24,"turns":4},{"damage":32,"enemies":"Sentry and Sphere","floor":25,"turns":5},{"damage":6,"enemies":"Chosen and Byrds","floor":29,"turns":4},{"damage":17,"enemies":"Snake Plant","floor":30,"turns":4},{"damage":47,"enemies":"Champ","floor":33,"turns":8},{"damage":26,"enemies":"3 Darklings","floor":35,"turns":5},{"damage":5,"enemies":"Orb Walker","floor":37,"turns":2},{"damage":39,"enemies":"Sphere and 2 Shapes","floor":38,"turns":4},{"damage":3,"enemies":"Jaw Worm Horde","floor":39,"turns":2},{"damage":5,"enemies":"Mind Bloom Boss Battle","floor":46,"turns":4},{"damage":11,"enemies":"Maw","floor":47,"turns":8},{"damage":64,"enemies":"Time Eater","floor":50,"turns":7}],"seed_played":"1963551655980205592","potions_obtained":[{"floor":3,"key":"GamblersBrew"},{"floor":5,"key":"EssenceOfSteel"},{"floor":10,"key":"Dexterity Potion"},{"floor":12,"key":"DistilledChaos"},{"floor":14,"key":"SteroidPotion"},{"floor":18,"key":"SkillPotion"},{"floor":25,"key":"SpeedPotion"},{"floor":30,"key":"BlessingOfTheForge"},{"floor":37,"key":"ColorlessPotion"},{"floor":39,"key":"DuplicationPotion"},{"floor":47,"key":"DuplicationPotion"}],"is_trial":false,"path_per_floor":["M","M","M","M","M","R","E","M","T","E","M","M","$","M","R","B",null,"M","?","?","$","?","E","M","M","T","R","?","M","M","$","R","B",null,"M","?","M","M","M","R","$","R","T","$","?","?","M","$","R","B",null],"character_chosen":"IRONCLAD","items_purchased":["Spot Weakness","Lantern","DollysMirror","True Grit","SkillPotion","Warcry"],"campfire_rested":4,"item_purchase_floors":[13,21,41,44,44,48],"current_hp_per_floor":[80,80,80,80,80,80,52,58,58,27,28,32,32,34,58,22,80,77,77,77,77,77,65,62,36,36,62,62,65,54,54,81,40,92,72,67,71,38,44,44,59,59,59,74,74,75,74,89,102,44],"gold":22,"neow_bonus":"RANDOM_COMMON_RELIC","is_daily":false,"chose_seed":false,"campfire_upgraded":3,"win_rate":0.0,"timestamp":1607965964,"path_taken":["M","M","M","M","M","R","E","?","T","E","M","M","$","M","R","BOSS","M","?","?","$","?","E","?","M","T","R","?","M","M","?","R","BOSS","M","?","M","M","M","R","?","R","T","?","?","?","M","$","R","BOSS"],"items_purchased_type":["Card","Relic","Relic","Card","Potion","Card"],"build_version":"2020-12-13","purchased_purges":2,"victory":true,"max_hp_per_floor":[80,80,80,80,80,80,80,80,80,80,80,80,80,80,80,80,80,83,83,83,83,83,86,89,89,89,89,89,92,92,92,92,92,92,92,92,95,95,98,98,98,98,98,98,98,98,102,102,102,102],"card_choices":[{"not_picked":["Twin Strike","Pommel Strike"],"picked":"Shrug It Off","floor":1},{"not_picked":["Clash","Wild Strike"],"picked":"Infernal Blade","floor":2},{"not_picked":["Disarm","Pommel Strike"],"picked":"Rage","floor":3},{"not_picked":["Body Slam","Pummel"],"picked":"Hemokinesis","floor":4},{"not_picked":["Clothesline","Iron Wave","Rage"],"picked":"SKIP","floor":5},{"not_picked":["Reckless Charge","Sever Soul"],"picked":"Armaments","floor":7},{"not_picked":["Power Through","Rampage","Anger"],"picked":"SKIP","floor":8},{"not_picked":["Sever Soul","Evolve"],"picked":"Flame Barrier","floor":10},{"not_picked":["Shrug It Off","Barricade"],"picked":"Inflame","floor":11},{"not_picked":["Armaments","Headbutt"],"picked":"Whirlwind","floor":12},{"not_picked":["Rage","Power Through"],"picked":"Twin Strike","floor":14},{"not_picked":["Exhume","Corruption"],"picked":"Feed","floor":16},{"not_picked":["Sword Boomerang","Thunderclap"],"picked":"Battle Trance+1","floor":18},{"not_picked":["Sever Soul","Burning Pact","Whirlwind","Feel No Pain"],"picked":"SKIP","floor":23},{"not_picked":["Headbutt","Twin Strike","Cleave"],"picked":"Pummel+1","floor":24},{"not_picked":["Inflame","Dual Wield","Twin Strike"],"picked":"Thunderclap","floor":25},{"not_picked":["Fire Breathing","Anger","Cleave+1"],"picked":"Bloodletting","floor":29},{"not_picked":["Wild Strike+1","Clothesline","True Grit"],"picked":"Blood for Blood","floor":30},{"not_picked":["Corruption","Impervious","Limit Break"],"picked":"Berserk","floor":33},{"not_picked":["Wild Strike+1","Shrug It Off","Clothesline","Evolve"],"picked":"SKIP","floor":35},{"not_picked":["Forethought","Panache","Secret Technique"],"picked":"Discovery","floor":36},{"not_picked":["Jack Of All Trades","Chrysalis","Transmutation"],"picked":"Trip","floor":36},{"not_picked":["Inflame+1","Reckless Charge","Rage+1"],"picked":"Heavy Blade+1","floor":37},{"not_picked":["Armaments","Clash","Perfected Strike"],"picked":"Carnage+1","floor":38},{"not_picked":["Seeing Red","Heavy Blade+1","Headbutt+1"],"picked":"Shockwave+1","floor":39},{"not_picked":["Infernal Blade+1","Clash+1","Combust"],"picked":"Metallicize+1","floor":47}],"player_experience":712095,"relics_obtained":[{"floor":7,"key":"InkBottle"},{"floor":9,"key":"Mummified Hand"},{"floor":10,"key":"Boot"},{"floor":23,"key":"Kunai"},{"floor":26,"key":"Red Skull"},{"floor":34,"key":"MealTicket"},{"floor":34,"key":"Darkstone Periapt"},{"floor":34,"key":"Du-Vu Doll"},{"floor":43,"key":"War Paint"},{"floor":46,"key":"Lizard Tail"}],"event_choices":[{"damage_healed":0,"gold_gain":0,"player_choice":"Opened","damage_taken":0,"relics_obtained":["Question Card"],"max_hp_gain":0,"max_hp_loss":0,"event_name":"The Mausoleum","floor":19,"gold_loss":0,"cards_obtained":["Writhe"]},{"cards_removed":["Defend_R"],"damage_healed":0,"gold_gain":0,"player_choice":"Gave Gold","damage_taken":0,"max_hp_gain":0,"max_hp_loss":0,"event_name":"Beggar","floor":20,"gold_loss":75},{"damage_healed":0,"gold_gain":0,"cards_transformed":["Defend_R"],"player_choice":"Transformed","damage_taken":0,"max_hp_gain":0,"max_hp_loss":0,"event_name":"Transmorgrifier","floor":22,"gold_loss":0,"cards_obtained":["Dropkick"]},{"damage_healed":0,"gold_gain":0,"player_choice":"1 cards matched","damage_taken":0,"max_hp_gain":0,"max_hp_loss":0,"event_name":"Match and Keep!","floor":28,"gold_loss":0,"cards_obtained":["Impatience"]},{"damage_healed":0,"gold_gain":0,"player_choice":"Memory 2","damage_taken":5,"max_hp_gain":0,"max_hp_loss":0,"event_name":"SensoryStone","floor":36,"gold_loss":0},{"damage_healed":0,"gold_gain":0,"player_choice":"Paid","damage_taken":0,"relics_obtained":["Red Mask"],"max_hp_gain":0,"max_hp_loss":0,"event_name":"Tomb of Lord Red Mask","floor":45,"gold_loss":13},{"damage_healed":0,"gold_gain":0,"player_choice":"Fight","damage_taken":0,"max_hp_gain":0,"max_hp_loss":0,"event_name":"MindBloom","floor":46,"gold_loss":0}],"is_beta":false,"boss_relics":[{"not_picked":["Astrolabe","Runic Dome"],"picked":"SlaversCollar"},{"not_picked":["Fusion Hammer","Sozu"],"picked":"Calling Bell"}],"items_purged_floors":[13,31],"is_endless":false,"potions_floor_spawned":[3,5,10,12,14,18,23,25,30,37,39,47],"ascension_level":1}}