{"host":"j0a1jfichhxu8b8p","time":1607950650,"event":{"mods":["BaseMod","Colored Map","DeckTracker","Keyboard Shortcuts","Minty Spire (QoL Compilation)","Permanent Neow","everything is the same but u backflip on backflip"],"gold_per_floor":[116,134,134,154,174,174,204,204,204,215,230,230,9,20,20,123,123,138,149,149,165,179,179,179,179],"floor_reached":24,"playtime":1200,"items_purged":["Strike_G"],"score":293,"play_id":"a10f9d76-2c64-4d18-b631-4ba06b0cd893","local_time":"20201214215730","is_ascension_mode":true,"campfire_choices":[{"data":"Deadly Poison","floor":6.0,"key":"SMITH"},{"data":"Prepared","floor":8.0,"key":"SMITH"},{"floor":12.0,"key":"REST"},{"data":"Crippling Poison","floor":15.0,"key":"SMITH"},{"data":"Backflip","floor":23,"key":"SMITH"}],"circlet_count":0,"master_deck":["Strike_G","Strike_G","Strike_G","Defend_G","Defend_G","Defend_G","Defend_G","Defend_G","Survivor","Neutralize+1","Tactician","Dagger Spray","Prepared+1","Deadly Poison+1","Deadly Poison","Cloak And Dagger","Grand Finale","Crippling Poison+1","Grand Finale","Noxious Fumes","PiercingWail","Grand Finale","Backflip+1","Blur"],"relics":["Ring of the Snake","Kunai","Bottled Flame","Anchor","SlaversCollar"],"acts_visited":["Exordium","TheCity"],"potions_floor_usage":[19,21,24],"damage_taken":[{"damage":7.0,"enemies":"Small Slimes","floor":1.0,"turns":7.0},{"damage":5.0,"enemies":"Cultist","floor":2.0,"turns":6.0},{"damage":0.0,"enemies":"Jaw Worm","floor":4.0,"turns":4.0},{"damage":8.0,"enemies":"Gremlin Gang","floor":5.0,"turns":5.0},{"damage":27.0,"enemies":"3 Sentries","floor":7.0,"turns":10.0},{"damage":9.0,"enemies":"Blue Slaver","floor":10.0,"turns":4.0},{"damage":0.0,"enemies":"Red Slaver","floor":11.0,"turns":4.0},{"damage":0.0,"enemies":"2 Fungi Beasts","floor":14.0,"turns":4.0},{"damage":25.0,"enemies":"Hexaghost","floor":16.0,"turns":11.0},{"damage":0,"enemies":"3 Byrds","floor":18,"turns":3},{"damage":3,"enemies":"Chosen","floor":19,"turns":5},{"damage":17,"enemies":"Snecko","floor":21,"turns":4},{"damage":17,"enemies":"Centurion and Healer","floor":22,"turns":9},{"damage":17,"enemies":"Book of Stabbing","floor":24,"turns":5}],"seed_played":"2129004212623294890","potions_obtained":[{"floor":1.0,"key":"Weak Potion"},{"floor":7.0,"key":"SteroidPotion"},{"floor":10.0,"key":"Dexterity Potion"},{"floor":16.0,"key":"Energy Potion"},{"floor":18,"key":"Explosive Potion"},{"floor":21,"key":"SteroidPotion"},{"floor":22,"key":"Fire Potion"}],"is_trial":false,"path_per_floor":["M","M","?","M","M","R","E","R","T","M","M","R","$","M","R","B",null,"M","M","?","M","M","R","E"],"character_chosen":"THE_SILENT","items_purchased":["Anchor"],"campfire_rested":1,"item_purchase_floors":[13],"current_hp_per_floor":[56,51,51,51,43,43,16,16,16,7,7,28,28,28,28,3,53,53,50,50,33,16,16,0,0],"gold":179,"neow_bonus":"TRANSFORM_CARD","is_daily":false,"chose_seed":false,"campfire_upgraded":4,"win_rate":0.0,"timestamp":1607950650,"path_taken":["M","M","?","M","M","R","E","R","T","?","M","R","$","M","R","BOSS","M","M","?","?","M","R","E"],"items_purchased_type":["Relic"],"build_version":"2020-12-13","purchased_purges":1,"victory":false,"max_hp_per_floor":[70,70,70,70,70,70,70,70,70,70,70,70,70,70,70,70,70,70,70,70,70,70,70,70,70],"card_choices":[{"not_picked":["Setup","Predator"],"picked":"Dagger Spray","floor":1.0},{"not_picked":["Dodge and Roll","Outmaneuver","Expertise"],"picked":"SKIP","floor":2.0},{"not_picked":["Terror","Quick Slash"],"picked":"Prepared","floor":4.0},{"not_picked":["Caltrops","Blade Dance"],"picked":"Deadly Poison","floor":5.0},{"not_picked":["Dash","Backflip"],"picked":"Deadly Poison","floor":7.0},{"not_picked":["Distraction","Deflect"],"picked":"Cloak And Dagger","floor":10.0},{"not_picked":["PiercingWail","Slice"],"picked":"Grand Finale","floor":11.0},{"not_picked":["Heel Hook","Outmaneuver"],"picked":"Crippling Poison","floor":14.0},{"not_picked":["Phantasmal Killer","Venomology"],"picked":"Grand Finale","floor":16.0},{"not_picked":["Cloak And Dagger","Outmaneuver+1"],"picked":"Noxious Fumes","floor":18},{"not_picked":["Flying Knee","Choke"],"picked":"PiercingWail","floor":19},{"not_picked":["Cloak And Dagger","Dodge and Roll"],"picked":"Backflip","floor":21},{"not_picked":["Glass Knife","Underhanded Strike"],"picked":"Blur","floor":22}],"player_experience":302434,"relics_obtained":[{"floor":7.0,"key":"Kunai"},{"floor":9.0,"key":"Bottled Flame"}],"event_choices":[{"damage_healed":0.0,"max_hp_gain":0.0,"max_hp_loss":0.0,"gold_gain":0.0,"event_name":"Upgrade Shrine","player_choice":"Upgraded","floor":3.0,"gold_loss":0.0,"damage_taken":0.0,"cards_upgraded":["Neutralize"]},{"damage_healed":0,"gold_gain":0,"player_choice":"Copied","damage_taken":0,"max_hp_gain":0,"max_hp_loss":0,"event_name":"Duplicator","floor":20,"gold_loss":0,"cards_obtained":["Grand Finale"]}],"is_beta":false,"boss_relics":[{"not_picked":["Astrolabe","Ring of the Serpent"],"picked":"SlaversCollar"}],"items_purged_floors":[13],"is_endless":false,"potions_floor_spawned":[1,7,10,11,16,18,21,22],"killed_by":"Book of Stabbing","ascension_level":9}}