{"host":"bux1pdxjwq4dkad9","time":1607929999,"event":{"mods":["BaseMod","Colored Map","Minty Spire (QoL Compilation)","Quick Restart","Robot Space Explorer","Shop Mod","Spicy Shops","StSLib","SuperFastMode","The Alterego","Thieving Mod","Uncapped","【人物mod】游戏王New YuGiOh mod","【遗物Mod】简单游戏"],"gold_per_floor":[124,124,124,49,94,128,128,128,201,221,221,236,270,294,294,390,390,407,428,90,107,129,160,160,196,196,196,227,245,277,152,152,260,260,280,280,280,128,147,177,177,199,224,255,272,309,326,366,366,371,371,371,116,155,165],"floor_reached":56,"playtime":2008,"items_purged":["RobotSpaceExplorer:Defend","RobotSpaceExplorer:Defend","RobotSpaceExplorer:Strike"],"score":1928,"play_id":"c46afc73-1606-4723-bbc6-7e14cb608c14","local_time":"20201214151319","is_ascension_mode":true,"campfire_choices":[{"data":"RobotSpaceExplorer:FranticSearch","floor":7.0,"key":"SMITH"},{"data":"RobotSpaceExplorer:LaserBurst","floor":11.0,"key":"SMITH"},{"data":"RobotSpaceExplorer:StarLightning","floor":15.0,"key":"SMITH"},{"data":"RobotSpaceExplorer:FranticSearch","floor":32,"key":"SMITH"},{"floor":41,"key":"RECALL"},{"data":"RobotSpaceExplorer:MiniLasers","floor":49,"key":"PURGE"},{"data":"RobotSpaceExplorer:BlastShield","floor":52,"key":"PURGE"}],"circlet_count":0,"master_deck":["RobotSpaceExplorer:Scan","RobotSpaceExplorer:LaserBurst+1","RobotSpaceExplorer:FranticSearch+1","RobotSpaceExplorer:StarLightning+1","RobotSpaceExplorer:GlueShot+1","RobotSpaceExplorer:FranticSearch+1","Ghostly+1","Ghostly+1","Ghostly+1","Ghostly+1","Ghostly+1","RobotSpaceExplorer:IronShell+1","RobotSpaceExplorer:Comet+1","RobotSpaceExplorer:TrailblazerForm+1","RobotSpaceExplorer:StarDust+1","RobotSpaceExplorer:ChargingLaser"],"relics":["RobotSpaceExplorer:TurboCore","TimeKeys","Ginger","InkBottle","Anchor","Toxic Egg 2","Mercury Hourglass","Meat on the Bone","Sundial","MutagenicStrength","Bottled Lightning","Frozen Egg 2","Fusion Hammer","Medical Kit","Turnip","Vajra","Shuriken","Oddly Smooth Stone","Ancient Tea Set","Potion Belt","RobotSpaceExplorer:PlasmaHourglass","TheAbacus","Art of War"],"acts_visited":["Exordium","TheCity","TheBeyond","TheEnding"],"potions_floor_usage":[16,55,55,55,55,55],"damage_taken":[{"damage":1.0,"enemies":"Jaw Worm","floor":1.0,"turns":3.0},{"damage":0.0,"enemies":"Gremlin Nob","floor":6.0,"turns":3.0},{"damage":0.0,"enemies":"2 Louse","floor":10.0,"turns":1.0},{"damage":0.0,"enemies":"Cultist","floor":12.0,"turns":2.0},{"damage":0.0,"enemies":"Lagavulin","floor":13.0,"turns":3.0},{"damage":0.0,"enemies":"3 Louse","floor":14.0,"turns":2.0},{"damage":0,"enemies":"The Guardian","floor":16,"turns":10},{"damage":0,"enemies":"Chosen","floor":18,"turns":4},{"damage":0,"enemies":"3 Byrds","floor":19,"turns":5},{"damage":3,"enemies":"Centurion and Healer","floor":21,"turns":6},{"damage":0,"enemies":"Snecko","floor":22,"turns":3},{"damage":0,"enemies":"Slavers","floor":23,"turns":2},{"damage":0,"enemies":"Gremlin Leader","floor":25,"turns":5},{"damage":0,"enemies":"Book of Stabbing","floor":28,"turns":5},{"damage":0,"enemies":"3 Cultists","floor":29,"turns":2},{"damage":0,"enemies":"Gremlin Leader","floor":30,"turns":5},{"damage":0,"enemies":"Automaton","floor":33,"turns":9},{"damage":0,"enemies":"3 Shapes","floor":35,"turns":5},{"damage":0,"enemies":"3 Darklings","floor":39,"turns":6},{"damage":0,"enemies":"Reptomancer","floor":40,"turns":5},{"damage":0,"enemies":"Spire Growth","floor":42,"turns":4},{"damage":0,"enemies":"Nemesis","floor":44,"turns":4},{"damage":0,"enemies":"Writhing Mass","floor":45,"turns":5},{"damage":0,"enemies":"Reptomancer","floor":46,"turns":6},{"damage":0,"enemies":"Maw","floor":47,"turns":5},{"damage":0,"enemies":"Nemesis","floor":48,"turns":7},{"damage":0,"enemies":"Donu and Deca","floor":50,"turns":7},{"damage":0,"enemies":"Shield and Spear","floor":54,"turns":5},{"damage":0,"enemies":"The Heart","floor":55,"turns":7}],"seed_played":"-4549511203926909828","potions_obtained":[{"floor":0.0,"key":"Regen Potion"},{"floor":0.0,"key":"SkillPotion"},{"floor":0.0,"key":"SneckoOil"},{"floor":1.0,"key":"Fire Potion"},{"floor":10.0,"key":"BlessingOfTheForge"},{"floor":23,"key":"FairyPotion"},{"floor":29,"key":"SpeedPotion"},{"floor":33,"key":"GamblersBrew"},{"floor":48,"key":"BlessingOfTheForge"}],"is_trial":false,"path_per_floor":["M","?","?","$","T","E","R","$","T","M","R","M","E","M","R","B",null,"M","M","$","M","M","E","?","E","T","?","E","M","E","$","R","B",null,"M","?","?","$","M","E","R","M","T","E","M","E","M","E","R","B",null,"R","$","E","B",null],"character_chosen":"RobotSpaceExplorer","items_purchased":["Toxic Egg 2","Medical Kit","TheAbacus","CultistPotion"],"campfire_rested":0,"item_purchase_floors":[20,38,53,53],"current_hp_per_floor":[74,74,67,67,67,69,69,69,69,71,71,73,75,75,75,75,75,75,75,75,72,74,75,37,37,37,37,37,37,37,37,37,37,37,37,35,35,35,35,35,35,35,35,35,35,35,35,35,35,35,35,35,35,35,35],"gold":165,"neow_bonus":"THREE_SMALL_POTIONS","is_daily":false,"chose_seed":false,"campfire_upgraded":4,"win_rate":0.0,"timestamp":1607929999,"path_taken":["M","?","?","$","?","E","R","$","T","M","R","M","E","M","R","BOSS","M","M","$","?","M","E","?","E","T","?","E","M","E","?","R","BOSS","M","?","?","$","?","E","R","M","T","E","M","E","M","E","R","BOSS","R","$","E","BOSS"],"items_purchased_type":["Relic","Relic","Relic","Potion"],"build_version":"2020-12-13","purchased_purges":3,"victory":true,"max_hp_per_floor":[75,75,75,75,75,75,75,75,75,75,75,75,75,75,75,75,75,75,75,75,75,75,75,37,37,37,37,37,37,37,37,37,37,37,37,35,35,35,35,35,35,35,35,35,35,35,35,35,35,35,35,35,35,35,35],"card_choices":[{"not_picked":["RobotSpaceExplorer:SwiftStep","RobotSpaceExplorer:GlueShot","RobotSpaceExplorer:GearShield"],"picked":"SKIP","floor":1.0},{"not_picked":["RobotSpaceExplorer:DoubleBlock","RobotSpaceExplorer:GlueShot"],"picked":"RobotSpaceExplorer:FranticSearch","floor":6.0},{"not_picked":["RobotSpaceExplorer:MetalStrike","RobotSpaceExplorer:FrostMissile","RobotSpaceExplorer:Asteroid"],"picked":"SKIP","floor":10.0},{"not_picked":["RobotSpaceExplorer:ScrapToss","RobotSpaceExplorer:Probe","RobotSpaceExplorer:Blitz"],"picked":"SKIP","floor":12.0},{"not_picked":["RobotSpaceExplorer:SwiftStep","RobotSpaceExplorer:SurgingShield"],"picked":"RobotSpaceExplorer:BlastShield","floor":13.0},{"not_picked":["RobotSpaceExplorer:ExhaustFan","RobotSpaceExplorer:Jetpack"],"picked":"RobotSpaceExplorer:StarLightning","floor":14.0},{"not_picked":["RobotSpaceExplorer:Arsenal","RobotSpaceExplorer:BlastShield"],"picked":"RobotSpaceExplorer:Wormhole","floor":16},{"not_picked":["RobotSpaceExplorer:SlimeMissile","RobotSpaceExplorer:ScrapToss+1"],"picked":"RobotSpaceExplorer:GlueShot+1","floor":18},{"not_picked":["RobotSpaceExplorer:Discharger","RobotSpaceExplorer:DualCore"],"picked":"RobotSpaceExplorer:FranticSearch","floor":19},{"not_picked":["RobotSpaceExplorer:Probe+1","RobotSpaceExplorer:MetalStrike","RobotSpaceExplorer:GlueShot+1"],"picked":"SKIP","floor":21},{"not_picked":["RobotSpaceExplorer:DoubleBlock+1","RobotSpaceExplorer:PlasmaMissile","RobotSpaceExplorer:PowerCollector+1"],"picked":"SKIP","floor":22},{"not_picked":["RobotSpaceExplorer:FrostMissile","RobotSpaceExplorer:GlueShot+1","RobotSpaceExplorer:ShockKick+1"],"picked":"SKIP","floor":23},{"not_picked":["RobotSpaceExplorer:PowerCollector+1","RobotSpaceExplorer:Reload+1"],"picked":"RobotSpaceExplorer:Wormhole+1","floor":25},{"not_picked":["RobotSpaceExplorer:StunGrenade","RobotSpaceExplorer:MetalStrike+1","RobotSpaceExplorer:FrostMissile"],"picked":"SKIP","floor":28},{"not_picked":["RobotSpaceExplorer:FranticSearch+1","RobotSpaceExplorer:Jetpack+1","RobotSpaceExplorer:SwiftStep+1"],"picked":"SKIP","floor":29},{"not_picked":["RobotSpaceExplorer:LuckyStrike","RobotSpaceExplorer:ImprovisedAttack+1","RobotSpaceExplorer:Jetpack+1"],"picked":"SKIP","floor":30},{"not_picked":["RobotSpaceExplorer:BlastShield+1","RobotSpaceExplorer:Explosion"],"picked":"RobotSpaceExplorer:Exploration+1","floor":33},{"not_picked":["RobotSpaceExplorer:Counterblock+1","RobotSpaceExplorer:FranticSearch+1","RobotSpaceExplorer:JunkDive+1"],"picked":"SKIP","floor":35},{"not_picked":["RobotSpaceExplorer:FrostMissile+1","RobotSpaceExplorer:FranticSearch+1","RobotSpaceExplorer:StarLightning+1"],"picked":"SKIP","floor":39},{"not_picked":["RobotSpaceExplorer:GlueShot+1","RobotSpaceExplorer:Electroshield+1"],"picked":"RobotSpaceExplorer:Comet+1","floor":40},{"not_picked":["RobotSpaceExplorer:ScrapMissile+1","RobotSpaceExplorer:MetalStrike+1","RobotSpaceExplorer:SurgingShield+1"],"picked":"SKIP","floor":42},{"not_picked":["RobotSpaceExplorer:BigMissile","RobotSpaceExplorer:SurgingStrike"],"picked":"RobotSpaceExplorer:TrailblazerForm+1","floor":44},{"not_picked":["RobotSpaceExplorer:StarDust+1","RobotSpaceExplorer:SlimeMissile+1","RobotSpaceExplorer:FrostMissile+1"],"picked":"SKIP","floor":45},{"not_picked":["RobotSpaceExplorer:GlueShot+1","RobotSpaceExplorer:Pulsar+1"],"picked":"RobotSpaceExplorer:StarDust+1","floor":46},{"not_picked":["RobotSpaceExplorer:Smokescreen+1","RobotSpaceExplorer:Discharger+1"],"picked":"RobotSpaceExplorer:Exploration+1","floor":47},{"not_picked":["RobotSpaceExplorer:Reload+1","RobotSpaceExplorer:TurboDodge+1"],"picked":"RobotSpaceExplorer:ChargingLaser","floor":48},{"not_picked":["RobotSpaceExplorer:RigExplosive+1","RobotSpaceExplorer:StarLightning+1","RobotSpaceExplorer:ImprovisedAttack+1"],"picked":"SKIP","floor":54}],"player_experience":2359741,"relics_obtained":[{"floor":6.0,"key":"Ginger"},{"floor":9.0,"key":"InkBottle"},{"floor":13.0,"key":"Anchor"},{"floor":23,"key":"Mercury Hourglass"},{"floor":25,"key":"Meat on the Bone"},{"floor":26,"key":"Sundial"},{"floor":28,"key":"Bottled Lightning"},{"floor":30,"key":"Frozen Egg 2"},{"floor":40,"key":"Turnip"},{"floor":43,"key":"Vajra"},{"floor":44,"key":"Shuriken"},{"floor":44,"key":"Oddly Smooth Stone"},{"floor":46,"key":"Ancient Tea Set"},{"floor":48,"key":"Potion Belt"},{"floor":48,"key":"RobotSpaceExplorer:PlasmaHourglass"},{"floor":54,"key":"Art of War"}],"event_choices":[{"damage_healed":0.0,"max_hp_gain":0.0,"max_hp_loss":0.0,"gold_gain":0.0,"cards_transformed":["RobotSpaceExplorer:Strike"],"event_name":"Living Wall","player_choice":"Change","floor":2.0,"gold_loss":0.0,"damage_taken":0.0,"cards_obtained":["RobotSpaceExplorer:LaserBurst"]},{"cards_removed":["RobotSpaceExplorer:Strike"],"damage_healed":0.0,"max_hp_gain":0.0,"max_hp_loss":0.0,"gold_gain":0.0,"event_name":"Golden Wing","player_choice":"Card Removal","floor":3.0,"gold_loss":0.0,"damage_taken":7.0},{"damage_healed":0,"gold_gain":0,"player_choice":"Became a Ghost","damage_taken":0,"max_hp_gain":0,"max_hp_loss":38,"event_name":"Ghosts","floor":24,"gold_loss":0,"cards_obtained":["Ghostly","Ghostly","Ghostly","Ghostly","Ghostly"]},{"damage_healed":0,"gold_gain":0,"player_choice":"Inject Mutagens","damage_taken":0,"relics_obtained":["MutagenicStrength"],"max_hp_gain":0,"max_hp_loss":0,"event_name":"Drug Dealer","floor":27,"gold_loss":0},{"damage_healed":0,"gold_gain":0,"player_choice":"Max HP","damage_taken":0,"max_hp_gain":0,"max_hp_loss":2,"event_name":"Winding Halls","floor":36,"gold_loss":0},{"damage_healed":0,"gold_gain":0,"cards_transformed":["RobotSpaceExplorer:Defend"],"player_choice":"Transformed","damage_taken":0,"max_hp_gain":0,"max_hp_loss":0,"event_name":"Transmorgrifier","floor":37,"gold_loss":0,"cards_obtained":["RobotSpaceExplorer:IronShell"]}],"is_beta":false,"boss_relics":[{"not_picked":["Calling Bell","Tiny House"],"picked":"RobotSpaceExplorer:TurboCore"},{"not_picked":["RobotSpaceExplorer:SearchSpecs","Philosopher\u0027s Stone"],"picked":"Fusion Hammer"}],"items_purged_floors":[4,20,31],"is_endless":false,"potions_floor_spawned":[1,10,12,14,23,25,28,29,33,42,45,46,47,48],"ascension_level":1}}