{"host":"7z9w9s73v2jobm2z","time":1607927352,"event":{"mods":["AchievementEnabler","BaseMod","Colored Map","Colored Powertips","Custom Start","Minty Spire (QoL Compilation)","Quick Restart","Rare Cards Sparkle","Relic Stats","StSLib"],"gold_per_floor":[116,14,33,33,49,81,81,256,256,130,163,177,209,284,284,385,385,405,131,146,146,146,146,481,481,481,516,516,532,552,13,13,110,110,130,144,162,7,19,19,47,47,47,47,47,47,67,17,17,17],"floor_reached":51,"playtime":1842,"items_purged":["Defend_P","Doubt","Devotion"],"score":967,"play_id":"942c6f64-6e46-4c04-acd8-5be81bb08d3c","local_time":"20201214012912","is_ascension_mode":true,"campfire_choices":[{"data":"PathToVictory","floor":7.0,"key":"SMITH"},{"floor":15.0,"key":"REST"},{"data":"PathToVictory","floor":23.0,"key":"SMITH"},{"floor":32.0,"key":"REST"},{"data":"PathToVictory","floor":40.0,"key":"SMITH"},{"floor":42.0,"key":"REST"},{"data":"Vigilance","floor":46.0,"key":"SMITH"},{"data":"PathToVictory","floor":49,"key":"SMITH"}],"circlet_count":0,"master_deck":["Strike_P","Strike_P","Defend_P","Defend_P","Eruption","Vigilance+1","Prostrate","Prostrate","EmptyBody","PathToVictory+1","PathToVictory+1","PathToVictory+1","Prostrate","PathToVictory+1","PathToVictory+1","PathToVictory","Protect+1","Protect+1","Swivel+1","Sanctity+1"],"relics":["HolyWater","Pantograph","Lantern","MealTicket","Bag of Marbles","SlaversCollar","DollysMirror","Old Coin","Dead Branch","Bag of Preparation","Frozen Egg 2","Toxic Egg 2","Strange Spoon","Turnip","Gremlin Horn"],"acts_visited":["Exordium","TheCity","TheBeyond"],"potions_floor_usage":[50,50,50],"damage_taken":[{"damage":0.0,"enemies":"Small Slimes","floor":1.0,"turns":2.0},{"damage":0.0,"enemies":"Jaw Worm","floor":3.0,"turns":3.0},{"damage":0.0,"enemies":"2 Louse","floor":5.0,"turns":2.0},{"damage":26.0,"enemies":"3 Sentries","floor":6.0,"turns":10.0},{"damage":10.0,"enemies":"Gremlin Nob","floor":11.0,"turns":3.0},{"damage":4.0,"enemies":"2 Fungi Beasts","floor":12.0,"turns":3.0},{"damage":14.0,"enemies":"Lagavulin","floor":13.0,"turns":4.0},{"damage":21.0,"enemies":"Slime Boss","floor":16.0,"turns":8.0},{"damage":3.0,"enemies":"Chosen","floor":18.0,"turns":3.0},{"damage":0.0,"enemies":"Spheric Guardian","floor":20.0,"turns":3.0},{"damage":22.0,"enemies":"Book of Stabbing","floor":24.0,"turns":4.0},{"damage":25.0,"enemies":"Slavers","floor":27.0,"turns":5.0},{"damage":6.0,"enemies":"3 Cultists","floor":29.0,"turns":3.0},{"damage":11.0,"enemies":"Shelled Parasite and Fungi","floor":30.0,"turns":3.0},{"damage":55.0,"enemies":"Champ","floor":33.0,"turns":5.0},{"damage":11.0,"enemies":"3 Darklings","floor":35.0,"turns":2.0},{"damage":0.0,"enemies":"3 Shapes","floor":36.0,"turns":1.0},{"damage":0.0,"enemies":"Spire Growth","floor":37.0,"turns":3.0},{"damage":6.0,"enemies":"Sphere and 2 Shapes","floor":39.0,"turns":3.0},{"damage":41.0,"enemies":"Reptomancer","floor":41.0,"turns":4.0},{"damage":0,"enemies":"Maw","floor":47,"turns":4},{"damage":66,"enemies":"Donu and Deca","floor":50,"turns":9}],"seed_played":"-1677943156877795562","potions_obtained":[{"floor":3.0,"key":"Weak Potion"},{"floor":11.0,"key":"BottledMiracle"},{"floor":12.0,"key":"Dexterity Potion"},{"floor":20.0,"key":"Fire Potion"},{"floor":30.0,"key":"Regen Potion"},{"floor":33.0,"key":"DistilledChaos"},{"floor":35.0,"key":"Swift Potion"},{"floor":41.0,"key":"Weak Potion"},{"floor":47,"key":"StancePotion"}],"is_trial":false,"path_per_floor":["M","$","M","?","M","E","R","?","T","$","E","M","E","?","R","B",null,"M","$","M","?","$","R","E","?","T","E","?","M","M","$","R","B",null,"M","M","M","$","M","R","E","R","T","$","?","R","M","$","R","B",null],"character_chosen":"WATCHER","items_purchased":["Prostrate","PathToVictory","DollysMirror","Frozen Egg 2","Toxic Egg 2","Swift Potion","Strange Spoon","Energy Potion"],"campfire_rested":3,"item_purchase_floors":[2,10,19,31,31,31,38,48],"current_hp_per_floor":[65,65,65,70,70,44,44,44,44,44,34,30,16,5,26,30,70,67,70,70,57,72,72,50,50,50,25,25,19,8,23,45,25,75,64,64,64,75,69,69,28,50,50,65,65,65,65,75,75,9],"gold":17,"neow_bonus":"REMOVE_TWO","is_daily":false,"chose_seed":false,"campfire_upgraded":5,"win_rate":0.0,"timestamp":1607927352,"path_taken":["M","$","M","?","M","E","R","?","T","$","E","M","E","?","R","BOSS","M","$","M","?","$","R","E","?","T","E","?","M","M","$","R","BOSS","M","M","M","$","M","R","E","R","T","$","?","R","M","$","R","BOSS"],"items_purchased_type":["Card","Card","Relic","Relic","Relic","Potion","Relic","Potion"],"build_version":"2020-11-30","purchased_purges":3,"victory":true,"max_hp_per_floor":[65,65,65,70,70,70,70,70,70,70,70,70,70,70,70,70,70,70,70,70,75,75,75,75,75,75,75,75,75,75,75,75,75,75,75,75,75,75,75,75,75,75,75,75,75,75,75,75,75,75],"relic_stats":{"Strange Spoon":[9],"Gremlin Horn":[1,1],"counters":[22,87],"Pantograph":50,"Dead Branch":[27],"MealTicket":69,"Turnip":[3],"Bag of Preparation":[20],"obtain_stats":[{"Lantern":9,"Gremlin Horn":43,"Dead Branch":26,"Bag of Preparation":27,"Frozen Egg 2":31,"Old Coin":24,"SlaversCollar":17,"Strange Spoon":38,"DollysMirror":19,"Pantograph":6,"HolyWater":34,"MealTicket":11,"Turnip":41,"Bag of Marbles":13,"PureWater":0,"Toxic Egg 2":31},{"Lantern":4,"Gremlin Horn":20,"Dead Branch":11,"Bag of Preparation":12,"Frozen Egg 2":14,"Old Coin":11,"SlaversCollar":8,"Strange Spoon":18,"DollysMirror":9,"Pantograph":4,"HolyWater":15,"MealTicket":5,"Turnip":20,"Bag of Marbles":7,"PureWater":0,"Toxic Egg 2":14},{"Lantern":17,"Gremlin Horn":74,"Dead Branch":45,"Bag of Preparation":50,"Frozen Egg 2":56,"Old Coin":45,"SlaversCollar":35,"Strange Spoon":67,"DollysMirror":38,"Pantograph":17,"HolyWater":61,"MealTicket":20,"Turnip":74,"Bag of Marbles":27,"PureWater":0,"Toxic Egg 2":56}]},"card_choices":[{"not_picked":["JustLucky","FlyingSleeves"],"picked":"Prostrate","floor":1.0},{"not_picked":["CutThroughFate","ClearTheMind"],"picked":"EmptyBody","floor":3.0},{"not_picked":["Crescendo","FollowUp"],"picked":"PathToVictory","floor":5.0},{"not_picked":["Ragnarok","FlyingSleeves"],"picked":"PathToVictory","floor":6.0},{"not_picked":["Nirvana","Indignation","CutThroughFate"],"picked":"SKIP","floor":11.0},{"not_picked":["JustLucky","Halt","ThirdEye"],"picked":"SKIP","floor":12.0},{"not_picked":["SashWhip","ReachHeaven"],"picked":"Devotion","floor":13.0},{"not_picked":["Sanctity","Protect"],"picked":"Prostrate","floor":18.0},{"not_picked":["JustLucky","MentalFortress+1","ThirdEye"],"picked":"SKIP","floor":20.0},{"not_picked":["EmptyBody+1","SandsOfTime+1","SashWhip"],"picked":"SKIP","floor":24.0},{"not_picked":["MasterReality","EmptyFist+1"],"picked":"PathToVictory","floor":27.0},{"not_picked":["EmptyFist","FollowUp+1","SandsOfTime"],"picked":"SKIP","floor":29.0},{"not_picked":["EmptyFist","FollowUp+1","SandsOfTime"],"picked":"SKIP","floor":29.0},{"not_picked":["Evaluate","EmptyFist","Study"],"picked":"SKIP","floor":30.0},{"not_picked":["Consecrate","CutThroughFate+1","Fasting2+1"],"picked":"SKIP","floor":35.0},{"not_picked":["Evaluate+1","SashWhip+1"],"picked":"Protect+1","floor":36.0},{"not_picked":["Halt+1","BowlingBash"],"picked":"Protect+1","floor":37.0},{"not_picked":["FlurryOfBlows","CutThroughFate","Ragnarok"],"picked":"SKIP","floor":39.0},{"not_picked":["Sanctity+1","JustLucky"],"picked":"Swivel+1","floor":41.0},{"not_picked":["InnerPeace+1","EmptyBody+1"],"picked":"Sanctity+1","floor":47}],"player_experience":414405,"relics_obtained":[{"floor":6.0,"key":"Pantograph"},{"floor":9.0,"key":"Lantern"},{"floor":11.0,"key":"MealTicket"},{"floor":13.0,"key":"Bag of Marbles"},{"floor":24.0,"key":"Old Coin"},{"floor":26.0,"key":"Dead Branch"},{"floor":27.0,"key":"Bag of Preparation"},{"floor":41.0,"key":"Turnip"},{"floor":43.0,"key":"Gremlin Horn"}],"event_choices":[{"damage_healed":0.0,"max_hp_gain":5.0,"max_hp_loss":0.0,"gold_gain":0.0,"event_name":"Big Fish","player_choice":"Donut","floor":4.0,"gold_loss":0.0,"damage_taken":0.0},{"damage_healed":0.0,"max_hp_gain":0.0,"max_hp_loss":0.0,"gold_gain":175.0,"event_name":"Liars Game","player_choice":"AGREE","floor":8.0,"gold_loss":0.0,"damage_taken":0.0,"cards_obtained":["Doubt"]},{"damage_healed":0.0,"max_hp_gain":0.0,"max_hp_loss":0.0,"gold_gain":75.0,"event_name":"World of Goop","player_choice":"Gather Gold","floor":14.0,"gold_loss":0.0,"damage_taken":11.0},{"damage_healed":0.0,"max_hp_gain":5.0,"max_hp_loss":0.0,"gold_gain":0.0,"event_name":"Forgotten Altar","player_choice":"Shed Blood","floor":21.0,"gold_loss":0.0,"damage_taken":18.0},{"damage_healed":0.0,"max_hp_gain":0.0,"max_hp_loss":0.0,"gold_gain":0.0,"event_name":"The Library","player_choice":"Read","floor":25.0,"gold_loss":0.0,"damage_taken":0.0,"cards_obtained":["PathToVictory"]},{"damage_healed":0.0,"max_hp_gain":0.0,"max_hp_loss":0.0,"gold_gain":0.0,"event_name":"Cursed Tome","player_choice":"Ignored","floor":28.0,"gold_loss":0.0,"damage_taken":0.0},{"cards_removed":["Strike_P"],"damage_healed":0.0,"max_hp_gain":0.0,"max_hp_loss":0.0,"gold_gain":0.0,"event_name":"Falling","player_choice":"Removed Attack","floor":45.0,"gold_loss":0.0,"damage_taken":0.0}],"is_beta":false,"boss_relics":[{"not_picked":["Pandora\u0027s Box","Velvet Choker"],"picked":"SlaversCollar"},{"not_picked":["Black Star","Tiny House"],"picked":"HolyWater"}],"items_purged_floors":[2,10,19],"is_endless":false,"potions_floor_spawned":[3,11,12,20,30,33,35,41,47],"ascension_level":4}}