{"host":"cz3p2o9n3b1gdmkz","time":1607965237,"event":{"mods":["AchievementEnabler","BaseMod","CapriCore","GungeonMod","Hermit","Lobotomy","Minty Spire (QoL Compilation)","Replay The Spire","Shop Mod","StSLib","SuperFastMode","The Cursed","The Dragon Tamer","The Gatherer","The Jungle","The Poker Player","The Runesmith"],"gold_per_floor":[119,119,119,137,137,137,184,209,254,266,215,241,278,309,321,436,448,485,497,608,820,843,855,894,949,985,997,638,638,652,652,652,652,652],"floor_reached":33,"playtime":1564,"items_purged":[],"score":331,"play_id":"213070f5-3388-4987-bd6c-0a3580c6074d","local_time":"20201215020037","is_ascension_mode":true,"campfire_choices":[{"data":"hermit:Strike_Hermit","floor":6.0,"key":"SMITH"},{"floor":15,"key":"REST"},{"data":"hermit:GoldenBullet","floor":23,"key":"SMITH"},{"floor":27,"key":"REST"},{"floor":29,"key":"REST"},{"data":"hermit:Shortfuse","floor":32,"key":"SMITH"}],"circlet_count":0,"master_deck":["hermit:Strike_Hermit+1","hermit:Strike_Hermit","hermit:Strike_Hermit+1","hermit:Strike_Hermit","hermit:Defend_Hermit","hermit:Defend_Hermit","hermit:Defend_Hermit","hermit:Snapshot","hermit:Covet","hermit:FatalDesire","hermit:Quickdraw","hermit:FatalDesire","hermit:Gambit","hermit:DeadOrAlive","hermit:GoldenBullet+1","hermit:HighCaliber+1","hermit:Shortfuse+1","hermit:Reprieve"],"relics":["hermit:Momento","Omamori","ReplayTheSpireMod:Lightbulb","DemoMod:LamentConfigurum","MawBank","Iron Hammer","Cursed Key","Nilry\u0027s Codex","Juzu Bracelet","ReplayTheSpireMod:TigerMarble","MutagenicStrength"],"acts_visited":["Exordium","TheCity"],"potions_floor_usage":[16,22,30,33],"damage_taken":[{"damage":0.0,"enemies":"2 Louse","floor":1.0,"turns":3.0},{"damage":6.0,"enemies":"Cultist","floor":4.0,"turns":3.0},{"damage":17.0,"enemies":"Replay:BlueRogue","floor":8.0,"turns":7.0},{"damage":20.0,"enemies":"Jaw Worm","floor":10.0,"turns":8.0},{"damage":10.0,"enemies":"2 Fungi Beasts","floor":12.0,"turns":5.0},{"damage":0,"enemies":"Exordium Thugs","floor":14,"turns":3},{"damage":32,"enemies":"Slime Boss","floor":16,"turns":11},{"damage":0,"enemies":"Chosen","floor":18,"turns":4},{"damage":0,"enemies":"3 Byrds","floor":22,"turns":2},{"damage":8,"enemies":"Centurion and Healer","floor":24,"turns":4},{"damage":9,"enemies":"3 Cultists","floor":25,"turns":5},{"damage":6,"enemies":"Snecko","floor":30,"turns":3},{"damage":77,"enemies":"Pondfish","floor":33,"turns":11}],"seed_played":"6866818234831166106","potions_obtained":[{"floor":4.0,"key":"LiquidBronze"},{"floor":8.0,"key":"AttackPotion"},{"floor":12.0,"key":"EssenceOfSteel"},{"floor":16,"key":"AttackPotion"},{"floor":18,"key":"Explosive Potion"},{"floor":22,"key":"Fruit Juice"}],"is_trial":false,"path_per_floor":["M","?","$","M","?","R","T","E","T","M","?","M","T","M","R","B",null,"M","?","?","?","M","R","M","M","T","R","$","R","M","?","R","B"],"character_chosen":"HERMIT","items_purchased":["hermit:Shortfuse","hermit:Reprieve","ReplayTheSpireMod:TigerMarble"],"campfire_rested":3,"item_purchase_floors":[28,28,28],"current_hp_per_floor":[75,75,75,69,69,69,69,52,52,32,32,22,22,22,44,12,59,59,43,43,43,43,43,35,26,26,48,48,70,68,68,68,0,0],"gold":652,"neow_bonus":"ONE_RANDOM_RARE_CARD","is_daily":false,"chose_seed":false,"campfire_upgraded":3,"win_rate":0.0,"timestamp":1607965237,"path_taken":["M","?","?","?","?","R","?","E","T","M","?","?","?","M","R","BOSS","M","?","?","?","M","R","M","?","T","R","?","R","M","?","R","BOSS"],"items_purchased_type":["Card","Card","Relic"],"build_version":"2020-12-13","purchased_purges":0,"victory":false,"max_hp_per_floor":[75,75,75,75,75,75,75,75,75,75,75,75,75,75,75,75,75,75,75,75,75,75,75,75,75,75,75,75,75,75,75,75,80,80],"card_choices":[{"not_picked":["hermit:WideOpen","hermit:Gestalt","hermit:CalledShot"],"picked":"SKIP","floor":1.0},{"not_picked":["hermit:WideOpen","hermit:Gestalt","hermit:CalledShot"],"picked":"SKIP","floor":1.0},{"not_picked":["hermit:WideOpen","hermit:Gestalt","hermit:CalledShot"],"picked":"SKIP","floor":1.0},{"not_picked":["hermit:Spite","hermit:CalledShot"],"picked":"hermit:Quickdraw","floor":4.0},{"not_picked":["hermit:CalledShot","hermit:Midnight","hermit:WideOpen"],"picked":"SKIP","floor":8.0},{"not_picked":["hermit:TakeAim","hermit:LowProfile"],"picked":"hermit:FatalDesire","floor":10.0},{"not_picked":["hermit:BigShot","hermit:Ricochet","hermit:LowProfile"],"picked":"SKIP","floor":12.0},{"not_picked":["hermit:Enervate","hermit:Vantage"],"picked":"hermit:Gambit","floor":14},{"not_picked":["hermit:HeroicBravado","hermit:Dissolve"],"picked":"hermit:DeadOrAlive","floor":16},{"not_picked":["hermit:Dive","hermit:FlashPowder+1"],"picked":"hermit:GoldenBullet","floor":18},{"not_picked":["hermit:Ricochet+1","hermit:Combo","hermit:Dive"],"picked":"SKIP","floor":22},{"not_picked":["hermit:Desperado","hermit:Dive","hermit:Roulette"],"picked":"SKIP","floor":24},{"not_picked":["hermit:CalledShot","hermit:SprayPray+1"],"picked":"hermit:HighCaliber+1","floor":25},{"not_picked":["hermit:FlashPowder","hermit:Malice","hermit:HoleUp"],"picked":"SKIP","floor":30}],"player_experience":934774,"relics_obtained":[{"floor":7.0,"key":"Omamori"},{"floor":8.0,"key":"ReplayTheSpireMod:Lightbulb"},{"floor":9.0,"key":"DemoMod:LamentConfigurum"},{"floor":19,"key":"Nilry\u0027s Codex"},{"floor":26,"key":"Juzu Bracelet"}],"event_choices":[{"cards_removed":["hermit:Defend_Hermit"],"damage_healed":0.0,"max_hp_gain":0.0,"max_hp_loss":0.0,"gold_gain":0.0,"event_name":"Purifier","player_choice":"Purged","floor":2.0,"gold_loss":0.0,"damage_taken":0.0},{"damage_healed":0.0,"max_hp_gain":0.0,"max_hp_loss":0.0,"gold_gain":0.0,"event_name":"WeMeetAgain","player_choice":"Paid Gold","floor":11.0,"gold_loss":51.0,"damage_taken":0.0,"relics_obtained":["MawBank"]},{"damage_healed":0,"gold_gain":0,"player_choice":"Obtained Book","damage_taken":16,"max_hp_gain":0,"max_hp_loss":0,"event_name":"Cursed Tome","floor":19,"gold_loss":0},{"damage_healed":0,"gold_gain":99,"player_choice":"Stole From Cult","damage_taken":0,"max_hp_gain":0,"max_hp_loss":0,"event_name":"Nest","floor":20,"gold_loss":0},{"damage_healed":0,"gold_gain":250,"player_choice":"Bet on Owner","damage_taken":0,"max_hp_gain":0,"max_hp_loss":0,"event_name":"The Joust","floor":21,"gold_loss":50},{"damage_healed":0,"gold_gain":0,"player_choice":"Inject Mutagens","damage_taken":0,"relics_obtained":["MutagenicStrength"],"max_hp_gain":0,"max_hp_loss":0,"event_name":"Drug Dealer","floor":31,"gold_loss":0}],"is_beta":false,"boss_relics":[{"not_picked":["Replay:Fungal Core","Runesmith:UraniumAnvil"],"picked":"Cursed Key"}],"items_purged_floors":[],"is_endless":false,"potions_floor_spawned":[4,8,12,16,18,22],"killed_by":"Pondfish","ascension_level":5}}