{"host":"zekcc3vicrep0och","time":1607931313,"event":{"mods":["AchievementEnabler","BaseMod","Colored Map","Colored Powertips","Displayed Cursed Tome","Highlight Path","Minty Spire (QoL Compilation)","Quick Restart","Relic Stats","StSLib"],"gold_per_floor":[113,113,124,143,143,174,193,221,246,246,246],"floor_reached":10,"playtime":309,"items_purged":[],"score":140,"play_id":"b3b3bd6f-e303-49e7-ba4d-cd6aa23a5799","local_time":"20201214103513","is_ascension_mode":true,"campfire_choices":[],"circlet_count":0,"master_deck":["AscendersBane","Strike_P","Strike_P","Strike_P+1","Strike_P","Defend_P","Defend_P","Defend_P","Defend_P","Eruption","Vigilance","Protect","FollowUp","Sanctity","Blasphemy","CutThroughFate","Tantrum+1","EmptyMind"],"relics":["PureWater","Ginger","Toy Ornithopter","Whetstone","Juzu Bracelet"],"acts_visited":["Exordium"],"potions_floor_usage":[8,8],"damage_taken":[{"damage":4.0,"enemies":"Small Slimes","floor":1.0,"turns":3.0},{"damage":0.0,"enemies":"2 Louse","floor":3.0,"turns":3.0},{"damage":1.0,"enemies":"Cultist","floor":4.0,"turns":4.0},{"damage":13.0,"enemies":"3 Sentries","floor":6.0,"turns":6.0},{"damage":4.0,"enemies":"Red Slaver","floor":7.0,"turns":2.0},{"damage":29,"enemies":"Lagavulin","floor":8,"turns":4},{"damage":32,"enemies":"Gremlin Nob","floor":10,"turns":2}],"seed_played":"1388202074878137344","potions_obtained":[{"floor":3.0,"key":"Explosive Potion"},{"floor":6.0,"key":"Explosive Potion"},{"floor":7.0,"key":"FearPotion"}],"is_trial":false,"path_per_floor":["M","?","M","M","?","E","M","E","T","E"],"character_chosen":"WATCHER","items_purchased":[],"campfire_rested":0,"item_purchase_floors":[],"current_hp_per_floor":[39,39,39,38,38,25,21,2,2,0,0],"gold":246,"neow_bonus":"ONE_RARE_RELIC","is_daily":false,"chose_seed":false,"campfire_upgraded":0,"win_rate":0.0,"timestamp":1607931313,"path_taken":["M","?","M","M","?","E","M","E","T","E"],"items_purchased_type":[],"build_version":"2020-12-13","purchased_purges":0,"victory":false,"max_hp_per_floor":[68,68,68,68,68,68,68,68,68,68,68],"relic_stats":{"counters":[7,24],"Juzu Bracelet":0,"Ginger":[3],"Whetstone":["Strike_P","Tantrum"],"obtain_stats":[{"Juzu Bracelet":9,"Ginger":0,"Whetstone":8,"PureWater":0,"Toy Ornithopter":6},{"Juzu Bracelet":6,"Ginger":0,"Whetstone":6,"PureWater":0,"Toy Ornithopter":4},{"Juzu Bracelet":22,"Ginger":0,"Whetstone":22,"PureWater":0,"Toy Ornithopter":16}],"Toy Ornithopter":10},"card_choices":[{"not_picked":["FollowUp","FlurryOfBlows"],"picked":"Protect","floor":1.0},{"not_picked":["EmptyMind","CarveReality"],"picked":"FollowUp","floor":3.0},{"not_picked":["EmptyBody","FollowUp"],"picked":"Sanctity","floor":4.0},{"not_picked":["Sanctity","Meditate"],"picked":"Tantrum","floor":6.0},{"not_picked":["Brilliance","FlurryOfBlows"],"picked":"EmptyMind","floor":7.0},{"not_picked":["JustLucky","SashWhip","Consecrate"],"picked":"SKIP","floor":8}],"player_experience":401303,"relics_obtained":[{"floor":6.0,"key":"Toy Ornithopter"},{"floor":8,"key":"Whetstone"},{"floor":9,"key":"Juzu Bracelet"}],"event_choices":[{"damage_healed":0.0,"max_hp_gain":0.0,"max_hp_loss":0.0,"gold_gain":0.0,"event_name":"Golden Wing","player_choice":"Ignored","floor":2.0,"gold_loss":0.0,"damage_taken":0.0},{"damage_healed":0.0,"max_hp_gain":0.0,"max_hp_loss":0.0,"gold_gain":0.0,"event_name":"Match and Keep!","player_choice":"2 cards matched","floor":5.0,"gold_loss":0.0,"damage_taken":0.0,"cards_obtained":["Blasphemy","CutThroughFate"]}],"is_beta":false,"boss_relics":[],"items_purged_floors":[],"is_endless":false,"potions_floor_spawned":[3,6,7],"killed_by":"Gremlin Nob","ascension_level":16}}