{"host":"do5be0rrwzdbe7ng","time":1607934450,"event":{"mods":["AchievementEnabler","BaseMod","Colored Map","Colored Powertips","Custom Start","DeckTracker","Keyboard Shortcuts","Minty Spire (QoL Compilation)","Quick Restart","StSLib","SuperFastMode","everything is the same but u backflip on backflip"],"gold_per_floor":[116,116,41,52,127,127,203,223,223,41,67,67,67,86,86,86,86],"floor_reached":16,"playtime":278,"items_purged":["Strike_B"],"score":186,"play_id":"ad3bc3a8-9ee6-4ea5-82ab-84bdf45575fd","local_time":"20201214172730","is_ascension_mode":true,"campfire_choices":[{"data":"Skim","floor":6,"key":"SMITH"},{"floor":12,"key":"REST"},{"data":"Go for the Eyes","floor":15,"key":"SMITH"}],"circlet_count":0,"master_deck":["AscendersBane","Strike_B","Strike_B","Defend_B","Defend_B","Defend_B","Defend_B+1","Zap+1","Dualcast","Genetic Algorithm","Skim+1","Flash of Steel","Ball Lightning","Go for the Eyes+1"],"relics":["Cracked Core","NeowsBlessing","Shuriken","Du-Vu Doll","Sundial","Golden Idol"],"acts_visited":["Exordium"],"potions_floor_usage":[],"damage_taken":[{"damage":0,"enemies":"Small Slimes","floor":1,"turns":1},{"damage":0,"enemies":"2 Louse","floor":4,"turns":1},{"damage":0,"enemies":"Jaw Worm","floor":8,"turns":1},{"damage":31,"enemies":"3 Sentries","floor":11,"turns":9},{"damage":5,"enemies":"Blue Slaver","floor":14,"turns":3},{"damage":21,"enemies":"Slime Boss","floor":16,"turns":7}],"seed_played":"-4034597262807080945","potions_obtained":[{"floor":4,"key":"SmokeBomb"},{"floor":11,"key":"LiquidBronze"}],"is_trial":false,"path_per_floor":["M","?","?","M","?","R","T","M","T","$","E","R","?","M","R","B"],"character_chosen":"DEFECT","items_purchased":["Flash of Steel"],"campfire_rested":1,"item_purchase_floors":[10],"current_hp_per_floor":[64,43,43,43,32,32,32,32,32,32,1,22,22,17,17,0,0],"gold":86,"neow_bonus":"THREE_ENEMY_KILL","is_daily":false,"chose_seed":false,"campfire_upgraded":2,"win_rate":0.0,"timestamp":1607934450,"path_taken":["M","?","?","M","?","R","?","M","T","?","E","R","?","M","R","BOSS"],"items_purchased_type":["Card"],"build_version":"2020-12-13","purchased_purges":1,"victory":false,"max_hp_per_floor":[71,71,71,71,71,71,71,71,71,71,71,71,64,64,64,64,64],"card_choices":[{"not_picked":["Redo","Steam"],"picked":"Genetic Algorithm","floor":1},{"not_picked":["Cold Snap","Reinforced Body"],"picked":"Skim","floor":4},{"not_picked":["Heatsinks","Stack","Cold Snap"],"picked":"SKIP","floor":8},{"not_picked":["BootSequence","Auto Shields"],"picked":"Ball Lightning","floor":11},{"not_picked":["Turbo","Steam"],"picked":"Go for the Eyes","floor":14}],"player_experience":337729,"relics_obtained":[{"floor":7,"key":"Shuriken"},{"floor":9,"key":"Du-Vu Doll"},{"floor":11,"key":"Sundial"}],"event_choices":[{"damage_healed":0,"gold_gain":0,"player_choice":"Entered Light","damage_taken":21,"max_hp_gain":0,"max_hp_loss":0,"event_name":"Shining Light","floor":2,"gold_loss":0,"cards_upgraded":["Defend_B","Zap"]},{"cards_removed":["Strike_B"],"damage_healed":0,"gold_gain":0,"player_choice":"Card Removal","damage_taken":0,"max_hp_gain":0,"max_hp_loss":0,"event_name":"The Cleric","floor":3,"gold_loss":75},{"damage_healed":0,"gold_gain":75,"player_choice":"Gather Gold","damage_taken":11,"max_hp_gain":0,"max_hp_loss":0,"event_name":"World of Goop","floor":5,"gold_loss":0},{"damage_healed":0,"gold_gain":0,"player_choice":"Lose Max HP","damage_taken":0,"relics_obtained":["Golden Idol"],"max_hp_gain":0,"max_hp_loss":7,"event_name":"Golden Idol","floor":13,"gold_loss":0}],"is_beta":false,"boss_relics":[],"items_purged_floors":[10],"is_endless":false,"potions_floor_spawned":[4,11],"killed_by":"Slime Boss","ascension_level":18}}