{"host":"Jinnai","time":1607914538,"event":{"mods":["BaseMod","Bestiary","Block Reminder","Colored Map","Colored Powertips","Highlight Path","Keyboard Shortcuts","Minty Spire (QoL Compilation)","Quick Restart","Relic Stats"],"gold_per_floor":[118,135,135,155,155,155,171,196,196,215,52,52,52,67,67,146,146,165,184,184,184,194,194,194,194],"floor_reached":24,"playtime":875,"items_purged":[],"score":446,"play_id":"555e7c21-450a-45d2-8707-635e790c0b92","local_time":"20201213215538","is_ascension_mode":true,"campfire_choices":[{"data":"Thunderclap","floor":6.0,"key":"SMITH"},{"data":"1","floor":13.0,"key":"LIFT"},{"data":"2","floor":15.0,"key":"LIFT"},{"data":"Feed","floor":23,"key":"SMITH"}],"circlet_count":0,"master_deck":["AscendersBane","Strike_R+1","Strike_R+1","Strike_R+1","Strike_R+1","Strike_R+1","Defend_R+1","Defend_R+1","Defend_R+1","Defend_R+1","Bash","Twin Strike","Thunderclap+1","Cleave","Juggernaut","Thunderclap","Cleave","Warcry","Feed+1","Sword Boomerang+1","True Grit"],"relics":["Coffee Dripper","Girya","Unceasing Top","Mango","Lee\u0027s Waffle","Runic Pyramid","TungstenRod"],"acts_visited":["Exordium","TheCity"],"potions_floor_usage":[24],"damage_taken":[{"damage":0.0,"enemies":"Small Slimes","floor":1.0,"turns":3.0},{"damage":7.0,"enemies":"Jaw Worm","floor":2.0,"turns":2.0},{"damage":0.0,"enemies":"2 Louse","floor":4.0,"turns":2.0},{"damage":10.0,"enemies":"Large Slime","floor":7.0,"turns":4.0},{"damage":32.0,"enemies":"Gremlin Nob","floor":8.0,"turns":4.0},{"damage":0.0,"enemies":"Exordium Wildlife","floor":10.0,"turns":2.0},{"damage":6.0,"enemies":"2 Fungi Beasts","floor":14.0,"turns":2.0},{"damage":79.0,"enemies":"Hexaghost","floor":16.0,"turns":8.0},{"damage":17,"enemies":"Spheric Guardian","floor":18,"turns":4},{"damage":23,"enemies":"2 Thieves","floor":19,"turns":3},{"damage":25,"enemies":"Snake Plant","floor":22,"turns":4},{"damage":35,"enemies":"Cultist and Chosen","floor":24,"turns":5}],"seed_played":"6524574706668916257","potions_obtained":[{"floor":4.0,"key":"ElixirPotion"},{"floor":14.0,"key":"Swift Potion"}],"is_trial":false,"path_per_floor":["M","M","?","M","?","R","M","E","T","M","$","?","R","M","R","B",null,"M","M","?","T","M","R","M"],"character_chosen":"IRONCLAD","items_purchased":["Lee\u0027s Waffle"],"campfire_rested":0,"item_purchase_floors":[11],"current_hp_per_floor":[68,61,56,56,61,61,51,19,33,33,101,101,101,95,95,16,80,66,46,46,46,24,24,0,0],"gold":194,"neow_bonus":"BOSS_RELIC","is_daily":false,"chose_seed":false,"campfire_upgraded":2,"win_rate":0.0,"timestamp":1607914538,"path_taken":["M","M","?","M","?","R","M","E","T","M","$","?","R","M","R","BOSS","M","M","?","?","M","R","M"],"items_purchased_type":["Relic"],"build_version":"2020-12-07","purchased_purges":0,"victory":false,"max_hp_per_floor":[75,75,75,75,80,80,80,80,94,94,101,101,101,101,101,101,101,104,107,107,107,110,110,114,114],"relic_stats":{"Lee\u0027s Waffle":68,"counters":[12,43],"obtain_stats":[{"Girya":3,"Lee\u0027s Waffle":11,"Mango":9,"Coffee Dripper":0,"Burning Blood":0,"Unceasing Top":8,"TungstenRod":21,"Runic Pyramid":17},{"Girya":2,"Lee\u0027s Waffle":6,"Mango":5,"Coffee Dripper":0,"Burning Blood":0,"Unceasing Top":5,"TungstenRod":10,"Runic Pyramid":8},{"Girya":5,"Lee\u0027s Waffle":17,"Mango":15,"Coffee Dripper":0,"Burning Blood":0,"Unceasing Top":15,"TungstenRod":34,"Runic Pyramid":27}],"Unceasing Top":[1],"TungstenRod":10},"card_choices":[{"not_picked":["Anger","Heavy Blade"],"picked":"Twin Strike","floor":1.0},{"not_picked":["Cleave","Havoc"],"picked":"Thunderclap","floor":2.0},{"not_picked":["Wild Strike","Reckless Charge"],"picked":"Cleave","floor":4.0},{"not_picked":["Dual Wield","Body Slam"],"picked":"Juggernaut","floor":7.0},{"not_picked":["Intimidate","Sword Boomerang"],"picked":"Thunderclap","floor":8.0},{"not_picked":["Entrench","Warcry"],"picked":"Cleave","floor":10.0},{"not_picked":["Wild Strike","Clash"],"picked":"Warcry","floor":14.0},{"not_picked":["Corruption","Demon Form"],"picked":"Feed","floor":16.0},{"not_picked":["Clothesline","Flex","Perfected Strike"],"picked":"SKIP","floor":18},{"not_picked":["Combust","Rage"],"picked":"Sword Boomerang+1","floor":19},{"not_picked":["Sever Soul","Bloodletting"],"picked":"True Grit","floor":22}],"player_experience":1479400,"relics_obtained":[{"floor":8.0,"key":"Unceasing Top"},{"floor":9.0,"key":"Mango"},{"floor":21,"key":"TungstenRod"}],"event_choices":[{"damage_healed":0.0,"max_hp_gain":0.0,"max_hp_loss":0.0,"gold_gain":0.0,"event_name":"Scrap Ooze","player_choice":"Success","floor":3.0,"gold_loss":0.0,"damage_taken":5.0,"relics_obtained":["Girya"]},{"damage_healed":0.0,"max_hp_gain":5.0,"max_hp_loss":0.0,"gold_gain":0.0,"event_name":"Big Fish","player_choice":"Donut","floor":5.0,"gold_loss":0.0,"damage_taken":0.0},{"damage_healed":0.0,"max_hp_gain":0.0,"max_hp_loss":0.0,"gold_gain":0.0,"event_name":"Liars Game","player_choice":"Ignored","floor":12.0,"gold_loss":0.0,"damage_taken":0.0},{"damage_healed":0,"gold_gain":0,"player_choice":"Simplicity","damage_taken":0,"max_hp_gain":0,"max_hp_loss":0,"event_name":"Back to Basics","floor":20,"gold_loss":0,"cards_upgraded":["Strike_R","Strike_R","Strike_R","Strike_R","Strike_R","Defend_R","Defend_R","Defend_R","Defend_R"]}],"is_beta":true,"boss_relics":[{"not_picked":["Velvet Choker","Empty Cage"],"picked":"Runic Pyramid"}],"items_purged_floors":[],"is_endless":false,"potions_floor_spawned":[4,14,16,18,22],"killed_by":"Cultist and Chosen","ascension_level":20}}