{"host":"nug5xkek4sujf8as","time":1607983669,"event":{"mods":["Act Like it!","Aspiration","BaseMod","Booster Modes","CapriCore","Colored Powertips","Conspire","Gensokyo","Minty Spire (QoL Compilation)","Permanent Neow","Quick Restart","Replay The Spire","Shop Mod","Spicy Shops","StSLib","vexMod","¡¾¹¦ÄÜMod¡¿»ìãçÖ®»·ÐÞ¸´²¹¶¡","¡¾ÒÅÎï¿¨ÅÆ¡¿REMEMod","óô»ðÖ¸ÄÏ"],"gold_per_floor":[113,126,136,146,157,192,192,223,223,275,275,305,341,382,382,488,488,535,735,773,773,817,860,860,906,906,950,984,984,306,378,378,515,515,570,570,606,651,459,459,133,214,266,266,335,383,383,426,154,230,230,230,55,138,166],"floor_reached":56,"playtime":2585,"items_purged":["Strike_G","Strike_G","Strike_G","Strike_G","Defend_G"],"score":2401,"play_id":"30bafd0d-2363-490e-aa68-dfee505018ed","local_time":"20201215060749","is_ascension_mode":true,"campfire_choices":[{"data":"Prepared","floor":7.0,"key":"SMITH"},{"floor":11.0,"key":"RECALL"},{"data":"Calculated Gamble","floor":24.0,"key":"SMITH"},{"data":"ForeignInfluence","floor":32.0,"key":"SMITH"},{"data":"Choke","floor":40.0,"key":"SMITH"},{"data":"Apotheosis","floor":47.0,"key":"SMITH"},{"floor":52.0,"key":"REST"}],"circlet_count":0,"master_deck":["AscendersBane","Defend_G","Defend_G","Defend_G","Defend_G","Neutralize","All For One","Clash","Prepared+1","Tantrum","Deflect+1","Masterful Stab","Calculated Gamble+1","Storm of Steel","ForeignInfluence+1","Reflex+1","Grand Finale","Choke+1","Apotheosis+1","REME_GreenPollution","Halt"],"relics":["Ring of the Snake","REME_ComplimentaryCards","aspiration:Nostalgia","Replay:M_SmolderingBlood","Toy Ornithopter","Replay:Bandana","Centennial Puzzle","ReplayTheSpireMod:Shallot","HoveringKite","ReplayFunnel","Replay:Rubber Ducky","REME_HandOfSuture","MerchantsRug","Paper Crane","Bag of Preparation","conspire:RunicOctahedron","REME_PuzzleBoxRelic","Replay:Wax Seal","Pen Nib"],"acts_visited":["Exordium","TheCity","TheBeyond","TheEnding"],"potions_floor_usage":[55,55],"damage_taken":[{"damage":0.0,"enemies":"Cultist","floor":1.0,"turns":5.0},{"damage":0.0,"enemies":"Jaw Worm","floor":2.0,"turns":4.0},{"damage":0.0,"enemies":"2 Louse","floor":3.0,"turns":2.0},{"damage":0.0,"enemies":"Exordium Thugs","floor":4.0,"turns":2.0},{"damage":12.0,"enemies":"Large Slime","floor":5.0,"turns":3.0},{"damage":15.0,"enemies":"Lagavulin","floor":6.0,"turns":4.0},{"damage":0.0,"enemies":"Gremlin Nob","floor":8.0,"turns":3.0},{"damage":7.0,"enemies":"Lagavulin","floor":10.0,"turns":3.0},{"damage":7.0,"enemies":"Blue Slaver","floor":12.0,"turns":3.0},{"damage":0.0,"enemies":"Lots of Slimes","floor":13.0,"turns":4.0},{"damage":6.0,"enemies":"Exordium Thugs","floor":14.0,"turns":3.0},{"damage":35.0,"enemies":"The Guardian","floor":16.0,"turns":5.0},{"damage":0.0,"enemies":"3 Byrds","floor":18.0,"turns":4.0},{"damage":0.0,"enemies":"Chosen","floor":20.0,"turns":3.0},{"damage":2.0,"enemies":"Shelled Parasite and Fungi","floor":22.0,"turns":3.0},{"damage":6.0,"enemies":"Book of Stabbing","floor":23.0,"turns":2.0},{"damage":0.0,"enemies":"Centurion and Healer","floor":25.0,"turns":3.0},{"damage":0.0,"enemies":"Snecko","floor":27.0,"turns":3.0},{"damage":9.0,"enemies":"Shelled Parasite and Fungi","floor":28.0,"turns":6.0},{"damage":0.0,"enemies":"Slavers","floor":31.0,"turns":3.0},{"damage":37.0,"enemies":"conspire:MysteriousRune","floor":33.0,"turns":5.0},{"damage":0.0,"enemies":"3 Darklings","floor":35.0,"turns":4.0},{"damage":0.0,"enemies":"Orb Walker","floor":37.0,"turns":1.0},{"damage":0.0,"enemies":"Spire Growth","floor":38.0,"turns":2.0},{"damage":0.0,"enemies":"Giant Head","floor":42.0,"turns":5.0},{"damage":0.0,"enemies":"Nemesis","floor":45.0,"turns":5.0},{"damage":0.0,"enemies":"Jaw Worm Horde","floor":46.0,"turns":1.0},{"damage":0.0,"enemies":"Writhing Mass","floor":48.0,"turns":1.0},{"damage":47.0,"enemies":"conspire:OrnateMirror","floor":50.0,"turns":3.0},{"damage":0,"enemies":"Shield and Spear","floor":54,"turns":2},{"damage":31,"enemies":"The Heart","floor":55,"turns":6}],"seed_played":"-341754879065777856","potions_obtained":[{"floor":2.0,"key":"GamblersBrew"},{"floor":4.0,"key":"AttackPotion"},{"floor":6.0,"key":"Block Potion"},{"floor":10.0,"key":"SkillPotion"},{"floor":18.0,"key":"FearPotion"},{"floor":20.0,"key":"ColorlessPotion"},{"floor":31.0,"key":"PowerPotion"},{"floor":38.0,"key":"Strength Potion"},{"floor":42.0,"key":"Swift Potion"},{"floor":46.0,"key":"DistilledChaos"},{"floor":54,"key":"Regen Potion"}],"is_trial":false,"path_per_floor":["M","M","M","M","M","E","R","E","T","E","R","M","M","M","R","B",null,"M","?","M","?","M","E","R","M","T","M","M","?","$","E","R","B",null,"M","?","M","M","$","R","$","E","T","?","E","M","R","M","R","B",null,"R","$","E","B",null],"character_chosen":"THE_SILENT","items_purchased":["REME_HandOfSuture","MerchantsRug","Paper Crane","Choke","Apotheosis","REME_GreenPollution"],"campfire_rested":1,"item_purchase_floors":[30,30,30,39,41,49],"current_hp_per_floor":[59,59,59,59,47,32,32,37,37,30,30,23,23,17,36,6,51,51,51,51,51,49,48,48,48,48,53,44,44,44,44,44,12,53,53,53,53,53,53,53,53,53,53,49,49,49,49,49,49,7,51,66,66,66,51],"gold":166,"neow_bonus":"NOSTALGIA","is_daily":false,"chose_seed":false,"campfire_upgraded":5,"win_rate":0.0,"timestamp":1607983669,"path_taken":["M","?","?","M","M","E","R","E","T","E","R","M","M","M","R","BOSS","M","?","?","?","M","E","R","M","T","M","?","?","$","E","R","BOSS","M","?","M","?","?","R","$","E","T","?","E","M","R","M","R","BOSS","R","$","E","BOSS"],"items_purchased_type":["Relic","Relic","Relic","Card","Card","Card"],"build_version":"2020-12-13","purchased_purges":5,"victory":true,"max_hp_per_floor":[66,66,66,66,66,66,66,66,66,66,66,66,66,66,66,66,66,66,66,66,66,66,66,66,66,66,66,66,66,66,66,66,66,66,66,66,66,66,66,66,66,66,66,66,66,66,66,66,66,66,66,66,66,66,66],"card_choices":[{"not_picked":["Heel Hook","All Out Attack"],"picked":"Clash","floor":1.0},{"not_picked":["EmptyFist","Acrobatics"],"picked":"Prepared","floor":2.0},{"not_picked":["Caltrops","FollowUp"],"picked":"Tantrum","floor":3.0},{"not_picked":["PiercingWail","Crescendo","Carnage"],"picked":"SKIP","floor":4.0},{"not_picked":["Tantrum","Draining Mist","Crescendo"],"picked":"SKIP","floor":5.0},{"not_picked":["ReplayTheSpireMod:Speed Training","ReachHeaven"],"picked":"Deflect","floor":6.0},{"not_picked":["ReplayTheSpireMod:Tripwire","conspire:PoisonWeapons"],"picked":"Masterful Stab","floor":8.0},{"not_picked":["FlyingSleeves","Poison Darts","PiercingWail"],"picked":"SKIP","floor":10.0},{"not_picked":["Flying Knee","Clash","Underhanded Strike"],"picked":"SKIP","floor":12.0},{"not_picked":["Deadly Poison","Setup"],"picked":"Calculated Gamble","floor":13.0},{"not_picked":["Slice","Reflex","Heel Hook"],"picked":"SKIP","floor":14.0},{"not_picked":["A Thousand Cuts","Corpse Explosion"],"picked":"Storm of Steel","floor":16.0},{"not_picked":["Deflect","PiercingWail","conspire:DoublingDagger"],"picked":"SKIP","floor":18.0},{"not_picked":["Finisher","Fluid Movement","Reflex"],"picked":"SKIP","floor":20.0},{"not_picked":["Dash+1","Quick Slash+1","Doppelganger"],"picked":"SKIP","floor":22.0},{"not_picked":["Concentrate","Tantrum"],"picked":"ForeignInfluence","floor":23.0},{"not_picked":["Outmaneuver","Backflip","Quick Slash"],"picked":"SKIP","floor":25.0},{"not_picked":["Deadly Poison","CrushJoints+1","FlyingSleeves"],"picked":"SKIP","floor":27.0},{"not_picked":["FollowUp","Dagger Spray","Hidden Blade"],"picked":"SKIP","floor":28.0},{"not_picked":["ReplayTheSpireMod:The Works","Draining Mist"],"picked":"Reflex+1","floor":31.0},{"not_picked":["Doppelganger","aspiration:Lunge"],"picked":"Grand Finale","floor":33.0},{"not_picked":["Dagger Throw","Endless Agony+1","Headbutt"],"picked":"SKIP","floor":35.0},{"not_picked":["Dagger Spray+1","Accuracy","Dodge and Roll+1"],"picked":"SKIP","floor":37.0},{"not_picked":["EmptyFist","Deadly Poison","Finisher"],"picked":"SKIP","floor":38.0},{"not_picked":["EmptyFist","Deadly Poison","Finisher"],"picked":"SKIP","floor":38.0},{"not_picked":["Outmaneuver","Blur+1","Replay:Bag of Tricks"],"picked":"SKIP","floor":42.0},{"not_picked":["Sneak Up+1","Quick Slash","REME_ShadowStrike"],"picked":"SKIP","floor":45.0},{"not_picked":["Bane+1","Searing Blow","Backflip+1"],"picked":"SKIP","floor":46.0},{"not_picked":["ReplayTheSpireMod:Tripwire","Catalyst","Prepared"],"picked":"SKIP","floor":48.0},{"not_picked":["Tantrum+1","Draining Mist+1"],"picked":"Halt","floor":54}],"player_experience":679440,"relics_obtained":[{"floor":6.0,"key":"Toy Ornithopter"},{"floor":8.0,"key":"Replay:Bandana"},{"floor":9.0,"key":"Centennial Puzzle"},{"floor":10.0,"key":"ReplayTheSpireMod:Shallot"},{"floor":23.0,"key":"ReplayFunnel"},{"floor":26.0,"key":"Replay:Rubber Ducky"},{"floor":31.0,"key":"Bag of Preparation"},{"floor":42.0,"key":"REME_PuzzleBoxRelic"},{"floor":45.0,"key":"Replay:Wax Seal"},{"floor":54,"key":"Pen Nib"}],"event_choices":[{"damage_healed":0.0,"max_hp_gain":0.0,"max_hp_loss":0.0,"gold_gain":200.0,"event_name":"Wheel of Change","player_choice":"Gold","floor":19.0,"gold_loss":0.0,"damage_taken":0.0},{"damage_healed":0.0,"max_hp_gain":0.0,"max_hp_loss":0.0,"gold_gain":0.0,"event_name":"Match and Keep!","player_choice":"0 cards matched","floor":21.0,"gold_loss":0.0,"damage_taken":0.0,"cards_obtained":[]},{"cards_removed":["Strike_G"],"damage_healed":0.0,"max_hp_gain":0.0,"max_hp_loss":0.0,"gold_gain":0.0,"event_name":"Purifier","player_choice":"Purged","floor":36.0,"gold_loss":0.0,"damage_taken":0.0},{"damage_healed":0.0,"max_hp_gain":0.0,"max_hp_loss":0.0,"gold_gain":0.0,"event_name":"conspire:Investor","player_choice":"Leave","floor":44.0,"gold_loss":0.0,"damage_taken":0.0}],"is_beta":false,"boss_relics":[{"not_picked":["Ring of the Serpent","ChewingGum"],"picked":"HoveringKite"},{"not_picked":["conspire:SpecialSausage","Fusion Hammer"],"picked":"conspire:RunicOctahedron"}],"items_purged_floors":[30,39,41,49,53],"is_endless":false,"potions_floor_spawned":[2,4,6,10,18,20,31,38,42,46,48,54],"ascension_level":16}}