{"host":"f9pzaat4ol30qeex","time":1607936360,"event":{"mods":["Ascension Reborn","BaseMod","Better Vampires","Colored Map","Colored Powertips","Downfall","Highlight Path","Minty Spire (QoL Compilation)","MostiFishMod","Quick Restart","Relic Stats","RyuuouÁúÍõ","Shop Mod","Spicy Shops","StSLib","noobMod","vexMod","óô»ðÖ¸ÄÏ"],"gold_per_floor":[116,132,618507,617153,617171,617201,616476,616486,616532,616532,616562,616562,616593,616613,615344,615447,615447,615457,614170,614185,614110,614110,614137,612378,612409,612461,612487,612497,612497,612517,612527,610845,610940,610940,610955,610966,609684,609684,609697,609697,609697,608523,608523,608534,608509,608537,606837,606867,605290,605290,605290,603421,602512,602542,602542],"floor_reached":56,"playtime":2556,"items_purged":["Defend_G","Defend_G","Defend_G","Defend_G","Defend_G","Strike_G","Strike_G","Strike_G","Strike_G","Deadly Poison","Footwork+1","Quick Slash+1","MostiFishMod:WinterMarkForm+1","Dagger Throw","Infinite Blades","Metamorphosis+1","Well Laid Plans","Well Laid Plans"],"score":2223,"play_id":"b3cb9eb7-6f97-4dec-80a6-a4602a2836c2","local_time":"20201214165920","is_ascension_mode":true,"campfire_choices":[{"floor":40,"key":"RECALL"}],"circlet_count":0,"master_deck":["Survivor+1","Neutralize+1","Footwork+1","Slice+1","Infinite Blades+1","Heel Hook+1","Outmaneuver","After Image+1","MostiFishMod:Neurotoxin+1","MostiFishMod:PerfectParry","Caltrops","Panache+1","Accuracy","Jack Of All Trades","Sadistic Nature+1","Accuracy","Noxious Fumes","Mayhem+1","MostiFishMod:PoisonShield","expansioncontent:StudyTheSpire+1","Outmaneuver","Accuracy"],"relics":["Ring of the Snake","DaveBox","ice","BirthdayGift-Icosahedron","Toy Ornithopter","Question Card","vexMod:PaidLearning","Akabeko","Bag of Marbles","Snake Skull","Nunchaku","MerchantsRug","DollysMirror","Dodecahedron","Omamori","vexMod:BarristanHead","InkBottle","Technique","Ninja Scroll","MealTicket","Lantern","Dream Catcher","Girya","Letter Opener","Pear","BrkXgEgg","SynthV","Potion Belt","Mercury Hourglass","PreservedInsect","Orichalcum","ImportantClient","HoveringKite","Juzu Bracelet","Bag of Preparation","Pen Nib","Lee\u0027s Waffle","Orrery","Bottled Flame","vexMod:ScavengeHelm","Whetstone","Singing Bowl","Medical Kit","vexMod:Dragonfruit","Strange Spoon","Bronze Scales","Happy Flower","vexMod:FocusSash","CeramicFish","vexMod:Spyglass","Paper Crane","DaCapo","Boot","Eternal Feather","vexMod:TimeEaterHat","PatriotShield","War Paint","Blue Candle","Meat on the Bone","ClockworkSouvenir","SynthV:C4","Anchor","TwistedFunnel","Frozen Eye","Blood Vial","SentryEyes","Peace Pipe","Ancient Tea Set","Chemical X","TheAbacus","HornCleat","Vajra","Molten Egg 2","ChiLing","Chi","Ling","Gremlin Horn","Sundial","OrangePellets","Ying","StrikeDummy","Tough Bandages","Art of War","vexMod:PlasmaPancake","ImprovedEquipment","Sling","Membership Card","Shuriken","Mummified Hand","Ornamental Fan"],"acts_visited":["Exordium","TheCity","TheBeyond","TheEnding"],"potions_floor_usage":[16,16,16,16],"damage_taken":[{"damage":0,"enemies":"Cultist","floor":1,"turns":2},{"damage":0,"enemies":"Small Slimes","floor":2,"turns":2},{"damage":0,"enemies":"Jaw Worm","floor":5,"turns":2},{"damage":0,"enemies":"3 Sentries","floor":6,"turns":2},{"damage":0,"enemies":"Blue Slaver","floor":8,"turns":1},{"damage":0,"enemies":"Lagavulin","floor":11,"turns":2},{"damage":0,"enemies":"Gremlin Nob","floor":13,"turns":1},{"damage":0,"enemies":"Exordium Thugs","floor":14,"turns":1},{"damage":0,"enemies":"Hexaghost","floor":16,"turns":3},{"damage":0,"enemies":"3 Byrds","floor":18,"turns":1},{"damage":0,"enemies":"Shell Parasite","floor":20,"turns":1},{"damage":0,"enemies":"Book of Stabbing","floor":23,"turns":2},{"damage":0,"enemies":"Gremlin Leader","floor":25,"turns":1},{"damage":0,"enemies":"Slavers","floor":27,"turns":1},{"damage":0,"enemies":"Centurion and Healer","floor":28,"turns":1},{"damage":0,"enemies":"Shelled Parasite and Fungi","floor":30,"turns":1},{"damage":0,"enemies":"Snake Plant","floor":31,"turns":1},{"damage":0,"enemies":"Collector","floor":33,"turns":2},{"damage":0,"enemies":"3 Shapes","floor":35,"turns":1},{"damage":0,"enemies":"Orb Walker","floor":36,"turns":1},{"damage":0,"enemies":"Maw","floor":39,"turns":2},{"damage":0,"enemies":"4 Shapes","floor":44,"turns":1},{"damage":0,"enemies":"Reptomancer","floor":46,"turns":1},{"damage":0,"enemies":"Giant Head","floor":48,"turns":2},{"damage":0,"enemies":"Time Eater","floor":50,"turns":2},{"damage":0,"enemies":"Shield and Spear","floor":54,"turns":1},{"damage":0,"enemies":"The Heart","floor":55,"turns":3}],"seed_played":"3538039143745037115","potions_obtained":[{"floor":1,"key":"Dexterity Potion"},{"floor":6,"key":"BlessingOfTheForge"},{"floor":16,"key":"hexamod:EctoCoolerPotion"},{"floor":23,"key":"EssenceOfSteel"},{"floor":27,"key":"hexamod:EctoCoolerPotion"},{"floor":31,"key":"LiquidMemories"},{"floor":33,"key":"hexamod:EctoCoolerPotion"},{"floor":35,"key":"BlessingOfTheForge"},{"floor":39,"key":"DistilledChaos"}],"is_trial":false,"path_per_floor":["M","M","$","$","M","E","$","M","T","?","E","?","E","M","R","B",null,"M","$","M","?","?","E","R","E","T","E","M","?","M","M","R","B",null,"M","M","$","?","M","R","?","R","T","M","?","E","$","E","R","B",null,"R","$","E","B",null],"character_chosen":"THE_SILENT","items_purchased":["Footwork","vexMod:PaidLearning","Akabeko","Bag of Marbles","Snake Skull","Nunchaku","PowerPotion","MerchantsRug","DollysMirror","Metamorphosis","Slice","Tactician","Dodecahedron","Omamori","vexMod:BarristanHead","InkBottle","Infinite Blades","Heel Hook","Technique","PowerPotion","MealTicket","Lantern","Infinite Blades","Deadly Poison","BrkXgEgg","SynthV","Potion Belt","Mercury Hourglass","PreservedInsect","Orichalcum","Well Laid Plans","Well Laid Plans","Juzu Bracelet","Bag of Preparation","Pen Nib","Lee\u0027s Waffle","Orrery","Bottled Flame","MostiFishMod:PerfectParry","Caltrops","Whetstone","Singing Bowl","Medical Kit","vexMod:Dragonfruit","Strange Spoon","Bronze Scales","Panache+1","vexMod:Spyglass","Paper Crane","DaCapo","Boot","Eternal Feather","vexMod:TimeEaterHat","Accuracy","Jack Of All Trades","War Paint","Toolbox","Blue Candle","Meat on the Bone","ClockworkSouvenir","SynthV:C4","Anchor","TwistedFunnel","Frozen Eye","Blood Vial","Sadistic Nature+1","Accuracy","Regal Pillow","Ancient Tea Set","Chemical X","TheAbacus","HornCleat","Vajra","Noxious Fumes","Mayhem+1","ChiLing","Gremlin Horn","Strawberry","Sundial","vexMod:MemoryStick","OrangePellets","MostiFishMod:PoisonShield","Ying","StrikeDummy","Tough Bandages","Art of War","vexMod:PlasmaPancake","expansioncontent:StudyTheSpire+1","ImprovedEquipment","Sling","Membership Card","Shuriken","Mummified Hand","Outmaneuver","Accuracy"],"campfire_rested":0,"item_purchase_floors":[3,3,3,3,3,3,3,3,3,3,3,3,4,4,4,4,4,4,4,4,7,7,7,7,15,15,15,15,15,15,15,19,19,19,19,19,19,19,24,24,24,24,24,24,24,24,32,32,32,32,32,32,32,37,37,37,37,37,37,37,37,42,42,42,42,42,42,47,47,47,47,47,47,47,47,49,49,49,49,49,49,49,52,52,52,52,52,52,53,53,53,53,53,53,53],"current_hp_per_floor":[64,65,65,65,66,67,67,68,68,56,57,57,68,69,69,80,80,80,87,87,87,87,87,92,94,94,96,98,98,100,102,102,104,104,106,108,108,103,105,105,105,105,105,107,107,109,109,111,118,118,118,124,124,126,126],"gold":602542,"neow_bonus":"RANDOM_COMMON_RELIC","is_daily":false,"chose_seed":false,"campfire_upgraded":0,"win_rate":0.0,"timestamp":1607936360,"path_taken":["M","M","?","$","M","E","$","M","T","?","E","?","E","?","R","BOSS","M","$","M","?","?","E","R","E","T","E","M","?","M","M","R","BOSS","M","M","$","?","M","R","?","R","T","M","?","E","$","E","R","BOSS","R","$","E","BOSS"],"items_purchased_type":["Card","Relic","Relic","Relic","Relic","Relic","Potion","Relic","Relic","Card","Card","Card","Relic","Relic","Relic","Relic","Card","Card","Relic","Potion","Relic","Relic","Card","Card","Relic","Relic","Relic","Relic","Relic","Relic","Card","Card","Relic","Relic","Relic","Relic","Relic","Relic","Card","Card","Relic","Relic","Relic","Relic","Relic","Relic","Card","Relic","Relic","Relic","Relic","Relic","Relic","Card","Card","Relic","Relic","Relic","Relic","Relic","Relic","Relic","Relic","Relic","Relic","Card","Card","Relic","Relic","Relic","Relic","Relic","Relic","Card","Card","Relic","Relic","Relic","Relic","Relic","Relic","Card","Relic","Relic","Relic","Relic","Relic","Card","Relic","Relic","Relic","Relic","Relic","Card","Card"],"build_version":"2020-12-13","purchased_purges":18,"victory":true,"max_hp_per_floor":[70,70,70,70,70,70,70,70,70,70,70,70,80,80,80,80,80,80,87,87,87,87,87,92,94,94,96,98,98,100,102,102,104,104,106,108,108,103,105,105,105,105,105,107,107,109,109,111,118,118,118,124,124,126,126],"relic_stats":{"Singing Bowl":26,"Gremlin Horn":[1,1],"CeramicFish":99,"HoveringKite":[5],"Snake Skull":[84],"Juzu Bracelet":1,"Bag of Preparation":[0],"Whetstone":["Slice","Neutralize"],"Boot":[0],"Blood Vial":0,"Nunchaku":[10],"Dream Catcher":0,"Tough Bandages":[3],"TheAbacus":[6],"Sundial":[0],"Mummified Hand":[27],"MealTicket":0,"Chemical X":[1],"InkBottle":[17],"Ring of the Snake":[26],"Lee\u0027s Waffle":7,"Happy Flower":[6],"counters":[27,40],"Blue Candle":[0],"Eternal Feather":0,"PreservedInsect":382,"Pen Nib":[6],"Letter Opener":[15],"Orichalcum":[18],"War Paint":["Metamorphosis","Survivor"],"Question Card":29,"Medical Kit":[1],"Mercury Hourglass":[132],"Peace Pipe":0,"Strange Spoon":[15],"OrangePellets":[4],"Shuriken":[1],"Ornamental Fan":[4],"Bronze Scales":[15],"Art of War":[1],"obtain_stats":[{"TwistedFunnel":42,"PatriotShield":34,"vexMod:MemoryStick":49,"Gremlin Horn":49,"Chi":49,"CeramicFish":27,"HoveringKite":17,"Vajra":47,"ice":0,"BirthdayGift-Icosahedron":0,"Whetstone":24,"Boot":32,"Sling":53,"Blood Vial":42,"HornCleat":47,"DollysMirror":3,"Sundial":49,"Strawberry":49,"MealTicket":7,"DaCapo":32,"ImportantClient":16,"MerchantsRug":3,"Girya":11,"Pear":13,"Dodecahedron":4,"Happy Flower":25,"vexMod:ScavengeHelm":23,"Blue Candle":37,"Eternal Feather":32,"vexMod:TimeEaterHat":32,"Pen Nib":19,"vexMod:PaidLearning":3,"Letter Opener":12,"Paper Crane":32,"War Paint":37,"Question Card":1,"Akabeko":3,"OrangePellets":49,"Bottled Flame":19,"Ling":49,"Shuriken":53,"Bronze Scales":24,"SentryEyes":43,"Molten Egg 2":48,"Technique":4,"StrikeDummy":52,"Meat on the Bone":37,"ChiLing":49,"vexMod:PlasmaPancake":52,"Lantern":7,"Regal Pillow":47,"Ying":52,"DaveBox":0,"Singing Bowl":24,"SynthV":15,"Snake Skull":3,"Juzu Bracelet":19,"Bag of Preparation":19,"vexMod:Spyglass":32,"Ancient Tea Set":47,"SynthV:C4":37,"ClockworkSouvenir":37,"Frozen Eye":42,"Nunchaku":3,"Dream Catcher":10,"Tough Bandages":52,"TheAbacus":47,"Ninja Scroll":6,"Mummified Hand":53,"Toolbox":37,"Chemical X":47,"InkBottle":4,"Ring of the Snake":0,"Potion Belt":15,"Lee\u0027s Waffle":19,"ImprovedEquipment":53,"BrkXgEgg":15,"PreservedInsect":15,"Omamori":4,"vexMod:FocusSash":26,"Orichalcum":15,"Medical Kit":24,"Mercury Hourglass":15,"vexMod:Dragonfruit":24,"Peace Pipe":46,"Strange Spoon":24,"Anchor":42,"vexMod:BarristanHead":4,"Ornamental Fan":54,"Orrery":19,"Bag of Marbles":3,"Art of War":52,"Membership Card":53,"Toy Ornithopter":0},{"TwistedFunnel":21,"PatriotShield":18,"vexMod:MemoryStick":24,"Gremlin Horn":24,"Chi":24,"CeramicFish":14,"HoveringKite":9,"Vajra":23,"ice":0,"BirthdayGift-Icosahedron":0,"Whetstone":12,"Boot":17,"Sling":25,"Blood Vial":21,"HornCleat":23,"DollysMirror":2,"Sundial":24,"Strawberry":24,"MealTicket":4,"DaCapo":17,"ImportantClient":9,"MerchantsRug":2,"Girya":6,"Pear":7,"Dodecahedron":2,"Happy Flower":13,"vexMod:ScavengeHelm":12,"Blue Candle":20,"Eternal Feather":17,"vexMod:TimeEaterHat":17,"Pen Nib":10,"vexMod:PaidLearning":2,"Letter Opener":6,"Paper Crane":17,"War Paint":20,"Question Card":1,"Akabeko":2,"OrangePellets":24,"Bottled Flame":10,"Ling":24,"Shuriken":25,"Bronze Scales":12,"SentryEyes":21,"Molten Egg 2":24,"Technique":2,"StrikeDummy":25,"Meat on the Bone":20,"ChiLing":24,"vexMod:PlasmaPancake":25,"Lantern":4,"Regal Pillow":23,"Ying":25,"DaveBox":0,"Singing Bowl":12,"SynthV":8,"Snake Skull":2,"Juzu Bracelet":10,"Bag of Preparation":10,"vexMod:Spyglass":17,"Ancient Tea Set":23,"SynthV:C4":20,"ClockworkSouvenir":20,"Frozen Eye":21,"Nunchaku":2,"Dream Catcher":5,"Tough Bandages":25,"TheAbacus":23,"Ninja Scroll":4,"Mummified Hand":25,"Toolbox":20,"Chemical X":23,"InkBottle":2,"Ring of the Snake":0,"Potion Belt":8,"Lee\u0027s Waffle":10,"ImprovedEquipment":25,"BrkXgEgg":8,"PreservedInsect":8,"Omamori":2,"vexMod:FocusSash":13,"Orichalcum":8,"Medical Kit":12,"Mercury Hourglass":8,"vexMod:Dragonfruit":12,"Peace Pipe":23,"Strange Spoon":12,"Anchor":21,"vexMod:BarristanHead":2,"Ornamental Fan":26,"Orrery":10,"Bag of Marbles":2,"Art of War":25,"Membership Card":25,"Toy Ornithopter":0},{"TwistedFunnel":30,"PatriotShield":26,"vexMod:MemoryStick":34,"Gremlin Horn":34,"Chi":34,"CeramicFish":21,"HoveringKite":15,"Vajra":32,"ice":0,"BirthdayGift-Icosahedron":0,"Whetstone":19,"Boot":24,"Sling":36,"Blood Vial":30,"HornCleat":32,"DollysMirror":4,"Sundial":34,"Strawberry":34,"MealTicket":7,"DaCapo":24,"ImportantClient":15,"MerchantsRug":4,"Girya":10,"Pear":11,"Dodecahedron":4,"Happy Flower":20,"vexMod:ScavengeHelm":19,"Blue Candle":28,"Eternal Feather":24,"vexMod:TimeEaterHat":24,"Pen Nib":16,"vexMod:PaidLearning":4,"Letter Opener":10,"Paper Crane":24,"War Paint":28,"Question Card":2,"Akabeko":4,"OrangePellets":34,"Bottled Flame":16,"Ling":34,"Shuriken":36,"Bronze Scales":19,"SentryEyes":30,"Molten Egg 2":34,"Technique":4,"StrikeDummy":36,"Meat on the Bone":28,"ChiLing":34,"vexMod:PlasmaPancake":36,"Lantern":7,"Regal Pillow":32,"Ying":36,"DaveBox":0,"Singing Bowl":19,"SynthV":12,"Snake Skull":4,"Juzu Bracelet":16,"Bag of Preparation":16,"vexMod:Spyglass":24,"Ancient Tea Set":32,"SynthV:C4":28,"ClockworkSouvenir":28,"Frozen Eye":30,"Nunchaku":4,"Dream Catcher":8,"Tough Bandages":36,"TheAbacus":32,"Ninja Scroll":7,"Mummified Hand":36,"Toolbox":28,"Chemical X":32,"InkBottle":4,"Ring of the Snake":0,"Potion Belt":12,"Lee\u0027s Waffle":16,"ImprovedEquipment":36,"BrkXgEgg":12,"PreservedInsect":12,"Omamori":4,"vexMod:FocusSash":20,"Orichalcum":12,"Medical Kit":19,"Mercury Hourglass":12,"vexMod:Dragonfruit":19,"Peace Pipe":32,"Strange Spoon":19,"Anchor":30,"vexMod:BarristanHead":4,"Ornamental Fan":37,"Orrery":16,"Bag of Marbles":4,"Art of War":36,"Membership Card":36,"Toy Ornithopter":0}],"Toy Ornithopter":11,"Meat on the Bone":0},"card_choices":[{"not_picked":["Choke","Endless Agony"],"picked":"Quick Slash","floor":1},{"not_picked":["Deadly Poison","Backflip","Finisher","Quick Slash"],"picked":"SKIP","floor":2},{"not_picked":["Underhanded Strike","Cloak And Dagger","Acrobatics","PiercingWail"],"picked":"SKIP","floor":5},{"not_picked":["Flying Knee","Dodge and Roll","Distraction","Dagger Spray"],"picked":"SKIP","floor":6},{"not_picked":["Prepared","MostiFishMod:PerfectParry","Phantasmal Killer"],"picked":"Outmaneuver","floor":8},{"not_picked":["Finisher","Eviscerate","Blade Dance","Flying Knee"],"picked":"SKIP","floor":11},{"not_picked":["Backflip","Bane","Bullet Time"],"picked":"Dagger Throw","floor":13},{"not_picked":["Dagger Spray","Dodge and Roll","Slice","Heel Hook"],"picked":"SKIP","floor":14},{"not_picked":["Doppelganger+1","MostiFishMod:Confrontation+1","Die Die Die+1"],"picked":"After Image+1","floor":16},{"not_picked":["MostiFishMod:PerfectParry","Backstab+1","Bane","Deflect"],"picked":"SKIP","floor":18},{"not_picked":["Dash","Terror+1","Tactician"],"picked":"MostiFishMod:Neurotoxin+1","floor":19},{"not_picked":["Dodge and Roll","MostiFishMod:InvigoratingSolution+1","Poisoned Stab"],"picked":"MostiFishMod:WinterMarkForm+1","floor":20},{"not_picked":["Corpse Explosion+1","Prepared","Riddle With Holes","MostiFishMod:PoisonShield"],"picked":"SKIP","floor":23},{"not_picked":["Dodge and Roll","Prepared","Blade Dance","Riddle With Holes"],"picked":"Singing Bowl","floor":25},{"not_picked":["Sucker Punch","MostiFishMod:PerfectParry","Quick Slash","Flechettes+1"],"picked":"Singing Bowl","floor":27},{"not_picked":["MostiFishMod:PoisonShield+1","Prepared+1","Backflip","MostiFishMod:FrostNova+1"],"picked":"Singing Bowl","floor":28},{"not_picked":["Deadly Poison","PiercingWail+1","Skewer","Caltrops+1"],"picked":"Singing Bowl","floor":30},{"not_picked":["Well Laid Plans","Backflip","Calculated Gamble","Sucker Punch"],"picked":"Singing Bowl","floor":31},{"not_picked":["MostiFishMod:Listen+1","Bullet Time+1","Venomology+1","Wraith Form v2+1"],"picked":"Singing Bowl","floor":33},{"not_picked":["Flying Knee","Prepared","Cloak And Dagger","Distraction+1"],"picked":"Singing Bowl","floor":35},{"not_picked":["Eviscerate","Backflip","Deadly Poison","Acrobatics+1"],"picked":"Singing Bowl","floor":36},{"not_picked":["Dagger Throw","PiercingWail+1","Quick Slash+1","Dodge and Roll"],"picked":"Singing Bowl","floor":39},{"not_picked":["Expertise+1","Flying Knee+1","Crippling Poison","Sucker Punch"],"picked":"Singing Bowl","floor":44},{"not_picked":["Underhanded Strike+1","Blade Dance","Calculated Gamble+1","Wraith Form v2+1"],"picked":"Singing Bowl","floor":46},{"not_picked":["Flying Knee+1","All Out Attack+1","Prepared","Infinite Blades+1"],"picked":"Singing Bowl","floor":48},{"not_picked":["Deflect+1","PiercingWail+1","Quick Slash+1","Cloak And Dagger"],"picked":"Singing Bowl","floor":54}],"player_experience":216267,"relics_obtained":[{"floor":1,"key":"Question Card"},{"floor":6,"key":"Ninja Scroll"},{"floor":11,"key":"Girya"},{"floor":13,"key":"Pear"},{"floor":16,"key":"ImportantClient"},{"floor":23,"key":"vexMod:ScavengeHelm"},{"floor":25,"key":"Happy Flower"},{"floor":26,"key":"vexMod:FocusSash"},{"floor":27,"key":"CeramicFish"},{"floor":43,"key":"SentryEyes"},{"floor":46,"key":"Peace Pipe"},{"floor":48,"key":"Molten Egg 2"},{"floor":54,"key":"Ornamental Fan"}],"event_choices":[{"damage_healed":0,"gold_gain":0,"player_choice":"Success","damage_taken":12,"relics_obtained":["Dream Catcher"],"max_hp_gain":0,"max_hp_loss":0,"event_name":"Scrap Ooze","floor":10,"gold_loss":0},{"damage_healed":0,"gold_gain":0,"player_choice":"Box","damage_taken":0,"relics_obtained":["Letter Opener"],"max_hp_gain":0,"max_hp_loss":0,"event_name":"Big Fish","floor":12,"gold_loss":0,"cards_obtained":["Regret"]},{"cards_removed":["Strike_G"],"damage_healed":0,"gold_gain":0,"player_choice":"Gave Gold","damage_taken":0,"max_hp_gain":0,"max_hp_loss":0,"event_name":"Beggar","floor":21,"gold_loss":75},{"damage_healed":0,"gold_gain":0,"player_choice":"Ignored","damage_taken":0,"max_hp_gain":0,"max_hp_loss":0,"event_name":"Golden Shrine","floor":22,"gold_loss":0},{"cards_removed":["Tactician"],"damage_healed":0,"gold_gain":0,"player_choice":"Purged","damage_taken":0,"max_hp_gain":0,"max_hp_loss":0,"event_name":"Purifier","floor":29,"gold_loss":0},{"damage_healed":0,"gold_gain":0,"player_choice":"Max HP","damage_taken":0,"max_hp_gain":0,"max_hp_loss":5,"event_name":"Winding Halls","floor":38,"gold_loss":0},{"damage_healed":0,"gold_gain":0,"player_choice":"Ignored","damage_taken":0,"max_hp_gain":0,"max_hp_loss":0,"event_name":"Tomb of Lord Red Mask","floor":41,"gold_loss":0}],"is_beta":false,"boss_relics":[{"not_picked":["TakeMeEscape","vexMod:MegatonBomb"],"picked":"HoveringKite"},{"not_picked":["MoonlightInvasionPlan","OneHitWonderSystem"],"picked":"PatriotShield"}],"items_purged_floors":[3,4,4,7,7,15,19,19,24,24,32,37,42,47,47,49,52,53],"is_endless":false,"potions_floor_spawned":[1,6,8,16,23,27,31,33,35,39,48],"ascension_level":6}}