{"host":"eydwxg59205c3vtl","time":1607988122,"event":{"mods":["2.2 Compatiblity","BaseMod","Colored Map","Colored Powertips","Minty Spire (QoL Compilation)","StSLib"],"gold_per_floor":[111,123,141,141,151,151,178,196,268,12,70,86,36,51,51,154,154,169,169,169,222,237,247,247,247,247],"floor_reached":25,"playtime":1042,"items_purged":["Strike_G"],"score":328,"play_id":"7263a1ba-6989-47a4-9a9b-b4ff19f849ff","local_time":"20201214182202","is_ascension_mode":true,"campfire_choices":[{"data":"Phantasmal Killer","floor":6.0,"key":"SMITH"},{"floor":15.0,"key":"REST"},{"floor":24.0,"key":"REST"}],"circlet_count":0,"master_deck":["AscendersBane","Strike_G","Strike_G","Strike_G","Strike_G","Defend_G","Defend_G","Defend_G","Defend_G","Survivor","Neutralize","Poisoned Stab","Phantasmal Killer+1","Dodge and Roll","Flying Knee","Crippling Poison","Dodge and Roll","Footwork","Terror","Noxious Fumes","Venomology","CurseOfTheBell","Dagger Spray","Calculated Gamble+1","Backflip"],"relics":["SacredBark","Regal Pillow","Dead Branch","Bottled Flame","Lee\u0027s Waffle","Boot","Calling Bell","Anchor","Matryoshka","Bird Faced Urn","Omamori","Orichalcum"],"acts_visited":["Exordium","TheCity"],"potions_floor_usage":[25,25],"damage_taken":[{"damage":6.0,"enemies":"Small Slimes","floor":1.0,"turns":4.0},{"damage":9.0,"enemies":"Jaw Worm","floor":2.0,"turns":4.0},{"damage":0.0,"enemies":"2 Louse","floor":3.0,"turns":3.0},{"damage":4.0,"enemies":"Blue Slaver","floor":5.0,"turns":5.0},{"damage":9.0,"enemies":"Lagavulin","floor":7.0,"turns":7.0},{"damage":1.0,"enemies":"Gremlin Gang","floor":8.0,"turns":4.0},{"damage":26.0,"enemies":"Lagavulin Event","floor":11.0,"turns":9.0},{"damage":2.0,"enemies":"Exordium Thugs","floor":12.0,"turns":7.0},{"damage":5.0,"enemies":"Exordium Wildlife","floor":14.0,"turns":4.0},{"damage":48.0,"enemies":"Slime Boss","floor":16.0,"turns":13.0},{"damage":27.0,"enemies":"3 Byrds","floor":18.0,"turns":5.0},{"damage":21.0,"enemies":"Spheric Guardian","floor":22.0,"turns":8.0},{"damage":13.0,"enemies":"Snake Plant","floor":23.0,"turns":5.0},{"damage":56,"enemies":"Book of Stabbing","floor":25,"turns":5}],"seed_played":"-7695459024483060139","potions_obtained":[{"floor":2.0,"key":"GamblersBrew"},{"floor":3.0,"key":"Energy Potion"},{"floor":5.0,"key":"Explosive Potion"},{"floor":11.0,"key":"Ancient Potion"},{"floor":14.0,"key":"Regen Potion"},{"floor":23.0,"key":"Fire Potion"}],"is_trial":false,"path_per_floor":["M","M","M","?","M","R","E","M","T","$","?","M","?","M","R","B",null,"M","?","?","T","M","M","R","E"],"character_chosen":"THE_SILENT","items_purchased":["Lee\u0027s Waffle","Footwork"],"campfire_rested":2,"item_purchase_floors":[10,10],"current_hp_per_floor":[57,48,48,36,32,32,23,22,22,77,51,49,49,44,77,77,77,50,50,36,36,17,8,47,0,0],"gold":247,"neow_bonus":"BOSS_RELIC","is_daily":false,"chose_seed":false,"campfire_upgraded":1,"win_rate":0.0,"timestamp":1607988122,"path_taken":["M","M","M","?","M","R","E","M","T","$","?","M","?","M","R","BOSS","M","?","?","?","M","M","R","E"],"items_purchased_type":["Relic","Card"],"build_version":"2020-12-13","purchased_purges":1,"victory":false,"max_hp_per_floor":[70,70,70,70,70,70,70,70,70,77,77,77,77,77,77,77,77,77,77,82,82,82,82,82,82,82],"card_choices":[{"not_picked":["Cloak And Dagger","Distraction"],"picked":"Poisoned Stab","floor":1.0},{"not_picked":["Dagger Spray","Bane"],"picked":"Phantasmal Killer","floor":2.0},{"not_picked":["Dagger Throw","Prepared"],"picked":"Dodge and Roll","floor":3.0},{"not_picked":["Reflex","Quick Slash"],"picked":"Flying Knee","floor":5.0},{"not_picked":["Dagger Throw","Riddle With Holes"],"picked":"Crippling Poison","floor":7.0},{"not_picked":["Finisher","Sucker Punch"],"picked":"Dodge and Roll","floor":8.0},{"not_picked":["Acrobatics","Deadly Poison"],"picked":"Terror","floor":12.0},{"not_picked":["Acrobatics","Quick Slash"],"picked":"Noxious Fumes","floor":14.0},{"not_picked":["A Thousand Cuts","Glass Knife"],"picked":"Venomology","floor":16.0},{"not_picked":["All Out Attack","Distraction"],"picked":"Dagger Spray","floor":18.0},{"not_picked":["Concentrate","Sucker Punch"],"picked":"Calculated Gamble+1","floor":22.0},{"not_picked":["All Out Attack","Outmaneuver"],"picked":"Backflip","floor":23.0}],"player_experience":482858,"relics_obtained":[{"floor":7.0,"key":"Dead Branch"},{"floor":9.0,"key":"Bottled Flame"},{"floor":17.0,"key":"Anchor"},{"floor":17.0,"key":"Matryoshka"},{"floor":17.0,"key":"Bird Faced Urn"},{"floor":21.0,"key":"Omamori"},{"floor":21.0,"key":"Orichalcum"}],"event_choices":[{"damage_healed":0.0,"max_hp_gain":0.0,"max_hp_loss":0.0,"gold_gain":0.0,"event_name":"Scrap Ooze","player_choice":"Success","floor":4.0,"gold_loss":0.0,"damage_taken":12.0,"relics_obtained":["Regal Pillow"]},{"damage_healed":0.0,"max_hp_gain":0.0,"max_hp_loss":0.0,"gold_gain":0.0,"event_name":"Dead Adventurer","player_choice":"Searched \u00273\u0027 times","floor":11.0,"gold_loss":0.0,"damage_taken":0.0,"relics_obtained":["Boot"]},{"cards_removed":["Defend_G"],"damage_healed":0.0,"max_hp_gain":0.0,"max_hp_loss":0.0,"gold_gain":0.0,"event_name":"The Cleric","player_choice":"Card Removal","floor":13.0,"gold_loss":50.0,"damage_taken":0.0},{"damage_healed":0.0,"max_hp_gain":0.0,"max_hp_loss":0.0,"gold_gain":0.0,"event_name":"Ghosts","player_choice":"Ignored","floor":19.0,"gold_loss":0.0,"damage_taken":0.0},{"damage_healed":0.0,"max_hp_gain":5.0,"max_hp_loss":0.0,"gold_gain":0.0,"event_name":"Forgotten Altar","player_choice":"Shed Blood","floor":20.0,"gold_loss":0.0,"damage_taken":19.0}],"is_beta":false,"boss_relics":[{"not_picked":["Ectoplasm","WristBlade"],"picked":"Calling Bell"}],"items_purged_floors":[10],"is_endless":false,"potions_floor_spawned":[2,3,5,11,14,23],"killed_by":"Book of Stabbing","ascension_level":12}}