{"host":"lnc26sm36s9d8cik","time":1607988451,"event":{"mods":["Act Like it!","Bartender","BaseMod","Dio Mod","Downfall","Duelist Mod","Elementarium","Gensokyo","GifTheSpireLib","Hubris","Magitek Elite","Melee Mod","Mimic Mod","Minty Spire (QoL Compilation)","Prisma Mod","Remilia??????","Shade Mod","Spicy Shops","StSLib","The Administrix","The Alterego","The Animator","The Cursed","The Exalted","The Gatherer","The Hierophant","The Necromancer","The Poker Player","The Senshi","The Servant 0.9.4","The Wild Card","TheBandit","WarShipGirlsR/????R mod"],"gold_per_floor":[15,5,30,41,41,41,100,110,196,196,296,28,85,98,98,196,221,237,316,316,334,346,346,406,419,444,508,534,591,11,37,37,144,169,181,262,262,273,273,335,335,335,383,402,15,26,26,92,92,104,104,104,655,717,725,725],"floor_reached":55,"playtime":7429,"items_purged":["animator:Strike"],"score":895,"play_id":"6b137f01-e2a0-4cbe-868d-f2ef1d8f972e","local_time":"20201215002731","is_ascension_mode":false,"campfire_choices":[{"data":"animator:Chung","floor":6,"key":"SMITH"},{"data":"animator:Mikaela","floor":10,"key":"SMITH"},{"floor":15,"key":"REST"},{"data":"animator:Witch","floor":23,"key":"SMITH"},{"data":"animator:Gilgamesh+11","floor":32,"key":"SMITH"},{"data":"animator:Albedo","floor":41,"key":"SMITH"},{"data":"animator:Gilgamesh+16","floor":47,"key":"SMITH"},{"floor":49,"key":"RECALL"},{"data":"animator:Cocytus","floor":52,"key":"SMITH"}],"circlet_count":0,"master_deck":["animator:Defend_Elsword","animator:Defend","animator:Defend","animator:Defend+1","animator:Chung","animator:Raven","animator:Gilgamesh+3","animator:Entoma","animator:Witch","animator:SwordMaiden","animator:Mikaela","animator:YunYun","animator:Spearman","animator:Albedo","animator:Cocytus","Slimebound:Tackle","Slimebound:Tackle","Slimebound:Tackle","animator:Witch","animator:Sebas","animator:Chris","animator:Sonic","animator:Vesta","animator:SwordMaiden+1","animator:Spearman","animator:Tyuule","animator:HigakiRinne","animator:Archer"],"relics":["animator:TheEgnaroPiece","animator:AncientMedallion"],"acts_visited":["Exordium","TheCity","TheBeyond","TheEnding","EYB:TheUnnamedReign"],"potions_floor_usage":[7,16,29,29,29,33,33,50,55],"damage_taken":[{"damage":1,"enemies":"2 Louse","floor":1,"turns":3},{"damage":11,"enemies":"Jaw Worm","floor":4,"turns":2},{"damage":24,"enemies":"3 Sentries","floor":7,"turns":13},{"damage":4,"enemies":"Small Slimes","floor":8,"turns":6},{"damage":1,"enemies":"Looter","floor":9,"turns":13},{"damage":19,"enemies":"Lagavulin","floor":13,"turns":6},{"damage":0,"enemies":"Looter","floor":14,"turns":3},{"damage":1,"enemies":"Hexaghost","floor":16,"turns":8},{"damage":13,"enemies":"2 Thieves","floor":18,"turns":4},{"damage":0,"enemies":"Shell Parasite","floor":21,"turns":4},{"damage":0,"enemies":"Centurion and Healer","floor":22,"turns":4},{"damage":5,"enemies":"theDuelist:KaibaA2","floor":24,"turns":4},{"damage":0,"enemies":"Snecko","floor":25,"turns":4},{"damage":17,"enemies":"Slavers","floor":27,"turns":4},{"damage":7,"enemies":"Snake Plant","floor":28,"turns":3},{"damage":8,"enemies":"Book of Stabbing","floor":29,"turns":4},{"damage":0,"enemies":"3 Cultists","floor":31,"turns":2},{"damage":1,"enemies":"Champ","floor":33,"turns":7},{"damage":0,"enemies":"3 Darklings","floor":35,"turns":2},{"damage":0,"enemies":"Mind Bloom Boss Battle","floor":36,"turns":4},{"damage":0,"enemies":"Orb Walker","floor":38,"turns":3},{"damage":0,"enemies":"Nemesis","floor":40,"turns":5},{"damage":0,"enemies":"Maw","floor":44,"turns":5},{"damage":0,"enemies":"3 Darklings","floor":46,"turns":2},{"damage":0,"enemies":"Giant Head","floor":48,"turns":5},{"damage":3,"enemies":"Time Eater","floor":50,"turns":8},{"damage":14,"enemies":"animator:UNNAMED_CULTIST_1","floor":54,"turns":11},{"damage":89,"enemies":"animator:TRIPLE_SHAPES_WEAK","floor":55,"turns":11}],"seed_played":"-603648289886890051","potions_obtained":[{"floor":5,"key":"champ:CounterPotion"},{"floor":5,"key":"ColorlessPotion"},{"floor":5,"key":"Slimebound:ThreeZeroPotion"},{"floor":7,"key":"BlessingOfTheForge"},{"floor":14,"key":"Regen Potion"},{"floor":21,"key":"EntropicBrew"},{"floor":24,"key":"Regen Potion"},{"floor":35,"key":"Regen Potion"},{"floor":48,"key":"Fire Potion"},{"floor":54,"key":"animator:FalseLifePotion"}],"is_trial":false,"path_per_floor":["M","?","?","M","?","R","E","M","MIM","R","?","$","E","M","R","B",null,"M","T","?","M","M","R","E","M","T","E","M","E","$","M","R","B",null,"M","?","?","M","?","E","R","?","T","M","$","M","R","E","R","B",null,"R","??","M","M"],"character_chosen":"THE_ANIMATOR","items_purchased":["hubris:MedicalManual","Vajra","animator:Spearman","animator:WizardHat","TheAbacus","Sling","animator:ShionDessert","TungstenRod","HandDrill"],"campfire_rested":1,"item_purchase_floors":[12,12,12,30,30,30,45,45,45],"current_hp_per_floor":[65,65,65,54,54,54,30,26,25,25,25,25,6,6,25,39,66,53,60,60,60,60,60,57,57,57,40,33,37,37,37,37,36,75,75,75,75,75,75,75,75,66,66,66,66,66,66,66,66,65,75,75,98,84,0,0],"gold":725,"neow_bonus":"THREE_RARE_CARDS","is_daily":false,"chose_seed":false,"campfire_upgraded":7,"win_rate":0.0,"timestamp":1607988451,"path_taken":["M","?","?","M","?","R","E","?","MIM","R","?","$","E","M","R","BOSS","M","?","?","M","?","R","E","M","T","E","M","E","$","M","R","BOSS","M","?","?","M","?","E","R","?","T","M","$","M","R","E","R","BOSS","R","??","M","M"],"items_purchased_type":["Relic","Relic","Card","Relic","Relic","Relic","Relic","Relic","Relic"],"build_version":"2020-12-13","purchased_purges":1,"victory":false,"max_hp_per_floor":[66,66,66,66,66,66,66,66,66,66,66,66,66,66,66,66,66,66,73,73,73,73,73,75,75,75,75,75,75,75,75,75,75,75,75,75,75,75,75,75,75,75,75,75,75,75,75,75,75,75,75,75,98,98,98,98],"card_choices":[{"not_picked":["animator:Saitama","animator:Envy"],"picked":"animator:Gilgamesh","floor":0},{"not_picked":["animator:Emonzaemon","animator:Shigure"],"picked":"animator:Entoma","floor":1},{"not_picked":["animator:ChaikaBohdan","animator:Shigure"],"picked":"animator:Witch","floor":4},{"not_picked":["animator:Shion","animator:Hitei"],"picked":"animator:SwordMaiden+1","floor":7},{"not_picked":["animator:IrohaTamaki","animator:MumenRider"],"picked":"animator:Mikaela","floor":8},{"not_picked":["animator:Kaijin","animator:Laby"],"picked":"animator:YunYun","floor":9},{"not_picked":["animator:Megumin","animator:Tatsumaki+1","animator:ElricAlphonse+1"],"picked":"SKIP","floor":13},{"not_picked":["animator:AcuraTooru","animator:Mitsurugi","animator:Tatsumaki+1"],"picked":"SKIP","floor":14},{"not_picked":["animator:MadokaKaname+1","animator:Eris+1"],"picked":"animator:Albedo","floor":16},{"not_picked":["animator:Melzalgald","animator:Shinoa+1"],"picked":"animator:Cocytus","floor":18},{"not_picked":["animator:SayakaMiki+1","animator:IrohaTamaki"],"picked":"animator:Witch+1","floor":21},{"not_picked":["animator:Mitsurugi","animator:DwarfShaman"],"picked":"animator:Sebas+1","floor":22},{"not_picked":["animator:Biyorigo","animator:MadokaKaname+1","animator:Rena+1"],"picked":"SKIP","floor":24},{"not_picked":["animator:Verdia+1","animator:Spearman"],"picked":"animator:Chris+1","floor":25},{"not_picked":["animator:SakuraMatou+1","animator:Guy+1"],"picked":"animator:Sonic+1","floor":27},{"not_picked":["animator:DolaSchwi","animator:ChaikaBohdan","animator:Benimaru"],"picked":"SKIP","floor":28},{"not_picked":["animator:SakuraMatou+1","animator:Millim","animator:Caster+1"],"picked":"SKIP","floor":29},{"not_picked":["animator:RinTohsaka+1","animator:Konayuki+1"],"picked":"animator:Vesta+1","floor":31},{"not_picked":["animator:FeridBathory","animator:Albedo"],"picked":"animator:SwordMaiden+1","floor":33},{"not_picked":["animator:Jibril+1","animator:ElricEdward"],"picked":"animator:Spearman+1","floor":35},{"not_picked":["animator:Vanir+1","animator:MamiTomoe"],"picked":"animator:Tyuule+1","floor":38},{"not_picked":["animator:Tatsumaki+1","animator:OrikoMikuni+1","animator:RinTohsaka+1"],"picked":"SKIP","floor":40},{"not_picked":["animator:Demiurge+1","animator:Tet+1","animator:ChaikaBohdan"],"picked":"SKIP","floor":44},{"not_picked":["animator:DolaCouronne+1","animator:DwarfShaman"],"picked":"animator:Archer","floor":46},{"not_picked":["animator:SilverFang+1","animator:Alexander","animator:Chris"],"picked":"SKIP","floor":48},{"not_picked":["animator:Hakurou","animator:Shalltear","animator:DolaRiku"],"picked":"SKIP","floor":54}],"player_experience":276438,"relics_obtained":[{"floor":7,"key":"Toxic Egg 2"},{"floor":9,"key":"Boot"},{"floor":9,"key":"Orichalcum"},{"floor":13,"key":"animator:AlchemistGlove"},{"floor":19,"key":"Strawberry"},{"floor":24,"key":"hubris:Metronome"},{"floor":26,"key":"hubris:BottledRain"},{"floor":27,"key":"Gremlin Horn"},{"floor":29,"key":"Anchor"},{"floor":36,"key":"Thread and Needle"},{"floor":40,"key":"War Paint"},{"floor":43,"key":"animator:Buoy"},{"floor":48,"key":"Blood Vial"},{"floor":53,"key":"animator:TheEgnaroPiece"},{"floor":53,"key":"animator:AncientMedallion"}],"event_choices":[{"damage_healed":0,"gold_gain":0,"player_choice":"Got Potions","damage_taken":0,"max_hp_gain":0,"max_hp_loss":0,"event_name":"Lab","floor":5,"gold_loss":0},{"damage_healed":0,"gold_gain":100,"player_choice":"Pray","damage_taken":0,"max_hp_gain":0,"max_hp_loss":0,"event_name":"Golden Shrine","floor":11,"gold_loss":0},{"damage_healed":0,"gold_gain":0,"player_choice":"Fight","damage_taken":0,"max_hp_gain":0,"max_hp_loss":0,"event_name":"MindBloom","floor":36,"gold_loss":0},{"damage_healed":0,"gold_gain":0,"player_choice":"Ignored","damage_taken":0,"max_hp_gain":0,"max_hp_loss":0,"event_name":"Tomb of Lord Red Mask","floor":39,"gold_loss":0},{"damage_healed":0,"gold_gain":0,"player_choice":"Embrace Madness","damage_taken":9,"max_hp_gain":0,"max_hp_loss":0,"event_name":"Winding Halls","floor":42,"gold_loss":0,"cards_obtained":["animator:HigakiRinne"]}],"is_beta":false,"boss_relics":[{"not_picked":["animator:CursedBlade","Cursed Key"],"picked":"Gem_Box"},{"not_picked":["Astrolabe","hubris:RunicObelisk"],"picked":"Golden_Hairpin"}],"items_purged_floors":[12],"is_endless":false,"potions_floor_spawned":[7,8,14,21,24,25,27,29,35,44,48],"killed_by":"animator:TRIPLE_SHAPES_WEAK","ascension_level":0}}