{"host":"h5acbxt0wmjo1kpm","time":1607908364,"event":{"mods":["2.2 Compatiblity","Act Like it!","AlwaysNeverKeys","Aspiration","Bartender","BaseMod","Better Third Choice","Colored Map","Elementarium","Gensokyo","GifTheSpireLib","Hallownest","Marisa????????","Minty Spire (QoL Compilation)","Permanent Neow","Potionbrewer","Relic Filter","Replay The Spire","Robot Space Explorer","RumiaBox-????????","Shade Mod","Spicy Shops","StSLib","The Blackbeard","The Dragon Tamer","The Forsaken","The Gatherer","The Problem Sleuth","The Servant 0.9.4","Wandering Minibosses","vexMod"],"gold_per_floor":[119,119,139,64,84,84,110,110,137,150,150,175,187,187,187,260,260,275,235,61,0,10,10,25,125,125,375,375,349,60,60,60,60],"floor_reached":31,"playtime":1464,"items_purged":["Tactician","theForsaken:PlagueCurse"],"score":422,"play_id":"c4fde9d8-f325-4ac7-8aa9-863c99cb6186","local_time":"20201213171244","is_ascension_mode":true,"metric_token":2001,"campfire_choices":[{"data":"All Out Attack","floor":6.0,"key":"SMITH"},{"floor":8.0,"key":"REST"},{"data":"Gatherer:Centralize","floor":11.0,"key":"SMITH"},{"floor":15.0,"key":"REST"},{"data":"Poisoned Strike","floor":23,"key":"SMITH"}],"circlet_count":0,"master_deck":["AscendersBane","Gatherer:Strike_Gatherer","Gatherer:Strike_Gatherer","Gatherer:Strike_Gatherer","Gatherer:Strike_Gatherer","Gatherer:Defend_Gatherer","Gatherer:Defend_Gatherer+1","Gatherer:Defend_Gatherer","Gatherer:Centralize+1","Poisoned Strike+1","Gatherer:FlowerShield+2","Defend_G+1","All Out Attack+1","Gatherer:MiningStrike","Gatherer:BambuSword","Gatherer:BlackTea","Gatherer:EnergyBasket","Gatherer:MindSearch","Gatherer:PotentialSlash+1","Gatherer:PoisonMastery","Gatherer:RottenStipe+1","Gatherer:ScentOfRosmari","Gatherer:Nutrients","Gatherer:RecipeChange","Shame","Gatherer:GrowBook","Gatherer:EnergyBasket","Gatherer:EnergyBasket","Gatherer:Misfortune"],"relics":["Gatherer:AlchemyBag","Vajra","theForsaken:Gavel","Matryoshka","theForsaken:PlagueMask","Cursed Key","Turnip","aspiration:SneckoTail","Blue Doll","War Paint","Meat on the Bone"],"acts_visited":["Exordium","Gensokyo:Gensokyoer"],"potions_floor_usage":[18,25],"damage_taken":[{"damage":6.0,"enemies":"Small Slimes","floor":1.0,"turns":4.0},{"damage":3.0,"enemies":"Jaw Worm","floor":3.0,"turns":5.0},{"damage":7.0,"enemies":"2 Louse","floor":5.0,"turns":2.0},{"damage":16.0,"enemies":"Lagavulin","floor":7.0,"turns":7.0},{"damage":0.0,"enemies":"Looter","floor":10.0,"turns":1.0},{"damage":13.0,"enemies":"3 Sentries","floor":12.0,"turns":3.0},{"damage":0.0,"enemies":"Large Slime","floor":13.0,"turns":2.0},{"damage":20.0,"enemies":"The Guardian","floor":16.0,"turns":8.0},{"damage":32,"enemies":"Gensokyo:CosmicMonolith","floor":18,"turns":6},{"damage":0,"enemies":"Gensokyo:2_Gloops","floor":22,"turns":3},{"damage":0,"enemies":"Gensokyo:Wraith","floor":24,"turns":2},{"damage":7,"enemies":"Gensokyo:Wraith","floor":25,"turns":5},{"damage":39,"enemies":"Gensokyo:Slime_Group","floor":31,"turns":2}],"seed_played":"-7346954665753597921","potions_obtained":[{"floor":5.0,"key":"Explosive Potion"},{"floor":7.0,"key":"potionbrewer:CleansingPotion"},{"floor":10.0,"key":"Explosive Potion"},{"floor":12.0,"key":"Milkshake"},{"floor":22,"key":"BottledMiracle"}],"is_trial":false,"path_per_floor":["M","?","M","$","M","R","E","R","T","M","R","E","M","?","R","B",null,"M","?","$","?","M","R","M","?","T","?","?","$","$","M"],"character_chosen":"THE_GATHERER","items_purchased":["Gatherer:ScentOfRosmari","Gatherer:EnergyBasket","Meat on the Bone","Gatherer:Misfortune"],"campfire_rested":2,"item_purchase_floors":[20,29,30,30],"current_hp_per_floor":[36,36,33,33,26,26,10,30,30,30,30,17,17,17,37,17,55,23,23,23,23,23,23,23,16,16,16,16,16,16,0,0,0],"gold":60,"neow_bonus":"RANDOM_COLORLESS_2","is_daily":false,"chose_seed":false,"campfire_upgraded":3,"win_rate":0.0,"timestamp":1607908364,"path_taken":["M","?","M","$","M","R","E","R","T","M","R","E","M","?","R","BOSS","M","?","$","?","M","R","M","?","T","?","?","?","$","M"],"items_purchased_type":["Card","Card","Relic","Card"],"build_version":"2020-12-13","purchased_purges":2,"victory":false,"max_hp_per_floor":[67,67,67,67,67,67,67,67,67,67,67,67,67,67,67,67,67,67,67,67,67,67,67,67,67,67,62,62,62,62,62,62,62],"card_choices":[{"not_picked":["vexMod:StairwayStrike","ReplayTheSpireMod:Necrogeddon"],"picked":"Poisoned Strike","floor":0.0},{"not_picked":["Gatherer:BigPouch","Gatherer:Convert"],"picked":"Gatherer:FlowerShield","floor":1.0},{"not_picked":["Gatherer:CarefulStrike","Gatherer:BalancedGrowth"],"picked":"Gatherer:MiningStrike","floor":3.0},{"not_picked":["Gatherer:FlowerShield","Gatherer:DrugPower"],"picked":"Gatherer:BambuSword","floor":5.0},{"not_picked":["Gatherer:MiningStrike","Gatherer:GlowingPlant"],"picked":"Gatherer:BlackTea","floor":7.0},{"not_picked":["Gatherer:SaveValuables","Gatherer:AcidicSpray"],"picked":"Gatherer:EnergyBasket","floor":10.0},{"not_picked":["Gatherer:FeelingFine","Gatherer:SaveValuables"],"picked":"Gatherer:MindSearch","floor":12.0},{"not_picked":["Gatherer:FragileHammer","Gatherer:Frenzy"],"picked":"Gatherer:PotentialSlash","floor":13.0},{"not_picked":["Gatherer:Examine","Gatherer:Photoscythe"],"picked":"Gatherer:PoisonMastery","floor":16.0},{"not_picked":["Gatherer:QuickSynthesis","Gatherer:BambuSword"],"picked":"Gatherer:RottenStipe+1","floor":18},{"not_picked":["Gatherer:AromaProtection","Gatherer:Snatch"],"picked":"Gatherer:Nutrients","floor":22},{"not_picked":["Gatherer:ScentOfRosmari","Gatherer:MiningStrike"],"picked":"Gatherer:RecipeChange","floor":24}],"player_experience":1911993,"relics_obtained":[{"floor":7.0,"key":"Vajra"},{"floor":9.0,"key":"theForsaken:Gavel"},{"floor":12.0,"key":"Matryoshka"},{"floor":25,"key":"Turnip"},{"floor":25,"key":"aspiration:SneckoTail"},{"floor":26,"key":"Blue Doll"},{"floor":26,"key":"War Paint"}],"event_choices":[{"damage_healed":0.0,"max_hp_gain":0.0,"max_hp_loss":0.0,"gold_gain":0.0,"event_name":"Plague Doctor","player_choice":"Obtain Plague Curse","floor":14.0,"gold_loss":0.0,"damage_taken":0.0,"cards_obtained":["theForsaken:PlagueCurse"]}],"is_beta":false,"boss_relics":[{"not_picked":["vexMod:NewClearReactor","Painkiller Herb"],"picked":"Cursed Key"}],"items_purged_floors":[4,20],"is_endless":false,"potions_floor_spawned":[5,7,10,12,22],"killed_by":"Gensokyo:Slime_Group","ascension_level":15}}