{"host":"svwqvw2il1zfkkg0","time":1607983469,"event":{"mods":["AchievementEnabler","BaseMod","BetterRewards","Colored Map","Colored Powertips","Custom Start","Downfall","GifTheSpireLib","Highlight Path","Hubris","Infinite Spire","Minty Spire (QoL Compilation)","Quick Restart","Replay The Spire","Shop Mod","StSLib","SuperFastMode"],"gold_per_floor":[111,128,148,168,188,188,214,214,237,237,255,273,291,303,303,408,408,418,418,300,314,84,84,118,118,118,135,151,162,77,90,90,90,90],"floor_reached":33,"playtime":1026,"items_purged":[],"score":300,"play_id":"186a8eb8-732f-4a8c-9cdd-c50c64803dfc","local_time":"20201214140429","is_ascension_mode":false,"campfire_choices":[{"data":"Cloak And Dagger","floor":6,"key":"SMITH"},{"floor":10,"key":"REST"},{"floor":15,"key":"REST"},{"data":"Cloak And Dagger","floor":23,"key":"SMITH"},{"floor":32,"key":"REST"}],"circlet_count":0,"master_deck":["Strike_G","Strike_G","Strike_G","Strike_G","Strike_G","Defend_G","Defend_G","Defend_G","Defend_G","Defend_G","Survivor","Neutralize","Sucker Punch","Cloak And Dagger+1","Endless Agony","Flying Knee","Blade Dance","Flying Knee","Prepared","Blade Dance","Cloak And Dagger","Blade Dance","ReplayTheSpireMod:From All Sides","Dagger Spray","Backstab","Cloak And Dagger+1","Prepared+1","Finisher","Prepared+1","Backstab","Dagger Spray+1","All Out Attack"],"relics":["Ring of the Snake","hubris:SlimyHat","hubris:TinFlute","Orichalcum","Philosopher\u0027s Stone","PreservedInsect","infinitespire:Satchel","Bag of Marbles","Replay:Rubber Ducky"],"acts_visited":["Exordium","TheCity"],"potions_floor_usage":[11,16,16,24,29,29,31],"damage_taken":[{"damage":1,"enemies":"Cultist","floor":1,"turns":5},{"damage":15,"enemies":"infinitespire:Voidling","floor":2,"turns":4},{"damage":0,"enemies":"Small Slimes","floor":3,"turns":4},{"damage":10,"enemies":"Exordium Thugs","floor":4,"turns":6},{"damage":2,"enemies":"Blue Slaver","floor":5,"turns":4},{"damage":28,"enemies":"Gremlin Nob","floor":7,"turns":4},{"damage":2,"enemies":"3 Louse","floor":11,"turns":2},{"damage":0,"enemies":"2 Fungi Beasts","floor":12,"turns":2},{"damage":2,"enemies":"Red Slaver","floor":13,"turns":3},{"damage":16,"enemies":"Gremlin Gang","floor":14,"turns":4},{"damage":11,"enemies":"Hexaghost","floor":16,"turns":6},{"damage":7,"enemies":"Chosen","floor":18,"turns":5},{"damage":3,"enemies":"Shell Parasite","floor":21,"turns":4},{"damage":0,"enemies":"Replay:Snechameleon","floor":24,"turns":2},{"damage":5,"enemies":"Snecko","floor":27,"turns":4},{"damage":10,"enemies":"Shelled Parasite and Fungi","floor":28,"turns":3},{"damage":12,"enemies":"Snake Plant","floor":29,"turns":2},{"damage":2,"enemies":"Cultist and Chosen","floor":31,"turns":4},{"damage":61,"enemies":"Pondfish","floor":33,"turns":8}],"seed_played":"6796024689769039900","potions_obtained":[{"floor":1,"key":"FearPotion"},{"floor":2,"key":"champ:CounterPotion"},{"floor":4,"key":"Strength Potion"},{"floor":14,"key":"Languid Potion"},{"floor":16,"key":"Weak Potion"},{"floor":21,"key":"SkillPotion"},{"floor":28,"key":"Adrenaline Potion"}],"is_trial":false,"path_per_floor":["M","M","M","M","M","R","E","T","T","R","M","M","M","M","R","B",null,"M","?","$","M","$","R","E","?","T","M","M","M","?","M","R","B"],"character_chosen":"THE_SILENT","items_purchased":["Backstab","Cloak And Dagger","PreservedInsect","Finisher"],"campfire_rested":3,"item_purchase_floors":[20,20,22,22],"current_hp_per_floor":[76,68,68,58,56,56,28,28,28,51,49,49,47,31,54,43,77,70,70,70,67,67,67,67,67,67,62,52,40,40,38,61,0,0],"gold":90,"neow_bonus":"TEN_PERCENT_HP_BONUS","is_daily":false,"chose_seed":false,"campfire_upgraded":2,"win_rate":0.0,"timestamp":1607983469,"path_taken":["M","?","?","M","M","R","E","?","T","R","M","M","M","M","R","BOSS","M","?","?","M","$","R","E","?","T","M","M","M","?","M","R","BOSS"],"items_purchased_type":["Card","Card","Relic","Card"],"build_version":"2020-12-13","purchased_purges":0,"victory":false,"max_hp_per_floor":[77,77,77,77,77,77,77,77,77,77,77,77,77,77,77,77,77,77,77,77,77,77,77,77,77,77,77,77,77,77,77,77,77,77],"card_choices":[{"not_picked":["Deflect","PiercingWail"],"picked":"Sucker Punch","floor":1},{"not_picked":["Backflip","Deflect"],"picked":"Cloak And Dagger","floor":2},{"not_picked":["hubris:SlightOfHand","Poisoned Stab"],"picked":"Endless Agony","floor":3},{"not_picked":["Slice","infinitespire:Neurotoxin"],"picked":"Flying Knee","floor":4},{"not_picked":["Dodge and Roll","Backstab"],"picked":"Blade Dance","floor":5},{"not_picked":["Well Laid Plans","Quick Slash"],"picked":"Flying Knee","floor":7},{"not_picked":["Concentrate","Bane"],"picked":"Prepared","floor":11},{"not_picked":["Deadly Poison","After Image"],"picked":"Blade Dance","floor":12},{"not_picked":["ReplayTheSpireMod:Scrap Shanks","Draining Mist"],"picked":"Cloak And Dagger","floor":13},{"not_picked":["Bouncing Flask","Dodge and Roll"],"picked":"Blade Dance","floor":14},{"not_picked":["Poison Darts","Atom Bomb"],"picked":"ReplayTheSpireMod:From All Sides","floor":16},{"not_picked":["Slice","Dash"],"picked":"Dagger Spray","floor":18},{"not_picked":["ReplayTheSpireMod:Tripwire+1","Underhanded Strike"],"picked":"Prepared+1","floor":21},{"not_picked":["Backflip","Underhanded Strike"],"picked":"Prepared+1","floor":24},{"not_picked":["Backflip","Phantasmal Killer","ReplayTheSpireMod:Shiv Toss+1"],"picked":"SKIP","floor":27},{"not_picked":["Sucker Punch","Sneak Up+1"],"picked":"Dagger Spray+1","floor":28},{"not_picked":["Hidden Blade","Acrobatics"],"picked":"All Out Attack","floor":29},{"not_picked":["Acrobatics","Outmaneuver","Eviscerate+1"],"picked":"SKIP","floor":31}],"player_experience":371499,"relics_obtained":[{"floor":7,"key":"hubris:SlimyHat"},{"floor":8,"key":"hubris:TinFlute"},{"floor":9,"key":"Orichalcum"},{"floor":24,"key":"infinitespire:Satchel"},{"floor":26,"key":"Bag of Marbles"}],"event_choices":[{"damage_healed":0,"gold_gain":0,"player_choice":"Read","damage_taken":0,"max_hp_gain":0,"max_hp_loss":0,"event_name":"The Library","floor":25,"gold_loss":0,"cards_obtained":["Backstab"]},{"damage_healed":0,"gold_gain":0,"player_choice":"Obtained Relic","damage_taken":0,"relics_obtained":["Replay:Rubber Ducky"],"max_hp_gain":0,"max_hp_loss":0,"event_name":"Addict","floor":30,"gold_loss":85}],"is_beta":false,"boss_relics":[{"not_picked":["Velvet Choker","hubris:Stopwatch"],"picked":"Philosopher\u0027s Stone"}],"items_purged_floors":[],"is_endless":false,"potions_floor_spawned":[1,2,4,7,14,16,21,28],"killed_by":"Pondfish","ascension_level":0}}