{"host":"8a3jzv7qxg3y7b6t","time":1607906085,"event":{"mods":["BaseMod","Better Third Choice","Downfall","Hermit","Minty Spire (QoL Compilation)","Relic Stats","StSLib","The Bug Knight","The Cursed"],"gold_per_floor":[118,137,91,105,105,105,130,142,168,6,37,37,71,71,71,172,172,185,201,201,300,300,300],"floor_reached":22,"playtime":1331,"items_purged":[],"score":202,"play_id":"640a6a60-dfbb-43ce-8267-aa8987de5df3","local_time":"20201213163445","is_ascension_mode":false,"campfire_choices":[{"floor":6,"key":"RECALL"},{"data":"hermit:RoundhouseKick","floor":15,"key":"SMITH"}],"circlet_count":0,"master_deck":["hermit:Strike_Hermit","hermit:Strike_Hermit","hermit:Strike_Hermit","hermit:Defend_Hermit","hermit:Defend_Hermit","hermit:Defend_Hermit","hermit:Defend_Hermit","hermit:Snapshot","hermit:Covet","hermit:RoundhouseKick+1","hermit:Quickdraw","hermit:BigShot","hermit:Desperado","hermit:BigShot","Protect","hermit:EyeOfTheStorm","hermit:Glare","hermit:Combo","Dramatic Entrance","hermit:Desperado","Regret","hermit:Deadeye","hermit:FinalCanter","hermit:Quickdraw","hermit:ShadowCloak+1"],"relics":["hermit:ClaspedLocket","MealTicket","Anchor","Toy Ornithopter","The Courier"],"acts_visited":["Exordium","TheCity"],"potions_floor_usage":[11,11,13,22],"damage_taken":[{"damage":0,"enemies":"Cultist","floor":1,"turns":3},{"damage":0,"enemies":"2 Louse","floor":2,"turns":2},{"damage":2,"enemies":"Small Slimes","floor":4,"turns":2},{"damage":30,"enemies":"3 Sentries","floor":7,"turns":9},{"damage":5,"enemies":"Blue Slaver","floor":8,"turns":2},{"damage":5,"enemies":"Gremlin Nob","floor":11,"turns":3},{"damage":26,"enemies":"Lagavulin","floor":13,"turns":6},{"damage":22,"enemies":"The Guardian","floor":16,"turns":9},{"damage":47,"enemies":"3 Byrds","floor":18,"turns":5},{"damage":16,"enemies":"2 Thieves","floor":19,"turns":4},{"damage":10,"enemies":"Snake Plant","floor":22,"turns":2}],"seed_played":"5736192888842029558","potions_obtained":[{"floor":4,"key":"FearPotion"},{"floor":7,"key":"SteroidPotion"},{"floor":11,"key":"SkillPotion"},{"floor":19,"key":"Explosive Potion"}],"is_trial":false,"path_per_floor":["M","M","$","M","?","R","E","M","T","$","E","?","E","$","R","B",null,"M","M","?","?","M"],"character_chosen":"HERMIT","items_purchased":["hermit:Desperado","hermit:Combo","Dramatic Entrance"],"campfire_rested":0,"item_purchase_floors":[3,10,10],"current_hp_per_floor":[68,68,68,66,66,66,36,31,31,46,41,41,20,35,35,13,68,21,5,5,5,0,0],"gold":300,"neow_bonus":"THREE_RARE_CARDS","is_daily":false,"chose_seed":false,"campfire_upgraded":1,"win_rate":0.0,"timestamp":1607906085,"path_taken":["M","M","?","?","?","R","E","M","T","?","E","?","E","?","R","BOSS","M","M","?","?","M"],"items_purchased_type":["Card","Card","Card"],"build_version":"2020-12-13","purchased_purges":0,"victory":false,"max_hp_per_floor":[68,68,68,68,68,68,68,68,68,68,68,68,68,68,68,68,68,68,68,68,68,68,68],"relic_stats":{"counters":[11,47],"MealTicket":30,"obtain_stats":[{"Anchor":11,"hermit:ClaspedLocket":17,"MealTicket":7,"The Courier":13,"hermit:Momento":0,"Toy Ornithopter":12},{"Anchor":6,"hermit:ClaspedLocket":8,"MealTicket":4,"The Courier":7,"hermit:Momento":0,"Toy Ornithopter":6},{"Anchor":21,"hermit:ClaspedLocket":36,"MealTicket":16,"The Courier":27,"hermit:Momento":0,"Toy Ornithopter":21}],"Toy Ornithopter":10},"card_choices":[{"not_picked":["hermit:Magnum","hermit:FatalDesire"],"picked":"hermit:RoundhouseKick","floor":0},{"not_picked":["hermit:CalledShot","hermit:Glare"],"picked":"hermit:Quickdraw","floor":1},{"not_picked":["hermit:HoleUp","hermit:Vantage"],"picked":"hermit:BigShot","floor":2},{"not_picked":["hermit:Enervate","hermit:Roulette"],"picked":"hermit:BigShot","floor":4},{"not_picked":["hermit:Glare","hermit:Showdown"],"picked":"hermit:EyeOfTheStorm","floor":7},{"not_picked":["hermit:LowProfile","hermit:BodyArmor"],"picked":"hermit:Glare","floor":8},{"not_picked":["hermit:Ricochet","hermit:Midnight"],"picked":"hermit:Desperado","floor":11},{"not_picked":["hermit:FromBeyond","hermit:Malice"],"picked":"hermit:Deadeye","floor":13},{"not_picked":["hermit:OverwhelmingPower","hermit:Adapt"],"picked":"hermit:FinalCanter","floor":16},{"not_picked":["hermit:Misfire","hermit:Midnight"],"picked":"hermit:Quickdraw","floor":18},{"not_picked":["hermit:EyeOfTheStorm+1","hermit:NoHoldsBarred"],"picked":"hermit:ShadowCloak+1","floor":19}],"player_experience":590565,"relics_obtained":[{"floor":7,"key":"MealTicket"},{"floor":11,"key":"Anchor"},{"floor":13,"key":"The Courier"}],"event_choices":[{"cards_removed":["hermit:Strike_Hermit"],"damage_healed":0,"gold_gain":0,"player_choice":"Took Card","damage_taken":0,"max_hp_gain":0,"max_hp_loss":0,"event_name":"NoteForYourself","floor":5,"gold_loss":0,"cards_obtained":["Protect"]},{"damage_healed":0,"gold_gain":0,"player_choice":"Box","damage_taken":0,"relics_obtained":["Toy Ornithopter"],"max_hp_gain":0,"max_hp_loss":0,"event_name":"Big Fish","floor":12,"gold_loss":0,"cards_obtained":["Regret"]},{"damage_healed":0,"gold_gain":0,"player_choice":"Ignored","damage_taken":0,"max_hp_gain":0,"max_hp_loss":0,"event_name":"Ghosts","floor":20,"gold_loss":0},{"damage_healed":0,"gold_gain":99,"player_choice":"Steal","damage_taken":0,"max_hp_gain":0,"max_hp_loss":0,"event_name":"betterThird:BetterNest","floor":21,"gold_loss":0}],"is_beta":false,"boss_relics":[{"not_picked":["Ectoplasm","Tiny House"],"picked":"hermit:ClaspedLocket"}],"items_purged_floors":[],"is_endless":false,"potions_floor_spawned":[4,7,11,19],"killed_by":"Snake Plant","ascension_level":0}}