{"host":"x6tlfgqpy55vgxdn","time":1607954180,"event":{"mods":["AchievementEnabler","BaseMod","DeckTracker","Minty Spire (QoL Compilation)","Permanent Neow","StSLib","SuperFastMode"],"gold_per_floor":[109,109,121,133,18,18,49,49,122,72,72,103,121,148,148,273,273,312,312,17,17,17,71,121,160,187,244,244,303,363,436,436,593,593,683,818,818,488,591,591,152,271,339,461,565,565,668,423,423,423],"floor_reached":51,"playtime":2336,"items_purged":["Defend_P","Defend_P","Strike_P+1","Strike_P+1","FollowUp"],"score":1704,"play_id":"ca0c1723-9eae-437e-89b6-c93f075d2cab","local_time":"20201214225620","is_ascension_mode":true,"campfire_choices":[{"data":"Eruption","floor":6.0,"key":"SMITH"},{"data":"CrushJoints","floor":11.0,"key":"SMITH"},{"floor":15.0,"key":"DIG"},{"floor":32.0,"key":"DIG"},{"floor":40.0,"key":"DIG"},{"floor":46.0,"key":"DIG"},{"data":"Tantrum","floor":49,"key":"SMITH"}],"circlet_count":0,"master_deck":["AscendersBane","Eruption+1","Vigilance+1","FearNoEvil+1","Adaptation+1","CrushJoints+1","Wish+1","Vault+1","MentalFortress+1","LessonLearned+1","Wish+1","Wish+1","Wallop+1","Swivel+1","Adaptation+1","MentalFortress+1","Tantrum+1"],"relics":["PureWater","Oddly Smooth Stone","Letter Opener","Shovel","Odd Mushroom","Akabeko","Snecko Eye","Membership Card","Gremlin Horn","Red Mask","Bag of Preparation","Bag of Marbles","Shuriken","Regal Pillow","Centennial Puzzle","Cursed Key","Ice Cream","Happy Flower","Orrery","Vajra","Omamori","TheAbacus","Ornamental Fan","InkBottle","Orichalcum","Mercury Hourglass","Pantograph","White Beast Statue","Mummified Hand"],"acts_visited":["Exordium","TheCity","TheBeyond"],"potions_floor_usage":[50],"damage_taken":[{"damage":2.0,"enemies":"Jaw Worm","floor":1.0,"turns":4.0},{"damage":0.0,"enemies":"Cultist","floor":3.0,"turns":2.0},{"damage":16.0,"enemies":"Small Slimes","floor":4.0,"turns":2.0},{"damage":24.0,"enemies":"3 Sentries","floor":7.0,"turns":5.0},{"damage":6.0,"enemies":"Lagavulin","floor":12.0,"turns":3.0},{"damage":0.0,"enemies":"Looter","floor":13.0,"turns":2.0},{"damage":18.0,"enemies":"The Mushroom Lair","floor":14.0,"turns":3.0},{"damage":0.0,"enemies":"Slime Boss","floor":16.0,"turns":5.0},{"damage":0.0,"enemies":"2 Thieves","floor":18.0,"turns":2.0},{"damage":0.0,"enemies":"Gremlin Leader","floor":23.0,"turns":5.0},{"damage":0.0,"enemies":"Masked Bandits","floor":24.0,"turns":3.0},{"damage":0.0,"enemies":"Spheric Guardian","floor":25.0,"turns":2.0},{"damage":2.0,"enemies":"Book of Stabbing","floor":27.0,"turns":3.0},{"damage":0.0,"enemies":"Slavers","floor":29.0,"turns":2.0},{"damage":0.0,"enemies":"Shelled Parasite and Fungi","floor":30.0,"turns":1.0},{"damage":0.0,"enemies":"Centurion and Healer","floor":31.0,"turns":2.0},{"damage":0.0,"enemies":"Collector","floor":33.0,"turns":4.0},{"damage":0.0,"enemies":"3 Shapes","floor":35.0,"turns":2.0},{"damage":0.0,"enemies":"Mind Bloom Boss Battle","floor":36.0,"turns":3.0},{"damage":0.0,"enemies":"Orb Walker","floor":39.0,"turns":3.0},{"damage":0.0,"enemies":"Nemesis","floor":42.0,"turns":5.0},{"damage":0.0,"enemies":"Giant Head","floor":44.0,"turns":3.0},{"damage":0.0,"enemies":"3 Darklings","floor":45.0,"turns":3.0},{"damage":0.0,"enemies":"Maw","floor":47.0,"turns":3.0},{"damage":0,"enemies":"Time Eater","floor":50,"turns":2}],"seed_played":"2765693382238292547","potions_obtained":[{"floor":7.0,"key":"Weak Potion"},{"floor":14.0,"key":"GamblersBrew"},{"floor":16.0,"key":"Energy Potion"},{"floor":25.0,"key":"Block Potion"},{"floor":36.0,"key":"GamblersBrew"}],"is_trial":false,"path_per_floor":["M","?","M","M","$","R","E","?","T","?","R","E","M","?","R","B",null,"M","?","$","?","$","E","?","M","T","E","T","E","M","M","R","B",null,"M","?","?","$","M","R","$","E","T","E","M","R","M","$","R","B",null],"character_chosen":"WATCHER","items_purchased":["Adaptation","Membership Card","MentalFortress","LessonLearned","Happy Flower","Orrery","Adaptation","Vajra","TheAbacus","Ornamental Fan","InkBottle","Tantrum","Mummified Hand","DuplicationPotion"],"campfire_rested":0,"item_purchase_floors":[5,20,20,20,38,38,38,38,41,41,41,41,48,48],"current_hp_per_floor":[45,45,45,29,29,29,5,29,29,29,29,23,23,5,5,5,55,55,55,55,42,42,42,42,42,42,40,40,40,40,40,40,40,68,68,68,68,68,68,68,68,68,68,68,68,68,68,68,68,77],"gold":423,"neow_bonus":"REMOVE_TWO","is_daily":false,"chose_seed":false,"campfire_upgraded":3,"win_rate":0.0,"timestamp":1607954180,"path_taken":["M","?","?","M","$","R","E","?","T","?","R","E","M","?","R","BOSS","M","?","$","?","$","E","?","M","T","E","?","E","?","M","R","BOSS","M","?","?","$","M","R","?","E","T","E","M","R","?","$","R","BOSS"],"items_purchased_type":["Card","Relic","Card","Card","Relic","Relic","Card","Relic","Relic","Relic","Relic","Card","Relic","Potion"],"build_version":"2020-12-13","purchased_purges":5,"victory":true,"max_hp_per_floor":[72,72,72,72,72,72,72,72,72,72,72,72,72,72,72,72,72,72,72,72,77,77,77,77,77,77,77,77,77,77,77,77,77,77,77,77,77,77,77,77,77,77,77,77,77,77,77,77,77,77],"card_choices":[{"not_picked":["FlyingSleeves","CrushJoints"],"picked":"FollowUp","floor":1.0},{"not_picked":["Study","Worship","EmptyBody"],"picked":"SKIP","floor":3.0},{"not_picked":["Protect","WindmillStrike"],"picked":"FearNoEvil","floor":4.0},{"not_picked":["CarveReality","FearNoEvil"],"picked":"CrushJoints","floor":7.0},{"not_picked":["FlyingSleeves","FollowUp","SandsOfTime"],"picked":"SKIP","floor":12.0},{"not_picked":["SandsOfTime","WindmillStrike","Collect"],"picked":"SKIP","floor":13.0},{"not_picked":["EmptyFist","LikeWater"],"picked":"Wish","floor":14.0},{"not_picked":["Alpha","Blasphemy"],"picked":"Vault","floor":16.0},{"not_picked":["FollowUp+1","Halt","BowlingBash+1"],"picked":"SKIP","floor":18.0},{"not_picked":["FlyingSleeves","BattleHymn","SignatureMove"],"picked":"SKIP","floor":23.0},{"not_picked":["FlyingSleeves","BattleHymn","SignatureMove"],"picked":"SKIP","floor":23.0},{"not_picked":["JustLucky","ReachHeaven","Indignation"],"picked":"SKIP","floor":25.0},{"not_picked":["JustLucky","ReachHeaven","Indignation"],"picked":"SKIP","floor":25.0},{"not_picked":["Crescendo+1","Pray","WreathOfFlame"],"picked":"SKIP","floor":27.0},{"not_picked":["EmptyBody","ClearTheMind"],"picked":"Wish","floor":29.0},{"not_picked":["Fasting2","Prostrate","CutThroughFate+1"],"picked":"SKIP","floor":30.0},{"not_picked":["JustLucky+1","Collect","Prostrate"],"picked":"SKIP","floor":31.0},{"not_picked":["Blasphemy","Judgement"],"picked":"Wish","floor":33.0},{"not_picked":["Pray","EmptyFist+1","Halt"],"picked":"SKIP","floor":35.0},{"not_picked":["PathToVictory","FlyingSleeves+1"],"picked":"Wallop","floor":38.0},{"not_picked":["Prostrate","Wireheading+1"],"picked":"Swivel","floor":38.0},{"not_picked":["SashWhip+1","Brilliance"],"picked":"MentalFortress","floor":39.0},{"not_picked":["ThirdEye+1","CrushJoints","EmptyFist"],"picked":"SKIP","floor":42.0},{"not_picked":["SignatureMove+1","Evaluate","FlurryOfBlows+1"],"picked":"SKIP","floor":44.0},{"not_picked":["SignatureMove+1","Evaluate","FlurryOfBlows+1"],"picked":"SKIP","floor":44.0},{"not_picked":["SashWhip","ThirdEye","Tantrum"],"picked":"SKIP","floor":45.0},{"not_picked":["JustLucky+1","Prostrate+1","WreathOfFlame+1"],"picked":"SKIP","floor":47.0}],"player_experience":152470,"relics_obtained":[{"floor":7.0,"key":"Oddly Smooth Stone"},{"floor":9.0,"key":"Letter Opener"},{"floor":12.0,"key":"Shovel"},{"floor":14.0,"key":"Odd Mushroom"},{"floor":15.0,"key":"Akabeko"},{"floor":23.0,"key":"Gremlin Horn"},{"floor":24.0,"key":"Red Mask"},{"floor":26.0,"key":"Bag of Preparation"},{"floor":27.0,"key":"Bag of Marbles"},{"floor":28.0,"key":"Shuriken"},{"floor":29.0,"key":"Regal Pillow"},{"floor":32.0,"key":"Centennial Puzzle"},{"floor":36.0,"key":"Ice Cream"},{"floor":40.0,"key":"Omamori"},{"floor":42.0,"key":"Orichalcum"},{"floor":43.0,"key":"Mercury Hourglass"},{"floor":44.0,"key":"Pantograph"},{"floor":46.0,"key":"White Beast Statue"}],"event_choices":[{"damage_healed":0.0,"max_hp_gain":0.0,"max_hp_loss":0.0,"gold_gain":0.0,"event_name":"The Woman in Blue","player_choice":"Bought 0 Potions","floor":2.0,"gold_loss":0.0,"damage_taken":0.0},{"damage_healed":24.0,"max_hp_gain":0.0,"max_hp_loss":0.0,"gold_gain":0.0,"event_name":"Big Fish","player_choice":"Banana","floor":8.0,"gold_loss":0.0,"damage_taken":0.0},{"cards_removed":["Strike_P"],"damage_healed":0.0,"max_hp_gain":0.0,"max_hp_loss":0.0,"gold_gain":0.0,"event_name":"The Cleric","player_choice":"Card Removal","floor":10.0,"gold_loss":50.0,"damage_taken":0.0},{"damage_healed":0.0,"max_hp_gain":0.0,"max_hp_loss":0.0,"gold_gain":0.0,"event_name":"Mushrooms","player_choice":"Fought Mushrooms","floor":14.0,"gold_loss":0.0,"damage_taken":0.0},{"cards_removed":["Strike_P"],"damage_healed":0.0,"max_hp_gain":0.0,"max_hp_loss":0.0,"gold_gain":0.0,"event_name":"Back to Basics","player_choice":"Elegance","floor":19.0,"gold_loss":0.0,"damage_taken":0.0},{"damage_healed":0.0,"max_hp_gain":5.0,"max_hp_loss":0.0,"gold_gain":0.0,"event_name":"Forgotten Altar","player_choice":"Shed Blood","floor":21.0,"gold_loss":0.0,"damage_taken":18.0},{"damage_healed":0.0,"max_hp_gain":0.0,"max_hp_loss":0.0,"gold_gain":0.0,"event_name":"Masked Bandits","player_choice":"Fought Bandits","floor":24.0,"gold_loss":0.0,"damage_taken":0.0},{"damage_healed":0.0,"max_hp_gain":0.0,"max_hp_loss":0.0,"gold_gain":0.0,"event_name":"MindBloom","player_choice":"Fight","floor":36.0,"gold_loss":0.0,"damage_taken":0.0},{"damage_healed":0.0,"max_hp_gain":0.0,"max_hp_loss":0.0,"gold_gain":0.0,"event_name":"SensoryStone","player_choice":"Memory 1","floor":37.0,"gold_loss":0.0,"damage_taken":0.0}],"is_beta":false,"boss_relics":[{"not_picked":["Calling Bell","Astrolabe"],"picked":"Snecko Eye"},{"not_picked":["SacredBark","Empty Cage"],"picked":"Cursed Key"}],"items_purged_floors":[5,20,38,41,48],"is_endless":false,"potions_floor_spawned":[7,14,16,18,25,27,29,36,44,45,47],"ascension_level":11}}