{"host":"4qkvkh7pd9qr2mca","time":1607979857,"event":{"mods":["AchievementEnabler","BaseMod","Colored Map","Colored Powertips","Highlight Path","Minty Spire (QoL Compilation)","Permanent Neow","Quick Restart","StSLib","SuperFastMode"],"gold_per_floor":[369,379,394,115,128,162,162,187,210,210,48,48,48,48],"floor_reached":13,"playtime":482,"items_purged":["Defend_G"],"score":186,"play_id":"216b21e7-e344-4bb6-ae4c-68548bd21db0","local_time":"20201214220417","is_ascension_mode":true,"campfire_choices":[{"floor":7.0,"key":"REST"},{"floor":10,"key":"REST"}],"circlet_count":0,"master_deck":["AscendersBane","Strike_G","Strike_G","Strike_G","Strike_G","Strike_G","Defend_G","Defend_G","Defend_G","Defend_G","Survivor","Neutralize","Crippling Poison+1","Backflip+1","Endless Agony","PiercingWail","Calculated Gamble","Flying Knee","Burst"],"relics":["Ring of the Snake","Regal Pillow","Centennial Puzzle","War Paint","Bronze Scales","Golden Idol"],"acts_visited":["Exordium"],"potions_floor_usage":[8],"damage_taken":[{"damage":0.0,"enemies":"Cultist","floor":1.0,"turns":4.0},{"damage":2.0,"enemies":"2 Louse","floor":2.0,"turns":4.0},{"damage":9.0,"enemies":"Jaw Worm","floor":3.0,"turns":8.0},{"damage":1.0,"enemies":"2 Fungi Beasts","floor":5.0,"turns":4.0},{"damage":28.0,"enemies":"Gremlin Nob","floor":6.0,"turns":4.0},{"damage":26,"enemies":"3 Sentries","floor":8,"turns":9},{"damage":56,"enemies":"Gremlin Nob","floor":13,"turns":4}],"seed_played":"3714055260006107874","potions_obtained":[{"floor":2.0,"key":"CultistPotion"},{"floor":5.0,"key":"DistilledChaos"},{"floor":6.0,"key":"Explosive Potion"}],"is_trial":false,"path_per_floor":["M","M","M","$","M","E","R","E","T","R","$","?","E"],"character_chosen":"THE_SILENT","items_purchased":["Regal Pillow","Endless Agony","Burst"],"campfire_rested":2,"item_purchase_floors":[4,4,11],"current_hp_per_floor":[59,57,48,48,47,19,52,26,26,59,59,54,0,0],"gold":48,"neow_bonus":"TWO_FIFTY_GOLD","is_daily":false,"chose_seed":false,"campfire_upgraded":0,"win_rate":0.0,"timestamp":1607979857,"path_taken":["M","M","M","$","M","E","R","E","T","R","?","?","E"],"items_purchased_type":["Relic","Card","Card"],"build_version":"2020-12-13","purchased_purges":1,"victory":false,"max_hp_per_floor":[60,60,60,60,60,60,60,60,60,60,60,54,54,54],"card_choices":[{"not_picked":["PiercingWail","Deadly Poison"],"picked":"Crippling Poison","floor":1.0},{"not_picked":["Outmaneuver","Deflect"],"picked":"Backflip","floor":2.0},{"not_picked":["Expertise","Quick Slash","Masterful Stab"],"picked":"SKIP","floor":3.0},{"not_picked":["Sucker Punch","Underhanded Strike"],"picked":"PiercingWail","floor":5.0},{"not_picked":["Outmaneuver","Accuracy"],"picked":"Calculated Gamble","floor":6.0},{"not_picked":["Endless Agony","Dagger Throw"],"picked":"Flying Knee","floor":8}],"player_experience":325447,"relics_obtained":[{"floor":6.0,"key":"Centennial Puzzle"},{"floor":8,"key":"War Paint"},{"floor":9,"key":"Bronze Scales"}],"event_choices":[{"damage_healed":0,"gold_gain":0,"player_choice":"Lose Max HP","damage_taken":0,"relics_obtained":["Golden Idol"],"max_hp_gain":0,"max_hp_loss":6,"event_name":"Golden Idol","floor":12,"gold_loss":0}],"is_beta":false,"boss_relics":[],"items_purged_floors":[4],"is_endless":false,"potions_floor_spawned":[2,5,6],"killed_by":"Gremlin Nob","ascension_level":20}}