{"host":"wpobqx0jtxs252ev","time":1607910499,"event":{"mods":["AchievementEnabler","Act Like it!","BaseMod","Better Altar","Better Note","Better Sensory Stone","Better Skull","Better Third Choice","Colored Powertips","Downfall","Gensokyo","Hermit","Highlight Path","Infinite Spire","Koishi","Marisa????????","Mimic Mod","Minty Spire (QoL Compilation)","Relic Stats","Replay The Spire","Shade Mod","StSLib","The Construct","The Disciple","The Hierophant","The Jungle","The Mystic","The Runesmith"],"gold_per_floor":[113,113,113,113,73,108,28,74,130,152,152,188,222,297,297,388,388,388,388,388,439,478,533,554,554,605,667,667,704,704,704,704,784,884,915,915,899,899,960,1060,1060,1093,1150,1189,1189,1189,1230,1167,1167,1107],"floor_reached":51,"playtime":4073,"items_purged":[],"score":837,"play_id":"2a6240f7-ad09-4057-a92c-48b369e22ac1","local_time":"20201213224819","is_ascension_mode":false,"campfire_choices":[{"data":"hierophant:Glossolalia","floor":11,"key":"SMITH"},{"data":"hierophant:ArchangelShield","floor":15,"key":"SMITH"},{"floor":25,"key":"REST"},{"floor":30,"key":"REST"},{"data":"Gensokyo:MissMary","floor":32,"key":"SMITH"},{"floor":41,"key":"REST"},{"data":"ReplayTheSpireMod:Brewmster","floor":45,"key":"SMITH"},{"floor":49,"key":"DIG"}],"circlet_count":0,"master_deck":["hierophant:Strike_Hierophant","hierophant:Strike_Hierophant","hierophant:Strike_Hierophant","hierophant:Strike_Hierophant","hierophant:Punish","hierophant:Defend_Hierophant","hierophant:Defend_Hierophant","hierophant:Defend_Hierophant","hierophant:Defend_Hierophant","hierophant:ChurchCoffers","hierophant:Doubloon+1","hierophant:Dazzle","Apotheosis+1","hierophant:Glossolalia+1","hierophant:Alms","hierophant:CursedGold","hierophant:Doubloon","hierophant:Kindle","hierophant:Doubloon","hierophant:Generosity","hierophant:Bribe","hierophant:ArchangelShield+1","hierophant:Kindle","hierophant:RustyCrate+1","hierophant:Doubloon","hierophant:Doubloon","Gensokyo:MissMary+1","hierophant:Doubloon","hierophant:CursedGold","hierophant:Doubloon","hierophant:Doubloon","hierophant:Generosity","hierophant:RustyCrate+1","hierophant:Doubloon","hierophant:Doubloon","Dark Shackles","ReplayTheSpireMod:Brewmster+1","hierophant:Doubloon+1","hierophant:Doubloon","hierophant:Generosity","Shade:TouchOfTheGrave+1","Replay:SS_forest_2"],"relics":["hierophant:PropheticMaskRelic","NeowsBlessing","Lizard Tail","Durian","Art of War","Singing Bowl","Black Star","Gensokyo:DirgeOfMelancholy","Blue Doll","Blood Vial","Ancient Tea Set","Membership Card","Replay:Wanted Poster","Unceasing Top","PrismaticShard","construct:WeddingRing","Vajra"],"acts_visited":["Exordium","Exordium","TheBeyond"],"potions_floor_usage":[10,13,16,23,23,33,42,42,43,43,43,44,44,47,47,47,47,48,48,50,50,50,50],"damage_taken":[{"damage":0,"enemies":"Cultist","floor":1,"turns":1},{"damage":0,"enemies":"Replay:BlueRogue","floor":6,"turns":1},{"damage":0,"enemies":"Gremlin Nob","floor":8,"turns":1},{"damage":0,"enemies":"Small Slimes","floor":9,"turns":6},{"damage":0,"enemies":"Lagavulin","floor":10,"turns":5},{"damage":0,"enemies":"Small Slimes","floor":12,"turns":3},{"damage":0,"enemies":"Jaw Worm","floor":13,"turns":3},{"damage":2,"enemies":"Hexaghost","floor":16,"turns":9},{"damage":20,"enemies":"Gensokyo:3_Dogs","floor":18,"turns":6},{"damage":2,"enemies":"Gensokyo:2_Gloops","floor":21,"turns":5},{"damage":24,"enemies":"Gensokyo:Slime_Group","floor":22,"turns":5},{"damage":13,"enemies":"Gensokyo:Koishi","floor":23,"turns":7},{"damage":12,"enemies":"Gensokyo:Swordslinger","floor":24,"turns":5},{"damage":0,"enemies":"Gensokyo:3_Gloops","floor":27,"turns":4},{"damage":0,"enemies":"Gensokyo:Wraith","floor":29,"turns":5},{"damage":29,"enemies":"Gensokyo:Eternal_Rivals","floor":33,"turns":9},{"damage":27,"enemies":"Orb Walker","floor":35,"turns":4},{"damage":13,"enemies":"3 Darklings","floor":37,"turns":5},{"damage":3,"enemies":"Jaw Worm Horde","floor":39,"turns":5},{"damage":0,"enemies":"Spire Growth","floor":42,"turns":4},{"damage":5,"enemies":"4 Shapes","floor":43,"turns":9},{"damage":5,"enemies":"4 Shapes","floor":44,"turns":6},{"damage":0,"enemies":"Writhing Mass","floor":47,"turns":4},{"damage":0,"enemies":"Sphere and 2 Shapes","floor":48,"turns":4},{"damage":14,"enemies":"Awakened One","floor":50,"turns":4}],"seed_played":"-7068442791387974816","potions_obtained":[{"floor":1,"key":"Weak Potion"},{"floor":6,"key":"SkillPotion"},{"floor":10,"key":"SteroidPotion"},{"floor":12,"key":"Adrenaline Potion"},{"floor":21,"key":"Ancient Potion"},{"floor":24,"key":"champ:CounterPotion"},{"floor":33,"key":"Cursed Concoction"},{"floor":37,"key":"LifebloodPotion"},{"floor":39,"key":"LifebloodPotion"},{"floor":47,"key":"Block Potion"}],"is_trial":false,"path_per_floor":["M","?","?","?","$","E","$","E","MIM","E","R","M","M","?","R","B",null,"M","?","?","M","M","E","M","R","T","M","?","M","R","AVR","R","B",null,"M","?","M","?","M","?","R","M","MIM","M","R","AVR","M","M","R","B",null],"character_chosen":"HIEROPHANT","items_purchased":["hierophant:Glossolalia","hierophant:CursedGold"],"campfire_rested":3,"item_purchase_floors":[5,7],"current_hp_per_floor":[75,75,75,75,75,80,80,80,80,80,80,80,80,72,72,70,80,60,60,60,60,36,25,17,40,40,44,48,50,74,74,74,47,80,53,53,44,44,45,45,70,72,69,68,68,68,70,72,72,60],"gold":1107,"neow_bonus":"THREE_ENEMY_KILL","is_daily":false,"chose_seed":false,"campfire_upgraded":4,"win_rate":0.0,"timestamp":1607910499,"path_taken":["M","?","?","?","$","E","?","E","MIM","E","R","M","?","?","R","BOSS","M","?","?","M","M","E","M","R","T","M","?","?","R","AVR","R","BOSS","M","?","M","?","M","?","R","?","MIM","M","R","AVR","M","M","R","BOSS"],"items_purchased_type":["Card","Card"],"build_version":"2020-12-13","purchased_purges":0,"victory":true,"max_hp_per_floor":[75,75,75,75,75,80,80,80,80,80,80,80,80,80,80,80,80,80,72,72,74,74,76,78,78,78,80,80,80,80,80,80,80,80,80,80,82,82,84,84,84,84,84,86,86,86,86,86,86,86],"relic_stats":{"Blood Vial":24,"Lizard Tail":0,"Singing Bowl":14,"counters":[25,120],"Art of War":[32],"Black Star":1,"obtain_stats":[{"Gensokyo:DirgeOfMelancholy":20,"construct:WeddingRing":46,"NeowsBlessing":0,"Singing Bowl":10,"hierophant:PropheticMaskRelic":0,"Vajra":49,"Blue Doll":23,"Ancient Tea Set":26,"PrismaticShard":46,"Blood Vial":23,"Replay:Wanted Poster":34,"Frozen Eye":23,"Lizard Tail":3,"Durian":6,"Art of War":8,"Black Star":17,"Membership Card":31,"Unceasing Top":43},{"Gensokyo:DirgeOfMelancholy":9,"construct:WeddingRing":22,"NeowsBlessing":0,"Singing Bowl":5,"hierophant:PropheticMaskRelic":0,"Vajra":24,"Blue Doll":12,"Ancient Tea Set":13,"PrismaticShard":22,"Blood Vial":12,"Replay:Wanted Poster":16,"Frozen Eye":11,"Lizard Tail":1,"Durian":2,"Art of War":3,"Black Star":8,"Membership Card":15,"Unceasing Top":21},{"Gensokyo:DirgeOfMelancholy":35,"construct:WeddingRing":108,"NeowsBlessing":0,"Singing Bowl":14,"hierophant:PropheticMaskRelic":0,"Vajra":116,"Blue Doll":52,"Ancient Tea Set":57,"PrismaticShard":108,"Blood Vial":52,"Replay:Wanted Poster":75,"Frozen Eye":45,"Lizard Tail":1,"Durian":2,"Art of War":3,"Black Star":29,"Membership Card":66,"Unceasing Top":102}],"Unceasing Top":[2]},"card_choices":[{"not_picked":["hierophant:HammerAndAnvil","hierophant:Purify"],"picked":"hierophant:Dazzle","floor":1},{"not_picked":["hierophant:PassingBell","hierophant:AuricShield"],"picked":"hierophant:Alms","floor":6},{"not_picked":["hierophant:Patience","hierophant:Endure"],"picked":"hierophant:Kindle","floor":8},{"not_picked":["hierophant:Encroach","hierophant:Smite"],"picked":"hierophant:Generosity","floor":10},{"not_picked":["hierophant:Charity","hierophant:Smite"],"picked":"hierophant:Bribe","floor":12},{"not_picked":["hierophant:HolyVerse","hierophant:Encroach"],"picked":"hierophant:ArchangelShield","floor":13},{"not_picked":["hierophant:DivineIntervention","hierophant:MintersHammer"],"picked":"hierophant:Kindle","floor":16},{"not_picked":["hierophant:FlamingChariot","hierophant:Dazzle"],"picked":"hierophant:RustyCrate+1","floor":18},{"not_picked":["Gensokyo:LochNessMonster","Gensokyo:MonkeysPaw"],"picked":"Gensokyo:MissMary","floor":19},{"not_picked":["hierophant:AuricBeam","hierophant:PassingBell","hierophant:Sermon+1"],"picked":"Singing Bowl","floor":21},{"not_picked":["hierophant:Smite","hierophant:Sermon"],"picked":"hierophant:CursedGold","floor":22},{"not_picked":["hierophant:Doomsaying","hierophant:Purify","hierophant:FlamingChariot"],"picked":"Singing Bowl","floor":23},{"not_picked":["hierophant:Zeal","hierophant:Upheaval","hierophant:Smite"],"picked":"Singing Bowl","floor":24},{"not_picked":["hierophant:WrathOfGod","hierophant:SecretStash","hierophant:FieryStrike"],"picked":"Singing Bowl","floor":27},{"not_picked":["hierophant:FieryStrike","hierophant:Zeal"],"picked":"hierophant:Doubloon","floor":29},{"not_picked":["hierophant:WrathOfGod","hierophant:LocustPlague"],"picked":"hierophant:Generosity","floor":33},{"not_picked":["hierophant:Blessing","hierophant:Sermon"],"picked":"hierophant:RustyCrate+1","floor":35},{"not_picked":["hierophant:DisplayOfPower","hierophant:Alms","hierophant:Remorse+1"],"picked":"Singing Bowl","floor":37},{"not_picked":["expansioncontent:BronzeBeam","Replay:SS_hec_4"],"picked":"Dark Shackles","floor":38},{"not_picked":["expansioncontent:Hexaburn","Replay:Sssssssssstrike"],"picked":"ReplayTheSpireMod:Brewmster","floor":38},{"not_picked":["hierophant:Purify+1","hierophant:Encroach","hierophant:MorningPrayer"],"picked":"Singing Bowl","floor":39},{"not_picked":["hierophant:CursedGold+1","hierophant:RepressedViolence"],"picked":"hierophant:Doubloon+1","floor":42},{"not_picked":["hierophant:Remorse+1","hierophant:Shelter+1"],"picked":"hierophant:Generosity","floor":43},{"not_picked":["hierophant:DisplayOfPower+1","hierophant:Dazzle","hierophant:HammerAndAnvil+1"],"picked":"Singing Bowl","floor":44},{"not_picked":["Koishi:Possession","Koishi:Catatonia"],"picked":"Shade:TouchOfTheGrave+1","floor":47},{"not_picked":["ThirdEye","hexamod:GhostOfSpirePresent+1"],"picked":"Replay:SS_forest_2","floor":48}],"player_experience":201147,"relics_obtained":[{"floor":3,"key":"Lizard Tail"},{"floor":6,"key":"Durian"},{"floor":8,"key":"Art of War"},{"floor":10,"key":"Singing Bowl"},{"floor":23,"key":"Blue Doll"},{"floor":23,"key":"Blood Vial"},{"floor":26,"key":"Ancient Tea Set"},{"floor":43,"key":"Unceasing Top"},{"floor":49,"key":"Vajra"}],"event_choices":[{"damage_healed":0,"gold_gain":0,"player_choice":"Grow","damage_taken":0,"max_hp_gain":0,"max_hp_loss":0,"event_name":"Living Wall","floor":2,"gold_loss":0,"cards_upgraded":["hierophant:Doubloon"]},{"damage_healed":75,"gold_gain":0,"player_choice":"Embrace","damage_taken":0,"max_hp_gain":0,"max_hp_loss":75,"event_name":"betterThird:BetterShining","floor":4,"gold_loss":0},{"damage_healed":0,"gold_gain":75,"player_choice":"Touch","damage_taken":8,"max_hp_gain":0,"max_hp_loss":0,"event_name":"FaceTrader","floor":14,"gold_loss":0},{"damage_healed":4,"gold_gain":0,"player_choice":"LEAVE ","damage_taken":0,"relics_obtained":[],"max_hp_gain":0,"max_hp_loss":0,"event_name":"betterSkull:BetterSkull","floor":28,"gold_loss":0,"cards_upgraded":[]},{"damage_healed":0,"gold_gain":0,"player_choice":"Ignored","damage_taken":0,"max_hp_gain":0,"max_hp_loss":0,"event_name":"Tomb of Lord Red Mask","floor":36,"gold_loss":0},{"damage_healed":0,"gold_gain":3,"player_choice":"1","damage_taken":0,"max_hp_gain":0,"max_hp_loss":0,"event_name":"betterStone:BetterStone","floor":38,"gold_loss":0},{"damage_healed":0,"gold_gain":100,"player_choice":"Pray","damage_taken":0,"max_hp_gain":0,"max_hp_loss":0,"event_name":"Golden Shrine","floor":40,"gold_loss":0}],"is_beta":false,"boss_relics":[{"not_picked":["Philosopher\u0027s Stone","SacredBark"],"picked":"Black Star"},{"not_picked":["Painkiller Herb","Replay:Ancient Bell"],"picked":"Replay:Wanted Poster"}],"items_purged_floors":[],"is_endless":false,"potions_floor_spawned":[1,6,10,12,21,24,33,37,39,42,47],"ascension_level":0}}