{"host":"en6k997tilnyk2aq","time":1607960881,"event":{"mods":["AchievementEnabler","BaseMod","Colored Map","Minty Spire (QoL Compilation)","Relic Stats","SuperFastMode"],"gold_per_floor":[114,129,144,144,159,189,201,63,88,118,133,133,133,148,148,248,248,263,263,263,263,263],"floor_reached":21,"playtime":1586,"items_purged":[],"score":216,"play_id":"3df4c351-ee90-4ffd-bf19-b34d8b69eec1","local_time":"20201214164801","daily_mods":["Cursed Run","Diverse","DeadlyEvents"],"is_ascension_mode":false,"campfire_choices":[{"floor":7,"key":"REST"},{"data":"Redo","floor":12,"key":"SMITH"},{"floor":15,"key":"REST"}],"circlet_count":0,"master_deck":["Strike_B","Strike_B","Strike_B+1","Strike_B","Defend_B","Defend_B","Defend_B","Defend_B","Zap","Dualcast","Heavy Blade","Conserve Battery","Loop","Redo+1","Shrug It Off","Decay","Tools of the Trade+1","EmptyBody","Pray","Normality","Buffer","Redo+1","Decay"],"relics":["Cursed Key","Darkstone Periapt","Du-Vu Doll","MawBank","DataDisk","Regal Pillow","Boot","Inserter","Nilry\u0027s Codex"],"acts_visited":["Exordium","TheCity"],"potions_floor_usage":[4,10,14,16,16,21],"damage_taken":[{"damage":1,"enemies":"Cultist","floor":1,"turns":4},{"damage":5,"enemies":"Small Slimes","floor":2,"turns":3},{"damage":2,"enemies":"2 Louse","floor":3,"turns":2},{"damage":0,"enemies":"Gremlin Gang","floor":4,"turns":3},{"damage":12,"enemies":"2 Fungi Beasts","floor":5,"turns":3},{"damage":21,"enemies":"Gremlin Nob","floor":6,"turns":4},{"damage":15,"enemies":"Lagavulin","floor":10,"turns":6},{"damage":4,"enemies":"Blue Slaver","floor":11,"turns":4},{"damage":9,"enemies":"3 Louse","floor":14,"turns":3},{"damage":26,"enemies":"Slime Boss","floor":16,"turns":11},{"damage":23,"enemies":"3 Byrds","floor":18,"turns":6},{"damage":65,"enemies":"Gremlin Leader","floor":21,"turns":8}],"seed_played":"1880613833527945180","potions_obtained":[{"floor":2,"key":"AttackPotion"},{"floor":3,"key":"BlessingOfTheForge"},{"floor":6,"key":"Swift Potion"},{"floor":10,"key":"Block Potion"},{"floor":14,"key":"SkillPotion"},{"floor":18,"key":"PowerPotion"}],"is_trial":false,"path_per_floor":["M","M","M","M","M","E","R","$","T","E","M","R","?","M","R","B",null,"M","?","?","E"],"character_chosen":"DEFECT","items_purchased":["DataDisk"],"campfire_rested":2,"item_purchase_floors":[8],"current_hp_per_floor":[74,69,67,67,55,34,56,56,62,47,43,43,27,18,57,37,87,64,48,54,0,0],"gold":263,"neow_bonus":"","is_daily":true,"chose_seed":false,"campfire_upgraded":1,"win_rate":0.0,"timestamp":1607960881,"path_taken":["M","M","M","M","M","E","R","?","T","E","M","R","?","M","R","BOSS","M","?","?","?"],"items_purchased_type":["Relic"],"build_version":"2020-12-13","purchased_purges":0,"victory":false,"max_hp_per_floor":[75,75,75,75,75,75,75,75,81,81,81,81,81,81,81,87,87,87,87,93,93,93],"relic_stats":{"Darkstone Periapt":18,"Regal Pillow":15,"Inserter":[7],"counters":[12,57],"Cursed Key":1,"MawBank":24,"Boot":[4],"obtain_stats":[{"Darkstone Periapt":0,"Du-Vu Doll":0,"DataDisk":8,"Regal Pillow":9,"Inserter":17,"Nilry\u0027s Codex":19,"Cursed Key":0,"MawBank":6,"Boot":10},{"Darkstone Periapt":0,"Du-Vu Doll":0,"DataDisk":6,"Regal Pillow":6,"Inserter":10,"Nilry\u0027s Codex":11,"Cursed Key":0,"MawBank":6,"Boot":7},{"Darkstone Periapt":0,"Du-Vu Doll":0,"DataDisk":19,"Regal Pillow":19,"Inserter":43,"Nilry\u0027s Codex":49,"Cursed Key":0,"MawBank":19,"Boot":25}]},"card_choices":[{"not_picked":["Thunderclap","Pommel Strike"],"picked":"Heavy Blade","floor":1},{"not_picked":["Battle Trance","DeceiveReality"],"picked":"Conserve Battery","floor":2},{"not_picked":["Streamline","Crescendo"],"picked":"Loop","floor":3},{"not_picked":["Noxious Fumes","Auto Shields"],"picked":"Redo","floor":4},{"not_picked":["Catalyst","Go for the Eyes","Caltrops"],"picked":"SKIP","floor":5},{"not_picked":["Power Through","Metallicize"],"picked":"Shrug It Off","floor":6},{"not_picked":["ReachHeaven","Outmaneuver"],"picked":"Tools of the Trade","floor":10},{"not_picked":["PiercingWail","Reckless Charge"],"picked":"EmptyBody","floor":11},{"not_picked":["Twin Strike","Blade Dance"],"picked":"Pray","floor":14},{"not_picked":["MasterReality","Fission"],"picked":"Buffer","floor":16},{"not_picked":["Perfected Strike+1","True Grit"],"picked":"Redo+1","floor":18}],"player_experience":887652,"relics_obtained":[{"floor":6,"key":"MawBank"},{"floor":9,"key":"Regal Pillow"},{"floor":10,"key":"Boot"},{"floor":19,"key":"Nilry\u0027s Codex"}],"event_choices":[{"damage_healed":0,"gold_gain":0,"player_choice":"Entered Light","damage_taken":16,"max_hp_gain":0,"max_hp_loss":0,"event_name":"Shining Light","floor":13,"gold_loss":0,"cards_upgraded":["Tools of the Trade","Strike_B"]},{"damage_healed":0,"gold_gain":0,"player_choice":"Obtained Book","damage_taken":16,"max_hp_gain":0,"max_hp_loss":0,"event_name":"Cursed Tome","floor":19,"gold_loss":0},{"damage_healed":0,"gold_gain":0,"player_choice":"Cursed","damage_taken":0,"max_hp_gain":0,"max_hp_loss":0,"event_name":"Wheel of Change","floor":20,"gold_loss":0,"cards_obtained":["Decay"]}],"is_beta":false,"boss_relics":[{"not_picked":["Fusion Hammer","Calling Bell"],"picked":"Inserter"}],"items_purged_floors":[],"is_endless":false,"potions_floor_spawned":[2,3,6,10,14,18],"killed_by":"Gremlin Leader","ascension_level":0}}