{"host":"Á¤±Û¸µ","time":1607969825,"event":{"mods":["AchievementEnabler","BaseMod","Colored Map","DeckTracker","Highlight Path","Keyboard Shortcuts","Minty Spire (QoL Compilation)","Permanent Neow","Quick Restart","Rare Cards Sparkle","StSLib","SuperFastMode","everything is the same but u backflip on backflip"],"gold_per_floor":[99,99,99,99,99,99,99,99,99,99,99,99,99,99,99,99,99],"floor_reached":19,"playtime":86,"items_purged":[],"score":614,"play_id":"b3078e9b-0d58-4a04-adeb-e15a623640c2","local_time":"20201215031705","daily_mods":["Cursed Run","Diverse","DeadlyEvents"],"is_ascension_mode":false,"campfire_choices":[{"floor":9,"key":"REST"},{"floor":14,"key":"REST"},{"floor":17,"key":"REST"}],"circlet_count":0,"master_deck":["Strike_B+1","Strike_B+1","Strike_B+1","Strike_B+1","Defend_B+1","Defend_B+1","Defend_B+1","Defend_B+1","Zap+1","Dualcast+1","Pain","Clumsy","Normality"],"relics":["Cursed Key","Darkstone Periapt","Du-Vu Doll","Mark of the Bloom"],"acts_visited":["Exordium","TheBeyond"],"potions_floor_usage":[],"damage_taken":[{"damage":0,"enemies":"3 Shapes","floor":3,"turns":1},{"damage":0,"enemies":"Orb Walker","floor":7,"turns":1},{"damage":0,"enemies":"Giant Head","floor":8,"turns":1},{"damage":0,"enemies":"Nemesis","floor":10,"turns":1},{"damage":0,"enemies":"Reptomancer","floor":13,"turns":1},{"damage":0,"enemies":"Time Eater","floor":18,"turns":1}],"seed_played":"1880613833527945180","potions_obtained":[],"is_trial":false,"path_per_floor":["M","$","T","?","M","E","R","E","T","T","E","R","$","?","R","B",null],"character_chosen":"DEFECT","items_purchased":[],"campfire_rested":3,"item_purchase_floors":[],"current_hp_per_floor":[75,75,75,75,75,75,75,75,75,81,87,87,87,87,87,87,87],"gold":99,"neow_bonus":"","is_daily":true,"chose_seed":false,"campfire_upgraded":0,"win_rate":0.0,"timestamp":1607969825,"path_taken":["M","$","?","?","?","E","R","E","T","?","?","R","$","?","R","BOSS"],"items_purchased_type":[],"build_version":"2020-12-07","purchased_purges":0,"victory":true,"max_hp_per_floor":[75,75,75,75,75,75,75,75,75,81,87,87,87,87,87,87,93],"card_choices":[{"not_picked":["Thunderclap+1","Pommel Strike","Heavy Blade+1"],"picked":"SKIP","floor":3},{"not_picked":["BattleHymn","Prostrate","Meditate"],"picked":"SKIP","floor":7},{"not_picked":["Hologram+1","Adaptation+1","Evaluate"],"picked":"SKIP","floor":8},{"not_picked":["Sword Boomerang","Acrobatics+1","Dagger Spray+1"],"picked":"SKIP","floor":10},{"not_picked":["Deflect","Rainbow","FollowUp"],"picked":"SKIP","floor":13}],"player_experience":469936,"relics_obtained":[],"event_choices":[{"damage_healed":0,"gold_gain":0,"player_choice":"Ignored","damage_taken":0,"max_hp_gain":0,"max_hp_loss":0,"event_name":"Mysterious Sphere","floor":6,"gold_loss":0},{"damage_healed":0,"gold_gain":0,"player_choice":"Upgrade","damage_taken":0,"relics_obtained":["Mark of the Bloom"],"max_hp_gain":0,"max_hp_loss":0,"event_name":"MindBloom","floor":16,"gold_loss":0,"cards_upgraded":["Strike_B","Strike_B","Strike_B","Strike_B","Defend_B","Defend_B","Defend_B","Defend_B","Zap","Dualcast"]}],"is_beta":true,"boss_relics":[],"items_purged_floors":[],"is_endless":false,"potions_floor_spawned":[10,13],"ascension_level":0}}