{"host":"w67240tx264gh7zw","time":1607972769,"event":{"mods":["2.2 Compatiblity","AchievementEnabler","Aspiration","BaseMod","Better Third Choice","Block Reminder","Colored Powertips","Conspire","Hermit","Highlight Path","Hubris","Infinite Spire","Marked Mod","Minty Spire (QoL Compilation)","Quick Restart","RNG Fix","Rare Cards Sparkle","Relic Stats","Replay The Spire","Shop Mod","Spicy Shops","Spikes Relics","StSLib","The Blue Laboratory","??????REMEMod"],"gold_per_floor":[114,289,289,39,54,84,99,99,99,114,144,144,26,41,41,141,141,156,156,186,261,13,13,52,76,85,124,139,163,163,178,178,296,296,320,41,50,68,25,64,103,127,161,185,194,209,268,307,307,316],"floor_reached":51,"playtime":2825,"items_purged":[],"score":928,"play_id":"bb6f9e38-9151-4307-9390-dc9bb8dd9cb8","local_time":"20201214110609","daily_mods":["Cursed Run","Diverse","DeadlyEvents"],"is_ascension_mode":false,"campfire_choices":[{"floor":8.0,"key":"REST"},{"floor":12.0,"key":"REST"},{"data":"BasicCrystalCard","floor":15.0,"key":"SMITH"},{"data":"REME_Flogging","floor":23,"key":"SMITH"},{"floor":30,"key":"REST"},{"floor":32,"key":"REST"},{"data":"Replay:Dark Deal","floor":49,"key":"SMITH"}],"circlet_count":1,"master_deck":["Strike_B","Strike_B","Strike_B","Strike_B","Defend_B","Defend_B","Defend_B","Defend_B","Zap+1","Dualcast","Die Die Die","BasicCrystalCard+1","Doubt","Clumsy","Poisoned Stab","BootSequence","Quick Slash","ReplayTheSpireMod:Faulty Equipment","Footwork","conspire:Charge","hermit:BlackWind+1","Redo","CloudedMind","ReplayTheSpireMod:Omega Cannon+1","Quick Slash","Riddle With Holes+1","REME_Flogging+1","Flex","Collect","ReplayTheSpireMod:Restless Dread","Flex","Replay:Poison Smokescreen","Doubt","Judgement","Shrug It Off","Replay:Dark Deal+1","Writhe","Wish","Flash of Steel","hermit:Grudge+1","hermit:RoundhouseKick","Protect+1","Intimidate","Intolerance","Coolheaded+1","Overencumbered","hermit:Headshot","Amnesia"],"relics":["Cursed Key","Darkstone Periapt","Du-Vu Doll","REME_ComplimentaryCards","Pear","conspire:TreasureMap","Cables","Replay:Mystery Machine","Circlet","GiantMaggot","Sling","CeramicFish","infinitespire:Beetle Shell","SnailShell","aspiration:SecretTechniqueScroll","infinitespire:Lucky Rock","Sundial","ReplayTheSpireMod:TigerMarble","aspiration:DSix","Boot","Blue Doll"],"acts_visited":["Exordium","TheCity","TheBeyond"],"potions_floor_usage":[27,31,33,48,50],"damage_taken":[{"damage":0.0,"enemies":"Cultist","floor":1.0,"turns":4.0},{"damage":8.0,"enemies":"infinitespire:Voidling","floor":5.0,"turns":3.0},{"damage":33.0,"enemies":"Gremlin Nob","floor":6.0,"turns":4.0},{"damage":0.0,"enemies":"Small Slimes","floor":7.0,"turns":3.0},{"damage":8.0,"enemies":"Red Slaver","floor":10.0,"turns":4.0},{"damage":8.0,"enemies":"Replay:BlueRogue","floor":11.0,"turns":4.0},{"damage":0.0,"enemies":"Exordium Thugs","floor":14.0,"turns":3.0},{"damage":15.0,"enemies":"Slime Boss","floor":16.0,"turns":9.0},{"damage":10.0,"enemies":"2 Thieves","floor":18.0,"turns":2.0},{"damage":9.0,"enemies":"conspire:SneckoGhost","floor":20.0,"turns":4.0},{"damage":0,"enemies":"conspire:Head Lice","floor":24,"turns":2},{"damage":0,"enemies":"3 Byrds","floor":25,"turns":2},{"damage":1,"enemies":"REME_1_Revenger","floor":27,"turns":3},{"damage":5,"enemies":"Snake Plant","floor":28,"turns":2},{"damage":8,"enemies":"Centurion and Healer","floor":29,"turns":3},{"damage":25,"enemies":"conspire:HollyBat","floor":31,"turns":8},{"damage":34,"enemies":"Champ","floor":33,"turns":7},{"damage":7,"enemies":"3 Shapes","floor":35,"turns":3},{"damage":0,"enemies":"R_Hoarder","floor":40,"turns":4},{"damage":0,"enemies":"Giant Head","floor":41,"turns":3},{"damage":0,"enemies":"3 Darklings","floor":42,"turns":3},{"damage":0,"enemies":"Sphere and 2 Shapes","floor":44,"turns":2},{"damage":1,"enemies":"4 Shapes","floor":46,"turns":3},{"damage":0,"enemies":"Nemesis","floor":48,"turns":1},{"damage":79,"enemies":"conspire:OrnateMirror","floor":50,"turns":6}],"seed_played":"1880613833527945180","potions_obtained":[{"floor":1.0,"key":"blueLaboratory:BottledHope"},{"floor":5.0,"key":"blueLaboratory:Moonshine"},{"floor":7.0,"key":"Adrenaline Potion"},{"floor":11.0,"key":"blueLaboratory:ForbiddenFruitJuice"},{"floor":14.0,"key":"EssenceOfSteel"},{"floor":18.0,"key":"blueLaboratory:BubblePotion"},{"floor":24,"key":"blueLaboratory:PlasmaFuel"},{"floor":29,"key":"blueLaboratory:SystemWipe"},{"floor":31,"key":"PowerPotion"},{"floor":33,"key":"blueLaboratory:RecallPotion"},{"floor":35,"key":"Fire Potion"},{"floor":44,"key":"blueLaboratory:RecallPotion"}],"is_trial":false,"path_per_floor":["M","?","?","$","M","E","M","R","T","M","E","R","$","M","R","B",null,"M","?","E","?","$","R","E","M","T","E","M","M","R","M","R","B",null,"M","$","?","?","$","E","E","M","T","M","AVR","M","T","E","R","B",null],"character_chosen":"DEFECT","items_purchased":["Pear","conspire:TreasureMap","hermit:BlackWind+1","Sling","REME_Flogging","Replay:Dark Deal","hermit:Grudge+1"],"campfire_rested":4,"item_purchase_floors":[4,4,13,22,22,36,39],"current_hp_per_floor":[75,81,81,97,89,56,56,85,91,83,75,103,103,103,103,95,109,99,99,90,80,80,80,80,80,86,85,80,72,106,81,115,87,121,114,114,127,127,127,127,127,127,133,133,133,132,138,138,138,65],"gold":316,"neow_bonus":"","is_daily":true,"chose_seed":false,"campfire_upgraded":3,"win_rate":0.0,"timestamp":1607972769,"path_taken":["M","?","?","$","M","E","M","R","T","M","?","R","$","M","R","BOSS","M","?","?","?","$","R","E","?","T","?","M","M","R","M","R","BOSS","M","$","?","?","?","E","?","M","T","M","AVR","M","?","?","R","BOSS"],"items_purchased_type":["Relic","Relic","Card","Relic","Card","Card","Card"],"build_version":"2020-12-13","purchased_purges":0,"victory":true,"max_hp_per_floor":[75,81,81,97,97,97,97,97,103,103,103,103,103,103,103,109,109,109,109,109,109,109,109,109,109,115,115,115,115,115,115,115,121,121,121,121,127,127,127,127,127,127,133,133,133,133,139,139,139,145],"relic_stats":{"Darkstone Periapt":60,"counters":[25,92],"Sundial":[0],"CeramicFish":198,"Cursed Key":4,"Boot":[4],"obtain_stats":[{"Darkstone Periapt":0,"conspire:TreasureMap":4,"SnailShell":27,"Pear":4,"GiantMaggot":20,"Dead Branch":11,"CeramicFish":24,"Circlet":0,"Blue Doll":48,"infinitespire:Beetle Shell":26,"aspiration:SecretTechniqueScroll":34,"infinitespire:Lucky Rock":40,"Replay:Mystery Machine":9,"Cursed Key":0,"Sling":22,"Boot":47,"Cables":6,"Du-Vu Doll":0,"BranchBurnRelic":12,"Sundial":41,"ReplayTheSpireMod:TigerMarble":43,"aspiration:DSix":45,"REME_ComplimentaryCards":0},{"Darkstone Periapt":0,"conspire:TreasureMap":1,"SnailShell":13,"Pear":1,"GiantMaggot":10,"Dead Branch":6,"CeramicFish":11,"Circlet":0,"Blue Doll":24,"infinitespire:Beetle Shell":12,"aspiration:SecretTechniqueScroll":17,"infinitespire:Lucky Rock":19,"Replay:Mystery Machine":4,"Cursed Key":0,"Sling":10,"Boot":23,"Cables":3,"Du-Vu Doll":0,"BranchBurnRelic":6,"Sundial":20,"ReplayTheSpireMod:TigerMarble":21,"aspiration:DSix":22,"REME_ComplimentaryCards":0},{"Darkstone Periapt":0,"conspire:TreasureMap":4,"SnailShell":47,"Pear":4,"GiantMaggot":40,"Dead Branch":22,"CeramicFish":42,"Circlet":0,"Blue Doll":86,"infinitespire:Beetle Shell":44,"aspiration:SecretTechniqueScroll":67,"infinitespire:Lucky Rock":74,"Replay:Mystery Machine":14,"Cursed Key":0,"Sling":40,"Boot":85,"Cables":11,"Du-Vu Doll":0,"BranchBurnRelic":22,"Sundial":77,"ReplayTheSpireMod:TigerMarble":80,"aspiration:DSix":82,"REME_ComplimentaryCards":0}],"Cables":[20,18,2,0,0]},"card_choices":[{"not_picked":["Quick Slash","hermit:CursedWeapon"],"picked":"BasicCrystalCard","floor":1.0},{"not_picked":["Lockon","hermit:HoleUp"],"picked":"Poisoned Stab","floor":5.0},{"not_picked":["Barricade","Replay:ManipulateFuture"],"picked":"BootSequence","floor":6.0},{"not_picked":["CutThroughFate","InnerPeace"],"picked":"Quick Slash","floor":7.0},{"not_picked":["MarkedMod:Acupuncture","Wild Strike"],"picked":"Footwork","floor":10.0},{"not_picked":["Weave","Leap"],"picked":"conspire:Charge","floor":11.0},{"not_picked":["Feel No Pain","Crystallizer"],"picked":"Redo","floor":14.0},{"not_picked":["hermit:Purgatory","hermit:Reprieve"],"picked":"ReplayTheSpireMod:Omega Cannon","floor":16.0},{"not_picked":["hubris:SlightOfHand","hermit:HighCaliber"],"picked":"Quick Slash","floor":18.0},{"not_picked":["Panic Button","Vengeance+1"],"picked":"Riddle With Holes+1","floor":20.0},{"not_picked":["hermit:TrackingShot+1","Bane"],"picked":"Flex","floor":24},{"not_picked":["Acrobatics","Replay:DivineShield"],"picked":"Collect","floor":25},{"not_picked":["REME_EmptyShield","Sword Boomerang"],"picked":"Flex","floor":27},{"not_picked":["Meditate+1","hermit:Desperado+1","hermit:Roulette"],"picked":"SKIP","floor":28},{"not_picked":["SashWhip+1","JustLucky"],"picked":"Replay:Poison Smokescreen","floor":29},{"not_picked":["Compile Driver","Well Laid Plans+1","Panic Button"],"picked":"SKIP","floor":31},{"not_picked":["hermit:EternalForm","Night Terror"],"picked":"Judgement","floor":33},{"not_picked":["ReplayTheSpireMod:Scrap Shanks","Backstab"],"picked":"Shrug It Off","floor":35},{"not_picked":["Skim","ReplayTheSpireMod:LeadingStrike"],"picked":"hermit:RoundhouseKick","floor":40},{"not_picked":["hermit:BodyArmor+1","Quick Slash"],"picked":"Protect+1","floor":41},{"not_picked":["Vengeance","Pray"],"picked":"Intimidate","floor":42},{"not_picked":["Skewer","hermit:Vantage"],"picked":"Coolheaded+1","floor":44},{"not_picked":["Dagger Throw","Weave","Heatsinks"],"picked":"SKIP","floor":46},{"not_picked":["Intimidate","hermit:Snipe+1"],"picked":"hermit:Headshot","floor":48}],"player_experience":482892,"relics_obtained":[{"floor":6.0,"key":"Cables"},{"floor":9.0,"key":"Replay:Mystery Machine"},{"floor":11.0,"key":"Dead Branch"},{"floor":20.0,"key":"GiantMaggot"},{"floor":24,"key":"CeramicFish"},{"floor":26,"key":"infinitespire:Beetle Shell"},{"floor":27,"key":"SnailShell"},{"floor":40,"key":"infinitespire:Lucky Rock"},{"floor":41,"key":"Sundial"},{"floor":43,"key":"ReplayTheSpireMod:TigerMarble"},{"floor":47,"key":"Boot"},{"floor":48,"key":"Blue Doll"}],"event_choices":[{"damage_healed":0.0,"max_hp_gain":0.0,"max_hp_loss":0.0,"gold_gain":175.0,"event_name":"betterThird:BetterSerpent","player_choice":"AGREE","floor":2.0,"gold_loss":0.0,"damage_taken":114.0},{"damage_healed":0.0,"max_hp_gain":0.0,"max_hp_loss":0.0,"gold_gain":0.0,"event_name":"Living Wall","player_choice":"Grow","floor":3.0,"gold_loss":0.0,"damage_taken":0.0,"cards_upgraded":["Zap"]},{"damage_healed":0.0,"max_hp_gain":0.0,"max_hp_loss":0.0,"gold_gain":75.0,"event_name":"FaceTrader","player_choice":"Touch","floor":21.0,"gold_loss":0.0,"damage_taken":10.0},{"damage_healed":30,"gold_gain":0,"player_choice":"Writhe","damage_taken":0,"max_hp_gain":0,"max_hp_loss":0,"event_name":"Winding Halls","floor":37,"gold_loss":0,"cards_obtained":["Writhe"]},{"damage_healed":0,"gold_gain":0,"player_choice":"2 cards matched","damage_taken":0,"max_hp_gain":0,"max_hp_loss":0,"event_name":"Match and Keep!","floor":38,"gold_loss":0,"cards_obtained":["Wish","Flash of Steel"]}],"is_beta":false,"boss_relics":[{"not_picked":["hubris:VirtuousBlindfold","Astrolabe","aspiration:FutureDiary"]},{"not_picked":["Runic Dome","Empty Cage"],"picked":"aspiration:SecretTechniqueScroll"}],"items_purged_floors":[],"is_endless":false,"potions_floor_spawned":[1,5,7,11,14,18,24,29,31,33,35,42,44],"ascension_level":0}}