{"host":"vdpaduzlq0qlaikq","time":1607922172,"event":{"mods":["AchievementEnabler","BaseMod","Better Third Choice","BetterRewards","Colored Map","Downfall","Gold Saver","Hermit","Jorbs\u0027s Wanderer Trilogy","Minty Spire (QoL Compilation)","Relic Filter","Spicy Shops","StSLib","The Necromancer"],"gold_per_floor":[111,121,43,55,132,167,167,192,192,205,205,225,126,95,95,195,195,214,214,225,225,51,51,61,61,61,61,61,78,9,22,22,122,122,138,156,35,49,66,66,91,106,181,181,194,205,136,152,152,152,152,152,34,61,61,61],"floor_reached":55,"playtime":2553,"items_purged":["Strike_B","Defend_B","Strike_B","Defend_B"],"score":1162,"play_id":"e0a4d5f0-fa4d-454c-95e6-be5b9585c0f6","local_time":"20201214030252","is_ascension_mode":true,"campfire_choices":[{"data":"Hello World","floor":11,"key":"SMITH"},{"floor":15,"key":"REST"},{"data":"Self Repair","floor":23,"key":"SMITH"},{"data":"Ball Lightning","floor":25,"key":"SMITH"},{"data":"Zap","floor":27,"key":"SMITH"},{"floor":32,"key":"RECALL"},{"data":"Storm","floor":40,"key":"SMITH"},{"data":"Echo Form","floor":44,"key":"SMITH"},{"data":"Storm","floor":49,"key":"SMITH"},{"data":"White Noise","floor":52,"key":"SMITH"}],"circlet_count":0,"master_deck":["Strike_B","Strike_B","Defend_B","Defend_B","Zap+1","Dualcast","Hello World+1","Self Repair+1","Melter","Double Energy","Biased Cognition","Loop","Conserve Battery","Electrodynamics","Recycle+1","Capacitor","Ball Lightning+1","Defragment+1","Loop","Amplify","Genetic Algorithm+1","Lockon","Storm+1","White Noise+1","Conserve Battery+1","Echo Form+1","Storm+1","Parasite","Defragment","Storm+1"],"relics":["Cracked Core","White Beast Statue","Ancient Tea Set","Smiling Mask","CaptainsWheel","betterThird:SlimedRelic","Coffee Dripper","NlothsMask","Bird Faced Urn","SlaversCollar","Darkstone Periapt","Orichalcum"],"acts_visited":["Exordium","TheCity","TheBeyond","TheEnding"],"potions_floor_usage":[6,8,10,12,16,24,24,29,31,33,39,41,41,45,46,50,50,55],"damage_taken":[{"damage":6,"enemies":"Cultist","floor":1,"turns":4},{"damage":0,"enemies":"Small Slimes","floor":2,"turns":2},{"damage":2,"enemies":"2 Louse","floor":4,"turns":2},{"damage":30,"enemies":"3 Sentries","floor":6,"turns":10},{"damage":28,"enemies":"Gremlin Nob","floor":8,"turns":4},{"damage":0,"enemies":"2 Fungi Beasts","floor":10,"turns":2},{"damage":24,"enemies":"Exordium Wildlife","floor":12,"turns":3},{"damage":11,"enemies":"The Guardian","floor":16,"turns":8},{"damage":8,"enemies":"3 Byrds","floor":18,"turns":3},{"damage":11,"enemies":"Spheric Guardian","floor":20,"turns":3},{"damage":24,"enemies":"Snecko","floor":24,"turns":5},{"damage":12,"enemies":"Snake Plant","floor":29,"turns":3},{"damage":27,"enemies":"Centurion and Healer","floor":31,"turns":3},{"damage":56,"enemies":"Automaton","floor":33,"turns":7},{"damage":25,"enemies":"Orb Walker","floor":35,"turns":4},{"damage":10,"enemies":"3 Darklings","floor":36,"turns":2},{"damage":43,"enemies":"Writhing Mass","floor":38,"turns":5},{"damage":0,"enemies":"Sphere and 2 Shapes","floor":39,"turns":3},{"damage":13,"enemies":"Reptomancer","floor":41,"turns":4},{"damage":5,"enemies":"Transient","floor":42,"turns":5},{"damage":0,"enemies":"Spire Growth","floor":45,"turns":2},{"damage":12,"enemies":"4 Shapes","floor":46,"turns":4},{"damage":11,"enemies":"Writhing Mass","floor":48,"turns":5},{"damage":95,"enemies":"Awakened One","floor":50,"turns":7},{"damage":51,"enemies":"Shield and Spear","floor":54,"turns":6},{"damage":77,"enemies":"The Heart","floor":55,"turns":6}],"seed_played":"-6858406191671120376","potions_obtained":[{"floor":1,"key":"DuplicationPotion"},{"floor":2,"key":"Weak Potion"},{"floor":4,"key":"Energy Potion"},{"floor":6,"key":"LiquidMemories"},{"floor":8,"key":"LiquidBronze"},{"floor":10,"key":"Fire Potion"},{"floor":12,"key":"FearPotion"},{"floor":16,"key":"Guardian:BlockOnCardUsePotion"},{"floor":18,"key":"PotionOfCapacity"},{"floor":20,"key":"FocusPotion"},{"floor":24,"key":"FocusPotion"},{"floor":29,"key":"ColorlessPotion"},{"floor":31,"key":"Block Potion"},{"floor":33,"key":"BlessingOfTheForge"},{"floor":35,"key":"Strength Potion"},{"floor":36,"key":"FocusPotion"},{"floor":39,"key":"Block Potion"},{"floor":41,"key":"SkillPotion"},{"floor":42,"key":"Swift Potion"},{"floor":45,"key":"SkillPotion"},{"floor":46,"key":"DistilledChaos"},{"floor":54,"key":"BlessingOfTheForge"}],"is_trial":false,"path_per_floor":["M","M","$","M","?","E","?","E","T","M","R","M","$","?","R","B",null,"M","?","M","?","$","R","M","R","T","R","$","M","$","M","R","B",null,"M","M","$","M","M","R","E","M","T","R","M","M","$","M","R","B",null,"R","$","E","B"],"character_chosen":"DEFECT","items_purchased":["White Beast Statue","Hello World","Melter","Conserve Battery","Bird Faced Urn","Loop","Storm","Storm","Defragment"],"campfire_rested":1,"item_purchase_floors":[0,0,3,13,22,30,37,47,53],"current_hp_per_floor":[62,62,62,67,67,44,69,48,48,55,55,38,38,27,49,45,68,67,67,56,56,56,56,52,52,52,52,52,60,60,55,55,25,63,74,67,67,54,75,75,75,75,75,75,75,75,75,81,81,12,64,64,64,49,0,0],"gold":61,"neow_bonus":"","is_daily":false,"chose_seed":false,"campfire_upgraded":8,"win_rate":0.0,"timestamp":1607922172,"path_taken":["M","?","$","M","?","E","?","E","T","M","R","M","$","?","R","BOSS","M","?","M","?","$","R","?","R","T","R","$","M","$","M","R","BOSS","M","M","$","M","M","R","E","?","T","R","M","M","$","M","R","BOSS","R","$","E","BOSS"],"items_purchased_type":["Relic","Card","Card","Card","Relic","Card","Card","Card","Card"],"build_version":"2020-12-13","purchased_purges":4,"victory":false,"max_hp_per_floor":[75,75,75,75,75,75,75,75,75,75,75,75,75,75,75,75,75,75,75,75,75,75,75,75,75,75,75,75,75,75,75,75,75,75,75,75,75,75,75,75,75,75,75,75,75,75,75,81,81,81,81,81,81,81,81,81],"card_choices":[{"not_picked":["Rebound","Steam","Streamline"],"picked":"SKIP","floor":1},{"not_picked":["Ball Lightning","Rebound"],"picked":"Self Repair","floor":2},{"not_picked":["Cold Snap","Go for the Eyes"],"picked":"Double Energy","floor":4},{"not_picked":["Redo","Hologram","Coolheaded"],"picked":"SKIP","floor":6},{"not_picked":["Coolheaded","Gash"],"picked":"Biased Cognition","floor":8},{"not_picked":["Streamline","Static Discharge","Go for the Eyes"],"picked":"SKIP","floor":10},{"not_picked":["FTL","Hologram"],"picked":"Loop","floor":12},{"not_picked":["All For One","Buffer"],"picked":"Electrodynamics","floor":16},{"not_picked":["Steam+1","Compile Driver"],"picked":"Recycle+1","floor":18},{"not_picked":["Compile Driver","Conserve Battery"],"picked":"Ball Lightning","floor":20},{"not_picked":["Doom and Gloom","Ball Lightning+1"],"picked":"Defragment+1","floor":24},{"not_picked":["Static Discharge","Go for the Eyes","Chaos"],"picked":"SKIP","floor":29},{"not_picked":["Stack","Sunder","Streamline"],"picked":"SKIP","floor":31},{"not_picked":["Biased Cognition","Meteor Strike"],"picked":"Amplify","floor":33},{"not_picked":["Go for the Eyes","Sweeping Beam+1"],"picked":"Genetic Algorithm+1","floor":35},{"not_picked":["Reprogram+1","Barrage"],"picked":"Lockon","floor":36},{"not_picked":["Gash","Rebound","Coolheaded"],"picked":"SKIP","floor":38},{"not_picked":["Steam","Blizzard"],"picked":"White Noise","floor":39},{"not_picked":["Chaos","Heatsinks"],"picked":"Conserve Battery+1","floor":41},{"not_picked":["Glacier","Consume+1"],"picked":"Echo Form","floor":42},{"not_picked":["Sweeping Beam","Reinforced Body+1","Redo+1"],"picked":"SKIP","floor":45},{"not_picked":["Lockon","Hologram+1","Coolheaded+1"],"picked":"SKIP","floor":46},{"not_picked":["Static Discharge+1","Stack","Doom and Gloom+1"],"picked":"SKIP","floor":48},{"not_picked":["Stack","Fusion"],"picked":"Storm+1","floor":54}],"player_experience":498117,"relics_obtained":[{"floor":6,"key":"Ancient Tea Set"},{"floor":8,"key":"Smiling Mask"},{"floor":9,"key":"CaptainsWheel"},{"floor":41,"key":"Darkstone Periapt"},{"floor":54,"key":"Orichalcum"}],"event_choices":[{"damage_healed":0,"gold_gain":77,"player_choice":"Gained Gold","damage_taken":0,"max_hp_gain":0,"max_hp_loss":0,"event_name":"Golden Wing","floor":5,"gold_loss":0},{"damage_healed":25,"gold_gain":0,"player_choice":"Banana","damage_taken":0,"max_hp_gain":0,"max_hp_loss":0,"event_name":"Big Fish","floor":7,"gold_loss":0},{"damage_healed":0,"gold_gain":0,"player_choice":"Slimed","damage_taken":11,"max_hp_gain":0,"max_hp_loss":0,"event_name":"betterThird:BetterGoop","floor":14,"gold_loss":31},{"damage_healed":0,"gold_gain":0,"player_choice":"Read","damage_taken":0,"max_hp_gain":0,"max_hp_loss":0,"event_name":"The Library","floor":19,"gold_loss":0,"cards_obtained":["Capacitor"]},{"damage_healed":0,"gold_gain":0,"player_choice":"Trade","damage_taken":0,"relics_obtained":["NlothsMask"],"max_hp_gain":0,"max_hp_loss":0,"event_name":"FaceTrader","floor":21,"gold_loss":0}],"is_beta":false,"boss_relics":[{"not_picked":["Runic Pyramid","Calling Bell"],"picked":"Coffee Dripper"},{"not_picked":["Empty Cage","Cursed Key"],"picked":"SlaversCollar"}],"items_purged_floors":[13,22,22,37],"is_endless":false,"potions_floor_spawned":[1,2,4,6,8,10,12,16,18,20,24,29,31,33,35,36,38,39,41,42,45,46,48,54],"killed_by":"The Heart","ascension_level":7}}