{"host":"detovitglhtzaqdj","time":1607987051,"event":{"mods":["AchievementEnabler","Aspiration","BaseMod","Better Altar","Better Match","Better Note","Better Sensory Stone","Better Skull","Better Third Choice","Card Forge","Colored Map","Colored Powertips","Current Relic Mod","Curses Come First","Custom Start","Downfall","Emptier Cage","Friendly Minions","Highlight Path","Minty Spire (QoL Compilation)","Practice Mode","Quick Restart","Relic Stats","Remove Card Discount Mod","Replay The Spire","Shop Mod","Somnambulant","StSLib","The Exordian Avenger","The Jungle","TheHeartMod","Thieving Mod","Transform Curses","Virulent Crown"],"gold_per_floor":[112,124,124,180,180,30,44,44,44],"floor_reached":8,"playtime":602,"items_purged":[],"score":48,"play_id":"af40b3a0-dfbe-4c48-b0e2-7d7ef3010770","local_time":"20201215100411","is_ascension_mode":false,"campfire_choices":[],"circlet_count":0,"master_deck":["Strike_G+1","Strike_G+1","Strike_G+1","Strike_G+1","Strike_G+1","Defend_G+1","Defend_G+1","Defend_G+1","Defend_G+1","Defend_G+1","Survivor+1","Neutralize+1","Slice+1","Backstab+1","Bane+1","Sucker Punch+1","Slice"],"relics":["Ring of the Snake","Hammer of Thor","Seething Fire","Anvil of the Gods","ReplayTheSpireMod:Ring of Challenge","Ring of Fangs","Anchor","MerchantsRug"],"acts_visited":["Exordium"],"potions_floor_usage":[],"damage_taken":[{"damage":0.0,"enemies":"Jaw Worm","floor":1.0,"turns":4.0},{"damage":7.0,"enemies":"Cultist","floor":2.0,"turns":4.0},{"damage":38,"enemies":"Small Slimes","floor":4,"turns":10},{"damage":0,"enemies":"Blue Slaver","floor":7,"turns":4},{"damage":7,"enemies":"Replay:BlueRogue","floor":8,"turns":3}],"seed_played":"6291807605567588502","potions_obtained":[{"floor":1.0,"key":"Swift Potion"},{"floor":2.0,"key":"Guardian:BlockOnCardUsePotion"}],"is_trial":false,"path_per_floor":["M","M","?","M","?","$","M","E"],"character_chosen":"THE_SILENT","items_purchased":["MerchantsRug","Sucker Punch"],"campfire_rested":0,"item_purchase_floors":[6,6],"current_hp_per_floor":[77,70,70,32,7,7,7,0,0],"gold":44,"neow_bonus":"TEN_PERCENT_HP_BONUS","is_daily":false,"chose_seed":false,"campfire_upgraded":0,"win_rate":0.0,"timestamp":1607987051,"path_taken":["M","M","?","M","?","?","M","E"],"items_purchased_type":["Relic","Card"],"build_version":"2020-12-13","purchased_purges":0,"victory":false,"max_hp_per_floor":[77,77,77,77,77,77,77,77,77],"relic_stats":{"counters":[5,25],"obtain_stats":[{"MerchantsRug":6,"Anchor":5,"Ring of Fangs":3,"Anvil of the Gods":0,"Hammer of Thor":0,"Seething Fire":0,"ReplayTheSpireMod:Ring of Challenge":3,"Ring of the Snake":0},{"MerchantsRug":3,"Anchor":3,"Ring of Fangs":2,"Anvil of the Gods":0,"Hammer of Thor":0,"Seething Fire":0,"ReplayTheSpireMod:Ring of Challenge":2,"Ring of the Snake":0},{"MerchantsRug":18,"Anchor":18,"Ring of Fangs":8,"Anvil of the Gods":0,"Hammer of Thor":0,"Seething Fire":0,"ReplayTheSpireMod:Ring of Challenge":8,"Ring of the Snake":0}],"Ring of the Snake":[10]},"card_choices":[{"not_picked":["Catalyst","Poisoned Stab"],"picked":"Slice","floor":1.0},{"not_picked":["Fluid Movement","Dagger Throw"],"picked":"Backstab","floor":2.0},{"not_picked":["Dash","Poisoned Stab"],"picked":"Bane","floor":4},{"not_picked":["Riddle With Holes","Skewer"],"picked":"Slice","floor":7}],"player_experience":29385,"relics_obtained":[{"floor":3.0,"key":"ReplayTheSpireMod:Ring of Challenge"},{"floor":3.0,"key":"Ring of Fangs"}],"event_choices":[{"damage_healed":0,"gold_gain":0,"player_choice":"Relic ","damage_taken":25,"max_hp_gain":0,"max_hp_loss":0,"event_name":"betterThird:BetterScrap","floor":5,"gold_loss":0,"cards_obtained":["WindmillStrike"]}],"is_beta":false,"boss_relics":[],"items_purged_floors":[],"is_endless":false,"potions_floor_spawned":[1,2],"killed_by":"Replay:BlueRogue","ascension_level":0}}