{"host":"6o1vh5lr98s0jjq7","time":1607977676,"event":{"mods":["2.2 Compatiblity","Act Like it!","Aspiration","BaseMod","Better Altar","Better Match","Better Note","Better Third Choice","Conspire","Downfall","Gensokyo","Hallownest","Infinite Spire","Marisa????????","Minty Spire (QoL Compilation)","Replay The Spire","StSLib","The Alterego","WarShipGirlsR/????R mod"],"gold_per_floor":[111,111,142,162,162,162,17,17,17,33,33,3,36,57,57,177,177,196,196,217,217,217,217,235,235,235],"floor_reached":25,"playtime":1228,"items_purged":[],"score":251,"play_id":"6e32fa5f-d46e-4560-af1d-58a26a6de225","local_time":"20201214142756","is_ascension_mode":false,"campfire_choices":[{"floor":6,"key":"RECALL"},{"floor":8,"key":"REST"},{"data":"NonDirectionalLaser","floor":11,"key":"SMITH"},{"data":"NonDirectionalLaser","floor":15,"key":"SMITH"},{"floor":23,"key":"REST"}],"circlet_count":0,"master_deck":["Strike_MRS","Strike_MRS","Strike_MRS","Strike_MRS","Defend_MRS","Defend_MRS","Defend_MRS","MasterSpark","UpSweep","ManaConvection","NonDirectionalLaser+1","MilkyWay","Orbital","DoubleSpark","NonDirectionalLaser+1","OpenUniverse","UltimateShortwave","GalacticHalo","UltimateShortwave","SuperPerseids","EarthLightRay+1","Pain","FairyDestructionRay+1"],"relics":["MiniHakkero","Golden Idol","conspire:Flyswatter","Regal Pillow","infinitespire:PuzzleCube","Philosopher\u0027s Stone","WarpedTongs"],"acts_visited":["Exordium","TheCity"],"potions_floor_usage":[13,16,16,21],"damage_taken":[{"damage":0,"enemies":"2 Louse","floor":1,"turns":2},{"damage":4,"enemies":"conspire:MimicChest","floor":3,"turns":4},{"damage":10,"enemies":"Small Slimes","floor":4,"turns":3},{"damage":1,"enemies":"Cultist","floor":10,"turns":3},{"damage":23,"enemies":"Gremlin Nob","floor":13,"turns":4},{"damage":0,"enemies":"2 Fungi Beasts","floor":14,"turns":2},{"damage":0,"enemies":"Slime Boss","floor":16,"turns":3},{"damage":11,"enemies":"2 Thieves","floor":18,"turns":3},{"damage":29,"enemies":"Chosen","floor":20,"turns":5},{"damage":20,"enemies":"conspire:HollyBat","floor":21,"turns":8},{"damage":45,"enemies":"Shelled Parasite and Fungi","floor":24,"turns":5},{"damage":22,"enemies":"Chosen and Byrds","floor":25,"turns":4}],"seed_played":"4882779416804129509","potions_obtained":[{"floor":10,"key":"SkillPotion"},{"floor":13,"key":"Energy Potion"},{"floor":14,"key":"CultistPotion"},{"floor":20,"key":"Weak Potion"},{"floor":24,"key":"Ancient Potion"}],"is_trial":false,"path_per_floor":["M","?","?","M","?","R","$","R","T","M","R","?","E","M","R","B",null,"M","?","M","M","?","R","M","M"],"character_chosen":"MARISA","items_purchased":["Regal Pillow"],"campfire_rested":2,"item_purchase_floors":[7],"current_hp_per_floor":[75,57,53,43,43,43,43,75,75,74,74,74,51,51,51,51,75,64,64,35,15,15,52,13,0,0],"gold":235,"neow_bonus":"TRANSFORM_CARD","is_daily":false,"chose_seed":false,"campfire_upgraded":2,"win_rate":0.0,"timestamp":1607977676,"path_taken":["M","?","?","M","?","R","$","R","T","M","R","?","E","M","R","BOSS","M","?","?","M","?","R","M","M"],"items_purchased_type":["Relic"],"build_version":"2020-12-13","purchased_purges":0,"victory":false,"max_hp_per_floor":[75,75,75,75,75,75,75,75,75,75,75,75,75,75,75,75,75,75,75,75,75,75,75,75,75,75],"card_choices":[{"not_picked":["UnstableBomb","MilkyWay"],"picked":"NonDirectionalLaser","floor":1},{"not_picked":["IllusionStar","MagicChant"],"picked":"MilkyWay","floor":3},{"not_picked":["Acceleration","6A"],"picked":"Orbital","floor":4},{"not_picked":["NonDirectionalLaser","EarthLightRay"],"picked":"DoubleSpark","floor":10},{"not_picked":["MeteoricShower","GravityBeat"],"picked":"NonDirectionalLaser","floor":13},{"not_picked":["DragonMeteor","WitchLeyline"],"picked":"OpenUniverse","floor":14},{"not_picked":["FinalSpark","TreasureHunter"],"picked":"UltimateShortwave","floor":16},{"not_picked":["WitchOfGreed+1","LuminesStrike+1"],"picked":"GalacticHalo","floor":18},{"not_picked":["GalacticHalo","ChargeUpSpray+1"],"picked":"SuperPerseids","floor":20},{"not_picked":["SporeBomb+1","MachineGunSpark"],"picked":"EarthLightRay+1","floor":21},{"not_picked":["Acceleration+1","Robbery+1"],"picked":"FairyDestructionRay+1","floor":24}],"player_experience":206114,"relics_obtained":[{"floor":3,"key":"conspire:Flyswatter"},{"floor":13,"key":"infinitespire:PuzzleCube"}],"event_choices":[{"damage_healed":0,"gold_gain":0,"player_choice":"Take Damage","damage_taken":18,"relics_obtained":["Golden Idol"],"max_hp_gain":0,"max_hp_loss":0,"event_name":"Golden Idol","floor":2,"gold_loss":0},{"damage_healed":0,"gold_gain":0,"player_choice":"Copied","damage_taken":0,"max_hp_gain":0,"max_hp_loss":0,"event_name":"Duplicator","floor":19,"gold_loss":0,"cards_obtained":["UltimateShortwave"]},{"damage_healed":0,"gold_gain":0,"player_choice":"Rummage","damage_taken":0,"relics_obtained":["WarpedTongs"],"max_hp_gain":0,"max_hp_loss":0,"event_name":"Accursed Blacksmith","floor":22,"gold_loss":0,"cards_obtained":["Pain"]}],"is_beta":false,"boss_relics":[{"not_picked":["aspiration:RitualDagger","Kintsugi"],"picked":"Philosopher\u0027s Stone"}],"items_purged_floors":[],"is_endless":false,"potions_floor_spawned":[10,13,14,20,24],"killed_by":"Chosen and Byrds","ascension_level":0}}