{"host":"0azimyi6n3ugndj4","time":1607953299,"event":{"mods":["BaseMod","Bestiary","Conspire","Curses Come First","Defuse TimeMaze Blight","Hyrulean Relics","Infinite Spire","Minty Spire (QoL Compilation)","Relic Stats","Replay The Spire","StSLib","SuperFastMode","Uncapped","¡¼?Úª?ø«¡½REMEMod"],"gold_per_floor":[99,186,186,246,74,74,74],"floor_reached":6,"playtime":97,"items_purged":[],"score":189,"play_id":"5a3fff05-94f8-467d-a32d-eeb3a96572f8","local_time":"20201214224139","daily_mods":["Draft","Hoarder","Chimera","Shiny","Specialized","Vintage","ControlledChaos","Allstar","Diverse","Colorless Cards","Heirloom","Time Dilation","Flight","Binary","Elite Swarm","Lethality","Midas","Binary"],"is_ascension_mode":true,"campfire_choices":[],"circlet_count":0,"master_deck":["Demon Form","Wraith Form v2","Echo Form","DevaForm","AscendersBane","Bash","Survivor","Zap","Eruption","Strike_R","Strike_G","Strike_B","Defend_R","Defend_G","Defend_P","Brilliance","Replay:AllIn","LessonLearned","Vault","Alpha","Establishment","REME_WorshipGod","Replay:LoomingThreat","DeusExMachina","Judgement","ConjureBlade","REME_EmptyShield","MasterReality","Blasphemy","Ragnarok","REME_CRH+1","Scrawl","Wish","Omniscience","SpiritShield","DevaForm","Hyperbeam","REME_ForAll","Machine Learning","Buffer","Mirror Shield","Seek","Echo Form","All For One","Reboot","Fission","Core Surge","Multi-Cast","Thunder Strike","Biased Cognition","REME_Shoggoth","Electrodynamics","ReplayRNGCard","ReplayTheSpireMod:Omega Cannon","Rainbow","Meteor Strike","ReplayTheSpireMod:Fabricate Wheel","Amplify","Creative AI","REME_ShadowForm","ReplayTheSpireMod:Necrosis","Corpse Explosion","Die Die Die","Atom Bomb","ReplayTheSpireMod:From All Sides","Adrenaline","Envenom","Doppelganger","Burst","Wraith Form v2","REME_SpectralBlade","Tools of the Trade","REME_CopyPotion","After Image","Poison Darts","A Thousand Cuts","Venomology","Replay:Bag of Tricks","Malaise","Phantasmal Killer","Night Terror","infinitespire:Neurotoxin","Unload","REME_GrazeFinale","Bullet Time","Storm of Steel","Glass Knife","Grand Finale","Double Tap","Demon Form","REME_ACTH","Fiend Fire","Eclipse","conspire:Purge","Berserk","Impervious","Juggernaut","Brutality","Demonic Infusion","conspire:HitWhereItHurts","Exhume","Offering","REME_Fury","Bludgeon","Feed","Replay:Many Hands","Limit Break","Corruption","Barricade","Hemogenesis","REME_TheLastStrike","Reaper","Immolate","Thinking Ahead","Metamorphosis","Master of Strategy","Magnetism","Chrysalis","Mayhem","REME_PuzzleBox","Secret Weapon","Midas Touch","ReplayTheSpireMod:Brewmster","REME_AllRoundStrike","Poisoned Strike","Sadistic Nature","Replay:Dark Deal","REME_Flogging","ReplayUltimateDefense","Transmutation","REME_BattleFury","HandOfGreed","ReplayTheSpireMod:Necrogeddon","Apotheosis","Panache","Violence","Secret Technique","The Bomb","Crow Ritual","REME_BuildACard","REME_ProfessionalPlagiarism","Replay:AllIn","Replay:AllIn","Replay:AllIn","Replay:AllIn","Replay:AllIn","Replay:AllIn","Replay:AllIn","Replay:AllIn","Replay:AllIn","Replay:AllIn","Replay:AllIn","Replay:AllIn","Replay:AllIn","Replay:AllIn","Replay:AllIn","Turbo","Turbo","Turbo","Quick Slash","Quick Slash","Quick Slash","Steam","Steam","Steam","JustLucky","JustLucky","JustLucky","ReplayTheSpireMod:Uncanny Aura","ReplayTheSpireMod:Uncanny Aura","ReplayTheSpireMod:Uncanny Aura","Turbo","Turbo","Turbo","Flame Barrier","Flame Barrier","Flame Barrier","Prepared","Prepared","Prepared","Flying Knee+1","Flying Knee","Flying Knee","Hidden Blade","Hidden Blade","Hidden Blade","REME_Repentance","REME_Repentance","REME_Repentance","Flex","Flex","Flex","Quick Slash","Quick Slash","Quick Slash","Slice","Slice","Slice","Replay:ManipulateFuture","Replay:ManipulateFuture","Replay:ManipulateFuture","Hologram","Hologram","Hologram","Streamline+1","Streamline+1","Streamline+1"],"relics":["Cracked Core","Frozen Eye","Busted Crown","REME_ComplimentaryCards","Pondfish Scales","Divine Protection","Pet Ghost","Happy Flower"],"acts_visited":["Exordium"],"potions_floor_usage":[6,6],"damage_taken":[{"damage":0,"enemies":"conspire:MimicChest","floor":2,"turns":1},{"damage":0,"enemies":"Jaw Worm","floor":4,"turns":2},{"damage":52,"enemies":"3 Sentries","floor":6,"turns":3}],"seed_played":"8419655539513824113","potions_obtained":[],"is_trial":true,"path_per_floor":["?","?","?","M","$","E"],"character_chosen":"DEFECT","items_purchased":["Happy Flower"],"campfire_rested":0,"item_purchase_floors":[5],"current_hp_per_floor":[64,64,43,43,43,0,0],"gold":74,"neow_bonus":"","is_daily":false,"chose_seed":false,"campfire_upgraded":0,"win_rate":0.0,"timestamp":1607953299,"path_taken":["?","?","?","M","$","E"],"items_purchased_type":["Relic"],"build_version":"2020-12-13","purchased_purges":0,"victory":false,"max_hp_per_floor":[71,71,71,71,71,71,71],"relic_stats":{"Busted Crown":4,"Happy Flower":[1],"counters":[3,6],"obtain_stats":[{"Frozen Eye":0,"Divine Protection":2,"Pondfish Scales":0,"Busted Crown":0,"Happy Flower":5,"Cracked Core":0,"Pet Ghost":4,"REME_ComplimentaryCards":0},{"Frozen Eye":0,"Divine Protection":1,"Pondfish Scales":0,"Busted Crown":0,"Happy Flower":2,"Cracked Core":0,"Pet Ghost":2,"REME_ComplimentaryCards":0},{"Frozen Eye":0,"Divine Protection":1,"Pondfish Scales":0,"Busted Crown":0,"Happy Flower":3,"Cracked Core":0,"Pet Ghost":3,"REME_ComplimentaryCards":0}]},"card_choices":[{"not_picked":["PathToVictory","JustLucky"],"picked":"Turbo","floor":0},{"not_picked":["CrushJoints","conspire:SharedLibrary"],"picked":"Quick Slash","floor":0},{"not_picked":["Reckless Charge","Study"],"picked":"Steam","floor":0},{"not_picked":["Sneak Up","ReplayTheSpireMod:Limb From Limb"],"picked":"JustLucky","floor":0},{"not_picked":["Thunderclap","Leg Sweep"],"picked":"ReplayTheSpireMod:Uncanny Aura","floor":0},{"not_picked":["Warcry","JustLucky"],"picked":"Turbo","floor":0},{"not_picked":["Underhanded Strike","conspire:Rain"],"picked":"Flame Barrier","floor":0},{"not_picked":["REME_DataAnalysis","CrushJoints"],"picked":"Prepared","floor":0},{"not_picked":["Beam Cell","Hemokinesis"],"picked":"Flying Knee","floor":0},{"not_picked":["Lockon","Beam Cell"],"picked":"Hidden Blade","floor":0},{"not_picked":["ReplayTheSpireMod:Corrosion Curse","Run Through"],"picked":"REME_Repentance","floor":0},{"not_picked":["Replay:Cycle","Crescendo"],"picked":"Flex","floor":0},{"not_picked":["Leg Sweep","Skewer"],"picked":"Quick Slash","floor":0},{"not_picked":["Tactician","FlyingSleeves"],"picked":"Slice","floor":0},{"not_picked":["FIFO Queue","Headbutt"],"picked":"Replay:ManipulateFuture","floor":0}],"player_experience":1453024,"relics_obtained":[{"floor":2,"key":"Divine Protection"},{"floor":4,"key":"Pet Ghost"}],"event_choices":[{"damage_healed":0,"gold_gain":0,"player_choice":"Entered Light","damage_taken":21,"max_hp_gain":0,"max_hp_loss":0,"event_name":"Shining Light","floor":3,"gold_loss":0,"cards_upgraded":["REME_CRH","Flying Knee"]}],"is_beta":false,"boss_relics":[],"items_purged_floors":[],"is_endless":false,"potions_floor_spawned":[],"killed_by":"3 Sentries","ascension_level":20}}