{"host":"o3b7ow6d1xe49css","time":1607926466,"event":{"mods":["2.2 Compatiblity","Act Like it!","Aspiration","BaseMod","Bestiary","Better Altar","Better Match","Better Note","Better Sensory Stone","Better Skull","Better Third Choice","Colored Powertips","Conspire","Elementarium","Energized Spire","GifTheSpireLib","Halation","Hermit","Hubris","Infinite Spire","Minty Spire (QoL Compilation)","Quick Restart","Replay The Spire","Spicy Shops","Spikes Relics","StSLib","Stuff the Spire","The Blue Laboratory","The Jungle","Wandering Minibosses","vexMod"],"gold_per_floor":[110,130,148,168,185,185,185,185,211,246,246,246],"floor_reached":11,"playtime":403,"items_purged":[],"score":94,"play_id":"28cb5614-ecc6-43cf-8a61-c39e86cb6859","local_time":"20201213211426","daily_mods":["Heirloom","Flight"],"is_ascension_mode":true,"campfire_choices":[{"data":"Bash","floor":6,"key":"SMITH"}],"circlet_count":0,"master_deck":["Strike_R","Strike_R","Strike_R","Strike_R","Strike_R","Defend_R","Defend_R","Defend_R","Defend_R","Absolvement","Fire Breathing","Feel No Pain","Spot Weakness","Eruption+1","infinitespire:UltimateForm","Whirlwind"],"relics":["Ring of Chaos","halation:VictoryRuler","Replay:M_SmolderingBlood","halation:KoshaPiece","aspiration:HummingbirdHeart"],"acts_visited":["Exordium"],"potions_floor_usage":[5,5,10],"damage_taken":[{"damage":6,"enemies":"Cultist","floor":1,"turns":3},{"damage":9,"enemies":"Jaw Worm","floor":2,"turns":4},{"damage":7,"enemies":"2 Louse","floor":3,"turns":3},{"damage":8,"enemies":"Large Slime","floor":4,"turns":8},{"damage":39,"enemies":"Exordium Thugs","floor":5,"turns":7},{"damage":15,"enemies":"3 Sentries","floor":10,"turns":5},{"damage":34,"enemies":"Gremlin Nob","floor":11,"turns":3}],"seed_played":"57216451795669218","potions_obtained":[{"floor":2,"key":"blueLaboratory:PhilterOfMotion"},{"floor":4,"key":"BloodPotion"},{"floor":5,"key":"blueLaboratory:BubblePotion"}],"is_trial":true,"path_per_floor":["M","M","M","M","M","R","?","?","T","E","E"],"character_chosen":"IRONCLAD","items_purchased":[],"campfire_rested":0,"item_purchase_floors":[],"current_hp_per_floor":[80,77,76,74,57,57,57,37,37,22,0,0],"gold":246,"neow_bonus":"","is_daily":false,"chose_seed":false,"campfire_upgraded":1,"win_rate":0.0,"timestamp":1607926466,"path_taken":["M","M","M","M","M","R","?","?","T","E","E"],"items_purchased_type":[],"build_version":"2020-12-13","purchased_purges":0,"victory":false,"max_hp_per_floor":[80,80,80,80,80,80,80,80,80,80,80,80],"card_choices":[{"not_picked":["Run Through","Clothesline"],"picked":"Absolvement","floor":1},{"not_picked":["Run Through","Thunderclap"],"picked":"Fire Breathing","floor":2},{"not_picked":["Intimidate","ReplayTheSpireMod:Strike From Hell"],"picked":"Feel No Pain","floor":3},{"not_picked":["StuffTheSpire:BloodClot","Sword Boomerang"],"picked":"Spot Weakness","floor":4},{"not_picked":["Wild Strike","hubris:ReadiedAction","Armaments"],"picked":"SKIP","floor":5},{"not_picked":["infinitespire:Punishment","hubris:InfiniteBlow+121"],"picked":"infinitespire:UltimateForm","floor":8},{"not_picked":["Cleave","conspire:HitWhereItHurts"],"picked":"Whirlwind","floor":10}],"player_experience":1697356,"relics_obtained":[{"floor":9,"key":"halation:KoshaPiece"},{"floor":10,"key":"aspiration:HummingbirdHeart"}],"event_choices":[],"is_beta":false,"boss_relics":[],"items_purged_floors":[],"is_endless":false,"potions_floor_spawned":[2,4,5],"killed_by":"Gremlin Nob","ascension_level":5}}