{"host":"qrt7o4dq2qslzw13","time":1607938661,"event":{"mods":["AchievementEnabler","BaseMod","Colored Map","Colored Powertips","Minty Spire (QoL Compilation)","Quick Restart","Rare Cards Sparkle","StSLib","SuperFastMode"],"gold_per_floor":[115,64,64,64,81,81,81,92,118,146,176,200,281,20,20,20,20],"floor_reached":16,"playtime":261,"items_purged":[],"score":184,"play_id":"8c5d5671-0c6a-402c-9deb-d8da49849e28","local_time":"20201214043741","is_ascension_mode":true,"campfire_choices":[{"data":"Bash","floor":6.0,"key":"SMITH"},{"data":"Heavy Blade","floor":15.0,"key":"SMITH"}],"circlet_count":0,"master_deck":["AscendersBane","Strike_R","Strike_R","Strike_R","Strike_R","Strike_R","Defend_R","Defend_R","Defend_R","Defend_R","Bash+1","Spot Weakness","Armaments+1","Thunderclap","Ghostly Armor","True Grit","Heavy Blade+1","Flame Barrier","Immolate","Dramatic Entrance"],"relics":["Burning Blood","NeowsBlessing","Charon\u0027s Ashes","MawBank"],"acts_visited":["Exordium"],"potions_floor_usage":[],"damage_taken":[{"damage":0.0,"enemies":"2 Louse","floor":1.0,"turns":1.0},{"damage":0.0,"enemies":"Jaw Worm","floor":5.0,"turns":1.0},{"damage":0.0,"enemies":"Cultist","floor":8.0,"turns":1.0},{"damage":14.0,"enemies":"Exordium Wildlife","floor":10.0,"turns":4.0},{"damage":3.0,"enemies":"Blue Slaver","floor":11.0,"turns":6.0},{"damage":10.0,"enemies":"Large Slime","floor":12.0,"turns":5.0},{"damage":94,"enemies":"Slime Boss","floor":16,"turns":9}],"seed_played":"-8704292568300714819","potions_obtained":[{"floor":1.0,"key":"SkillPotion"},{"floor":5.0,"key":"LiquidBronze"},{"floor":12.0,"key":"FairyPotion"}],"is_trial":false,"path_per_floor":["M","$","?","?","M","R","T","M","T","M","M","M","?","$","R","B"],"character_chosen":"IRONCLAD","items_purchased":["Armaments","Immolate","Dramatic Entrance"],"campfire_rested":0,"item_purchase_floors":[2,14,14],"current_hp_per_floor":[74,74,74,74,75,75,75,75,75,67,70,66,66,66,66,0,0],"gold":20,"neow_bonus":"THREE_ENEMY_KILL","is_daily":false,"chose_seed":false,"campfire_upgraded":2,"win_rate":0.0,"timestamp":1607938661,"path_taken":["M","$","?","?","M","R","?","M","T","M","?","M","?","?","R","BOSS"],"items_purchased_type":["Card","Card","Card"],"build_version":"2020-12-13","purchased_purges":0,"victory":false,"max_hp_per_floor":[75,75,75,75,75,75,75,75,75,75,75,75,75,75,75,75,75],"card_choices":[{"not_picked":["Heavy Blade","Dual Wield"],"picked":"Spot Weakness","floor":1.0},{"not_picked":["Seeing Red","True Grit"],"picked":"Thunderclap","floor":5.0},{"not_picked":["Shrug It Off","Anger"],"picked":"Ghostly Armor","floor":8.0},{"not_picked":["Hemokinesis","Disarm"],"picked":"True Grit","floor":10.0},{"not_picked":["Headbutt","Anger"],"picked":"Heavy Blade","floor":11.0},{"not_picked":["Pommel Strike","Armaments"],"picked":"Flame Barrier","floor":12.0}],"player_experience":451182,"relics_obtained":[{"floor":7.0,"key":"Charon\u0027s Ashes"},{"floor":9.0,"key":"MawBank"}],"event_choices":[{"damage_healed":0.0,"max_hp_gain":0.0,"max_hp_loss":0.0,"gold_gain":0.0,"event_name":"The Cleric","player_choice":"Leave","floor":3.0,"gold_loss":0.0,"damage_taken":0.0},{"damage_healed":0.0,"max_hp_gain":0.0,"max_hp_loss":0.0,"gold_gain":0.0,"event_name":"Living Wall","player_choice":"Grow","floor":4.0,"gold_loss":0.0,"damage_taken":0.0,"cards_upgraded":["Armaments"]},{"damage_healed":0.0,"max_hp_gain":0.0,"max_hp_loss":0.0,"gold_gain":69.0,"event_name":"Golden Wing","player_choice":"Gained Gold","floor":13.0,"gold_loss":0.0,"damage_taken":0.0}],"is_beta":false,"boss_relics":[],"items_purged_floors":[],"is_endless":false,"potions_floor_spawned":[1,5,12],"killed_by":"Slime Boss","ascension_level":20}}