{"host":"f5n4tidiz2n5sooh","time":1607939313,"event":{"mods":["BaseMod","Colored Map","Minty Spire (QoL Compilation)","Relic Stats","StSLib"],"gold_per_floor":[112,187,187,212,212,251,251,163,188,188,207,541,541,575,575,575,575],"floor_reached":16,"playtime":399,"items_purged":[],"score":282,"play_id":"24e6fb34-2d3a-4a09-8755-0b60f95b4389","local_time":"20201214034833","is_ascension_mode":true,"campfire_choices":[{"data":"Neutralize","floor":7,"key":"SMITH"},{"data":"Poisoned Stab","floor":10,"key":"SMITH"},{"data":"Dodge and Roll","floor":13,"key":"SMITH"},{"data":"Dodge and Roll","floor":15,"key":"SMITH"}],"circlet_count":0,"master_deck":["AscendersBane","Strike_G+1","Strike_G","Strike_G","Strike_G","Strike_G+1","Defend_G","Defend_G","Defend_G","Defend_G","Defend_G","Survivor","Neutralize+1","Poisoned Stab+1","Backflip","Dodge and Roll+1","Well Laid Plans","Dodge and Roll+1"],"relics":["Ring of the Snake","NeowsBlessing","Golden Idol","Calipers","MealTicket","PreservedInsect","Old Coin","Whetstone"],"acts_visited":["Exordium"],"potions_floor_usage":[12,14,16],"damage_taken":[{"damage":0,"enemies":"Small Slimes","floor":1,"turns":1},{"damage":0,"enemies":"Jaw Worm","floor":4,"turns":1},{"damage":0,"enemies":"Gremlin Nob","floor":6,"turns":1},{"damage":0,"enemies":"2 Louse","floor":11,"turns":2},{"damage":20,"enemies":"Lagavulin","floor":12,"turns":8},{"damage":15,"enemies":"Gremlin Nob","floor":14,"turns":4},{"damage":25,"enemies":"Hexaghost","floor":16,"turns":11}],"seed_played":"-6386213669566867993","potions_obtained":[{"floor":4,"key":"Dexterity Potion"},{"floor":12,"key":"LiquidMemories"},{"floor":14,"key":"Poison Potion"}],"is_trial":false,"path_per_floor":["M","?","?","M","?","E","R","?","T","R","M","E","R","E","R","B"],"character_chosen":"THE_SILENT","items_purchased":[],"campfire_rested":0,"item_purchase_floors":[],"current_hp_per_floor":[59,48,48,48,53,53,53,53,53,53,53,33,33,18,18,0,0],"gold":575,"neow_bonus":"THREE_ENEMY_KILL","is_daily":false,"chose_seed":false,"campfire_upgraded":4,"win_rate":0.0,"timestamp":1607939313,"path_taken":["M","?","?","M","?","E","R","?","T","R","M","E","R","E","R","BOSS"],"items_purchased_type":[],"build_version":"2020-12-13","purchased_purges":0,"victory":false,"max_hp_per_floor":[66,66,60,60,65,65,65,65,65,65,65,65,65,65,65,65,65],"relic_stats":{"counters":[7,28],"Golden Idol":31,"MealTicket":0,"PreservedInsect":50,"Whetstone":["Strike_G","Strike_G"],"obtain_stats":[{"Calipers":6,"NeowsBlessing":0,"Golden Idol":3,"MealTicket":8,"PreservedInsect":9,"Whetstone":14,"Ring of the Snake":0,"Old Coin":12},{"Calipers":3,"NeowsBlessing":0,"Golden Idol":1,"MealTicket":3,"PreservedInsect":3,"Whetstone":6,"Ring of the Snake":0,"Old Coin":5},{"Calipers":3,"NeowsBlessing":0,"Golden Idol":1,"MealTicket":3,"PreservedInsect":3,"Whetstone":17,"Ring of the Snake":0,"Old Coin":13}],"Ring of the Snake":[14]},"card_choices":[{"not_picked":["Expertise","Backflip"],"picked":"Poisoned Stab","floor":1},{"not_picked":["Setup","Tactician","Deflect"],"picked":"SKIP","floor":4},{"not_picked":["Cloak And Dagger","Prepared"],"picked":"Backflip","floor":6},{"not_picked":["Underhanded Strike","Distraction"],"picked":"Dodge and Roll","floor":11},{"not_picked":["Quick Slash","Dagger Throw"],"picked":"Well Laid Plans","floor":12},{"not_picked":["Outmaneuver","Dagger Spray"],"picked":"Dodge and Roll","floor":14}],"player_experience":1883946,"relics_obtained":[{"floor":6,"key":"Calipers"},{"floor":9,"key":"PreservedInsect"},{"floor":12,"key":"Old Coin"},{"floor":14,"key":"Whetstone"}],"event_choices":[{"damage_healed":0,"gold_gain":75,"player_choice":"Gather Gold","damage_taken":11,"max_hp_gain":0,"max_hp_loss":0,"event_name":"World of Goop","floor":2,"gold_loss":0},{"damage_healed":0,"gold_gain":0,"player_choice":"Lose Max HP","damage_taken":0,"relics_obtained":["Golden Idol"],"max_hp_gain":0,"max_hp_loss":6,"event_name":"Golden Idol","floor":3,"gold_loss":0},{"damage_healed":0,"gold_gain":0,"player_choice":"Donut","damage_taken":0,"max_hp_gain":5,"max_hp_loss":0,"event_name":"Big Fish","floor":5,"gold_loss":0},{"damage_healed":0,"gold_gain":0,"player_choice":"Paid Gold","damage_taken":0,"relics_obtained":["MealTicket"],"max_hp_gain":0,"max_hp_loss":0,"event_name":"WeMeetAgain","floor":8,"gold_loss":88}],"is_beta":false,"boss_relics":[],"items_purged_floors":[],"is_endless":false,"potions_floor_spawned":[4,12,14],"killed_by":"Hexaghost","ascension_level":20}}