{"host":"br1k745010e75u9o","time":1607974936,"event":{"mods":["BaseMod","CCEM","Conspire","Downfall","Hubris","Minty Spire (QoL Compilation)","Replay The Spire","StSLib"],"gold_per_floor":[117,133,152,152,152,152,168,168,24,36,62,82,97,97,111,131,131,227,227,240,258,270,290,164,164,164],"floor_reached":25,"playtime":1078,"items_purged":["Strike_G","Strike_G"],"score":201,"play_id":"b22c0412-9bcb-4014-9d9a-41065c94832f","local_time":"20201214194216","is_ascension_mode":false,"campfire_choices":[{"data":"conspire:DoublingDagger","floor":8,"key":"SMITH"},{"data":"conspire:DoublingDagger","floor":14,"key":"SMITH"},{"data":"ReplayTheSpireMod:Scrap Shanks","floor":17,"key":"SMITH"}],"circlet_count":0,"master_deck":["Strike_G","Strike_G","Strike_G","Defend_G","Defend_G","Defend_G","Defend_G","Defend_G","Survivor","Neutralize","conspire:DoublingDagger+1","Dagger Spray","Finisher","conspire:DoublingDagger+1","Hidden Blade","ReplayTheSpireMod:Scrap Shanks+1","Phantasmal Killer","ReplayTheSpireMod:Shiv Toss","hubris:SlightOfHand"],"relics":["Ring of the Snake","CCEMRelics:JestersCrown","hubris:VirtuousBlindfold"],"acts_visited":["Exordium","TheCity"],"potions_floor_usage":[18,18,18],"damage_taken":[{"damage":1,"enemies":"Cultist","floor":1,"turns":5},{"damage":0,"enemies":"2 Louse","floor":2,"turns":2},{"damage":8,"enemies":"Jaw Worm","floor":3,"turns":4},{"damage":0,"enemies":"Blue Slaver","floor":7,"turns":6},{"damage":0,"enemies":"Looter","floor":10,"turns":4},{"damage":0,"enemies":"3 Louse","floor":12,"turns":1},{"damage":0,"enemies":"Exordium Wildlife","floor":13,"turns":1},{"damage":0,"enemies":"2 Fungi Beasts","floor":15,"turns":3},{"damage":6,"enemies":"3 Louse","floor":16,"turns":3},{"damage":47,"enemies":"Fading Forest","floor":18,"turns":11},{"damage":2,"enemies":"Shell Parasite","floor":20,"turns":2},{"damage":0,"enemies":"Chosen","floor":21,"turns":4},{"damage":44,"enemies":"Snecko","floor":22,"turns":7},{"damage":5,"enemies":"Cultist and Chosen","floor":23,"turns":4},{"damage":29,"enemies":"Slavers","floor":25,"turns":2}],"seed_played":"5545314109497864478","potions_obtained":[{"floor":2,"key":"SkillPotion"},{"floor":3,"key":"Explosive Potion"},{"floor":12,"key":"Swift Potion"}],"is_trial":false,"path_per_floor":["M","M","M","?","PTL","PTL","M","R","$","M","T","M","M","R","M","M","R","B",null,"M","M","M","M","$","E"],"character_chosen":"THE_SILENT","items_purchased":["Finisher","hubris:SlightOfHand"],"campfire_rested":0,"item_purchase_floors":[9,24],"current_hp_per_floor":[76,76,68,68,68,68,68,68,68,68,68,68,68,68,68,62,62,25,77,75,75,31,26,26,0,0],"gold":164,"neow_bonus":"TEN_PERCENT_HP_BONUS","is_daily":false,"chose_seed":false,"campfire_upgraded":3,"win_rate":0.0,"timestamp":1607974936,"path_taken":["M","M","M","?","PTL","PTL","M","R","$","?","T","M","M","R","M","M","R","BOSS","M","M","M","M","?","E"],"items_purchased_type":["Card","Card"],"build_version":"2020-12-13","purchased_purges":2,"victory":false,"max_hp_per_floor":[77,77,77,77,77,77,77,77,77,77,77,77,77,77,77,77,77,77,77,77,77,77,77,77,77,77],"card_choices":[{"not_picked":["Acrobatics","Hidden Blade"],"picked":"conspire:DoublingDagger","floor":1},{"not_picked":["Heel Hook","Poisoned Stab"],"picked":"Dagger Spray","floor":2},{"not_picked":["Backstab","ReplayTheSpireMod:Speed Training","Flechettes"],"picked":"SKIP","floor":3},{"not_picked":["Backflip","Footwork","Escape Plan"],"picked":"SKIP","floor":7},{"not_picked":["Bane","Well Laid Plans","Prepared"],"picked":"SKIP","floor":10},{"not_picked":["Dagger Spray","Deadly Poison"],"picked":"conspire:DoublingDagger","floor":12},{"not_picked":["Slice","Backflip"],"picked":"Hidden Blade","floor":13},{"not_picked":["Well Laid Plans","hubris:SlightOfHand","Footwork"],"picked":"SKIP","floor":15},{"not_picked":["hubris:SlightOfHand","Sucker Punch"],"picked":"ReplayTheSpireMod:Scrap Shanks","floor":16},{"not_picked":["Unload","Wraith Form v2"],"picked":"Phantasmal Killer","floor":18},{"not_picked":["Masterful Stab","hubris:SlightOfHand"],"picked":"ReplayTheSpireMod:Shiv Toss","floor":20},{"not_picked":["Backstab","hubris:SlightOfHand","Bane"],"picked":"SKIP","floor":21},{"not_picked":["Catalyst+1","ReplayTheSpireMod:Exploit Weakness","Draining Mist"],"picked":"SKIP","floor":22},{"not_picked":["Tactician","Reflex+1","Quick Slash"],"picked":"SKIP","floor":23}],"player_experience":35647,"relics_obtained":[{"floor":11,"key":"CCEMRelics:JestersCrown"}],"event_choices":[{"damage_healed":0,"gold_gain":0,"player_choice":"Bought 0 Potions","damage_taken":0,"max_hp_gain":0,"max_hp_loss":0,"event_name":"The Woman in Blue","floor":4,"gold_loss":0}],"is_beta":false,"boss_relics":[{"not_picked":["hubris:Stopwatch","Cursed Key"],"picked":"hubris:VirtuousBlindfold"}],"items_purged_floors":[9,24],"is_endless":false,"potions_floor_spawned":[2,3,12,15,16],"killed_by":"Slavers","ascension_level":0}}