{"host":"enfgzo6yn4zdbao9","time":1607995884,"event":{"mods":["AchievementEnabler","BaseMod","Colored Powertips","Minty Spire (QoL Compilation)","Relic Stats","StSLib","slay the spire mod where everything is the same but ironclad has a cowboy hat"],"gold_per_floor":[13,32,32,45,64,64,107,107,107,57,57,78,111,130,130,254,254,268,268,284,284,303,303,303,303],"floor_reached":24,"playtime":1063,"items_purged":[],"score":305,"play_id":"536c43d9-d61a-47fb-920a-06f943d774cf","local_time":"20201214173124","is_ascension_mode":true,"campfire_choices":[{"data":"Darkness","floor":6,"key":"SMITH"},{"floor":8,"key":"REST"},{"floor":15,"key":"REST"},{"floor":23,"key":"REST"}],"circlet_count":0,"master_deck":["Strike_B","Strike_B","Defend_B","Defend_B","Defend_B","Zap","Dualcast","Ball Lightning","Auto Shields","Darkness+1","Defragment","Redo","Barrage","Rainbow","Multi-Cast","Leap","Sweeping Beam","Compile Driver"],"relics":["Cracked Core","Golden Idol","Art of War","Darkstone Periapt","Kunai","Ancient Tea Set","Cursed Key","Mummified Hand"],"acts_visited":["Exordium","TheCity"],"potions_floor_usage":[16,20,21],"damage_taken":[{"damage":2.0,"enemies":"Jaw Worm","floor":1.0,"turns":3.0},{"damage":0.0,"enemies":"Small Slimes","floor":2.0,"turns":3.0},{"damage":0.0,"enemies":"Cultist","floor":4.0,"turns":3.0},{"damage":9.0,"enemies":"3 Louse","floor":5.0,"turns":4.0},{"damage":15,"enemies":"3 Sentries","floor":7,"turns":9},{"damage":8,"enemies":"Large Slime","floor":12,"turns":3},{"damage":19,"enemies":"Lagavulin","floor":13,"turns":4},{"damage":13,"enemies":"Red Slaver","floor":14,"turns":3},{"damage":30,"enemies":"The Guardian","floor":16,"turns":6},{"damage":1,"enemies":"Chosen","floor":18,"turns":3},{"damage":3,"enemies":"Spheric Guardian","floor":20,"turns":3},{"damage":0,"enemies":"Snecko","floor":21,"turns":2},{"damage":22,"enemies":"Sentry and Sphere","floor":22,"turns":4},{"damage":52,"enemies":"Slavers","floor":24,"turns":4}],"seed_played":"5735904805877086911","potions_obtained":[{"floor":2.0,"key":"SteroidPotion"},{"floor":5,"key":"PotionOfCapacity"},{"floor":7,"key":"PowerPotion"},{"floor":16,"key":"SkillPotion"},{"floor":20,"key":"SmokeBomb"}],"is_trial":false,"path_per_floor":["M","M","?","M","M","R","E","R","T","?","?","M","E","M","R","B",null,"M","?","M","M","M","R","E"],"character_chosen":"DEFECT","items_purchased":[],"campfire_rested":3,"item_purchase_floors":[],"current_hp_per_floor":[66,66,66,66,57,57,42,62,62,62,62,54,35,22,42,12,55,54,54,51,51,29,49,0,0],"gold":303,"neow_bonus":"REMOVE_TWO","is_daily":false,"chose_seed":false,"campfire_upgraded":1,"win_rate":0.0,"timestamp":1607995884,"path_taken":["M","M","?","M","M","R","E","R","T","?","?","M","E","M","R","BOSS","M","?","M","M","M","R","E"],"items_purchased_type":[],"build_version":"2020-12-13","purchased_purges":0,"victory":false,"max_hp_per_floor":[75,75,69,69,69,69,69,69,69,69,69,69,69,69,69,69,69,69,69,69,69,69,69,69,69],"relic_stats":{"Darkstone Periapt":0,"counters":[14,54],"Golden Idol":74,"Mummified Hand":[3],"Art of War":[10],"Kunai":[1],"Cursed Key":0,"obtain_stats":[{"Darkstone Periapt":9,"Golden Idol":3,"Mummified Hand":19,"Art of War":7,"Kunai":11,"Cracked Core":0,"Ancient Tea Set":13,"Cursed Key":17},{"Darkstone Periapt":5,"Golden Idol":2,"Mummified Hand":10,"Art of War":5,"Kunai":5,"Cracked Core":0,"Ancient Tea Set":7,"Cursed Key":9},{"Darkstone Periapt":22,"Golden Idol":6,"Mummified Hand":41,"Art of War":22,"Kunai":22,"Cracked Core":0,"Ancient Tea Set":29,"Cursed Key":38}]},"card_choices":[{"not_picked":["Rebound","Fusion"],"picked":"Ball Lightning","floor":1.0},{"not_picked":["Go for the Eyes","Melter"],"picked":"Auto Shields","floor":2.0},{"not_picked":["Hologram","Steam Power","Rebound"],"picked":"SKIP","floor":4.0},{"not_picked":["Capacitor","Compile Driver"],"picked":"Darkness","floor":5},{"not_picked":["Rebound","Skim"],"picked":"Defragment","floor":7},{"not_picked":["Steam Power","Fusion"],"picked":"Redo","floor":12},{"not_picked":["Stack","Scrape"],"picked":"Barrage","floor":13},{"not_picked":["Sweeping Beam","Steam Power"],"picked":"Rainbow","floor":14},{"not_picked":["All For One","Creative AI"],"picked":"Multi-Cast","floor":16},{"not_picked":["Reinforced Body","Barrage"],"picked":"Leap","floor":18},{"not_picked":["Coolheaded","Fusion"],"picked":"Sweeping Beam","floor":20},{"not_picked":["Chill","Stack"],"picked":"Compile Driver","floor":22}],"player_experience":420561,"relics_obtained":[{"floor":7,"key":"Art of War"},{"floor":9,"key":"Darkstone Periapt"},{"floor":13,"key":"Ancient Tea Set"},{"floor":19,"key":"Mummified Hand"}],"event_choices":[{"damage_healed":0.0,"max_hp_gain":0.0,"max_hp_loss":6.0,"gold_gain":0.0,"event_name":"Golden Idol","player_choice":"Lose Max HP","floor":3.0,"gold_loss":0.0,"damage_taken":0.0,"relics_obtained":["Golden Idol"]},{"cards_removed":["Defend_B"],"damage_healed":0,"gold_gain":0,"player_choice":"Card Removal","damage_taken":0,"max_hp_gain":0,"max_hp_loss":0,"event_name":"The Cleric","floor":10,"gold_loss":50},{"damage_healed":0,"gold_gain":0,"player_choice":"Searched \u00271\u0027 times","damage_taken":0,"relics_obtained":["Kunai"],"max_hp_gain":0,"max_hp_loss":0,"event_name":"Dead Adventurer","floor":11,"gold_loss":0},{"damage_healed":0,"gold_gain":0,"player_choice":"Relic","damage_taken":0,"max_hp_gain":0,"max_hp_loss":0,"event_name":"Wheel of Change","floor":19,"gold_loss":0}],"is_beta":false,"boss_relics":[{"not_picked":["Runic Pyramid","Pandora\u0027s Box"],"picked":"Cursed Key"}],"items_purged_floors":[],"is_endless":false,"potions_floor_spawned":[2,5,7,13,16,20,21],"killed_by":"Slavers","ascension_level":9}}