{"host":"hlo0wt5fjlilsn9r","time":1607966862,"event":{"mods":["AchievementEnabler","Aspiration","BaseMod","Better Altar","Better Match","Better Note","Better Sensory Stone","Better Skull","Better Third Choice","BetterRewards","Colored Map","Conspire","Downfall","Friendly Minions","GifTheSpireLib","Halation","Hermit","Highlight Path","Hubris","Jorbs\u0027s Wanderer Trilogy","Minty Spire (QoL Compilation)","Permanent Neow","Replay The Spire","Spicy Shops","StSLib","Stuff the Spire","The Administrix","The Bug Knight","The Runesmith","The Spell Scribe","Unceasing Turn Reminder"],"gold_per_floor":[118,134,234,245,41,67,67,80,128,145,179,199,199,216,216,314,314,325,341,169,187,206,206,3,22,22,22,22,22,34,53,53,152,152,165,200,220,232,247,274,291,291,315,328,154,169,180,191,191,191,191],"floor_reached":50,"playtime":7401,"items_purged":["AdministrixMod:Strike_Administrix"],"score":496,"play_id":"c8dffcf6-5905-45ee-bdbf-d5a420efd995","local_time":"20201214092742","is_ascension_mode":false,"campfire_choices":[{"floor":7.0,"key":"REST"},{"data":"AdministrixMod:BegetEternity","floor":15.0,"key":"SMITH"},{"data":"AdministrixMod:BegetEternity","floor":23.0,"key":"SMITH"},{"data":"AdministrixMod:DeathByGlamour","floor":27.0,"key":"SMITH"},{"data":"AdministrixMod:RebukeDesires","floor":29.0,"key":"SMITH"},{"data":"AdministrixMod:BegetEternity","floor":32.0,"key":"SMITH"},{"floor":42,"key":"REST"},{"floor":49,"key":"REST"}],"circlet_count":0,"master_deck":["AdministrixMod:Strike_Administrix","AdministrixMod:Strike_Administrix","AdministrixMod:Strike_Administrix","AdministrixMod:RedCloak+1","AdministrixMod:Defend_Administrix+1","AdministrixMod:Defend_Administrix+1","AdministrixMod:Defend_Administrix+1","AdministrixMod:Defend_Administrix+1","AdministrixMod:BlueCloak","AdministrixMod:RegentEdict","AdministrixMod:BegetEternity+1","AdministrixMod:PlateOfAntiquity+1","AdministrixMod:LightOfYourLife+1","AdministrixMod:Untouchable+1","AdministrixMod:BegetEternity+1","AdministrixMod:SipOfSparks+1","AdministrixMod:NewWardrobe","AdministrixMod:ShadowPlay","AdministrixMod:HaveItAll","AdministrixMod:NewbornDivinity","AdministrixMod:DiversionaryTactic","AdministrixMod:ShadowPlay+1","AdministrixMod:PassageOfAges","AdministrixMod:BegetEternity+1","AdministrixMod:RebukeDesires+1","AdministrixMod:DeathByGlamour+1","AdministrixMod:BishamonBlessing+1","AdministrixMod:SealAway+1","AdministrixMod:Transition+1","AdministrixMod:XianArts","AdministrixMod:Mastermind"],"relics":["AdministrixMod:ConductorRitualBaton","aspiration:Nostalgia","Burning Blood","StuffTheSpire:MayFlowers","AdministrixMod:CrackedTaijitu","hubris:BundleOfHerbs","Replay:Bronze Core","Strange Spoon","Sling","hubris:PeanutButter","Fusion Hammer","Orichalcum","Gremlin Food","Replay:Wax Seal","BargainBundle"],"acts_visited":["Exordium","TheCity","TheBeyond"],"potions_floor_usage":[40,40,46,50,50],"damage_taken":[{"damage":0.0,"enemies":"Cultist","floor":1.0,"turns":3.0},{"damage":0.0,"enemies":"2 Louse","floor":2.0,"turns":2.0},{"damage":9.0,"enemies":"conspire:RoseBush","floor":4.0,"turns":2.0},{"damage":26.0,"enemies":"Lagavulin","floor":6.0,"turns":7.0},{"damage":13.0,"enemies":"Exordium Wildlife","floor":8.0,"turns":4.0},{"damage":9.0,"enemies":"Lots of Slimes","floor":10.0,"turns":4.0},{"damage":10.0,"enemies":"Gremlin Nob","floor":11.0,"turns":3.0},{"damage":5.0,"enemies":"Looter","floor":12.0,"turns":2.0},{"damage":0.0,"enemies":"Exordium Wildlife","floor":14.0,"turns":3.0},{"damage":29.0,"enemies":"The Guardian","floor":16.0,"turns":10.0},{"damage":9.0,"enemies":"Shell Parasite","floor":18.0,"turns":6.0},{"damage":0.0,"enemies":"3 Byrds","floor":19.0,"turns":6.0},{"damage":2.0,"enemies":"Centurion and Healer","floor":21.0,"turns":5.0},{"damage":9.0,"enemies":"3 Cultists","floor":22.0,"turns":4.0},{"damage":3.0,"enemies":"conspire:HollyBat","floor":25.0,"turns":7.0},{"damage":4.0,"enemies":"Shelled Parasite and Fungi","floor":30.0,"turns":4.0},{"damage":7.0,"enemies":"Snake Plant","floor":31.0,"turns":2.0},{"damage":11.0,"enemies":"conspire:MysteriousRune","floor":33.0,"turns":6.0},{"damage":0.0,"enemies":"Orb Walker","floor":35.0,"turns":4.0},{"damage":16.0,"enemies":"conspire:MimicChest","floor":36.0,"turns":4.0},{"damage":0.0,"enemies":"3 Darklings","floor":37.0,"turns":4.0},{"damage":0.0,"enemies":"Maw","floor":38.0,"turns":5.0},{"damage":0,"enemies":"Jaw Worm Horde","floor":39,"turns":4},{"damage":42,"enemies":"Reptomancer","floor":40,"turns":5},{"damage":3,"enemies":"4 Shapes","floor":41,"turns":3},{"damage":12,"enemies":"Transient","floor":44,"turns":5},{"damage":8,"enemies":"4 Shapes","floor":46,"turns":4},{"damage":8,"enemies":"HollowMod:SlobberingHusk","floor":47,"turns":7},{"damage":0,"enemies":"Maw","floor":48,"turns":7},{"damage":156,"enemies":"conspire:OrnateMirror","floor":50,"turns":6}],"seed_played":"-8293272157511707869","potions_obtained":[{"floor":2.0,"key":"FearPotion"},{"floor":6.0,"key":"Elixir"},{"floor":11.0,"key":"Guardian:BlockOnCardUsePotion"},{"floor":14.0,"key":"PowerPotion"},{"floor":16.0,"key":"Strength Potion"},{"floor":18.0,"key":"Weak Potion"},{"floor":21.0,"key":"Strength Potion"},{"floor":31.0,"key":"Energy Potion"},{"floor":35.0,"key":"DuplicationPotion"},{"floor":36.0,"key":"Block Potion"},{"floor":47,"key":"SteroidPotion"}],"is_trial":false,"path_per_floor":["M","M","?","M","$","E","R","M","T","M","E","M","?","M","R_BF","B",null,"M","M","$","M","M","R","$","M","T","R","?","R","M","M","R","B",null,"M","?","M","M","M","E","M","R","T","M","$","M","M","M","R","B"],"character_chosen":"TheAdministrix","items_purchased":["StuffTheSpire:MayFlowers","AdministrixMod:LightOfYourLife","Strange Spoon","AdministrixMod:ShadowPlay","Sling","AdministrixMod:RebukeDesires","BargainBundle","ColorlessPotion","Flashbang"],"campfire_rested":3,"item_purchase_floors":[5,5,20,20,24,24,45,45,45],"current_hp_per_floor":[65,65,65,62,62,47,65,58,58,55,51,52,52,58,58,41,65,65,65,65,65,62,62,62,65,65,65,65,65,65,64,64,62,65,65,55,61,65,65,29,32,51,51,48,48,49,53,64,65,0,0],"gold":191,"neow_bonus":"NOSTALGIA","is_daily":false,"chose_seed":false,"campfire_upgraded":5,"win_rate":0.0,"timestamp":1607966862,"path_taken":["M","?","?","M","$","E","R","M","T","M","E","?","?","M","R_BF","BOSS","M","M","$","M","M","R","$","M","T","R","?","R","M","M","R","BOSS","M","?","M","M","?","E","M","R","T","M","$","M","M","M","R","BOSS"],"items_purchased_type":["Relic","Card","Relic","Card","Relic","Card","Relic","Potion","Potion"],"build_version":"2020-12-13","purchased_purges":1,"victory":false,"max_hp_per_floor":[65,65,65,65,65,65,65,65,65,65,65,65,65,65,65,65,65,65,65,65,65,65,65,65,65,65,65,65,65,65,65,65,65,65,65,65,65,65,65,65,65,65,65,65,65,65,65,65,65,65,65],"card_choices":[{"not_picked":["AdministrixMod:RebukeDesires","AdministrixMod:ImmortalGrace"],"picked":"AdministrixMod:RegentEdict","floor":1.0},{"not_picked":["AdministrixMod:DiversionaryTactic","AdministrixMod:Transition"],"picked":"AdministrixMod:BegetEternity","floor":2.0},{"not_picked":["AdministrixMod:LightOfYourLife","AdministrixMod:ImmortalPurity"],"picked":"AdministrixMod:PlateOfAntiquity","floor":4.0},{"not_picked":["AdministrixMod:BrewingCloister","AdministrixMod:XianArts"],"picked":"AdministrixMod:Untouchable","floor":6.0},{"not_picked":["AdministrixMod:Katabasis","AdministrixMod:BishamonBlessing"],"picked":"AdministrixMod:BegetEternity","floor":8.0},{"not_picked":["AdministrixMod:LightOfYourLife","AdministrixMod:CenturiesAscent"],"picked":"AdministrixMod:SipOfSparks","floor":10.0},{"not_picked":["AdministrixMod:FuneraryRites","AdministrixMod:RegentEdict"],"picked":"AdministrixMod:NewWardrobe","floor":11.0},{"not_picked":["AdministrixMod:DiversionaryTactic","AdministrixMod:ImmortalGrace"],"picked":"AdministrixMod:ShadowPlay","floor":12.0},{"not_picked":["AdministrixMod:FuneraryRites","AdministrixMod:PlateOfAntiquity"],"picked":"AdministrixMod:HaveItAll","floor":14.0},{"not_picked":["AdministrixMod:WifeLightning","AdministrixMod:HaveItAll"],"picked":"AdministrixMod:NewbornDivinity","floor":16.0},{"not_picked":["AdministrixMod:PlateOfAntiquity","AdministrixMod:SipOfSparks+1","AdministrixMod:ImmortalPurity"],"picked":"SKIP","floor":18.0},{"not_picked":["AdministrixMod:JustRewards","AdministrixMod:NoblePath"],"picked":"AdministrixMod:DiversionaryTactic","floor":19.0},{"not_picked":["AdministrixMod:NoblePath","AdministrixMod:Untouchable"],"picked":"AdministrixMod:PassageOfAges","floor":21.0},{"not_picked":["AdministrixMod:DiversionaryTactic","AdministrixMod:PassageOfAges"],"picked":"AdministrixMod:BegetEternity","floor":22.0},{"not_picked":["AdministrixMod:BegetEternity+1","AdministrixMod:LightOfYourLife"],"picked":"AdministrixMod:DeathByGlamour","floor":25.0},{"not_picked":["AdministrixMod:JustRewards","AdministrixMod:ImmortalPurity"],"picked":"AdministrixMod:BishamonBlessing+1","floor":30.0},{"not_picked":["AdministrixMod:SyncreticSurge","AdministrixMod:ImmortalGrace","AdministrixMod:TouchOfCinnabar"],"picked":"SKIP","floor":31.0},{"not_picked":["AdministrixMod:RebukeDesires+1","AdministrixMod:ImmortalGrace","AdministrixMod:DiversionaryTactic+1"],"picked":"SKIP","floor":35.0},{"not_picked":["AdministrixMod:SipOfSparks+1","AdministrixMod:FiendishCrimson"],"picked":"AdministrixMod:SealAway+1","floor":36.0},{"not_picked":["AdministrixMod:TouchOfCinnabar+1","AdministrixMod:LuminaryPath"],"picked":"AdministrixMod:Transition+1","floor":37.0},{"not_picked":["AdministrixMod:PassageOfAges+1","AdministrixMod:TouchOfCinnabar","AdministrixMod:JustRewards"],"picked":"SKIP","floor":38.0},{"not_picked":["AdministrixMod:NoblePath+1","AdministrixMod:Transition+1","AdministrixMod:RegentEdict+1"],"picked":"SKIP","floor":39},{"not_picked":["AdministrixMod:RegentEdict+1","AdministrixMod:MixOfMercury","AdministrixMod:PlateOfAntiquity+1"],"picked":"SKIP","floor":40},{"not_picked":["AdministrixMod:BegetEternity+1","AdministrixMod:Transition","AdministrixMod:RegentEdict+1"],"picked":"SKIP","floor":41},{"not_picked":["AdministrixMod:RebukeDesires+1","AdministrixMod:NoblePath+1"],"picked":"AdministrixMod:XianArts","floor":44},{"not_picked":["AdministrixMod:NoblePath","AdministrixMod:Transition+1","AdministrixMod:FuneraryRites"],"picked":"SKIP","floor":46},{"not_picked":["AdministrixMod:SealAway+1","AdministrixMod:SyncreticSurge+1","AdministrixMod:RegentEdict+1"],"picked":"SKIP","floor":47},{"not_picked":["AdministrixMod:PassageOfAges+1","AdministrixMod:ExtolVirtue+1"],"picked":"AdministrixMod:Mastermind","floor":48}],"player_experience":189550,"relics_obtained":[{"floor":6.0,"key":"Happy Flower"},{"floor":9.0,"key":"AdministrixMod:CrackedTaijitu"},{"floor":11.0,"key":"hubris:BundleOfHerbs"},{"floor":26.0,"key":"hubris:PeanutButter"},{"floor":36.0,"key":"Orichalcum"},{"floor":40,"key":"Gremlin Food"},{"floor":43,"key":"Replay:Wax Seal"}],"event_choices":[{"damage_healed":0.0,"max_hp_gain":0.0,"max_hp_loss":0.0,"gold_gain":100.0,"event_name":"Golden Shrine","player_choice":"Pray","floor":3.0,"gold_loss":0.0,"damage_taken":0.0},{"cards_removed":["AdministrixMod:Strike_Administrix"],"damage_healed":0.0,"max_hp_gain":0.0,"max_hp_loss":0.0,"gold_gain":0.0,"event_name":"betterNote:BetterNote","player_choice":"Give","floor":28.0,"gold_loss":0.0,"damage_taken":0.0,"cards_obtained":["Strike_R"]}],"is_beta":false,"boss_relics":[{"not_picked":["Ectoplasm","hubris:RunicObelisk"],"picked":"Replay:Bronze Core"},{"not_picked":["Busted Crown","Runic Dome"],"picked":"Fusion Hammer"}],"items_purged_floors":[45],"is_endless":false,"potions_floor_spawned":[2,6,11,14,16,18,21,31,35,36,37,39,46,47],"killed_by":"conspire:OrnateMirror","ascension_level":0}}