{"host":"x2bb8tnu3h3a650h","time":1607981731,"event":{"mods":["AchievementEnabler","Aspiration","BaseMod","BetterRewards","Colored Map","Conspire","Defuse TimeMaze Blight","Downfall","Energized Spire","Halation","Hubris","Infinite Spire","Mimic Mod","Minty Spire (QoL Compilation)","Rare Cards Sparkle","Replay The Spire","Shop Mod","Spicy Shops","StSLib","The Jungle","The Servant 0.9.4","Wandering Minibosses","vexMod"],"gold_per_floor":[99,99,99,129,129,129,153,63,83,83,83],"floor_reached":10,"playtime":376,"items_purged":["champ:Strike"],"score":87,"play_id":"4c54fae9-e635-4070-94fe-2aba7e64160d","local_time":"20201214213531","is_ascension_mode":false,"campfire_choices":[{"data":"champ:Taunt","floor":1,"key":"SMITH"},{"data":"champ:StanceDance","floor":5,"key":"SMITH"}],"circlet_count":0,"master_deck":["champ:Strike","champ:Strike","champ:Strike","champ:Defend","champ:Defend","champ:Defend","champ:Defend","champ:Execute","champ:Taunt+1","champ:Shatter","champ:StanceDance+1","champ:DefensiveShout"],"relics":["champ:ChampionCrown","downfall:HeartsMalice","Replay:Baseball"],"acts_visited":["Exordium"],"potions_floor_usage":[6],"damage_taken":[{"damage":0,"enemies":"Cultist","floor":2,"turns":1},{"damage":0,"enemies":"Jaw Worm","floor":3,"turns":1},{"damage":0,"enemies":"3 Sentries","floor":4,"turns":1},{"damage":10,"enemies":"downfall:FleeingMerchant","floor":8,"turns":4},{"damage":8,"enemies":"Small Slimes","floor":9,"turns":3},{"damage":13,"enemies":"Gremlin Nob","floor":10,"turns":3}],"seed_played":"-3436294717819645295","potions_obtained":[{"floor":4,"key":"Explosive Potion"},{"floor":6,"key":"Fruit Juice"},{"floor":6,"key":"champ:TechniquePotion"},{"floor":6,"key":"EntropicBrew"}],"is_trial":false,"path_per_floor":["R","M","M","E","R","?","T","$","M","E"],"character_chosen":"THE_CHAMP","items_purchased":[],"campfire_rested":0,"item_purchase_floors":[],"current_hp_per_floor":[90,90,90,90,90,95,95,95,95,87,87],"gold":83,"neow_bonus":"THREE_ENEMY_KILL","is_daily":false,"chose_seed":false,"campfire_upgraded":2,"win_rate":0.0,"timestamp":1607981731,"path_taken":["R","M","?","E","R","?","T","$","?","E"],"items_purchased_type":[],"build_version":"2020-12-13","purchased_purges":1,"victory":false,"max_hp_per_floor":[90,90,90,90,90,95,95,95,95,95,95],"card_choices":[{"not_picked":["champ:BringItOn","champ:TornadoPunch"],"picked":"champ:Shatter","floor":2},{"not_picked":["champ:GladiatorsShout","champ:ArenaPreparation"],"picked":"champ:StanceDance","floor":3},{"not_picked":["champ:EnragedBash","champ:PerfectedStrike","champ:DancingMaster"],"picked":"SKIP","floor":4},{"not_picked":["champ:FaceSlap","champ:Duel","champ:BerserkersShout"],"picked":"SKIP","floor":8},{"not_picked":["champ:GladiatorsShout","champ:FaceSlap"],"picked":"champ:DefensiveShout","floor":9}],"player_experience":589657,"relics_obtained":[{"floor":4,"key":"CeramicFish"},{"floor":7,"key":"Replay:Baseball"}],"event_choices":[],"is_beta":false,"boss_relics":[],"items_purged_floors":[8],"is_endless":false,"potions_floor_spawned":[4,9],"killed_by":"Gremlin Nob","ascension_level":0}}