{"host":"15dd7v8o90xso62x","time":1607912830,"event":{"mods":["BaseMod","Minty Spire (QoL Compilation)","Quick Restart","StSLib"],"gold_per_floor":[117,137,61,61,61,91,91,119,172,172,172],"floor_reached":10,"playtime":143,"items_purged":[],"score":198,"play_id":"1c4ea9f5-2b7a-4c17-8dc2-9baf3de71bb6","local_time":"20201214112710","is_ascension_mode":true,"campfire_choices":[{"data":"Eruption","floor":7.0,"key":"SMITH"}],"circlet_count":0,"master_deck":["AscendersBane","Strike_P","Strike_P","Strike_P","Strike_P","Defend_P","Defend_P","Defend_P","Defend_P","Eruption+1","Vigilance","CutThroughFate","BowlingBash","Ragnarok","Devotion+1"],"relics":["PureWater","NeowsBlessing","Frozen Egg 2","Smiling Mask","Pear","Art of War","Damaru"],"acts_visited":["Exordium"],"potions_floor_usage":[],"damage_taken":[{"damage":0.0,"enemies":"Cultist","floor":1.0,"turns":1.0},{"damage":0.0,"enemies":"Jaw Worm","floor":2.0,"turns":1.0},{"damage":0.0,"enemies":"3 Sentries","floor":6.0,"turns":1.0},{"damage":40.0,"enemies":"Lagavulin","floor":8.0,"turns":5.0},{"damage":0,"enemies":"Gremlin Nob","floor":10,"turns":2}],"seed_played":"-6075559964663231020","potions_obtained":[],"is_trial":false,"path_per_floor":["M","M","$","T","?","E","R","E","T","E"],"character_chosen":"WATCHER","items_purchased":["Ragnarok"],"campfire_rested":0,"item_purchase_floors":[3],"current_hp_per_floor":[61,61,61,61,43,53,53,13,13,13,13],"gold":172,"neow_bonus":"THREE_ENEMY_KILL","is_daily":false,"chose_seed":false,"campfire_upgraded":1,"win_rate":0.0,"timestamp":1607912830,"path_taken":["M","M","$","?","?","E","R","E","T","E"],"items_purchased_type":["Card"],"build_version":"2020-12-13","purchased_purges":0,"victory":false,"max_hp_per_floor":[68,68,68,68,68,78,78,78,78,78,78],"card_choices":[{"not_picked":["Prostrate","SandsOfTime"],"picked":"CutThroughFate","floor":1.0},{"not_picked":["Evaluate","FlyingSleeves"],"picked":"BowlingBash","floor":2.0},{"not_picked":["FollowUp","WindmillStrike","Consecrate"],"picked":"SKIP","floor":6.0},{"not_picked":["WindmillStrike","CarveReality"],"picked":"Devotion+1","floor":8.0}],"player_experience":894417,"relics_obtained":[{"floor":4.0,"key":"Frozen Egg 2"},{"floor":6.0,"key":"Pear"},{"floor":8.0,"key":"Art of War"},{"floor":9.0,"key":"Damaru"}],"event_choices":[{"damage_healed":0.0,"max_hp_gain":0.0,"max_hp_loss":0.0,"gold_gain":0.0,"event_name":"Scrap Ooze","player_choice":"Success","floor":5.0,"gold_loss":0.0,"damage_taken":18.0,"relics_obtained":["Smiling Mask"]}],"is_beta":false,"boss_relics":[],"items_purged_floors":[],"is_endless":false,"potions_floor_spawned":[],"killed_by":"Gremlin Nob","ascension_level":20}}