{"host":"swphzoo6hmc78epl","time":1607907830,"event":{"mods":["BaseMod","Highlight Path","Minty Spire (QoL Compilation)","Quick Restart"],"gold_per_floor":[109,124,137,152,170,202,202,231,306,4,20,20,20,43,43,167,167,181,217,177,191,212,251,251,294,318,341,16,16,16,16,16,16,16],"floor_reached":33,"playtime":1736,"items_purged":["Defend_P"],"score":476,"play_id":"e3df7e9c-d08a-461f-8199-f96c54d57ee4","local_time":"20201213200350","is_ascension_mode":true,"campfire_choices":[{"data":"BattleHymn","floor":7,"key":"SMITH"},{"data":"Alpha","floor":13,"key":"SMITH"},{"data":"FollowUp","floor":15,"key":"SMITH"},{"data":"DeceiveReality","floor":24,"key":"SMITH"},{"data":"TalkToTheHand","floor":32,"key":"SMITH"}],"circlet_count":0,"master_deck":["Strike_P","Strike_P+1","Defend_P+1","Defend_P","Eruption","Vigilance","CurseOfTheBell","Wallop+1","Indignation","BattleHymn+1","JustLucky","TalkToTheHand+1","FollowUp+1","Alpha+1","ThirdEye","DeusExMachina","Evaluate+1","Wallop+1","Consecrate+1","DeceiveReality+1","ClearTheMind","Indignation+1","Ragnarok","DeusExMachina+1"],"relics":["Calling Bell","Art of War","StrikeDummy","Thread and Needle","Centennial Puzzle","Blue Candle","Nunchaku","Bronze Scales","Golden Idol","Empty Cage","Red Mask","Turnip","Oddly Smooth Stone","War Paint","Toxic Egg 2"],"acts_visited":["Exordium","TheCity"],"potions_floor_usage":[6,14,16,21,33],"damage_taken":[{"damage":0,"enemies":"2 Louse","floor":1,"turns":4},{"damage":0,"enemies":"Small Slimes","floor":2,"turns":3},{"damage":0,"enemies":"Jaw Worm","floor":3,"turns":2},{"damage":7,"enemies":"Exordium Thugs","floor":4,"turns":7},{"damage":0,"enemies":"Blue Slaver","floor":5,"turns":4},{"damage":0,"enemies":"Gremlin Nob","floor":6,"turns":3},{"damage":0,"enemies":"Lagavulin","floor":8,"turns":3},{"damage":0,"enemies":"2 Fungi Beasts","floor":11,"turns":2},{"damage":0,"enemies":"Gremlin Gang","floor":14,"turns":3},{"damage":1,"enemies":"Slime Boss","floor":16,"turns":6},{"damage":10,"enemies":"Shell Parasite","floor":18,"turns":4},{"damage":9,"enemies":"Masked Bandits","floor":19,"turns":3},{"damage":1,"enemies":"2 Thieves","floor":21,"turns":4},{"damage":10,"enemies":"Snecko","floor":22,"turns":5},{"damage":29,"enemies":"Gremlin Leader","floor":23,"turns":6},{"damage":64,"enemies":"Slavers","floor":25,"turns":5},{"damage":0,"enemies":"Cultist and Chosen","floor":27,"turns":4},{"damage":42,"enemies":"Automaton","floor":33,"turns":6}],"seed_played":"2104143414269022733","potions_obtained":[{"floor":3,"key":"FairyPotion"},{"floor":4,"key":"LiquidMemories"},{"floor":5,"key":"Explosive Potion"},{"floor":14,"key":"Swift Potion"},{"floor":19,"key":"Energy Potion"},{"floor":22,"key":"FairyPotion"},{"floor":25,"key":"FearPotion"}],"is_trial":false,"path_per_floor":["M","M","M","M","M","E","R","E","T","$","M","?","R","M","R","B",null,"M","?","?","M","M","E","R","E","T","M","$","?","?","?","R","B"],"character_chosen":"WATCHER","items_purchased":["Nunchaku","Bronze Scales","Toxic Egg 2"],"campfire_rested":0,"item_purchase_floors":[10,10,28],"current_hp_per_floor":[72,72,72,65,65,65,65,65,65,65,65,47,47,47,47,46,72,62,53,53,52,42,13,13,4,4,4,4,4,28,28,28,0,0],"gold":16,"neow_bonus":"BOSS_RELIC","is_daily":false,"chose_seed":false,"campfire_upgraded":5,"win_rate":0.0,"timestamp":1607907830,"path_taken":["M","M","M","M","M","E","R","E","T","$","M","?","R","M","R","BOSS","M","?","?","M","?","E","R","E","T","M","$","?","?","?","R","BOSS"],"items_purchased_type":["Relic","Relic","Relic"],"build_version":"2020-12-13","purchased_purges":1,"victory":false,"max_hp_per_floor":[72,72,72,72,72,72,72,72,72,72,72,72,72,72,72,72,72,72,72,72,72,72,72,72,72,72,72,72,72,72,72,72,72,72],"card_choices":[{"not_picked":["Halt","ClearTheMind"],"picked":"Wallop","floor":1},{"not_picked":["Nirvana","Swivel"],"picked":"FlyingSleeves","floor":2},{"not_picked":["Crescendo","EmptyFist"],"picked":"Indignation","floor":3},{"not_picked":["FlurryOfBlows","Halt"],"picked":"BattleHymn","floor":4},{"not_picked":["Crescendo","Wallop"],"picked":"JustLucky","floor":5},{"not_picked":["ClearTheMind","Crescendo"],"picked":"TalkToTheHand","floor":6},{"not_picked":["Perseverance","Evaluate"],"picked":"FollowUp","floor":8},{"not_picked":["CutThroughFate","LikeWater"],"picked":"Alpha","floor":11},{"not_picked":["Protect","CrushJoints"],"picked":"ThirdEye","floor":14},{"not_picked":["Vault","Alpha"],"picked":"DeusExMachina","floor":16},{"not_picked":["PathToVictory+1","FlyingSleeves"],"picked":"Evaluate","floor":18},{"not_picked":["EmptyBody","SignatureMove"],"picked":"Wallop+1","floor":19},{"not_picked":["Fasting2","SashWhip"],"picked":"Consecrate+1","floor":21},{"not_picked":["BowlingBash+1","Tantrum"],"picked":"DeceiveReality","floor":22},{"not_picked":["EmptyFist+1","FollowUp","Wallop"],"picked":"SKIP","floor":23},{"not_picked":["Evaluate","FlyingSleeves","Consecrate+1"],"picked":"SKIP","floor":25},{"not_picked":["ConjureBlade","Collect"],"picked":"ClearTheMind","floor":27}],"player_experience":734810,"relics_obtained":[{"floor":0,"key":"Art of War"},{"floor":0,"key":"StrikeDummy"},{"floor":0,"key":"Thread and Needle"},{"floor":6,"key":"Centennial Puzzle"},{"floor":8,"key":"Blue Candle"},{"floor":19,"key":"Red Mask"},{"floor":23,"key":"Turnip"},{"floor":25,"key":"Oddly Smooth Stone"},{"floor":26,"key":"War Paint"}],"event_choices":[{"damage_healed":0,"gold_gain":0,"player_choice":"Take Damage","damage_taken":18,"relics_obtained":["Golden Idol"],"max_hp_gain":0,"max_hp_loss":0,"event_name":"Golden Idol","floor":12,"gold_loss":0},{"damage_healed":0,"gold_gain":0,"player_choice":"Fought Bandits","damage_taken":0,"max_hp_gain":0,"max_hp_loss":0,"event_name":"Masked Bandits","floor":19,"gold_loss":0},{"damage_healed":0,"gold_gain":0,"player_choice":"Upgraded Two","damage_taken":0,"max_hp_gain":0,"max_hp_loss":0,"event_name":"Designer","floor":20,"gold_loss":40,"cards_upgraded":["Wallop","Strike_P"]},{"damage_healed":0,"gold_gain":0,"cards_transformed":["Defend_P","Strike_P"],"player_choice":"Became Test Subject","damage_taken":0,"max_hp_gain":0,"max_hp_loss":0,"event_name":"Drug Dealer","floor":29,"gold_loss":0,"cards_obtained":["Indignation","Ragnarok"]},{"damage_healed":24,"gold_gain":0,"player_choice":"Heal","damage_taken":0,"max_hp_gain":0,"max_hp_loss":0,"event_name":"The Library","floor":30,"gold_loss":0},{"damage_healed":0,"gold_gain":0,"player_choice":"Copied","damage_taken":0,"max_hp_gain":0,"max_hp_loss":0,"event_name":"Duplicator","floor":31,"gold_loss":0,"cards_obtained":["DeusExMachina"]}],"is_beta":false,"boss_relics":[{"not_picked":["Pandora\u0027s Box","VioletLotus"],"picked":"Empty Cage"}],"items_purged_floors":[28],"is_endless":false,"potions_floor_spawned":[3,4,5,14,19,22,25],"killed_by":"Automaton","ascension_level":4}}