{"host":"ctlqibkg0sskiu65","time":1607939109,"event":{"mods":["2.2 Compatiblity","AchievementEnabler","Aspiration","BaseMod","BetterRewards","Colored Map","Colored Powertips","Conspire","Fiend Mod","Infinite Spire","Minty Spire (QoL Compilation)","Quick Restart","Replay The Spire","Shop Mod","StSLib","The Bladedancer","The Cursed","The Hierophant","The Jungle","The Kombatant","The Servant 0.9.4","TheBandit"],"gold_per_floor":[109,126,126,126,126,126,152,152,152,152,6,22,22,34,34,133,133,152,76,93,109,9,9,19,34,34,44,62,62,62,88,88,88,88],"floor_reached":33,"playtime":1344,"items_purged":["Strike_G","Strike_G"],"score":284,"play_id":"94d465e8-a70e-4499-a762-24815038c79a","local_time":"20201214034509","is_ascension_mode":true,"campfire_choices":[{"data":"Poisoned Stab","floor":6,"key":"SMITH"},{"data":"Prepared","floor":8,"key":"SMITH"},{"data":"Neutralize","floor":10,"key":"SMITH"},{"data":"Toxin Wave","floor":15,"key":"SMITH"},{"floor":23,"key":"REST"},{"floor":30,"key":"REST"},{"data":"Poison Darts","floor":32,"key":"SMITH"}],"circlet_count":0,"master_deck":["Strike_G","Strike_G","Defend_G","Defend_G","Defend_G","Defend_G","Defend_G","Survivor","Neutralize+1","Poisoned Stab+1","Prepared+1","Toxin Wave+1","Deadly Poison","Dodge and Roll","PiercingWail","Catalyst","Bane","Poison Darts+1","Deadly Poison+1","Deadly Poison"],"relics":["Ring of the Snake","Bronze Scales","Darkstone Periapt","Black Star","conspire:GlowingRock","infinitespire:Eraser","Pen Nib"],"acts_visited":["Exordium","TheCity"],"potions_floor_usage":[7,16,16,28,28],"damage_taken":[{"damage":1,"enemies":"Small Slimes","floor":1,"turns":5},{"damage":4,"enemies":"Jaw Worm","floor":2,"turns":4},{"damage":22,"enemies":"Gremlin Nob","floor":7,"turns":4},{"damage":0,"enemies":"Cultist","floor":12,"turns":3},{"damage":0,"enemies":"Gremlin Gang","floor":14,"turns":3},{"damage":1,"enemies":"Hexaghost","floor":16,"turns":7},{"damage":22,"enemies":"Chosen","floor":18,"turns":6},{"damage":0,"enemies":"Shell Parasite","floor":20,"turns":6},{"damage":20,"enemies":"Shelled Parasite and Fungi","floor":21,"turns":5},{"damage":6,"enemies":"Snake Plant","floor":24,"turns":4},{"damage":14,"enemies":"Cultist and Chosen","floor":25,"turns":5},{"damage":5,"enemies":"Snecko","floor":27,"turns":3},{"damage":9,"enemies":"Snake Plant","floor":28,"turns":4},{"damage":54,"enemies":"Champ","floor":33,"turns":8}],"seed_played":"5168353772087722479","potions_obtained":[{"floor":2,"key":"Toxic Potion"},{"floor":7,"key":"Poison Potion"},{"floor":12,"key":"SpeedPotion"},{"floor":24,"key":"Milkshake"},{"floor":25,"key":"Reflective Coating"},{"floor":28,"key":"Fruit Juice"}],"is_trial":false,"path_per_floor":["M","M","?","?","?","R","E","R","T","R","$","M","$","M","R","B",null,"M","?","M","M","$","R","M","M","T","M","M","?","R","T","R_BF","B"],"character_chosen":"THE_SILENT","items_purchased":["Toxin Wave"],"campfire_rested":2,"item_purchase_floors":[11],"current_hp_per_floor":[76,72,72,72,72,72,50,50,50,50,50,50,50,50,50,49,77,55,55,55,35,35,58,52,38,38,33,29,29,53,53,53,0,0],"gold":88,"neow_bonus":"TEN_PERCENT_HP_BONUS","is_daily":false,"chose_seed":false,"campfire_upgraded":5,"win_rate":0.0,"timestamp":1607939109,"path_taken":["M","M","?","?","?","R","E","R","T","R","$","M","?","?","R","BOSS","M","?","M","?","$","R","M","?","T","M","M","?","R","?","R_BF","BOSS"],"items_purchased_type":["Card"],"build_version":"2020-12-13","purchased_purges":2,"victory":false,"max_hp_per_floor":[77,77,77,77,77,77,77,77,77,77,77,77,77,77,77,77,77,77,77,77,77,77,77,77,77,77,77,82,82,82,82,82,82,82],"card_choices":[{"not_picked":["Hidden Blade","Outmaneuver"],"picked":"Poisoned Stab","floor":1},{"not_picked":["Skewer","Underhanded Strike","Outmaneuver"],"picked":"SKIP","floor":2},{"not_picked":["Backflip","Caltrops"],"picked":"Prepared","floor":7},{"not_picked":["Quick Slash","Dodge and Roll"],"picked":"Deadly Poison","floor":12},{"not_picked":["Backflip","conspire:DoublingDagger"],"picked":"Dodge and Roll","floor":14},{"not_picked":["Dodge and Roll","Masterful Stab"],"picked":"PiercingWail","floor":18},{"not_picked":["Sucker Punch+1","Dagger Throw"],"picked":"Catalyst","floor":20},{"not_picked":["Terror+1","PiercingWail"],"picked":"Bane","floor":21},{"not_picked":["Acrobatics","Dagger Throw"],"picked":"Poison Darts","floor":24},{"not_picked":["Eviscerate","Slice"],"picked":"Deadly Poison+1","floor":25},{"not_picked":["Fluid Movement","Distraction+1"],"picked":"Deadly Poison","floor":27},{"not_picked":["conspire:DoublingDagger","Dodge and Roll","Cloak And Dagger"],"picked":"SKIP","floor":28}],"player_experience":120591,"relics_obtained":[{"floor":7,"key":"Bronze Scales"},{"floor":9,"key":"Darkstone Periapt"},{"floor":26,"key":"infinitespire:Eraser"},{"floor":31,"key":"Pen Nib"}],"event_choices":[{"damage_healed":0,"gold_gain":0,"player_choice":"Disagree","damage_taken":0,"max_hp_gain":0,"max_hp_loss":0,"event_name":"conspire:LoneGhost","floor":3,"gold_loss":0},{"cards_removed":["Strike_G"],"damage_healed":0,"gold_gain":0,"player_choice":"Forget","damage_taken":0,"max_hp_gain":0,"max_hp_loss":0,"event_name":"Living Wall","floor":4,"gold_loss":0},{"damage_healed":0,"gold_gain":0,"player_choice":"Leave","damage_taken":0,"max_hp_gain":0,"max_hp_loss":0,"event_name":"conspire:Investor","floor":5,"gold_loss":0},{"damage_healed":0,"gold_gain":0,"player_choice":"Paid Gold","damage_taken":0,"relics_obtained":["conspire:GlowingRock"],"max_hp_gain":0,"max_hp_loss":0,"event_name":"WeMeetAgain","floor":19,"gold_loss":76}],"is_beta":false,"boss_relics":[{"not_picked":["aspiration:RitualDagger","Fiend:Scarf"],"picked":"Black Star"}],"items_purged_floors":[11,22],"is_endless":false,"potions_floor_spawned":[2,7,12,24,25,28],"killed_by":"Champ","ascension_level":3}}