{"host":"ki5kvxn974a96omm","time":1607989654,"event":{"mods":["BaseMod","Better Altar","Better Match","Better Note","Better Sensory Stone","Better Skull","Colored Map","Colored Powertips","Highlight Path","Minty Spire (QoL Compilation)","Random Character Button","Relic Sorter","StSLib"],"gold_per_floor":[359,370,370,44,64,99,123,158,183,192,228,223,188,14,14,90,90,118,118,142,168,177,213,11,36,36,71,83,99,99,113,122,203,203,222,232,116,139,139,139,174,174,174,183,218,93,112,131,131,131,131],"floor_reached":50,"playtime":3227,"items_purged":["Strike_G"],"score":1156,"play_id":"067da52b-621a-41ad-8342-487f9e7ae8fd","local_time":"20201214184734","is_ascension_mode":true,"campfire_choices":[{"floor":10,"key":"REST"},{"data":"Apotheosis","floor":15,"key":"SMITH"},{"floor":30,"key":"REST"},{"floor":32,"key":"REST"},{"floor":40,"key":"REST"},{"floor":42,"key":"REST"},{"floor":44,"key":"REST"},{"floor":49,"key":"RECALL"}],"circlet_count":0,"master_deck":["AscendersBane","Strike_G","Strike_G","Strike_G","Strike_G","Defend_G","Defend_G","Defend_G","Defend_G","Survivor+1","Neutralize","PiercingWail","Bouncing Flask+1","Storm of Steel","Noxious Fumes","Backflip","Poisoned Stab","Grand Finale","Acrobatics","Dagger Throw","PiercingWail","Reflex","Burst","Apotheosis+1","Dodge and Roll+1","Expertise+1","Skewer","Terror","Calculated Gamble","Calculated Gamble","Night Terror","Panacea","Parasite","Caltrops","Footwork","PiercingWail"],"relics":["Ring of the Snake","War Paint","CeramicFish","Potion Belt","Dream Catcher","Bag of Preparation","WristBlade","MutagenicStrength","Bottled Flame","Vajra","Oddly Smooth Stone","Singing Bowl","Art of War","Runic Dome","Happy Flower","Nunchaku"],"acts_visited":["Exordium","TheCity","TheBeyond"],"potions_floor_usage":[6,8,23,23,27,29,33,33,41,41,45,50,50],"damage_taken":[{"damage":3,"enemies":"Jaw Worm","floor":1,"turns":6},{"damage":0,"enemies":"Small Slimes","floor":2,"turns":5},{"damage":0,"enemies":"Cultist","floor":5,"turns":2},{"damage":15,"enemies":"3 Sentries","floor":6,"turns":6},{"damage":7,"enemies":"Large Slime","floor":7,"turns":4},{"damage":36,"enemies":"Gremlin Nob","floor":8,"turns":5},{"damage":14,"enemies":"Lagavulin","floor":11,"turns":6},{"damage":3,"enemies":"Exordium Thugs","floor":12,"turns":4},{"damage":10,"enemies":"Hexaghost","floor":16,"turns":7},{"damage":0,"enemies":"Spheric Guardian","floor":18,"turns":3},{"damage":1,"enemies":"Chosen","floor":20,"turns":3},{"damage":2,"enemies":"Snake Plant","floor":21,"turns":5},{"damage":11,"enemies":"Book of Stabbing","floor":23,"turns":6},{"damage":0,"enemies":"Gremlin Leader","floor":25,"turns":3},{"damage":0,"enemies":"Book of Stabbing","floor":27,"turns":2},{"damage":21,"enemies":"Cultist and Chosen","floor":28,"turns":6},{"damage":18,"enemies":"Sentry and Sphere","floor":29,"turns":3},{"damage":0,"enemies":"Shelled Parasite and Fungi","floor":31,"turns":1},{"damage":29,"enemies":"Champ","floor":33,"turns":10},{"damage":0,"enemies":"Orb Walker","floor":35,"turns":2},{"damage":37,"enemies":"3 Darklings","floor":36,"turns":6},{"damage":15,"enemies":"Writhing Mass","floor":38,"turns":6},{"damage":13,"enemies":"Giant Head","floor":41,"turns":8},{"damage":35,"enemies":"Reptomancer","floor":45,"turns":8},{"damage":14,"enemies":"Maw","floor":47,"turns":7},{"damage":19,"enemies":"Jaw Worm Horde","floor":48,"turns":5},{"damage":15,"enemies":"Donu and Deca","floor":50,"turns":9}],"seed_played":"4010306428708388685","potions_obtained":[{"floor":5,"key":"Block Potion"},{"floor":6,"key":"Regen Potion"},{"floor":11,"key":"Fire Potion"},{"floor":18,"key":"BlessingOfTheForge"},{"floor":20,"key":"SpeedPotion"},{"floor":27,"key":"ColorlessPotion"},{"floor":28,"key":"Regen Potion"},{"floor":31,"key":"SpeedPotion"},{"floor":33,"key":"PowerPotion"},{"floor":36,"key":"Fire Potion"},{"floor":38,"key":"Energy Potion"},{"floor":45,"key":"GhostInAJar"},{"floor":48,"key":"LiquidBronze"}],"is_trial":false,"path_per_floor":["M","M","?","$","M","E","M","E","T","R","E","M","?","$","R","B",null,"M","?","M","M","?","E","$","E","T","E","M","M","R","M","R","B",null,"M","M","?","M","?","R","E","R","T","R","E","$","M","M","R","B"],"character_chosen":"THE_SILENT","items_purchased":["Noxious Fumes","Backflip","War Paint","Apotheosis","Vajra","Energy Potion","DuplicationPotion","SpeedPotion"],"campfire_rested":6,"item_purchase_floors":[4,4,4,14,24,24,46,46],"current_hp_per_floor":[56,56,56,56,56,41,34,13,13,31,17,14,29,29,29,19,50,50,50,49,47,47,36,36,36,36,38,19,3,24,26,47,33,61,63,28,30,17,17,41,30,55,55,79,46,46,32,13,13,0,0],"gold":131,"neow_bonus":"TWO_FIFTY_GOLD","is_daily":false,"chose_seed":false,"campfire_upgraded":1,"win_rate":0.0,"timestamp":1607989654,"path_taken":["M","M","?","$","M","E","M","E","T","R","E","M","?","$","R","BOSS","M","?","M","M","?","E","?","E","T","E","M","?","R","M","R","BOSS","M","M","?","M","?","R","E","R","T","R","E","$","M","M","R","BOSS"],"items_purchased_type":["Card","Card","Relic","Card","Relic","Potion","Potion","Potion"],"build_version":"2020-12-13","purchased_purges":1,"victory":false,"max_hp_per_floor":[60,60,60,60,60,60,60,60,60,60,60,60,60,60,60,60,60,60,60,60,60,60,60,60,60,60,62,64,66,68,70,70,70,70,72,74,76,78,74,76,78,80,80,80,82,82,82,82,82,82,82],"card_choices":[{"not_picked":["Dagger Spray","Slice"],"picked":"PiercingWail","floor":1},{"not_picked":["PiercingWail","Terror"],"picked":"Bouncing Flask","floor":2},{"not_picked":["All Out Attack","PiercingWail"],"picked":"Poisoned Stab","floor":5},{"not_picked":["Poisoned Stab","Underhanded Strike"],"picked":"Grand Finale","floor":6},{"not_picked":["Backflip","Sucker Punch"],"picked":"Acrobatics","floor":7},{"not_picked":["Prepared","Backflip"],"picked":"Dagger Throw","floor":8},{"not_picked":["Concentrate","Bane"],"picked":"PiercingWail","floor":10},{"not_picked":["Backflip","Flying Knee"],"picked":"Reflex","floor":11},{"not_picked":["Expertise","Acrobatics"],"picked":"Burst","floor":12},{"not_picked":["Dagger Spray","Infinite Blades"],"picked":"Dodge and Roll+1","floor":18},{"not_picked":["Deflect","Infinite Blades+1"],"picked":"Expertise+1","floor":20},{"not_picked":["Expertise","Underhanded Strike"],"picked":"Skewer","floor":21},{"not_picked":["Quick Slash","Sucker Punch"],"picked":"Calculated Gamble","floor":23},{"not_picked":["Sucker Punch","Unload","Predator"],"picked":"SKIP","floor":25},{"not_picked":["Prepared+1","Infinite Blades","Flying Knee"],"picked":"Singing Bowl","floor":27},{"not_picked":["Bane","Dagger Throw+1","Deflect"],"picked":"Singing Bowl","floor":28},{"not_picked":["Riddle With Holes","Flying Knee","Underhanded Strike"],"picked":"Singing Bowl","floor":29},{"not_picked":["Flying Knee","Predator","All Out Attack"],"picked":"Singing Bowl","floor":30},{"not_picked":["Backflip","Slice","Outmaneuver"],"picked":"Singing Bowl","floor":31},{"not_picked":["PiercingWail","Dagger Throw"],"picked":"Calculated Gamble","floor":32},{"not_picked":["Burst","Unload"],"picked":"Night Terror","floor":33},{"not_picked":["Underhanded Strike","Acrobatics","Cloak And Dagger"],"picked":"Singing Bowl","floor":35},{"not_picked":["Finisher+1","Calculated Gamble+1","Bouncing Flask+1"],"picked":"Singing Bowl","floor":36},{"not_picked":["Bandage Up","Jack Of All Trades"],"picked":"Panacea","floor":37},{"not_picked":["Deadly Poison","Acrobatics","Poisoned Stab"],"picked":"Singing Bowl","floor":37},{"not_picked":["Noxious Fumes","Cloak And Dagger","PiercingWail"],"picked":"Singing Bowl","floor":38},{"not_picked":["Poisoned Stab","Quick Slash+1","Blade Dance"],"picked":"Singing Bowl","floor":40},{"not_picked":["Sucker Punch+1","Grand Finale","Heel Hook"],"picked":"Singing Bowl","floor":41},{"not_picked":["Concentrate+1","Choke","Underhanded Strike"],"picked":"Singing Bowl","floor":42},{"not_picked":["Deadly Poison+1","Backflip"],"picked":"Caltrops","floor":44},{"not_picked":["Crippling Poison","Expertise","Poisoned Stab"],"picked":"Singing Bowl","floor":45},{"not_picked":["Endless Agony+1","Underhanded Strike"],"picked":"Footwork","floor":47},{"not_picked":["Dagger Spray+1","Deadly Poison+1"],"picked":"PiercingWail","floor":48}],"player_experience":1606790,"relics_obtained":[{"floor":6,"key":"CeramicFish"},{"floor":8,"key":"Potion Belt"},{"floor":9,"key":"Dream Catcher"},{"floor":11,"key":"Bag of Preparation"},{"floor":23,"key":"Bottled Flame"},{"floor":25,"key":"Oddly Smooth Stone"},{"floor":26,"key":"Singing Bowl"},{"floor":27,"key":"Art of War"},{"floor":41,"key":"Happy Flower"},{"floor":45,"key":"Nunchaku"}],"event_choices":[{"damage_healed":0,"gold_gain":0,"cards_transformed":["Defend_G"],"player_choice":"Change","damage_taken":0,"max_hp_gain":0,"max_hp_loss":0,"event_name":"Living Wall","floor":3,"gold_loss":0,"cards_obtained":["Storm of Steel"]},{"damage_healed":15,"gold_gain":0,"player_choice":"Healed","damage_taken":0,"max_hp_gain":0,"max_hp_loss":0,"event_name":"The Cleric","floor":13,"gold_loss":35},{"damage_healed":0,"gold_gain":0,"player_choice":"Inject Mutagens","damage_taken":0,"relics_obtained":["MutagenicStrength"],"max_hp_gain":0,"max_hp_loss":0,"event_name":"Drug Dealer","floor":19,"gold_loss":0},{"damage_healed":0,"gold_gain":0,"player_choice":"Read","damage_taken":0,"max_hp_gain":0,"max_hp_loss":0,"event_name":"The Library","floor":22,"gold_loss":0,"cards_obtained":["Terror"]},{"damage_healed":0,"gold_gain":0,"player_choice":"1","damage_taken":0,"max_hp_gain":0,"max_hp_loss":0,"event_name":"betterMatch:BetterMatch","floor":37,"gold_loss":0,"cards_obtained":["betterMatch:ColorlessUncommonCard","betterMatch:CommonCard"]},{"damage_healed":0,"gold_gain":0,"player_choice":"Max HP","damage_taken":0,"max_hp_gain":0,"max_hp_loss":4,"event_name":"Winding Halls","floor":39,"gold_loss":0}],"is_beta":false,"boss_relics":[{"not_picked":["Velvet Choker","Empty Cage"],"picked":"WristBlade"},{"not_picked":["Pandora\u0027s Box","Tiny House"],"picked":"Runic Dome"}],"items_purged_floors":[4],"is_endless":false,"potions_floor_spawned":[5,6,11,18,20,27,28,31,33,36,38,45,48],"killed_by":"Donu and Deca","ascension_level":15}}