{"host":"mli1kjx8eh35fx4e","time":1607913919,"event":{"mods":["2.2 Compatiblity","AchievementEnabler","Act Like it!","Aspiration","BaseMod","Better Altar","Better Match","Better Note","Better Sensory Stone","Better Skull","Better Third Choice","BetterRewards","CCEM","Colored Map","Conspire","Downfall","Elementarium","Gensokyo","GifTheSpireLib","Googly Eyes","Halation","Hallownest","Hermit","Hubris","Infinite Spire","Jedi Mod","JesterMod","Jorbs\u0027s Wanderer Trilogy","Mimic Mod","Minty Spire (QoL Compilation)","Pale of the Ancients","Permanent Neow","Railgun Mod","Replay The Spire","Robot Space Explorer","Shade Mod","Shop Mod","Spicy Shops","StSLib","Stuff the Spire","SuperFastMode","The Blackbeard","The Bug Knight","The Cursed","The Death Knight","The Hierophant","The Necromancer","The Problem Sleuth","The Witch","[IsaacMod]????"],"gold_per_floor":[113,133,33,33,133,159,173,173,218,233,90,119,10,20,20,119,219,230,0,100,100,116,116,146,146,146,206,252,252,320,334,334],"floor_reached":31,"playtime":2988,"items_purged":[],"score":283,"play_id":"4b0a1dad-d367-4ccd-aae2-d5521f400a21","local_time":"20201213214519","is_ascension_mode":false,"campfire_choices":[{"floor":8,"key":"REST"},{"floor":15,"key":"RECALL"},{"floor":23,"key":"REST"},{"data":"hermit:FromBeyond","floor":25,"key":"SMITH"}],"circlet_count":0,"master_deck":["hermit:Strike_Hermit","hermit:Strike_Hermit+1","hermit:Strike_Hermit","hermit:Strike_Hermit","hermit:Defend_Hermit","hermit:Defend_Hermit","hermit:Defend_Hermit","hermit:Defend_Hermit","hermit:Snapshot","hermit:Covet","DoctorFetus","hermit:Coalescence","hermit:TakeAim","Ghostly","hermit:BigShot","hermit:GoldenBullet","hermit:Dive","hermit:ShadowCloak","hermit:SprayPray","hermit:ShadowCloak","hermit:Deadeye","hermit:Adapt","hermit:Vantage","hermit:FlashPowder","hermit:Determination","hermit:FromBeyond+1","hermit:Manifest+1","hermit:Malice","hermit:FlashPowder"],"relics":["hermit:Momento","HushsDoor","Leech","hermit:RedScarf","Pocketwatch","halation:AfternoonTea","hubris:TenFootPole","StuffTheSpire:Mouthbags","Replay:Wanted Poster","Lee\u0027s Waffle","hubris:Icosahedron","SalivaCoin","CCEMRelics:Barrel","StuffTheSpire:HistoryBook","Black Star"],"acts_visited":["Exordium","Gensokyo:Gensokyoer"],"potions_floor_usage":[6,16,27,27,27,28,28],"damage_taken":[{"damage":0,"enemies":"Cultist","floor":1,"turns":3},{"damage":0,"enemies":"2 Louse","floor":2,"turns":2},{"damage":26,"enemies":"3 Sentries","floor":6,"turns":9},{"damage":0,"enemies":"Jaw Worm","floor":7,"turns":3},{"damage":9,"enemies":"2 Fungi Beasts","floor":10,"turns":4},{"damage":1,"enemies":"Replay:BlueRogue","floor":12,"turns":5},{"damage":0,"enemies":"3 Louse","floor":14,"turns":2},{"damage":14,"enemies":"Hexaghost","floor":16,"turns":10},{"damage":25,"enemies":"Gensokyo:AngelMirror","floor":18,"turns":4},{"damage":29,"enemies":"Gensokyo:2_Gloops","floor":22,"turns":5},{"damage":10,"enemies":"Gensokyo:Koishi","floor":24,"turns":6},{"damage":43,"enemies":"Nightmare","floor":27,"turns":9},{"damage":22,"enemies":"Gensokyo:Monolith_and_Dog","floor":28,"turns":8},{"damage":27,"enemies":"Gensokyo:Wraith","floor":30,"turns":5},{"damage":15,"enemies":"Gensokyo:Tenshi","floor":31,"turns":2}],"seed_played":"1861972847008527557","potions_obtained":[{"floor":2,"key":"LifebloodPotion"},{"floor":12,"key":"DeathKnight:RimePotion"},{"floor":16,"key":"Energy Potion"},{"floor":28,"key":"jedi:holywater"}],"is_trial":false,"path_per_floor":["M","M","?","?","?","E","M","R","T","M","$","E","$","M","R_BF","B",null,"M","?","?","?","M","R","E","R","T","NM","M","AVR","M","E"],"character_chosen":"HERMIT","items_purchased":["hubris:TenFootPole","hermit:ShadowCloak"],"campfire_rested":2,"item_purchase_floors":[11,13],"current_hp_per_floor":[56,57,57,57,57,37,39,61,61,55,55,59,59,60,60,52,75,52,82,82,82,57,81,82,82,82,43,35,35,12,0,0],"gold":334,"neow_bonus":"ONE_RARE_RELIC","is_daily":false,"chose_seed":false,"campfire_upgraded":1,"win_rate":0.0,"timestamp":1607913919,"path_taken":["M","?","?","?","?","E","M","R","T","M","$","E","?","M","R_BF","BOSS","M","?","?","?","M","R","E","R","T","NM","M","AVR","M","E"],"items_purchased_type":["Relic","Card"],"build_version":"2020-12-13","purchased_purges":0,"victory":false,"max_hp_per_floor":[75,75,75,75,75,75,75,75,75,75,75,75,75,75,75,75,75,75,82,82,82,82,82,82,82,82,82,82,82,82,82,82],"card_choices":[{"not_picked":[],"picked":"DoctorFetus","floor":0},{"not_picked":["hermit:LuckOfTheDraw","hermit:Desperado"],"picked":"hermit:Coalescence","floor":1},{"not_picked":["hermit:GhostlyPresence","hermit:Ricochet"],"picked":"hermit:TakeAim","floor":2},{"not_picked":["hermit:SprayPray","hermit:ItchyTrigger"],"picked":"hermit:BigShot","floor":5},{"not_picked":["hermit:LoneWolf","hermit:Shortfuse"],"picked":"hermit:GoldenBullet","floor":6},{"not_picked":["hermit:LuckOfTheDraw","hermit:Purgatory"],"picked":"hermit:Dive","floor":7},{"not_picked":["hermit:CalledShot","hermit:HighCaliber"],"picked":"hermit:ShadowCloak","floor":10},{"not_picked":["hermit:Glare","hermit:HighCaliber"],"picked":"hermit:SprayPray","floor":12},{"not_picked":["hermit:TakeCover","hermit:Vantage"],"picked":"hermit:Deadeye","floor":14},{"not_picked":["hermit:OverwhelmingPower","hermit:Purgatory"],"picked":"hermit:Adapt","floor":16},{"not_picked":["hermit:GoldenBullet","hermit:DeadMansHand"],"picked":"hermit:Vantage","floor":18},{"not_picked":["hermit:Midnight","hermit:LowProfile"],"picked":"hermit:FlashPowder","floor":20},{"not_picked":["hermit:CalledShot","hermit:Roulette"],"picked":"hermit:Determination","floor":22},{"not_picked":["hermit:TakeAim","hermit:WideOpen+1"],"picked":"hermit:FromBeyond","floor":24},{"not_picked":["hermit:Misfire+1","hermit:WideOpen"],"picked":"hermit:Manifest+1","floor":27},{"not_picked":["hermit:Misfire+1","hermit:Desperado"],"picked":"hermit:Malice","floor":28},{"not_picked":["hermit:FullyLoaded","hermit:WideOpen+1"],"picked":"hermit:FlashPowder","floor":30}],"player_experience":556355,"relics_obtained":[{"floor":6,"key":"Pocketwatch"},{"floor":9,"key":"halation:AfternoonTea"},{"floor":12,"key":"StuffTheSpire:Mouthbags"},{"floor":24,"key":"SalivaCoin"},{"floor":27,"key":"CCEMRelics:Barrel"}],"event_choices":[{"damage_healed":0,"gold_gain":0,"player_choice":"Argue","damage_taken":0,"max_hp_gain":0,"max_hp_loss":0,"event_name":"conspire:LoneGhost","floor":3,"gold_loss":0}],"is_beta":false,"boss_relics":[{"not_picked":["ReplayTheSpireMod:DimensionalGlitch","Tiny House"],"picked":"Replay:Wanted Poster"},{"not_picked":[]}],"items_purged_floors":[],"is_endless":false,"potions_floor_spawned":[2,12,16,28],"killed_by":"Gensokyo:Tenshi","ascension_level":0}}