{"host":"g9y2ptialarrkhtq","time":1607939288,"event":{"mods":["Act Like it!","BaseMod","Conspire","Jedi Mod","Minty Spire (QoL Compilation)","Replay The Spire","StSLib","The Hayseed"],"gold_per_floor":[123,123,23,23,23,70,107,132,132,132,132,171,216,216,259,295,295,319,319],"floor_reached":18,"playtime":1045,"items_purged":[],"score":147,"play_id":"78f60bad-ae47-451d-a5a3-4ee84d1aacaf","local_time":"20201214174808","is_ascension_mode":false,"campfire_choices":[{"floor":14,"key":"REST"},{"data":"TheSimpletonMod:CropRotation","floor":17,"key":"SMITH"}],"circlet_count":0,"master_deck":["TheSimpletonMod:Strike_TheSimpleton","TheSimpletonMod:Strike_TheSimpleton","TheSimpletonMod:Strike_TheSimpleton","TheSimpletonMod:Strike_TheSimpleton","TheSimpletonMod:Defend_TheSimpleton","TheSimpletonMod:Defend_TheSimpleton","TheSimpletonMod:Defend_TheSimpleton","TheSimpletonMod:Defend_TheSimpleton","TheSimpletonMod:Haymaker","TheSimpletonMod:ReapAndSow","Ghostly","TheSimpletonMod:CloseScrape","TheSimpletonMod:PestManagement","Enlightenment","TheSimpletonMod:Rake","TheSimpletonMod:CropRotation+1","TheSimpletonMod:Sunchoke","TheSimpletonMod:FlashPasteurize"],"relics":["TheSimpletonMod:SpudOfTheInnocent","TheSimpletonMod:NightSoil","TheSimpletonMod:TheHarvester","Replay:Bandana","Golden Idol","jedi:heavyjacket","conspire:BottledYoYo","ReplayTheSpireMod:Lightbulb"],"acts_visited":["Exordium"],"potions_floor_usage":[13,15,18,18],"damage_taken":[{"damage":3,"enemies":"conspire:RoseBush","floor":1,"turns":3},{"damage":24,"enemies":"Lagavulin","floor":6,"turns":6},{"damage":10,"enemies":"Jaw Worm","floor":7,"turns":3},{"damage":9,"enemies":"Small Slimes","floor":8,"turns":3},{"damage":0,"enemies":"3 Louse","floor":12,"turns":3},{"damage":2,"enemies":"Lots of Slimes","floor":13,"turns":3},{"damage":0,"enemies":"Replay:BlueRogue","floor":15,"turns":4},{"damage":5,"enemies":"Looter","floor":16,"turns":3},{"damage":69,"enemies":"The Guardian","floor":18,"turns":10}],"seed_played":"-5282159528344372929","potions_obtained":[{"floor":6,"key":"Fire Potion"},{"floor":7,"key":"TheSimpletonMod:AbundancePotion"},{"floor":13,"key":"Fruit Juice"},{"floor":16,"key":"AttackPotion"}],"is_trial":false,"path_per_floor":["M","?","?","?","?","E","M","M","T","PTL","PTL","M","M","R","E","M","R","B"],"character_chosen":"THE_SIMPLETON","items_purchased":[],"campfire_rested":1,"item_purchase_floors":[],"current_hp_per_floor":[75,69,69,69,69,49,43,38,38,38,38,38,41,63,67,66,66,0,0],"gold":319,"neow_bonus":"RANDOM_COMMON_RELIC","is_daily":false,"chose_seed":false,"campfire_upgraded":1,"win_rate":0.0,"timestamp":1607939288,"path_taken":["M","?","?","?","?","E","M","?","T","PTL","PTL","M","M","R","E","M","R","BOSS"],"items_purchased_type":[],"build_version":"2020-12-13","purchased_purges":0,"victory":false,"max_hp_per_floor":[75,69,69,69,69,69,69,69,69,69,69,69,74,74,74,74,74,74,74],"card_choices":[{"not_picked":["TheSimpletonMod:SlashAndBurn","TheSimpletonMod:SpiceUp","TheSimpletonMod:Ferment"],"picked":"SKIP","floor":1},{"not_picked":["TheSimpletonMod:SaladShooter","TheSimpletonMod:StockTheCellar"],"picked":"TheSimpletonMod:Rake","floor":6},{"not_picked":["TheSimpletonMod:PestManagement","TheSimpletonMod:SeedCoat","TheSimpletonMod:SpiceUp"],"picked":"SKIP","floor":7},{"not_picked":["TheSimpletonMod:SaladShooter","TheSimpletonMod:Swelter"],"picked":"TheSimpletonMod:CropRotation","floor":8},{"not_picked":["TheSimpletonMod:Pruning","TheSimpletonMod:DoubleBarrel"],"picked":"TheSimpletonMod:Sunchoke","floor":12},{"not_picked":["TheSimpletonMod:CullingStrike","TheSimpletonMod:GoToMarket","TheSimpletonMod:ToughenUp"],"picked":"SKIP","floor":13},{"not_picked":["TheSimpletonMod:Potatoes","TheSimpletonMod:PestManagement"],"picked":"TheSimpletonMod:FlashPasteurize","floor":15},{"not_picked":["TheSimpletonMod:CloseScrape","TheSimpletonMod:SpiceUp","TheSimpletonMod:SlashAndBurn"],"picked":"SKIP","floor":16}],"player_experience":94532,"relics_obtained":[{"floor":6,"key":"jedi:heavyjacket"},{"floor":9,"key":"conspire:BottledYoYo"},{"floor":15,"key":"ReplayTheSpireMod:Lightbulb"}],"event_choices":[{"damage_healed":0,"gold_gain":0,"player_choice":"Lose Max HP","damage_taken":0,"relics_obtained":["Golden Idol"],"max_hp_gain":0,"max_hp_loss":6,"event_name":"Golden Idol","floor":2,"gold_loss":0},{"damage_healed":0,"gold_gain":0,"player_choice":"Argue","damage_taken":0,"max_hp_gain":0,"max_hp_loss":0,"event_name":"conspire:LoneGhost","floor":3,"gold_loss":0},{"damage_healed":0,"gold_gain":0,"player_choice":"3 cards matched","damage_taken":0,"max_hp_gain":0,"max_hp_loss":0,"event_name":"Match and Keep!","floor":5,"gold_loss":0,"cards_obtained":["TheSimpletonMod:CloseScrape","TheSimpletonMod:PestManagement","Enlightenment"]},{"damage_healed":0,"gold_gain":0,"player_choice":"3 cards matched","damage_taken":0,"max_hp_gain":0,"max_hp_loss":0,"event_name":"Match and Keep!","floor":5,"gold_loss":0,"cards_obtained":["TheSimpletonMod:CloseScrape","TheSimpletonMod:PestManagement","Enlightenment"]}],"is_beta":false,"boss_relics":[],"items_purged_floors":[],"is_endless":false,"potions_floor_spawned":[6,7,13,16],"killed_by":"The Guardian","ascension_level":0}}