{"host":"j0a1jfichhxu8b8p","time":1607954247,"event":{"mods":["BaseMod","Colored Map","DeckTracker","Keyboard Shortcuts","Minty Spire (QoL Compilation)","Permanent Neow","everything is the same but u backflip on backflip"],"gold_per_floor":[117,117,117,142,158,192,192,206,206,220,261,261,211,226,226,347,347,360,360,383,404,181,181,225,245,270,270,13,58,58,98,98,237,246,271,271,304,33,46,46,46,46],"floor_reached":41,"playtime":2965,"items_purged":["Strike_G","Strike_G","Strike_G"],"score":689,"play_id":"c12979c8-fe76-4ee4-8626-82ae2c42e2b2","local_time":"20201214225727","is_ascension_mode":true,"campfire_choices":[{"data":"Burst","floor":7.0,"key":"SMITH"},{"floor":12.0,"key":"REST"},{"data":"Neutralize","floor":15.0,"key":"SMITH"},{"data":"After Image","floor":23.0,"key":"SMITH"},{"floor":27.0,"key":"REST"},{"data":"Deadly Poison","floor":32.0,"key":"SMITH"},{"data":"Night Terror","floor":40,"key":"SMITH"}],"circlet_count":0,"master_deck":["Strike_G","Defend_G","Defend_G","Defend_G","Defend_G","Defend_G","Survivor+1","Neutralize+1","Burst+1","Bouncing Flask","Backflip","Backflip","Venomology+1","Deadly Poison+1","After Image+1","Backflip","Acrobatics+1","Blur","Outmaneuver+1","Crippling Poison","Ghostly","Ghostly","Ghostly","Ghostly","Ghostly","Night Terror+1","CurseOfTheBell","Outmaneuver+1","Tactician","Backflip+1","Corpse Explosion","Footwork"],"relics":["Ring of the Snake","Golden Idol","Toy Ornithopter","Blue Candle","Paper Crane","Black Star","War Paint","Prayer Wheel","Art of War","CeramicFish","TwistedFunnel","Mummified Hand","Anchor","Calling Bell","MealTicket","Eternal Feather","Tough Bandages","Membership Card"],"acts_visited":["Exordium","TheCity","TheBeyond"],"potions_floor_usage":[41,41],"damage_taken":[{"damage":2.0,"enemies":"2 Louse","floor":1.0,"turns":3.0},{"damage":3.0,"enemies":"Small Slimes","floor":4.0,"turns":5.0},{"damage":0.0,"enemies":"Jaw Worm","floor":5.0,"turns":4.0},{"damage":8.0,"enemies":"Lagavulin","floor":6.0,"turns":7.0},{"damage":2.0,"enemies":"2 Fungi Beasts","floor":8.0,"turns":5.0},{"damage":1.0,"enemies":"Exordium Thugs","floor":10.0,"turns":5.0},{"damage":44.0,"enemies":"3 Sentries","floor":11.0,"turns":16.0},{"damage":17.0,"enemies":"3 Louse","floor":14.0,"turns":5.0},{"damage":17.0,"enemies":"The Guardian","floor":16.0,"turns":9.0},{"damage":37.0,"enemies":"Spheric Guardian","floor":18.0,"turns":9.0},{"damage":10.0,"enemies":"3 Byrds","floor":20.0,"turns":8.0},{"damage":0.0,"enemies":"Sentry and Sphere","floor":21.0,"turns":8.0},{"damage":38.0,"enemies":"Book of Stabbing","floor":24.0,"turns":9.0},{"damage":0.0,"enemies":"Snake Plant","floor":25.0,"turns":6.0},{"damage":3.0,"enemies":"Gremlin Leader","floor":31.0,"turns":9.0},{"damage":16.0,"enemies":"Collector","floor":33.0,"turns":11.0},{"damage":0.0,"enemies":"3 Shapes","floor":35.0,"turns":7.0},{"damage":3,"enemies":"Orb Walker","floor":37,"turns":7},{"damage":22,"enemies":"Transient","floor":39,"turns":5},{"damage":56,"enemies":"Giant Head","floor":41,"turns":9}],"seed_played":"4273241741526757977","potions_obtained":[{"floor":6.0,"key":"SkillPotion"},{"floor":8.0,"key":"GamblersBrew"},{"floor":11.0,"key":"Swift Potion"},{"floor":14.0,"key":"SteroidPotion"},{"floor":18.0,"key":"CultistPotion"},{"floor":20.0,"key":"Poison Potion"},{"floor":24.0,"key":"Weak Potion"},{"floor":39,"key":"DuplicationPotion"}],"is_trial":false,"path_per_floor":["M","?","?","M","M","E","R","M","T","M","E","R","?","M","R","B",null,"M","?","M","M","$","R","E","M","T","R","$","?","$","E","R","B",null,"M","?","M","$","M","R","E"],"character_chosen":"THE_SILENT","items_purchased":["War Paint","TwistedFunnel","Membership Card","Corpse Explosion","Footwork"],"campfire_rested":2,"item_purchase_floors":[22,28,38,38,38],"current_hp_per_floor":[61,44,44,41,41,33,33,36,36,50,11,32,32,20,20,13,56,34,25,25,35,35,35,2,12,12,33,33,33,33,35,35,19,31,31,31,28,35,13,31,0,0],"gold":46,"neow_bonus":"ONE_RANDOM_RARE_CARD","is_daily":false,"chose_seed":false,"campfire_upgraded":5,"win_rate":0.0,"timestamp":1607954247,"path_taken":["M","?","?","M","M","E","R","M","T","M","E","R","?","M","R","BOSS","M","?","M","M","$","R","E","M","T","R","$","?","?","E","R","BOSS","M","?","M","$","M","R","E"],"items_purchased_type":["Relic","Relic","Relic","Card","Card"],"build_version":"2020-12-13","purchased_purges":3,"victory":false,"max_hp_per_floor":[70,70,70,70,70,70,70,70,70,70,70,70,70,70,70,70,70,70,70,70,70,70,70,70,70,70,70,70,35,35,35,35,35,35,35,35,35,35,35,35,35,35],"card_choices":[{"not_picked":["Outmaneuver","Deflect"],"picked":"Bouncing Flask","floor":1.0},{"not_picked":["Dodge and Roll","Outmaneuver"],"picked":"Backflip","floor":4.0},{"not_picked":["Outmaneuver","Malaise"],"picked":"Backflip","floor":5.0},{"not_picked":["Quick Slash","Endless Agony"],"picked":"Venomology","floor":6.0},{"not_picked":["Heel Hook","Cloak And Dagger","Expertise"],"picked":"SKIP","floor":8.0},{"not_picked":["Blade Dance","Terror","Flechettes"],"picked":"SKIP","floor":10.0},{"not_picked":["Backstab","Dagger Spray"],"picked":"Deadly Poison","floor":11.0},{"not_picked":["Flying Knee","Setup","Quick Slash"],"picked":"SKIP","floor":14.0},{"not_picked":["Corpse Explosion","Doppelganger"],"picked":"After Image","floor":16.0},{"not_picked":["Underhanded Strike","Skewer+1"],"picked":"Backflip","floor":18.0},{"not_picked":["Slice","Deflect+1"],"picked":"Acrobatics+1","floor":20.0},{"not_picked":["Dagger Spray","Deadly Poison"],"picked":"Blur","floor":21.0},{"not_picked":["Poisoned Stab","Masterful Stab"],"picked":"Outmaneuver+1","floor":24.0},{"not_picked":["Acrobatics","Accuracy"],"picked":"Crippling Poison","floor":25.0},{"not_picked":["Backflip","Doppelganger","Poisoned Stab"],"picked":"SKIP","floor":25.0},{"not_picked":["Dagger Spray+1","Dodge and Roll","All Out Attack"],"picked":"SKIP","floor":31.0},{"not_picked":["A Thousand Cuts","Phantasmal Killer"],"picked":"Night Terror","floor":33.0},{"not_picked":["Eviscerate+1","Dagger Spray+1"],"picked":"Outmaneuver+1","floor":35.0},{"not_picked":["Flying Knee+1","Quick Slash+1","Infinite Blades+1"],"picked":"SKIP","floor":35.0},{"not_picked":["Outmaneuver+1","Dagger Throw"],"picked":"Tactician","floor":37},{"not_picked":["Underhanded Strike+1","Dagger Spray"],"picked":"Backflip+1","floor":37},{"not_picked":["Flechettes","Leg Sweep+1","Expertise+1"],"picked":"SKIP","floor":39},{"not_picked":["Finisher+1","Quick Slash","Flying Knee"],"picked":"SKIP","floor":39}],"player_experience":303634,"relics_obtained":[{"floor":6.0,"key":"Toy Ornithopter"},{"floor":9.0,"key":"Blue Candle"},{"floor":11.0,"key":"Paper Crane"},{"floor":24.0,"key":"Prayer Wheel"},{"floor":24.0,"key":"Art of War"},{"floor":26.0,"key":"CeramicFish"},{"floor":31.0,"key":"Mummified Hand"},{"floor":31.0,"key":"Anchor"},{"floor":34.0,"key":"MealTicket"},{"floor":34.0,"key":"Eternal Feather"},{"floor":34.0,"key":"Tough Bandages"}],"event_choices":[{"damage_healed":0.0,"max_hp_gain":0.0,"max_hp_loss":0.0,"gold_gain":0.0,"event_name":"Golden Idol","player_choice":"Take Damage","floor":2.0,"gold_loss":0.0,"damage_taken":17.0,"relics_obtained":["Golden Idol"]},{"damage_healed":0.0,"max_hp_gain":0.0,"max_hp_loss":0.0,"gold_gain":0.0,"event_name":"Liars Game","player_choice":"Ignored","floor":3.0,"gold_loss":0.0,"damage_taken":0.0},{"cards_removed":["Strike_G"],"damage_healed":0.0,"max_hp_gain":0.0,"max_hp_loss":0.0,"gold_gain":0.0,"event_name":"The Cleric","player_choice":"Card Removal","floor":13.0,"gold_loss":50.0,"damage_taken":0.0},{"damage_healed":0.0,"max_hp_gain":0.0,"max_hp_loss":0.0,"gold_gain":0.0,"event_name":"Cursed Tome","player_choice":"Stopped","floor":19.0,"gold_loss":0.0,"damage_taken":9.0},{"damage_healed":0.0,"max_hp_gain":0.0,"max_hp_loss":35.0,"gold_gain":0.0,"event_name":"Ghosts","player_choice":"Became a Ghost","floor":29.0,"gold_loss":0.0,"damage_taken":0.0,"cards_obtained":["Ghostly","Ghostly","Ghostly","Ghostly","Ghostly"]},{"damage_healed":0.0,"max_hp_gain":0.0,"max_hp_loss":0.0,"gold_gain":0.0,"event_name":"Tomb of Lord Red Mask","player_choice":"Ignored","floor":36.0,"gold_loss":0.0,"damage_taken":0.0}],"is_beta":false,"boss_relics":[{"not_picked":["Runic Dome","Coffee Dripper"],"picked":"Black Star"},{"not_picked":["Velvet Choker","Snecko Eye"],"picked":"Calling Bell"}],"items_purged_floors":[22,28,38],"is_endless":false,"potions_floor_spawned":[6,8,11,14,18,20,24,31,39],"killed_by":"Giant Head","ascension_level":9}}