{"host":"kag8mfq4or8nkqb2","time":1607971418,"event":{"mods":["2.2 Compatiblity","BaseMod","Downfall","Minty Spire (QoL Compilation)","StSLib"],"gold_per_floor":[99,99,9,34,54,54,122,147,165,165,185,204,304,318,330,427,427,427,440,325,29,57,73,73,73,93,125,135,153,153,169,184,289,289,64,259,259,305,305,338,363,363,188,214,230,254,54,71,86,86,86,118,118,118,118],"floor_reached":56,"playtime":4353,"items_purged":["Guardian:Strike_Guardian","Guardian:Defend_Guardian","Guardian:Defend_Guardian","Guardian:Strike_Guardian","Guardian:Strike_Guardian","Guardian:Defend_Guardian"],"score":1941,"play_id":"a1b85a2a-0d1a-4aa9-a813-b16864f0e7c2","local_time":"20201214184338","is_ascension_mode":true,"campfire_choices":[{"data":"expansioncontent:HyperBeam","floor":1,"key":"SMITH"},{"data":"Guardian:CurlUp","floor":6,"key":"SMITH"},{"data":"Guardian:PrismaticBarrier","floor":10,"key":"SMITH"},{"data":"Guardian:Clone","floor":18,"key":"SMITH"},{"floor":25,"key":"RECALL"},{"data":"Guardian:DecasProtection","floor":35,"key":"SMITH"},{"data":"expansioncontent:Chronoboost","floor":39,"key":"SMITH"},{"data":"Guardian:TwinSlam","floor":42,"key":"SMITH"},{"data":"Guardian:PolyBeam","floor":54,"key":"SMITH"}],"circlet_count":0,"master_deck":["Guardian:CurlUp+1","Guardian:TwinSlam+1","expansioncontent:HyperBeam+1","Guardian:PrismaticBarrier+1","Guardian:Clone+1","Guardian:StasisEngine","Guardian:DecasProtection+1","Guardian:ExploitGems","Guardian:DecasProtection+1","Guardian:ExploitGems","expansioncontent:Chronoboost+1","Guardian:PolyBeam+1","Guardian:VentSteam+1"],"relics":["Guardian:ModeShifterPlus","Sundial","Pantograph","Bag of Preparation","Empty Cage","ClockworkSouvenir","Letter Opener","Prayer Wheel","downfall:HeartBlessingBlue","downfall:HeartBlessingRed","downfall:HeartBlessingGreen","Torii","Dead Branch","Pen Nib","Pear","Lantern","Sling","Bottled Flame"],"acts_visited":["Exordium","TheCity","TheBeyond","TheEnding"],"potions_floor_usage":[8,16,16,27,38,44,55,55,55],"damage_taken":[{"damage":0,"enemies":"downfall:FleeingMerchant","floor":3,"turns":4},{"damage":54,"enemies":"Lagavulin","floor":4,"turns":11},{"damage":0,"enemies":"Cultist","floor":5,"turns":2},{"damage":4,"enemies":"3 Sentries","floor":8,"turns":4},{"damage":0,"enemies":"Jaw Worm","floor":9,"turns":3},{"damage":0,"enemies":"2 Louse","floor":11,"turns":1},{"damage":0,"enemies":"Red Slaver","floor":12,"turns":3},{"damage":0,"enemies":"Exordium Wildlife","floor":14,"turns":1},{"damage":0,"enemies":"Red Slaver","floor":15,"turns":3},{"damage":27,"enemies":"downfall:Silent","floor":16,"turns":24},{"damage":0,"enemies":"Chosen","floor":19,"turns":4},{"damage":0,"enemies":"downfall:FleeingMerchant","floor":20,"turns":4},{"damage":0,"enemies":"downfall:FleeingMerchant","floor":21,"turns":4},{"damage":9,"enemies":"Slavers","floor":22,"turns":6},{"damage":0,"enemies":"Spheric Guardian","floor":23,"turns":3},{"damage":0,"enemies":"Centurion and Healer","floor":26,"turns":2},{"damage":5,"enemies":"Book of Stabbing","floor":27,"turns":4},{"damage":0,"enemies":"Snecko","floor":28,"turns":4},{"damage":0,"enemies":"Chosen and Byrds","floor":29,"turns":3},{"damage":0,"enemies":"Shelled Parasite and Fungi","floor":31,"turns":3},{"damage":0,"enemies":"3 Cultists","floor":32,"turns":3},{"damage":3,"enemies":"downfall:Watcher","floor":33,"turns":6},{"damage":0,"enemies":"downfall:FleeingMerchant","floor":36,"turns":4},{"damage":19,"enemies":"2 Orb Walkers","floor":38,"turns":5},{"damage":0,"enemies":"Reptomancer","floor":40,"turns":2},{"damage":0,"enemies":"Nemesis","floor":44,"turns":5},{"damage":0,"enemies":"Orb Walker","floor":45,"turns":3},{"damage":0,"enemies":"3 Darklings","floor":48,"turns":2},{"damage":1,"enemies":"4 Shapes","floor":49,"turns":2},{"damage":0,"enemies":"downfall:Defect","floor":50,"turns":1},{"damage":0,"enemies":"downfall:CharBossMerchant","floor":52,"turns":2},{"damage":0,"enemies":"downfall:NeowBoss","floor":55,"turns":12}],"seed_played":"8929988912511913719","potions_obtained":[{"floor":4,"key":"sneckomod:MuddlingPotion"},{"floor":8,"key":"LiquidMemories"},{"floor":14,"key":"Dexterity Potion"},{"floor":15,"key":"Strength Potion"},{"floor":16,"key":"champ:CounterPotion"},{"floor":19,"key":"Block Potion"},{"floor":29,"key":"PowerPotion"},{"floor":40,"key":"Swift Potion"},{"floor":44,"key":"LiquidBronze"},{"floor":45,"key":"Guardian:BlockOnCardUsePotion"},{"floor":52,"key":"PowerPotion"}],"is_trial":false,"path_per_floor":["R","?","$","E","M","R","T","E","M","R","M","M","?","M","M","B",null,"R","M","$","$","E","M","T","R","M","E","M","M","?","M","M","B",null,"R","?","?","?","R","E","T","R","$","E","M","T","$","M","M","B",null,"E","$","R","B",null],"character_chosen":"GUARDIAN","items_purchased":["ClockworkSouvenir"],"campfire_rested":0,"item_purchase_floors":[21],"current_hp_per_floor":[72,72,72,18,18,18,18,14,14,14,14,14,14,14,14,12,63,63,63,63,63,54,54,54,54,54,49,49,49,80,80,80,77,79,89,89,89,70,70,70,70,70,70,80,80,80,80,80,79,100,100,100,100,100,100],"gold":118,"neow_bonus":"RANDOM_COLORLESS","is_daily":false,"chose_seed":false,"campfire_upgraded":8,"win_rate":0.0,"timestamp":1607971418,"path_taken":["R","?","$","E","M","R","T","E","M","R","M","?","?","M","M","BOSS","R","M","?","$","E","M","T","R","M","E","M","?","?","?","M","BOSS","R","?","?","?","R","E","T","R","$","E","M","?","$","?","M","BOSS","E","$","R","BOSS"],"items_purchased_type":["Relic"],"build_version":"2020-12-13","purchased_purges":6,"victory":true,"max_hp_per_floor":[80,80,80,80,80,80,80,80,80,80,80,80,80,80,80,80,80,80,80,80,80,80,80,80,80,80,80,80,80,80,80,80,80,80,90,90,90,90,90,90,90,90,90,100,100,100,100,100,100,100,100,100,100,100,100],"card_choices":[{"not_picked":["expansioncontent:YouAreMine","Good Instincts"],"picked":"expansioncontent:HyperBeam","floor":0},{"not_picked":["Guardian:TimeCapacitor","Guardian:FloatingOrbs"],"picked":"Guardian:Gem_Cyan","floor":3},{"not_picked":["Guardian:FuturePlans","Guardian:Gem_Lightblue","Guardian:GuardianWhirl"],"picked":"SKIP","floor":4},{"not_picked":["Guardian:TimeCapacitor","Guardian:TemporalShield"],"picked":"Guardian:Gem_Blue","floor":5},{"not_picked":["Guardian:MultiBeam","Guardian:Gem_Red"],"picked":"Guardian:Gem_Cyan","floor":8},{"not_picked":["Guardian:TemporalStrike","Guardian:VentSteam"],"picked":"Guardian:PrismaticBarrier","floor":9},{"not_picked":["Guardian:Gem_Green","Guardian:Reroute","Guardian:RollAttack"],"picked":"SKIP","floor":11},{"not_picked":["Guardian:RollAttack","Guardian:EvasiveProtocol"],"picked":"Guardian:Clone","floor":12},{"not_picked":["Guardian:TemporalStrike","Guardian:Reroute","Guardian:VentSteam"],"picked":"SKIP","floor":14},{"not_picked":["Guardian:Recover","Guardian:RollAttack"],"picked":"Guardian:Gem_Crimson","floor":15},{"not_picked":["Guardian:HyperBeam_Guardian","Guardian:StasisStrike"],"picked":"Guardian:StasisEngine","floor":16},{"not_picked":["Guardian:Preprogram","Guardian:RollAttack"],"picked":"Guardian:Gem_White","floor":19},{"not_picked":["Guardian:TemporalStrike","Guardian:Gem_Lightblue","Guardian:PrimingBeam"],"picked":"SKIP","floor":20},{"not_picked":["Guardian:Gem_Purple","Guardian:Gem_Yellow","Guardian:Incinerate"],"picked":"SKIP","floor":21},{"not_picked":["Guardian:ShieldSpikes","Guardian:Planning+1"],"picked":"Guardian:DecasProtection+1","floor":22},{"not_picked":["Guardian:PiercingHide+1","Guardian:WalkerClaw","Guardian:TemporalStrike"],"picked":"SKIP","floor":23},{"not_picked":["Guardian:CrystalBeam+1","Guardian:Suspension+1","Guardian:BronzeOrb+1"],"picked":"SKIP","floor":26},{"not_picked":["Guardian:Gem_Yellow","Guardian:GemFire","Guardian:Emergency"],"picked":"SKIP","floor":27},{"not_picked":["Guardian:TemporalShield","Guardian:WalkerClaw"],"picked":"Guardian:ExploitGems","floor":28},{"not_picked":["Guardian:PiercingHide","Guardian:VentSteam+1","Guardian:RollAttack+1"],"picked":"SKIP","floor":28},{"not_picked":["Guardian:Recover","Guardian:Gem_Lightblue","Guardian:Gem_Red"],"picked":"SKIP","floor":29},{"not_picked":["Guardian:Preprogram","Guardian:Incinerate","Guardian:FuturePlans"],"picked":"SKIP","floor":29},{"not_picked":["Guardian:Gem_Green","Guardian:Emergency"],"picked":"Guardian:Gem_Cyan","floor":31},{"not_picked":["Guardian:RefractedBeam+1","Guardian:Repulse","Guardian:PiercingHide"],"picked":"SKIP","floor":31},{"not_picked":["Guardian:VentSteam","Guardian:ChargeCore"],"picked":"Guardian:DecasProtection","floor":32},{"not_picked":["Guardian:PiercingHide","Guardian:ArmoredProtocol","Guardian:CrystalBeam"],"picked":"SKIP","floor":32},{"not_picked":["Guardian:Gem_Orange","Guardian:FierceBash"],"picked":"Guardian:ExploitGems","floor":33},{"not_picked":["Guardian:RefractedBeam+1","Guardian:ChargeCore+1","Guardian:TimeCapacitor+1"],"picked":"SKIP","floor":36},{"not_picked":["expansioncontent:Collect","expansioncontent:DefensiveStance"],"picked":"expansioncontent:Chronoboost","floor":37},{"not_picked":["Guardian:PrimingBeam","Guardian:BronzeArmor+1","Guardian:Planning"],"picked":"SKIP","floor":40},{"not_picked":["Guardian:DecasProtection+1","Guardian:Suspension+1"],"picked":"Guardian:Gem_Fragmented","floor":44},{"not_picked":["Guardian:TemporalShield","Guardian:Incinerate+1"],"picked":"Guardian:PolyBeam","floor":45},{"not_picked":["Guardian:DonusPower+1","Guardian:ArmoredProtocol+1"],"picked":"Guardian:VentSteam+1","floor":45},{"not_picked":["Guardian:Incinerate+1","Guardian:CrystalBeam+1"],"picked":"Guardian:Gem_Cyan","floor":48},{"not_picked":["Guardian:GuardianWhirl","Guardian:Emergency","Guardian:ShieldCharger"],"picked":"SKIP","floor":48},{"not_picked":["Guardian:CrystalBeam+1","Guardian:Incinerate+1","Guardian:PrimingBeam"],"picked":"SKIP","floor":49},{"not_picked":["Guardian:ChargeCore","Guardian:CrystalBeam+1","Guardian:HyperBeam_Guardian"],"picked":"SKIP","floor":49},{"not_picked":["Guardian:ArmoredProtocol+1","Guardian:CrystalBeam+1","Guardian:RollAttack"],"picked":"SKIP","floor":52}],"player_experience":1002010,"relics_obtained":[{"floor":4,"key":"Sundial"},{"floor":7,"key":"Pantograph"},{"floor":8,"key":"Bag of Preparation"},{"floor":22,"key":"Letter Opener"},{"floor":27,"key":"Prayer Wheel"},{"floor":38,"key":"Torii"},{"floor":40,"key":"Dead Branch"},{"floor":41,"key":"Pen Nib"},{"floor":44,"key":"Pear"},{"floor":46,"key":"Lantern"},{"floor":52,"key":"Sling"},{"floor":52,"key":"Bottled Flame"}],"event_choices":[{"damage_healed":0,"gold_gain":100,"player_choice":"Gold","damage_taken":0,"max_hp_gain":0,"max_hp_loss":0,"event_name":"Wheel of Change","floor":13,"gold_loss":0},{"damage_healed":31,"gold_gain":0,"player_choice":"Full Heal","damage_taken":0,"max_hp_gain":0,"max_hp_loss":0,"event_name":"Wheel of Change","floor":30,"gold_loss":0},{"damage_healed":0,"gold_gain":0,"player_choice":"Fight","damage_taken":0,"max_hp_gain":0,"max_hp_loss":0,"event_name":"Mysterious Sphere","floor":38,"gold_loss":0}],"is_beta":false,"boss_relics":[{"not_picked":["Astrolabe","Velvet Choker"],"picked":"Empty Cage"},{"not_picked":["SlaversCollar","Calling Bell"],"picked":"Guardian:ModeShifterPlus"}],"items_purged_floors":[3,20,21,36,43,47],"is_endless":false,"potions_floor_spawned":[4,8,14,15,16,19,22,23,29,31,40,44,45,52],"ascension_level":9}}