{"host":"ds3v42j7tpaaz1mg","time":1607921481,"event":{"mods":["AchievementEnabler","Aspiration","BaseMod","Bestiary","Better Altar","Better Note","Better Sensory Stone","BetterRewards","Block Reminder","Colored Powertips","Conspire","Downfall","Energized Spire","Halation","Hermit","Highlight Path","Hubris","Infinite Spire","Jorbs\u0027s Wanderer Trilogy","Minty Spire (QoL Compilation)","Relic Stats","Replay The Spire","StSLib","The Elementalist","The Servant 0.9.4","vexMod"],"gold_per_floor":[99,274,199,226,246,246,246,246,47,84,96,33,56,85,107,219,219,219,219,328,328,346,240,240,290,316,316,366,416,477,209,227,341,341,341,400,400,421,521,530,585,635,694,720,744,822,11,142,159,159],"floor_reached":51,"playtime":4428,"items_purged":["Doubt","champ:Taunt","champ:Strike","Hallucinations"],"score":824,"play_id":"93995631-3623-49cd-92ce-d9ca3a8fe417","local_time":"20201213235121","is_ascension_mode":false,"campfire_choices":[{"floor":1,"key":"RECALL"},{"data":"champ:Execute","floor":3,"key":"SMITH"},{"data":"champ:DefensiveShout","floor":8,"key":"SMITH"},{"data":"champ:IgnorePain","floor":18,"key":"SMITH"},{"data":"champ:Balance","floor":21,"key":"SMITH"},{"data":"champ:Control","floor":27,"key":"SMITH"},{"data":"champ:StrikeOfGenius","floor":35,"key":"SMITH"},{"data":"champ:SteelEdge","floor":37,"key":"SMITH"}],"circlet_count":0,"master_deck":["champ:Strike","champ:Strike","champ:Strike","champ:Defend","champ:Defend","champ:Defend","champ:Defend","champ:FlashCut","champ:DefensiveShout+1","champ:Circumvent","champ:IronFortress","champ:Control+1","champ:SteelEdge+1","champ:TornadoPunch","champ:Balance+1","champ:DefensiveStyle","champ:IgnorePain+1","champ:RisingSlash","champ:StanceDance","champ:StrikeOfGenius+1","champ:ShieldWall","infinitespire:UltimateForm","champ:VampiricStrike+1","champ:TornadoPunch","champ:SwordThrow","champ:BerserkerStyle","Transmutation","ReplayTheSpireMod:Splinters","champ:BladeFlurry+1"],"relics":["champ:ChampionCrown","Blood Vial","downfall:HeartBlessingRed","Pantograph","infinitespire:WardingShard","Snack Pack","CeramicFish","SlaversCollar","downfall:CloakOfManyFaces","CultistMask","FaceOfCleric","NlothsMask","GremlinMask","SsserpentHead","Meat on the Bone","halation:BottledLove","Philosopher\u0027s Stone","Ring of Searing","Ring of Misfortune","hubris:FunFungus","halation:WeightlessCrab","Lantern","halation:SelfBoilingWater","halation:WeightlessCrab","Replay:Baseball","conspire:BottledYoYo","Blue Candle"],"acts_visited":["Exordium","TheCity","TheBeyond"],"potions_floor_usage":[12,14,16,16,16,31,31,39,39,50,50,50,50,50,50],"damage_taken":[{"damage":62,"enemies":"Lagavulin","floor":4,"turns":9},{"damage":5,"enemies":"Cultist","floor":5,"turns":3},{"damage":5,"enemies":"downfall:FleeingMerchant","floor":9,"turns":4},{"damage":19,"enemies":"3 Sentries","floor":10,"turns":4},{"damage":8,"enemies":"Jaw Worm","floor":11,"turns":2},{"damage":20,"enemies":"downfall:FleeingMerchant","floor":12,"turns":4},{"damage":5,"enemies":"2 Louse","floor":13,"turns":2},{"damage":0,"enemies":"2 Fungi Beasts","floor":14,"turns":2},{"damage":1,"enemies":"Blue Slaver","floor":15,"turns":3},{"damage":50,"enemies":"downfall:Ironclad","floor":16,"turns":7},{"damage":24,"enemies":"downfall:FaceTrader","floor":20,"turns":8},{"damage":22,"enemies":"Spheric Guardian","floor":22,"turns":3},{"damage":12,"enemies":"downfall:FleeingMerchant","floor":23,"turns":4},{"damage":3,"enemies":"Gremlin Leader","floor":26,"turns":7},{"damage":21,"enemies":"Shell Parasite","floor":30,"turns":7},{"damage":16,"enemies":"downfall:FleeingMerchant","floor":31,"turns":4},{"damage":37,"enemies":"Snake Plant","floor":32,"turns":5},{"damage":78,"enemies":"downfall:Silent","floor":33,"turns":9},{"damage":54,"enemies":"3 Darklings","floor":38,"turns":7},{"damage":37,"enemies":"Mind Bloom Boss Battle","floor":39,"turns":7},{"damage":102,"enemies":"Nightmare","floor":44,"turns":7},{"damage":30,"enemies":"Orb Walker","floor":45,"turns":4},{"damage":0,"enemies":"Transient","floor":46,"turns":5},{"damage":8,"enemies":"downfall:FleeingMerchant","floor":47,"turns":4},{"damage":68,"enemies":"Writhing Mass","floor":49,"turns":5},{"damage":91,"enemies":"downfall:Defect","floor":50,"turns":8}],"seed_played":"7220838266165615705","potions_obtained":[{"floor":4,"key":"FearPotion"},{"floor":10,"key":"PowerPotion"},{"floor":13,"key":"Strength Potion"},{"floor":15,"key":"champ:UltimateStancePotion"},{"floor":22,"key":"GamblersBrew"},{"floor":26,"key":"FearPotion"},{"floor":33,"key":"Explosive Potion"},{"floor":38,"key":"sneckomod:MuddlingPotion"},{"floor":45,"key":"Languid Potion"},{"floor":46,"key":"champ:OpenerPotion"}],"is_trial":false,"path_per_floor":["R","?","R","E","M","T","T","R","$","E","M","$","M","M","M","B",null,"R","?","?","R","M","$","T","?","E","R","?","?","M","$","M","B",null,"R","?","R","M","?","AVR","T","T","?","NM","M","M","$","?","M","B",null],"character_chosen":"THE_CHAMP","items_purchased":["champ:IronFortress","champ:Control","Block Potion","halation:BottledLove","Replay:Baseball","conspire:BottledYoYo","champ:BerserkerStyle","Transmutation","DuplicationPotion"],"campfire_rested":0,"item_purchase_floors":[9,9,12,31,47,47,47,47,47],"current_hp_per_floor":[90,90,90,43,45,45,45,45,47,32,26,13,15,17,18,15,90,90,90,86,86,83,91,91,91,93,93,93,93,73,64,60,36,97,97,97,97,84,87,87,87,87,87,50,58,102,100,100,56,45],"gold":159,"neow_bonus":"RANDOM_COMMON_RELIC","is_daily":false,"chose_seed":false,"campfire_upgraded":7,"win_rate":0.0,"timestamp":1607921481,"path_taken":["R","?","R","E","M","?","T","R","$","E","M","$","M","M","M","BOSS","R","?","?","R","M","$","T","?","E","R","?","?","?","$","M","BOSS","R","?","R","M","?","AVR","T","?","?","NM","M","?","?","?","M","BOSS"],"items_purchased_type":["Card","Card","Potion","Relic","Relic","Relic","Card","Card","Potion"],"build_version":"2020-11-30","purchased_purges":4,"victory":true,"max_hp_per_floor":[90,90,90,90,90,90,90,90,90,90,90,90,90,90,90,90,90,90,90,90,90,91,92,92,92,93,93,93,93,94,95,96,97,97,97,97,97,98,99,99,99,99,99,100,101,102,103,103,104,105],"relic_stats":{"Blood Vial":39,"SsserpentHead":550,"FaceOfCleric":15,"counters":[26,134],"Pantograph":89,"CeramicFish":162,"Blue Candle":[0],"obtain_stats":[{"Lantern":41,"CeramicFish":10,"champ:ChampionCrown":0,"GremlinMask":20,"halation:WeightlessCrab":40,"Ring of Searing":36,"Blood Vial":0,"SsserpentHead":20,"FaceOfCleric":20,"Pantograph":4,"Philosopher\u0027s Stone":34,"hubris:FunFungus":39,"downfall:CloakOfManyFaces":20,"downfall:HeartBlessingRed":3,"halation:BottledLove":31,"Blue Candle":48,"halation:SelfBoilingWater":42,"SlaversCollar":17,"Replay:Baseball":47,"infinitespire:WardingShard":6,"Ring of Misfortune":36,"CultistMask":20,"Snack Pack":7,"conspire:BottledYoYo":47,"NlothsMask":20,"Meat on the Bone":26},{"Lantern":20,"CeramicFish":4,"champ:ChampionCrown":0,"GremlinMask":11,"halation:WeightlessCrab":20,"Ring of Searing":18,"Blood Vial":0,"SsserpentHead":11,"FaceOfCleric":11,"Pantograph":1,"Philosopher\u0027s Stone":18,"hubris:FunFungus":20,"downfall:CloakOfManyFaces":11,"downfall:HeartBlessingRed":0,"halation:BottledLove":16,"Blue Candle":24,"halation:SelfBoilingWater":20,"SlaversCollar":10,"Replay:Baseball":24,"infinitespire:WardingShard":2,"Ring of Misfortune":18,"CultistMask":11,"Snack Pack":2,"conspire:BottledYoYo":24,"NlothsMask":11,"Meat on the Bone":14},{"Lantern":101,"CeramicFish":20,"champ:ChampionCrown":0,"GremlinMask":48,"halation:WeightlessCrab":101,"Ring of Searing":87,"Blood Vial":0,"SsserpentHead":48,"FaceOfCleric":48,"Pantograph":9,"Philosopher\u0027s Stone":87,"hubris:FunFungus":101,"downfall:CloakOfManyFaces":48,"downfall:HeartBlessingRed":0,"halation:BottledLove":73,"Blue Candle":121,"halation:SelfBoilingWater":101,"SlaversCollar":40,"Replay:Baseball":121,"infinitespire:WardingShard":12,"Ring of Misfortune":87,"CultistMask":48,"Snack Pack":12,"conspire:BottledYoYo":121,"NlothsMask":48,"Meat on the Bone":62}],"Meat on the Bone":72},"card_choices":[{"not_picked":["champ:BringItOn","champ:GladiatorsShout"],"picked":"champ:FlashCut","floor":4},{"not_picked":["champ:FaceSlap","champ:Haymaker"],"picked":"champ:DefensiveShout","floor":5},{"not_picked":["champ:Encircle","champ:FaceSlap"],"picked":"champ:Circumvent","floor":9},{"not_picked":["champ:Circumvent","champ:GutPunch"],"picked":"champ:SteelEdge","floor":10},{"not_picked":["champ:Circumvent","champ:EndlessRage","champ:GladiatorsShout"],"picked":"SKIP","floor":11},{"not_picked":["champ:PerfectedStrike","champ:CrookedStrike","champ:AdrenalArmor"],"picked":"SKIP","floor":12},{"not_picked":["champ:Backstep","champ:BerserkersShout"],"picked":"champ:TornadoPunch","floor":13},{"not_picked":["champ:DefensiveShout","champ:FlashCut"],"picked":"champ:Balance","floor":14},{"not_picked":["champ:BladeFlurry","champ:Devastate"],"picked":"champ:DefensiveStyle","floor":15},{"not_picked":["champ:MurderStrike","champ:SwordThrow"],"picked":"champ:IgnorePain","floor":16},{"not_picked":["champ:FocusedBerserking","champ:DeathBlow"],"picked":"champ:RisingSlash","floor":20},{"not_picked":["champ:FightOn","champ:DefensiveShout","champ:Control"],"picked":"SKIP","floor":22},{"not_picked":["champ:GladiatorsShout","champ:DefensiveShout"],"picked":"champ:StanceDance","floor":23},{"not_picked":["champ:PerfectedStrike","champ:EnGarde","champ:StanceDance+1"],"picked":"SKIP","floor":26},{"not_picked":["champ:TornadoPunch","champ:CrookedStrike","champ:FocusedBerserking"],"picked":"SKIP","floor":30},{"not_picked":["champ:DefensiveShout","champ:Encircle+1","champ:HeartStrike"],"picked":"SKIP","floor":31},{"not_picked":["champ:FanOfKnives","champ:GladiatorsShout","champ:EnragedBash"],"picked":"SKIP","floor":32},{"not_picked":["champ:ShieldThrow","champ:PerfectForm"],"picked":"champ:StrikeOfGenius","floor":33},{"not_picked":["champ:FanOfKnives+1","champ:BladeFlurry+1"],"picked":"champ:ShieldWall","floor":38},{"not_picked":["champ:GladiatorsShout+1","champ:Lariat+1","champ:BringItOn+1"],"picked":"SKIP","floor":44},{"not_picked":["champ:BladeFlurry","champ:FanOfKnives+1"],"picked":"champ:TornadoPunch","floor":45},{"not_picked":["champ:RapidStrikes","champ:Backstep+1"],"picked":"champ:SwordThrow","floor":46},{"not_picked":["champ:DeathBlow","champ:BringItOn+1","champ:PerfectedStrike"],"picked":"SKIP","floor":47},{"not_picked":["champ:Lariat+1","champ:FocusedBerserking"],"picked":"champ:BladeFlurry+1","floor":48},{"not_picked":["champ:GutPunch+1","champ:Devastate","champ:DeathBlow+1"],"picked":"SKIP","floor":49}],"player_experience":539072,"relics_obtained":[{"floor":4,"key":"Pantograph"},{"floor":6,"key":"infinitespire:WardingShard"},{"floor":7,"key":"Snack Pack"},{"floor":10,"key":"CeramicFish"},{"floor":20,"key":"downfall:CloakOfManyFaces"},{"floor":26,"key":"Meat on the Bone"},{"floor":36,"key":"Ring of Searing"},{"floor":36,"key":"Ring of Misfortune"},{"floor":39,"key":"hubris:FunFungus"},{"floor":41,"key":"Lantern"},{"floor":42,"key":"halation:SelfBoilingWater"},{"floor":44,"key":"halation:WeightlessCrab"},{"floor":48,"key":"Blue Candle"}],"event_choices":[{"cards_removed":["champ:Execute"],"damage_healed":0,"gold_gain":0,"player_choice":"Offered Basic","damage_taken":0,"max_hp_gain":0,"max_hp_loss":0,"event_name":"Bonfire Elementals","floor":19,"gold_loss":0},{"damage_healed":0,"gold_gain":0,"player_choice":"Leave","damage_taken":0,"max_hp_gain":0,"max_hp_loss":0,"event_name":"conspire:Investor","floor":28,"gold_loss":0},{"cards_removed":["infinitespire:UltimateForm"],"damage_healed":0,"gold_gain":0,"player_choice":"Take \u0026 Give","damage_taken":0,"max_hp_gain":0,"max_hp_loss":0,"event_name":"betterNote:BetterNote","floor":43,"gold_loss":0,"cards_obtained":["champ:VampiricStrike"]}],"is_beta":false,"boss_relics":[{"not_picked":["infinitespire:Cupcake","Honey Jar"],"picked":"SlaversCollar"},{"not_picked":["hubris:VirtuousBlindfold","Replay:Wanted Poster"],"picked":"Philosopher\u0027s Stone"}],"items_purged_floors":[9,23,40,47],"is_endless":false,"potions_floor_spawned":[4,10,13,15,22,26,33,38,45,46],"ascension_level":0}}