{"host":"5f8ute538gzudddu","time":1607906989,"event":{"mods":["BaseMod","Highlight Path","Minty Spire (QoL Compilation)","Relic Stats","StSLib"],"gold_per_floor":[114,129,129,140,140,140,40,67,117,130,130,157,172,185,185,256,256,271,289,214,214,160,160,209,237,237,237,5,23,49,59,59,138,138,156,168,182,182,192,224,224,234,234,234,260,260,260],"floor_reached":46,"playtime":2072,"items_purged":["Defend_P"],"score":1110,"play_id":"cd86fa9f-83bf-4a1d-a29f-58cacc9a74de","local_time":"20201213164949","is_ascension_mode":true,"campfire_choices":[{"data":"FlyingSleeves","floor":6.0,"key":"SMITH"},{"data":"FollowUp","floor":11.0,"key":"SMITH"},{"data":"FlurryOfBlows","floor":15.0,"key":"SMITH"},{"data":"BowlingBash","floor":23.0,"key":"SMITH"},{"floor":27.0,"key":"REST"},{"data":"ThirdEye","floor":32.0,"key":"SMITH"},{"floor":41.0,"key":"REST"},{"floor":44.0,"key":"RECALL"}],"circlet_count":0,"master_deck":["AscendersBane","Strike_P","Defend_P","Defend_P","Eruption+1","Vigilance","FlyingSleeves+1","Adaptation+1","CutThroughFate","FollowUp+1","InnerPeace","Fasting2","Consecrate","FlurryOfBlows+1","JustLucky","DeusExMachina","Scrawl+1","ForeignInfluence+1","Alpha+1","RitualDagger","BowlingBash+1","TalkToTheHand+1","ThirdEye+1","FlurryOfBlows+1","DevaForm","Fasting2","Meditate+1","TalkToTheHand","FearNoEvil","MentalFortress+1"],"relics":["PureWater","NeowsBlessing","MealTicket","Nunchaku","CaptainsWheel","Astrolabe","Regal Pillow","Ancient Tea Set","Pantograph","Toolbox","Mercury Hourglass","Fusion Hammer","Torii","Yang"],"acts_visited":["Exordium","TheCity","TheBeyond"],"potions_floor_usage":[],"damage_taken":[{"damage":0.0,"enemies":"Small Slimes","floor":1.0,"turns":1.0},{"damage":0.0,"enemies":"Jaw Worm","floor":2.0,"turns":1.0},{"damage":0.0,"enemies":"2 Louse","floor":4.0,"turns":1.0},{"damage":0.0,"enemies":"Lagavulin","floor":8.0,"turns":3.0},{"damage":2.0,"enemies":"Exordium Thugs","floor":10.0,"turns":4.0},{"damage":16.0,"enemies":"Gremlin Nob","floor":12.0,"turns":3.0},{"damage":0.0,"enemies":"Lots of Slimes","floor":13.0,"turns":3.0},{"damage":10.0,"enemies":"Gremlin Gang","floor":14.0,"turns":3.0},{"damage":5.0,"enemies":"Hexaghost","floor":16.0,"turns":7.0},{"damage":13.0,"enemies":"Shell Parasite","floor":18.0,"turns":2.0},{"damage":18.0,"enemies":"Chosen","floor":19.0,"turns":4.0},{"damage":22.0,"enemies":"Slavers","floor":25.0,"turns":4.0},{"damage":0.0,"enemies":"Snake Plant","floor":29.0,"turns":1.0},{"damage":28.0,"enemies":"Book of Stabbing","floor":30.0,"turns":4.0},{"damage":0.0,"enemies":"3 Cultists","floor":31.0,"turns":2.0},{"damage":6.0,"enemies":"Automaton","floor":33.0,"turns":6.0},{"damage":2.0,"enemies":"3 Shapes","floor":35.0,"turns":2.0},{"damage":23.0,"enemies":"3 Darklings","floor":36.0,"turns":3.0},{"damage":5.0,"enemies":"Maw","floor":37.0,"turns":5.0},{"damage":5.0,"enemies":"Sphere and 2 Shapes","floor":39.0,"turns":5.0},{"damage":12.0,"enemies":"Nemesis","floor":40.0,"turns":6.0},{"damage":0.0,"enemies":"4 Shapes","floor":42.0,"turns":5.0},{"damage":61.0,"enemies":"Reptomancer","floor":45.0,"turns":4.0},{"damage":30,"enemies":"Transient","floor":46,"turns":2}],"seed_played":"2867245088322468676","potions_obtained":[{"floor":2.0,"key":"Energy Potion"},{"floor":4.0,"key":"DistilledChaos"},{"floor":12.0,"key":"Ambrosia"},{"floor":19.0,"key":"Ambrosia"},{"floor":31.0,"key":"LiquidMemories"},{"floor":33.0,"key":"Weak Potion"},{"floor":37.0,"key":"Dexterity Potion"},{"floor":39.0,"key":"FairyPotion"},{"floor":40.0,"key":"GamblersBrew"}],"is_trial":false,"path_per_floor":["M","M","?","M","?","R","$","E","T","M","R","E","M","M","R","B",null,"M","M","?","?","$","R","T","E","T","R","$","M","E","M","R","B",null,"M","M","M","?","M","E","R","M","T","R","E","M"],"character_chosen":"WATCHER","items_purchased":["FollowUp","InnerPeace","BowlingBash","Toolbox"],"campfire_rested":2,"item_purchase_floors":[7,7,22,28],"current_hp_per_floor":[61,61,66,66,44,44,44,44,44,42,42,26,26,16,16,11,58,45,27,27,21,36,36,36,14,14,50,65,65,37,37,37,56,69,67,44,39,39,34,22,58,58,58,58,20,0,0],"gold":260,"neow_bonus":"THREE_ENEMY_KILL","is_daily":false,"chose_seed":false,"campfire_upgraded":5,"win_rate":0.0,"timestamp":1607906989,"path_taken":["M","M","?","M","?","R","?","E","T","M","R","E","M","M","R","BOSS","M","M","?","?","?","R","?","E","T","R","$","M","E","M","R","BOSS","M","M","M","?","M","E","R","M","T","R","E","?"],"items_purchased_type":["Card","Card","Card","Relic"],"build_version":"2020-12-13","purchased_purges":1,"victory":false,"max_hp_per_floor":[68,68,73,73,73,73,73,73,73,73,73,73,73,73,73,73,73,73,73,73,73,73,73,73,73,73,73,73,73,73,73,73,73,73,73,73,73,73,73,73,73,73,73,73,73,73,73],"relic_stats":{"Nunchaku":[22],"Regal Pillow":30,"Torii":3,"counters":[24,81],"Astrolabe":["Scrawl","ForeignInfluence","Alpha"],"Pantograph":25,"MealTicket":30,"Yang":[6],"obtain_stats":[{"Regal Pillow":24,"NeowsBlessing":0,"Torii":40,"Astrolabe":17,"Yang":45,"Ancient Tea Set":25,"Mercury Hourglass":30,"Nunchaku":9,"CaptainsWheel":12,"Pantograph":26,"Toolbox":28,"MealTicket":8,"Fusion Hammer":34,"PureWater":0},{"Regal Pillow":11,"NeowsBlessing":0,"Torii":21,"Astrolabe":9,"Yang":23,"Ancient Tea Set":12,"Mercury Hourglass":14,"Nunchaku":4,"CaptainsWheel":6,"Pantograph":12,"Toolbox":12,"MealTicket":4,"Fusion Hammer":16,"PureWater":0},{"Regal Pillow":32,"NeowsBlessing":0,"Torii":70,"Astrolabe":26,"Yang":79,"Ancient Tea Set":36,"Mercury Hourglass":41,"Nunchaku":6,"CaptainsWheel":13,"Pantograph":36,"Toolbox":36,"MealTicket":6,"Fusion Hammer":49,"PureWater":0}],"Mercury Hourglass":[180]},"card_choices":[{"not_picked":["Protect","Evaluate"],"picked":"FlyingSleeves","floor":1.0},{"not_picked":["FollowUp","JustLucky"],"picked":"Adaptation","floor":2.0},{"not_picked":["Protect","Meditate"],"picked":"CutThroughFate","floor":4.0},{"not_picked":["ForeignInfluence","Fasting2","Collect"],"picked":"SKIP","floor":8.0},{"not_picked":["ForeignInfluence","Collect"],"picked":"Fasting2","floor":8.0},{"not_picked":["Sanctity","FollowUp"],"picked":"Consecrate","floor":10.0},{"not_picked":["SpiritShield","ForeignInfluence"],"picked":"FlurryOfBlows","floor":12.0},{"not_picked":["CutThroughFate","LikeWater","FlurryOfBlows"],"picked":"SKIP","floor":13.0},{"not_picked":["Worship","ClearTheMind"],"picked":"JustLucky","floor":14.0},{"not_picked":["Brilliance","Establishment"],"picked":"DeusExMachina","floor":16.0},{"not_picked":["WheelKick+1","Worship","Protect"],"picked":"SKIP","floor":18.0},{"not_picked":["Indignation","Adaptation","Nirvana"],"picked":"SKIP","floor":19.0},{"not_picked":["Protect+1","Judgement","WheelKick"],"picked":"SKIP","floor":25.0},{"not_picked":["Pray","FlyingSleeves"],"picked":"TalkToTheHand+1","floor":29.0},{"not_picked":["Vengeance","FlyingSleeves"],"picked":"ThirdEye","floor":30.0},{"not_picked":["JustLucky","SandsOfTime"],"picked":"FlurryOfBlows+1","floor":31.0},{"not_picked":["Omniscience","Judgement"],"picked":"DevaForm","floor":33.0},{"not_picked":["Prostrate+1","EmptyFist+1"],"picked":"Fasting2","floor":35.0},{"not_picked":["Consecrate","BowlingBash","PathToVictory"],"picked":"SKIP","floor":36.0},{"not_picked":["Collect","Nirvana"],"picked":"Meditate","floor":37.0},{"not_picked":["FollowUp","EmptyBody"],"picked":"TalkToTheHand","floor":39.0},{"not_picked":["FollowUp","ForeignInfluence+1"],"picked":"FearNoEvil","floor":40.0},{"not_picked":["Wish","BattleHymn","SignatureMove"],"picked":"SKIP","floor":42.0},{"not_picked":["DeceiveReality","ReachHeaven"],"picked":"MentalFortress+1","floor":45.0}],"player_experience":875421,"relics_obtained":[{"floor":8.0,"key":"MealTicket"},{"floor":9.0,"key":"Nunchaku"},{"floor":12.0,"key":"CaptainsWheel"},{"floor":24.0,"key":"Regal Pillow"},{"floor":25.0,"key":"Ancient Tea Set"},{"floor":26.0,"key":"Pantograph"},{"floor":30.0,"key":"Mercury Hourglass"},{"floor":40.0,"key":"Torii"},{"floor":45.0,"key":"Yang"}],"event_choices":[{"damage_healed":0.0,"max_hp_gain":5.0,"max_hp_loss":0.0,"gold_gain":0.0,"event_name":"Big Fish","player_choice":"Donut","floor":3.0,"gold_loss":0.0,"damage_taken":0.0},{"damage_healed":0.0,"max_hp_gain":0.0,"max_hp_loss":0.0,"gold_gain":0.0,"event_name":"Shining Light","player_choice":"Entered Light","floor":5.0,"gold_loss":0.0,"damage_taken":22.0,"cards_upgraded":["Adaptation","Eruption"]},{"cards_removed":["Strike_P"],"damage_healed":0.0,"max_hp_gain":0.0,"max_hp_loss":0.0,"gold_gain":0.0,"event_name":"Beggar","player_choice":"Gave Gold","floor":20.0,"gold_loss":75.0,"damage_taken":0.0},{"damage_healed":0.0,"max_hp_gain":0.0,"max_hp_loss":0.0,"gold_gain":0.0,"event_name":"Nest","player_choice":"Joined the Cult","floor":21.0,"gold_loss":0.0,"damage_taken":6.0,"cards_obtained":["RitualDagger"]},{"damage_healed":0.0,"max_hp_gain":0.0,"max_hp_loss":0.0,"gold_gain":0.0,"event_name":"Upgrade Shrine","player_choice":"Upgraded","floor":38.0,"gold_loss":0.0,"damage_taken":0.0,"cards_upgraded":["Meditate"]}],"is_beta":false,"boss_relics":[{"not_picked":["HolyWater","Snecko Eye"],"picked":"Astrolabe"},{"not_picked":["Velvet Choker","SacredBark"],"picked":"Fusion Hammer"}],"items_purged_floors":[28],"is_endless":false,"potions_floor_spawned":[2,4,12,19,31,33,37,39,40],"killed_by":"Transient","ascension_level":20}}