{"host":"y3h3n3f7seyagppx","time":1607956515,"event":{"mods":["AlwaysNeverKeys","BaseMod","Better Vampires","Colored Powertips","DeckTracker","Emptier Cage","Minty Spire (QoL Compilation)","Permanent Neow","Quick Restart","Rare Cards Sparkle","Relic Sorter","Relic Stats","StSLib","Transform Curses"],"gold_per_floor":[17,32,32,57,57,97,97,130,212,39,109,132,132,150,150,243,243,217,217,237,258,19,57,75,119,146,146,146,177,197,216,216,314,314,335,385,431,321,335,370,388,421,445,470,514,514,553,386,386,386,386,386,386,72,103,103],"floor_reached":57,"playtime":5730,"items_purged":["Wild Strike"],"score":3055,"play_id":"f1522105-7255-4027-b056-66655d966218","local_time":"20201214093515","is_ascension_mode":true,"campfire_choices":[{"data":"Inflame","floor":7.0,"key":"SMITH"},{"data":"Armaments","floor":15.0,"key":"SMITH"},{"floor":28.0,"key":"REST"},{"data":"Heavy Blade","floor":32.0,"key":"SMITH"},{"data":"Impervious","floor":46.0,"key":"SMITH"},{"data":"Shrug It Off","floor":49.0,"key":"SMITH"},{"data":"Bash","floor":53.0,"key":"SMITH"}],"circlet_count":0,"master_deck":["AscendersBane","Strike_R","Defend_R","Defend_R","Defend_R","Defend_R+1","Bash+1","Pommel Strike","Inflame+1","Corruption","Armaments+1","Impervious+1","Anger+1","Spot Weakness+1","Seeing Red","Flame Barrier+1","Heavy Blade+1","Pummel","Power Through+1","Limit Break","Dual Wield+1","Shrug It Off+1","Shockwave+1","Shrug It Off+1","Sentinel+1","Impervious+1","Disarm","Headbutt","Pummel"],"relics":["Burning Blood","Golden Idol","Pocketwatch","Centennial Puzzle","Paper Frog","Lantern","Akabeko","Runic Pyramid","MutagenicStrength","ClockworkSouvenir","Bronze Scales","PreservedInsect","Tiny Chest","Boot","Mark of Pain","Bag of Marbles","Sundial","Bird Faced Urn","Happy Flower","Mercury Hourglass","Art of War","DollysMirror","Cauldron","Oddly Smooth Stone"],"acts_visited":["TheCity","TheBeyond","TheEnding"],"potions_floor_usage":[56,56],"damage_taken":[{"damage":7.0,"enemies":"Jaw Worm","floor":1.0,"turns":3.0},{"damage":4.0,"enemies":"2 Louse","floor":2.0,"turns":2.0},{"damage":7.0,"enemies":"Small Slimes","floor":4.0,"turns":3.0},{"damage":56.0,"enemies":"Lagavulin","floor":6.0,"turns":10.0},{"damage":15.0,"enemies":"3 Sentries","floor":8.0,"turns":8.0},{"damage":22.0,"enemies":"Lagavulin Event","floor":11.0,"turns":4.0},{"damage":0.0,"enemies":"2 Fungi Beasts","floor":12.0,"turns":2.0},{"damage":3.0,"enemies":"Blue Slaver","floor":14.0,"turns":2.0},{"damage":14.0,"enemies":"Hexaghost","floor":16.0,"turns":8.0},{"damage":1.0,"enemies":"2 Thieves","floor":18.0,"turns":4.0},{"damage":0.0,"enemies":"Chosen","floor":20.0,"turns":5.0},{"damage":2.0,"enemies":"Snake Plant","floor":21.0,"turns":3.0},{"damage":48.0,"enemies":"Slavers","floor":23.0,"turns":6.0},{"damage":13.0,"enemies":"Centurion and Healer","floor":24.0,"turns":5.0},{"damage":4.0,"enemies":"Gremlin Leader","floor":25.0,"turns":5.0},{"damage":13.0,"enemies":"Slavers","floor":29.0,"turns":2.0},{"damage":0.0,"enemies":"Cultist and Chosen","floor":30.0,"turns":4.0},{"damage":0.0,"enemies":"Chosen and Byrds","floor":31.0,"turns":4.0},{"damage":0.0,"enemies":"Collector","floor":33.0,"turns":4.0},{"damage":3.0,"enemies":"3 Darklings","floor":35.0,"turns":4.0},{"damage":0.0,"enemies":"3 Shapes","floor":39.0,"turns":4.0},{"damage":0.0,"enemies":"Nemesis","floor":40.0,"turns":1.0},{"damage":0.0,"enemies":"Spire Growth","floor":41.0,"turns":4.0},{"damage":0.0,"enemies":"Reptomancer","floor":42.0,"turns":2.0},{"damage":1.0,"enemies":"Jaw Worm Horde","floor":44.0,"turns":5.0},{"damage":4.0,"enemies":"Giant Head","floor":45.0,"turns":5.0},{"damage":1.0,"enemies":"Reptomancer","floor":47.0,"turns":3.0},{"damage":11.0,"enemies":"Time Eater","floor":50.0,"turns":9.0},{"damage":17.0,"enemies":"Donu and Deca","floor":51.0,"turns":6.0},{"damage":1.0,"enemies":"Shield and Spear","floor":55.0,"turns":5.0},{"damage":71,"enemies":"The Heart","floor":56,"turns":6}],"seed_played":"8343716974396362106","potions_obtained":[{"floor":2.0,"key":"FairyPotion"},{"floor":6.0,"key":"LiquidMemories"},{"floor":8.0,"key":"FearPotion"},{"floor":11.0,"key":"EssenceOfSteel"},{"floor":12.0,"key":"Block Potion"},{"floor":18.0,"key":"Strength Potion"},{"floor":21.0,"key":"SkillPotion"},{"floor":25.0,"key":"Energy Potion"},{"floor":33.0,"key":"GamblersBrew"},{"floor":54.0,"key":"DistilledChaos"}],"is_trial":false,"path_per_floor":["M","M","?","M","?","E","R","E","T","$","?","M","?","M","R","B",null,"M","?","M","M","$","E","M","E","T","?","R","E","M","M","R","B",null,"M","?","T","?","M","E","M","E","T","M","E","R","E","$","R","B","B",null,"R","$","E","B",null],"character_chosen":"IRONCLAD","items_purchased":["Lantern","ClockworkSouvenir","DollysMirror","Disarm","Headbutt","Cauldron"],"campfire_rested":1,"item_purchase_floors":[10,22,48,54,54,54],"current_hp_per_floor":[67,69,68,67,60,10,10,26,26,26,10,16,16,19,19,11,54,59,59,65,68,68,26,19,21,21,21,41,34,40,46,46,52,64,67,67,67,67,68,68,68,68,68,68,68,68,68,68,68,65,58,66,66,66,68,7],"gold":103,"neow_bonus":"TRANSFORM_TWO_CARDS","is_daily":false,"chose_seed":false,"campfire_upgraded":6,"win_rate":0.0,"timestamp":1607956515,"path_taken":["M","M","?","M","?","E","R","E","T","$","?","M","?","M","R","BOSS","M","?","M","M","$","E","M","E","T","?","R","E","M","?","R","BOSS","M","?","?","?","?","E","M","E","T","M","E","R","E","$","R","BOSS","BOSS","R","$","E","BOSS"],"items_purchased_type":["Relic","Relic","Relic","Card","Card","Relic"],"build_version":"2020-12-13","purchased_purges":1,"victory":true,"max_hp_per_floor":[75,75,68,68,68,68,68,68,68,68,68,68,68,68,68,68,68,68,68,68,68,68,68,68,68,68,68,68,68,68,68,68,68,68,68,68,68,68,68,68,68,68,68,68,68,68,68,68,68,68,68,68,68,68,68,68],"relic_stats":{"Happy Flower":[13],"counters":[31,138],"Golden Idol":243,"PreservedInsect":418,"Boot":[1],"Burning Blood":144,"Mercury Hourglass":[90],"Centennial Puzzle":[50],"Sundial":[2],"Bronze Scales":[274],"Bird Faced Urn":[13],"Tiny Chest":1,"Art of War":[7],"obtain_stats":[{"Lantern":10,"Happy Flower":43,"Golden Idol":3,"Oddly Smooth Stone":55,"PreservedInsect":25,"Boot":29,"Burning Blood":0,"Akabeko":11,"ClockworkSouvenir":22,"Mercury Hourglass":45,"Cauldron":54,"Centennial Puzzle":8,"Sundial":40,"DollysMirror":48,"MutagenicStrength":19,"Bronze Scales":23,"Bird Faced Urn":42,"Tiny Chest":26,"Mark of Pain":34,"Bag of Marbles":37,"Art of War":47,"Pocketwatch":6,"Paper Frog":9,"Runic Pyramid":17},{"Lantern":5,"Happy Flower":24,"Golden Idol":2,"Oddly Smooth Stone":30,"PreservedInsect":15,"Boot":16,"Burning Blood":0,"Akabeko":6,"ClockworkSouvenir":12,"Mercury Hourglass":26,"Cauldron":29,"Centennial Puzzle":5,"Sundial":22,"DollysMirror":27,"MutagenicStrength":10,"Bronze Scales":13,"Bird Faced Urn":24,"Tiny Chest":15,"Mark of Pain":19,"Bag of Marbles":20,"Art of War":27,"Pocketwatch":4,"Paper Frog":5,"Runic Pyramid":9},{"Lantern":26,"Happy Flower":99,"Golden Idol":5,"Oddly Smooth Stone":132,"PreservedInsect":70,"Boot":72,"Burning Blood":0,"Akabeko":30,"ClockworkSouvenir":54,"Mercury Hourglass":109,"Cauldron":127,"Centennial Puzzle":26,"Sundial":93,"DollysMirror":112,"MutagenicStrength":46,"Bronze Scales":60,"Bird Faced Urn":99,"Tiny Chest":70,"Mark of Pain":84,"Bag of Marbles":88,"Art of War":112,"Pocketwatch":18,"Paper Frog":26,"Runic Pyramid":42}],"Pocketwatch":[78]},"card_choices":[{"not_picked":["Thunderclap","Flex"],"picked":"Pommel Strike","floor":1.0},{"not_picked":["Thunderclap","Clash","Clothesline"],"picked":"SKIP","floor":2.0},{"not_picked":["Clothesline","Rupture","Dual Wield"],"picked":"SKIP","floor":4.0},{"not_picked":["Clash","Wild Strike"],"picked":"Inflame","floor":6.0},{"not_picked":["Flex","Armaments"],"picked":"Corruption","floor":8.0},{"not_picked":["True Grit","Pommel Strike"],"picked":"Armaments","floor":12.0},{"not_picked":["Wild Strike","Reckless Charge","Perfected Strike"],"picked":"SKIP","floor":14.0},{"not_picked":["Corruption","Bludgeon"],"picked":"Impervious","floor":16.0},{"not_picked":["Armaments","Flex"],"picked":"Anger+1","floor":18.0},{"not_picked":["Fire Breathing","Twin Strike","Clothesline"],"picked":"SKIP","floor":20.0},{"not_picked":["Shockwave","Flame Barrier"],"picked":"Spot Weakness+1","floor":21.0},{"not_picked":["Metallicize","Cleave"],"picked":"Seeing Red","floor":23.0},{"not_picked":["Evolve","Twin Strike"],"picked":"Flame Barrier+1","floor":24.0},{"not_picked":["Perfected Strike","Evolve+1"],"picked":"Heavy Blade","floor":25.0},{"not_picked":["Spot Weakness","Cleave"],"picked":"Pummel","floor":29.0},{"not_picked":["Havoc","Heavy Blade","Blood for Blood"],"picked":"SKIP","floor":30.0},{"not_picked":["Iron Wave","Blood for Blood"],"picked":"Power Through+1","floor":31.0},{"not_picked":["Juggernaut","Barricade"],"picked":"Limit Break","floor":33.0},{"not_picked":["Burning Pact+1","Heavy Blade"],"picked":"Dual Wield+1","floor":35.0},{"not_picked":["Havoc","Flex"],"picked":"Shrug It Off+1","floor":39.0},{"not_picked":["Pommel Strike+1","Dark Embrace+1"],"picked":"Shockwave+1","floor":40.0},{"not_picked":["Havoc","Immolate"],"picked":"Shrug It Off","floor":41.0},{"not_picked":["Havoc","Searing Blow","Perfected Strike"],"picked":"SKIP","floor":42.0},{"not_picked":["Inflame","Bloodletting","Heavy Blade"],"picked":"SKIP","floor":44.0},{"not_picked":["Seeing Red","Rage","Havoc"],"picked":"SKIP","floor":45.0},{"not_picked":["Entrench","Whirlwind"],"picked":"Sentinel+1","floor":47.0},{"not_picked":["Cleave","Spot Weakness"],"picked":"Pummel","floor":55.0}],"player_experience":19970786,"relics_obtained":[{"floor":6.0,"key":"Pocketwatch"},{"floor":8.0,"key":"Centennial Puzzle"},{"floor":9.0,"key":"Paper Frog"},{"floor":11.0,"key":"Akabeko"},{"floor":23.0,"key":"Bronze Scales"},{"floor":25.0,"key":"PreservedInsect"},{"floor":26.0,"key":"Tiny Chest"},{"floor":29.0,"key":"Boot"},{"floor":37.0,"key":"Bag of Marbles"},{"floor":40.0,"key":"Sundial"},{"floor":42.0,"key":"Bird Faced Urn"},{"floor":43.0,"key":"Happy Flower"},{"floor":45.0,"key":"Mercury Hourglass"},{"floor":47.0,"key":"Art of War"},{"floor":55.0,"key":"Oddly Smooth Stone"}],"event_choices":[{"damage_healed":0.0,"max_hp_gain":0.0,"max_hp_loss":7.0,"gold_gain":0.0,"event_name":"Golden Idol","player_choice":"Lose Max HP","floor":3.0,"gold_loss":0.0,"damage_taken":0.0,"relics_obtained":["Golden Idol"]},{"cards_removed":["Strike_R"],"damage_healed":0.0,"max_hp_gain":0.0,"max_hp_loss":0.0,"gold_gain":0.0,"event_name":"Golden Wing","player_choice":"Card Removal","floor":5.0,"gold_loss":0.0,"damage_taken":7.0},{"damage_healed":0.0,"max_hp_gain":0.0,"max_hp_loss":0.0,"gold_gain":0.0,"event_name":"Dead Adventurer","player_choice":"Searched \u00271\u0027 times","floor":11.0,"gold_loss":0.0,"damage_taken":0.0},{"damage_healed":0.0,"max_hp_gain":0.0,"max_hp_loss":0.0,"gold_gain":0.0,"event_name":"Liars Game","player_choice":"Ignored","floor":13.0,"gold_loss":0.0,"damage_taken":0.0},{"damage_healed":0.0,"max_hp_gain":0.0,"max_hp_loss":0.0,"gold_gain":0.0,"event_name":"Drug Dealer","player_choice":"Inject Mutagens","floor":19.0,"gold_loss":0.0,"damage_taken":0.0,"relics_obtained":["MutagenicStrength"]},{"cards_removed":["Rupture"],"damage_healed":0.0,"max_hp_gain":0.0,"max_hp_loss":0.0,"gold_gain":0.0,"event_name":"Purifier","player_choice":"Purged","floor":27.0,"gold_loss":0.0,"damage_taken":0.0},{"damage_healed":0.0,"max_hp_gain":0.0,"max_hp_loss":0.0,"gold_gain":50.0,"event_name":"Golden Shrine","player_choice":"Pray","floor":36.0,"gold_loss":0.0,"damage_taken":0.0},{"cards_removed":["Strike_R"],"damage_healed":0.0,"max_hp_gain":0.0,"max_hp_loss":0.0,"gold_gain":0.0,"event_name":"Designer","player_choice":"Upgrade and Remove","floor":38.0,"gold_loss":110.0,"damage_taken":0.0,"cards_upgraded":["Defend_R"]}],"is_beta":false,"boss_relics":[{"not_picked":["Runic Cube","Busted Crown"],"picked":"Runic Pyramid"},{"not_picked":["Black Blood","Tiny House"],"picked":"Mark of Pain"}],"items_purged_floors":[22],"is_endless":false,"potions_floor_spawned":[2,6,8,11,12,18,21,25,30,33,39,45],"ascension_level":20}}