{"host":"acw864156wjp8gcv","time":1607961068,"event":{"mods":["2.2 Compatiblity","AchievementEnabler","Aspiration","BaseMod","Beaked The Cultist","Better Altar","Better Match","Better Note","Better Sensory Stone","Better Silent Start","Better Skull","Better Third Choice","Better Vampires","Challenge The Spire","Colored Map","Colored Powertips","Conspire","Downfall","Energized Spire","Halation","Hubris","Infinite Spire","Ironclad Rager","Jedi Mod","Mimic Mod","Minty Spire (QoL Compilation)","Relic Sorter","Replay The Spire","Shop Mod","Spicy Shops","Spikes Relics","StSLib","The Construct","The Jungle","Wandering Minibosses","everything is the same but u backflip on backflip","vexMod"],"gold_per_floor":[110,110,4,4,14,41,41,69,101,101,130,150,48,65,65,170,170,185,185,196,215,227,227,256,256,256,294,294,294,312,322,322,420,520,530,544,454,454,454,480,480,510,510,522,522,522,522],"floor_reached":46,"playtime":1448,"items_purged":["ICR:ProbingStrike","ICR:ProbingStrike"],"score":644,"play_id":"627713dc-cd8a-4a10-8179-e24ba62664a3","local_time":"20201214095108","is_ascension_mode":true,"campfire_choices":[{"data":"Zap","floor":7,"key":"SMITH"},{"data":"ICR:AutoDefend","floor":10,"key":"SMITH"},{"data":"1","floor":15,"key":"LIFT"},{"data":"Biased Cognition","floor":23,"key":"SMITH"},{"data":"FIFO Queue","floor":25,"key":"SMITH"},{"data":"2","floor":28,"key":"LIFT"},{"data":"infinitespire:Oblivion","floor":32,"key":"SMITH"},{"data":"Skim","floor":41,"key":"SMITH"},{"data":"3","floor":41,"key":"LIFT"}],"circlet_count":0,"master_deck":["Zap+1","Dualcast+1","ICR:ProbingStrike","ICR:ProbingStrike","ICR:AutoDefend","ICR:AutoDefend","ICR:AutoDefend+1","Ball Lightning","Gash","Gash","Gash","Gash","Skim+1","Ball Lightning","Biased Cognition+1","Leap","Coolheaded+1","FIFO Queue+1","infinitespire:Oblivion+1","Gash","jedi:blockon+1","Cold Snap+1"],"relics":["Cracked Core","Blue Doll","Potion Belt","Girya","Incense Burner","hubris:EmptyBottle","Toy Ornithopter","Bronze Scales","ReplayTheSpireMod:TigerMarble","Replay:Wax Seal","hubris:VirtuousBlindfold","infinitespire:Beetle Shell","Bag of Preparation","hubris:Reverence","wanderingMiniBosses:Blackblade","Replay:Wanted Poster","halation:PenCase","halation:PapillonHeart","infinitespire:Broken Mirror","CherryCoatedStake","aspiration:FetidBarrel"],"acts_visited":["Exordium","TheCity","TheBeyond"],"potions_floor_usage":[16],"damage_taken":[{"damage":5,"enemies":"2 Louse","floor":1,"turns":2},{"damage":11,"enemies":"Cultist","floor":5,"turns":6},{"damage":21,"enemies":"3 Sentries","floor":6,"turns":7},{"damage":9,"enemies":"Lagavulin","floor":8,"turns":5},{"damage":0,"enemies":"Small Slimes","floor":9,"turns":4},{"damage":0,"enemies":"Gremlin Nob","floor":11,"turns":4},{"damage":0,"enemies":"Small Slimes","floor":12,"turns":1},{"damage":0,"enemies":"Gremlin Gang","floor":14,"turns":3},{"damage":8,"enemies":"Hexaghost","floor":16,"turns":5},{"damage":6,"enemies":"Shell Parasite","floor":18,"turns":3},{"damage":6,"enemies":"2 Thieves","floor":20,"turns":3},{"damage":8,"enemies":"Snecko","floor":21,"turns":4},{"damage":1,"enemies":"Snake Plant","floor":22,"turns":3},{"damage":13,"enemies":"conspire:SneckoGhost","floor":24,"turns":4},{"damage":5,"enemies":"conspire:MimicChest","floor":27,"turns":8},{"damage":2,"enemies":"Shelled Parasite and Fungi","floor":30,"turns":3},{"damage":0,"enemies":"conspire:HollyBat","floor":31,"turns":5},{"damage":8,"enemies":"Champ","floor":33,"turns":4},{"damage":0,"enemies":"Orb Walker","floor":35,"turns":2},{"damage":13,"enemies":"3 Darklings","floor":36,"turns":3},{"damage":0,"enemies":"Giant Head","floor":40,"turns":3},{"damage":15,"enemies":"Nemesis","floor":42,"turns":3},{"damage":1,"enemies":"Writhing Mass","floor":44,"turns":2}],"seed_played":"2683584599334481557","potions_obtained":[{"floor":6,"key":"Energy Potion"},{"floor":11,"key":"Dexterity Potion"},{"floor":12,"key":"BlessingOfTheForge"},{"floor":16,"key":"Strength Potion"},{"floor":22,"key":"GamblersBrew"}],"is_trial":false,"path_per_floor":["M","?","$","?","M","E","R","E","MIM","R","E","M","$","M","R","B",null,"M","?","M","M","M","R","E","R","T","?","R","AVR","M","M","R","B",null,"M","M","$","?","?","E","R","E","T","M","?","?"],"character_chosen":"DEFECT","items_purchased":["Blue Doll","Potion Belt","Girya","Incense Burner","hubris:EmptyBottle","Ball Lightning","Skim","halation:PenCase"],"campfire_rested":0,"item_purchase_floors":[3,3,3,3,3,3,13,37],"current_hp_per_floor":[70,63,63,63,52,31,31,22,22,22,22,22,22,22,22,19,75,69,69,63,55,54,54,41,41,41,36,36,36,34,34,34,26,75,75,62,62,62,69,69,69,54,54,53,53,0,0],"gold":522,"neow_bonus":"DEFECT_WARDEN","is_daily":false,"chose_seed":false,"campfire_upgraded":6,"win_rate":0.0,"timestamp":1607961068,"path_taken":["M","?","$","?","M","E","R","E","MIM","R","E","M","$","?","R","BOSS","M","?","?","M","M","R","E","R","T","?","R","AVR","?","M","R","BOSS","M","M","?","?","?","E","R","E","T","M","?","?"],"items_purchased_type":["Relic","Relic","Relic","Relic","Relic","Card","Card","Relic"],"build_version":"2020-12-13","purchased_purges":2,"victory":false,"max_hp_per_floor":[75,75,75,75,75,75,75,75,75,75,75,75,75,75,75,75,75,75,75,75,75,75,75,75,75,75,75,75,75,75,75,75,75,75,75,75,75,71,71,71,71,71,71,71,71,71,71],"card_choices":[{"not_picked":["Capacitor","Go for the Eyes","Panic Button"],"picked":"SKIP","floor":1},{"not_picked":["Hologram","BasicCrystalCard"],"picked":"Gash","floor":5},{"not_picked":["Rip and Tear","Coolheaded","jedi:spotbugs"],"picked":"SKIP","floor":6},{"not_picked":["Reprogram","jedi:sharpshooter","jedi:BurstFrost"],"picked":"SKIP","floor":8},{"not_picked":["Reinforced Body","Turbo"],"picked":"Gash","floor":9},{"not_picked":["jedi:reiji","Loop"],"picked":"Gash","floor":11},{"not_picked":["jedi:BurstLightning","Compile Driver"],"picked":"Gash","floor":12},{"not_picked":["BasicCrystalCard","Capacitor"],"picked":"Ball Lightning","floor":14},{"not_picked":["Thunder Strike","hubris:DoWhile"],"picked":"Biased Cognition","floor":16},{"not_picked":["jedi:blockon","Steam+1","Cold Snap"],"picked":"SKIP","floor":18},{"not_picked":["RefreshScreen","jedi:BurstLightning"],"picked":"Leap","floor":20},{"not_picked":["Buffer","Double Energy"],"picked":"Coolheaded+1","floor":21},{"not_picked":["Rebound+1","Blizzard","Consume"],"picked":"SKIP","floor":22},{"not_picked":["Conserve Battery","RefreshScreen"],"picked":"FIFO Queue","floor":24},{"not_picked":["Storm","Loop"],"picked":"Gash","floor":30},{"not_picked":["wanderingMiniBosses:FinaleOfPromise"],"picked":"SKIP","floor":31},{"not_picked":["BasicCrystalCard","Streamline","Sweeping Beam"],"picked":"SKIP","floor":31},{"not_picked":["Beam Cell","Ball Lightning"],"picked":"jedi:blockon+1","floor":35},{"not_picked":["BasicCrystalCard","jedi:blockon+1","Stack+1"],"picked":"SKIP","floor":36},{"not_picked":["Cold Snap+1","Steam+1","jedi:markofdeath+1"],"picked":"SKIP","floor":40},{"not_picked":["Leap","Hologram+1","Rip and Tear"],"picked":"SKIP","floor":42},{"not_picked":["Turbo+1","Blizzard+1"],"picked":"Cold Snap+1","floor":44}],"player_experience":115867,"relics_obtained":[{"floor":6,"key":"Toy Ornithopter"},{"floor":8,"key":"Bronze Scales"},{"floor":9,"key":"ReplayTheSpireMod:TigerMarble"},{"floor":11,"key":"Replay:Wax Seal"},{"floor":24,"key":"infinitespire:Beetle Shell"},{"floor":26,"key":"Bag of Preparation"},{"floor":27,"key":"hubris:Reverence"},{"floor":31,"key":"wanderingMiniBosses:Blackblade"},{"floor":40,"key":"infinitespire:Broken Mirror"},{"floor":42,"key":"CherryCoatedStake"},{"floor":43,"key":"aspiration:FetidBarrel"}],"event_choices":[{"cards_removed":["ICR:AutoDefend"],"damage_healed":0,"gold_gain":0,"player_choice":"Card Removal","damage_taken":7,"max_hp_gain":0,"max_hp_loss":0,"event_name":"Golden Wing","floor":2,"gold_loss":0},{"damage_healed":0,"gold_gain":0,"player_choice":"Forge","damage_taken":0,"max_hp_gain":0,"max_hp_loss":0,"event_name":"Accursed Blacksmith","floor":4,"gold_loss":0,"cards_upgraded":["Dualcast"]},{"damage_healed":0,"gold_gain":0,"player_choice":"Ignored","damage_taken":0,"max_hp_gain":0,"max_hp_loss":0,"event_name":"betterNote:BetterNote","floor":19,"gold_loss":0,"cards_obtained":["Strike_G"]},{"damage_healed":0,"gold_gain":0,"player_choice":"Leave","damage_taken":0,"max_hp_gain":0,"max_hp_loss":0,"event_name":"conspire:Investor","floor":45,"gold_loss":0}],"is_beta":false,"boss_relics":[{"not_picked":["Abe\u0027s Treasure","hubris:CrackedHourglass"],"picked":"hubris:VirtuousBlindfold"},{"not_picked":["halation:SmartPhone","jedi:paperlyon"],"picked":"Replay:Wanted Poster"}],"items_purged_floors":[13,29],"is_endless":false,"potions_floor_spawned":[6,11,12,16,22,24,30,31,42,44],"ascension_level":1}}