{"host":"f55lpzc7830gmx23","time":1607989494,"event":{"mods":["BaseMod","Better Note","Downfall","Hermit","Minty Spire (QoL Compilation)","StSLib","The Blackbeard","The Cursed","The Necromancer"],"gold_per_floor":[116,136,149,74,94,94,112,112,112,144,19,19,244,244,244,340,340,355,355,630,630,644,644,670,670,741,741,752,752,125,138,138,241,241,251,1250,1269,1269,1281,1357,1370,1370,1370,1370,1592,1612,1612,859,859,889],"floor_reached":51,"playtime":2509,"items_purged":["Writhe","Regret","Normality"],"score":942,"play_id":"6b2892c3-8917-456c-b217-fc938c795795","local_time":"20201215004454","is_ascension_mode":true,"campfire_choices":[{"floor":6,"key":"REST"},{"floor":8,"key":"REST"},{"data":"Mayhem","floor":12,"key":"SMITH"},{"data":"blackbeard:Cutlass","floor":15,"key":"SMITH"},{"data":"blackbeard:WiseDefense","floor":23,"key":"SMITH"},{"data":"blackbeard:CannonballSupply","floor":25,"key":"SMITH"},{"data":"blackbeard:BeatUp","floor":27,"key":"SMITH"},{"data":"blackbeard:IntimidatingStrike","floor":29,"key":"SMITH"},{"data":"blackbeard:CloakAndCannonball","floor":32,"key":"SMITH"},{"data":"blackbeard:BoostMorale","floor":42,"key":"SMITH"},{"data":"expansioncontent:Chronoboost","floor":44,"key":"SMITH"},{"data":"blackbeard:InfiniteBarrage","floor":49,"key":"SMITH"}],"circlet_count":0,"master_deck":["blackbeard:IntimidatingStrike+1","blackbeard:Cutlass+1","Mayhem+1","blackbeard:CloakAndCannonball+1","blackbeard:WiseDefense+1","blackbeard:RearmingStrike","blackbeard:DoubleBottom","blackbeard:BeatUp+1","blackbeard:GoldenCannonball","blackbeard:GoldenStrike","blackbeard:FinalBarrage+1","blackbeard:GoldenDefense","blackbeard:CannonballSupply+1","blackbeard:RearmingStrike","blackbeard:GoldenRain","blackbeard:FinalBarrage","blackbeard:CannonballSupply","blackbeard:Salvager","blackbeard:ChaoticDefense","blackbeard:BoostMorale+1","blackbeard:ArmorUp","blackbeard:Recklessness","blackbeard:Provisioning","Normality","blackbeard:Rum+1","expansioncontent:Chronoboost+1","blackbeard:Bandana+1","blackbeard:ReapersScythe","Madness","Madness","Mayhem+1","blackbeard:InfiniteBarrage+1"],"relics":["blackbeard:LoadTheCannons","Bottled Flame","Blue Candle","Eternal Feather","MealTicket","Runic Pyramid","Red Mask","blackbeard:Penknife","Mummified Hand","Darkstone Periapt","Pandora\u0027s Box","Ornamental Fan","Pantograph","HornCleat","DollysMirror","Juzu Bracelet"],"acts_visited":["Exordium","TheCity","TheBeyond"],"potions_floor_usage":[16,16,16,22,24,28,39,40,40,40,46,50,50,50],"damage_taken":[{"damage":8,"enemies":"Cultist","floor":1,"turns":4},{"damage":12,"enemies":"Small Slimes","floor":2,"turns":3},{"damage":12,"enemies":"Jaw Worm","floor":3,"turns":2},{"damage":8,"enemies":"Looter","floor":5,"turns":3},{"damage":2,"enemies":"Exordium Wildlife","floor":7,"turns":3},{"damage":5,"enemies":"Lagavulin","floor":10,"turns":7},{"damage":25,"enemies":"Hexaghost","floor":16,"turns":8},{"damage":17,"enemies":"2 Thieves","floor":18,"turns":3},{"damage":24,"enemies":"Shell Parasite","floor":22,"turns":5},{"damage":8,"enemies":"Masked Bandits","floor":24,"turns":5},{"damage":13,"enemies":"Centurion and Healer","floor":28,"turns":5},{"damage":13,"enemies":"Snake Plant","floor":31,"turns":2},{"damage":89,"enemies":"Champ","floor":33,"turns":8},{"damage":0,"enemies":"Orb Walker","floor":35,"turns":2},{"damage":8,"enemies":"3 Darklings","floor":37,"turns":2},{"damage":2,"enemies":"Transient","floor":39,"turns":5},{"damage":15,"enemies":"Nemesis","floor":40,"turns":3},{"damage":23,"enemies":"Writhing Mass","floor":41,"turns":5},{"damage":1,"enemies":"Jaw Worm Horde","floor":46,"turns":2},{"damage":31,"enemies":"Time Eater","floor":50,"turns":5}],"seed_played":"-1612128460994845463","potions_obtained":[{"floor":2,"key":"LiquidMemories"},{"floor":3,"key":"Block Potion"},{"floor":5,"key":"LiquidBronze"},{"floor":16,"key":"BlessingOfTheForge"},{"floor":21,"key":"Block Potion"},{"floor":21,"key":"SkillPotion"},{"floor":28,"key":"FairyPotion"},{"floor":37,"key":"PowerPotion"},{"floor":40,"key":"Explosive Potion"},{"floor":46,"key":"Block Potion"}],"is_trial":false,"path_per_floor":["M","M","M","$","M","R","M","R","T","E","$","R","?","?","R","B",null,"M","?","?","?","M","R","?","R","T","R","M","R","$","M","R","B",null,"M","?","M","?","M","E","M","R","T","R","?","M","?","$","R","B",null],"character_chosen":"BLACKBEARD_CLASS","items_purchased":["blackbeard:GoldenCannonball","blackbeard:GoldenStrike","Mummified Hand","Darkstone Periapt","blackbeard:RearmingStrike","HornCleat","DollysMirror","Juzu Bracelet","blackbeard:InfiniteBarrage"],"campfire_rested":2,"item_purchase_floors":[11,11,30,30,30,48,48,48,48],"current_hp_per_floor":[60,48,36,36,28,50,48,70,70,65,65,65,65,53,62,37,66,49,49,49,49,25,37,29,41,41,53,40,52,67,54,66,22,62,62,74,66,66,64,57,34,49,49,64,64,63,52,67,85,56],"gold":889,"neow_bonus":"RANDOM_COLORLESS_2","is_daily":false,"chose_seed":false,"campfire_upgraded":10,"win_rate":0.0,"timestamp":1607989494,"path_taken":["M","?","M","$","M","R","M","R","T","E","$","R","?","?","R","BOSS","M","?","?","?","M","R","?","R","T","R","M","R","$","M","R","BOSS","M","?","M","?","M","E","?","R","T","R","?","M","?","$","R","BOSS"],"items_purchased_type":["Card","Card","Relic","Relic","Card","Relic","Relic","Relic","Card"],"build_version":"2020-12-13","purchased_purges":3,"victory":true,"max_hp_per_floor":[75,75,75,75,75,75,75,75,75,75,75,75,75,75,75,75,75,75,75,75,75,75,75,75,75,75,75,75,75,75,75,75,75,75,75,87,87,87,87,87,87,87,87,87,87,87,87,87,87,87],"card_choices":[{"not_picked":["Sadistic Nature","Master of Strategy"],"picked":"Mayhem","floor":0},{"not_picked":["blackbeard:Toast","blackbeard:CannonBarrage","blackbeard:Fencing"],"picked":"SKIP","floor":1},{"not_picked":["blackbeard:FieryDefense","blackbeard:Toast"],"picked":"blackbeard:CloakAndCannonball","floor":2},{"not_picked":["blackbeard:Spear","blackbeard:Fencing"],"picked":"blackbeard:WiseDefense","floor":3},{"not_picked":["blackbeard:Toast","blackbeard:SwordDance"],"picked":"blackbeard:RearmingStrike","floor":5},{"not_picked":["blackbeard:Sharpening","blackbeard:Anchor"],"picked":"blackbeard:DoubleBottom","floor":7},{"not_picked":["blackbeard:DeadlyArsenal","blackbeard:PiratesWill"],"picked":"blackbeard:BeatUp","floor":10},{"not_picked":["blackbeard:Intoxication","blackbeard:CaptainsHat"],"picked":"blackbeard:FinalBarrage","floor":16},{"not_picked":["blackbeard:DeadlyArsenal","blackbeard:ChaoticDefense","blackbeard:Fencing"],"picked":"SKIP","floor":18},{"not_picked":["blackbeard:VengefulSpirit","blackbeard:Spear"],"picked":"blackbeard:GoldenDefense","floor":22},{"not_picked":["blackbeard:Toast","blackbeard:PiratesWill+1"],"picked":"blackbeard:CannonballSupply","floor":24},{"not_picked":["blackbeard:DeadlyArsenal","blackbeard:SwordDance","blackbeard:FieryDefense"],"picked":"SKIP","floor":28},{"not_picked":["blackbeard:Toast","blackbeard:VengefulSpirit","blackbeard:Dagger"],"picked":"SKIP","floor":31},{"not_picked":["blackbeard:HumongousCannonball","blackbeard:TheDrunkenSailor"],"picked":"blackbeard:GoldenRain","floor":33},{"not_picked":["blackbeard:Toast+1","blackbeard:TacticalRetreat+1","blackbeard:PiratesWill+1"],"picked":"SKIP","floor":35},{"not_picked":["blackbeard:PirateEarring","blackbeard:WiseDefense+1"],"picked":"blackbeard:Rum+1","floor":37},{"not_picked":["expansioncontent:DashGenerateEvil","Transmutation"],"picked":"expansioncontent:Chronoboost","floor":38},{"not_picked":["blackbeard:Dagger","blackbeard:Toast+1"],"picked":"blackbeard:Bandana+1","floor":39},{"not_picked":["blackbeard:DangerousBlow+1","blackbeard:BeatUp+1"],"picked":"blackbeard:ReapersScythe","floor":40},{"not_picked":["blackbeard:FishingNets+1","blackbeard:FieryDefense","blackbeard:SwordDance+1"],"picked":"SKIP","floor":41},{"not_picked":["blackbeard:DeadlyArsenal+1","blackbeard:Toast+1","blackbeard:FishingNets"],"picked":"SKIP","floor":46}],"player_experience":403903,"relics_obtained":[{"floor":9,"key":"Bottled Flame"},{"floor":10,"key":"Blue Candle"},{"floor":24,"key":"Red Mask"},{"floor":26,"key":"blackbeard:Penknife"},{"floor":40,"key":"Ornamental Fan"},{"floor":43,"key":"Pantograph"}],"event_choices":[{"damage_healed":0,"gold_gain":225,"player_choice":"YARR","damage_taken":0,"relics_obtained":["Eternal Feather"],"max_hp_gain":0,"max_hp_loss":0,"event_name":"blackbeard:Ssssserpent","floor":13,"gold_loss":0},{"damage_healed":0,"gold_gain":0,"player_choice":"Success","damage_taken":12,"relics_obtained":["MealTicket"],"max_hp_gain":0,"max_hp_loss":0,"event_name":"Scrap Ooze","floor":14,"gold_loss":0},{"damage_healed":0,"gold_gain":0,"player_choice":"Upgraded","damage_taken":0,"max_hp_gain":0,"max_hp_loss":0,"event_name":"Upgrade Shrine","floor":19,"gold_loss":0,"cards_upgraded":["blackbeard:FinalBarrage"]},{"damage_healed":0,"gold_gain":275,"player_choice":"Desecrate","damage_taken":0,"max_hp_gain":0,"max_hp_loss":0,"event_name":"Golden Shrine","floor":20,"gold_loss":0,"cards_obtained":["Regret"]},{"damage_healed":0,"gold_gain":0,"player_choice":"Got Potions","damage_taken":0,"max_hp_gain":0,"max_hp_loss":0,"event_name":"Lab","floor":21,"gold_loss":0},{"damage_healed":0,"gold_gain":0,"player_choice":"Fought Bandits","damage_taken":0,"max_hp_gain":0,"max_hp_loss":0,"event_name":"Masked Bandits","floor":24,"gold_loss":0},{"damage_healed":0,"gold_gain":999,"player_choice":"Gold","damage_taken":0,"max_hp_gain":0,"max_hp_loss":0,"event_name":"MindBloom","floor":36,"gold_loss":0,"cards_obtained":["Normality","Normality"]},{"damage_healed":0,"gold_gain":0,"player_choice":"Memory 1","damage_taken":0,"max_hp_gain":0,"max_hp_loss":0,"event_name":"SensoryStone","floor":38,"gold_loss":0},{"damage_healed":0,"gold_gain":222,"player_choice":"Wore Mask","damage_taken":0,"max_hp_gain":0,"max_hp_loss":0,"event_name":"Tomb of Lord Red Mask","floor":45,"gold_loss":0},{"damage_healed":0,"gold_gain":0,"player_choice":"Embrace Madness","damage_taken":11,"max_hp_gain":0,"max_hp_loss":0,"event_name":"Winding Halls","floor":47,"gold_loss":0,"cards_obtained":["Madness","Madness"]}],"is_beta":false,"boss_relics":[{"not_picked":["Empty Cage","SlaversCollar"],"picked":"Runic Pyramid"},{"not_picked":["Sozu","Fusion Hammer"],"picked":"Pandora\u0027s Box"}],"items_purged_floors":[4,30,48],"is_endless":false,"potions_floor_spawned":[2,3,5,16,28,37,39,40,46],"ascension_level":6}}