{"host":"0cm5wy4nhuju7tij","time":1607923293,"event":{"mods":["2.2 Compatiblity","AchievementEnabler","BaseMod","Better Third Choice","BetterRewards","CCEM","CatGirl Mod","ChefMod","Colored Powertips","Custom Start","Displayed Cursed Tome","Downfall","Filter the Spire","Fireblade Mod","Hermit","Highlight Path","Minty Spire (QoL Compilation)","Permanent Neow","Spicy Shops","StSLib","The Bladedancer"],"gold_per_floor":[113,126,142,158,233,264,294,307,307,307,307,322,322,353,353,482,482,500,514,514,539,75,75,50,93,93,93,93,118,118,139,139,139,139],"floor_reached":33,"playtime":1532,"items_purged":["FireBladeMod:StrikeFireBlade"],"score":277,"play_id":"4ae40b3b-7edf-4109-bcb9-5477161c1daf","local_time":"20201214002133","is_ascension_mode":false,"campfire_choices":[{"floor":10,"key":"REST"},{"floor":13,"key":"REST"},{"floor":15,"key":"REST"},{"floor":23,"key":"REST"},{"floor":27,"key":"REST"},{"floor":30,"key":"REST"},{"floor":32,"key":"REST"}],"circlet_count":0,"master_deck":["FireBladeMod:StrikeFireBlade","FireBladeMod:StrikeFireBlade","FireBladeMod:StrikeFireBlade","FireBladeMod:DefendFireBlade+1","FireBladeMod:DefendFireBlade","FireBladeMod:DefendFireBlade","FireBladeMod:DefendFireBlade","FireBladeMod:FlamingSword+1","FireBladeMod:FireBarrier+1","FireBladeMod:FinishingBarrage","FireBladeMod:SoulSword","FireBladeMod:ThirstForBlood","FireBladeMod:FerventSlash","FireBladeMod:FerventSlash","FireBladeMod:SpinningSmash","FireBladeMod:HealthyEndurance","FireBladeMod:BasicSmash","FireBladeMod:Blitzkreig","FireBladeMod:SpinningSmash","FireBladeMod:BasicSmash","RitualDagger","FireBladeMod:BasicSmash","FireBladeMod:TorsoSmash","expansioncontent:Collect","FireBladeMod:IronEndurance","hermit:CalledShot+1"],"relics":["FireBladeMod:DuelistLocket","War Paint","Golden Idol","CCEMRelics:DerglesHeadphones","Cursed Key","PrismaticShard","CCEMRelics:Barrel"],"acts_visited":["Exordium","TheCity"],"potions_floor_usage":[16,33],"damage_taken":[{"damage":1,"enemies":"Small Slimes","floor":1,"turns":3},{"damage":2,"enemies":"2 Louse","floor":2,"turns":3},{"damage":6,"enemies":"Jaw Worm","floor":3,"turns":5},{"damage":2,"enemies":"3 Louse","floor":4,"turns":4},{"damage":28,"enemies":"Gremlin Nob","floor":6,"turns":4},{"damage":5,"enemies":"2 Fungi Beasts","floor":8,"turns":3},{"damage":14,"enemies":"Looter","floor":12,"turns":4},{"damage":29,"enemies":"Lagavulin","floor":14,"turns":9},{"damage":44,"enemies":"Slime Boss","floor":16,"turns":10},{"damage":25,"enemies":"3 Byrds","floor":18,"turns":5},{"damage":5,"enemies":"Chosen","floor":19,"turns":3},{"damage":26,"enemies":"Sentry and Sphere","floor":21,"turns":7},{"damage":23,"enemies":"Book of Stabbing","floor":25,"turns":5},{"damage":26,"enemies":"Snake Plant","floor":29,"turns":3},{"damage":10,"enemies":"Snecko","floor":31,"turns":3},{"damage":69,"enemies":"Collector","floor":33,"turns":8}],"seed_played":"8679877036621312340","potions_obtained":[{"floor":1,"key":"Regen Potion"},{"floor":2,"key":"Swift Potion"},{"floor":6,"key":"Strength Potion"},{"floor":21,"key":"champ:CounterPotion"},{"floor":28,"key":"Explosive Potion"},{"floor":31,"key":"Regen Potion"}],"is_trial":false,"path_per_floor":["M","M","M","M","?","E","?","M","T","R","?","M","R","E","R","B",null,"M","M","?","M","$","R","$","E","T","R","?","M","R","M","R","B"],"character_chosen":"THE_FIREBLADE","items_purchased":["FireBladeMod:TorsoSmash","PrismaticShard","expansioncontent:Collect","FireBladeMod:IronEndurance"],"campfire_rested":7,"item_purchase_floors":[22,22,22,24],"current_hp_per_floor":[69,67,61,59,48,20,20,15,15,36,36,22,41,18,37,14,65,46,41,35,15,15,34,34,17,17,36,36,10,29,19,38,0,0],"gold":139,"neow_bonus":"UPGRADE_CARD","is_daily":false,"chose_seed":false,"campfire_upgraded":0,"win_rate":0.0,"timestamp":1607923293,"path_taken":["M","M","M","M","?","E","?","?","T","R","?","M","R","E","R","BOSS","M","M","?","M","$","R","$","E","T","R","?","M","R","M","R","BOSS"],"items_purchased_type":["Card","Relic","Card","Card"],"build_version":"2020-12-13","purchased_purges":1,"victory":false,"max_hp_per_floor":[70,70,70,70,70,70,70,70,70,70,65,65,65,65,65,65,65,65,65,65,65,65,65,65,65,65,65,65,65,65,65,65,65,65],"card_choices":[{"not_picked":["FireBladeMod:RollWithTheBlow","FireBladeMod:SpiritEndurance"],"picked":"FireBladeMod:FinishingBarrage","floor":1},{"not_picked":["FireBladeMod:BackhandSwing","FireBladeMod:ScorchingStrike"],"picked":"FireBladeMod:SoulSword","floor":2},{"not_picked":["FireBladeMod:SoulStrike","FireBladeMod:SmashingEndurance"],"picked":"FireBladeMod:ThirstForBlood","floor":3},{"not_picked":["FireBladeMod:MomentumStrikes","FireBladeMod:SpiritEndurance"],"picked":"FireBladeMod:FerventSlash","floor":4},{"not_picked":["FireBladeMod:SmashingEndurance","FireBladeMod:ComplexAttack"],"picked":"FireBladeMod:FerventSlash","floor":6},{"not_picked":["FireBladeMod:RapidDodges","FireBladeMod:Shove"],"picked":"FireBladeMod:SpinningSmash","floor":8},{"not_picked":["FireBladeMod:BackhandSwing","FireBladeMod:SteadyEndurance"],"picked":"FireBladeMod:HealthyEndurance","floor":12},{"not_picked":["FireBladeMod:Tempo","FireBladeMod:FerventSlash"],"picked":"FireBladeMod:BasicSmash","floor":14},{"not_picked":["FireBladeMod:LightningCombo","FireBladeMod:BattleMage"],"picked":"FireBladeMod:Blitzkreig","floor":16},{"not_picked":["FireBladeMod:WellPrepared","FireBladeMod:MomentumStrikes"],"picked":"FireBladeMod:SpinningSmash","floor":18},{"not_picked":["FireBladeMod:GetPumped","FireBladeMod:FerventSlash"],"picked":"FireBladeMod:BasicSmash","floor":19},{"not_picked":["FireBladeMod:Shove+1","FireBladeMod:BackhandSwing"],"picked":"FireBladeMod:BasicSmash","floor":21},{"not_picked":["Underhanded Strike","Flechettes","hermit:Shortfuse"],"picked":"SKIP","floor":25},{"not_picked":["theCatGirl:LuckyBlow","Slimebound:RollThrough","Guardian:GuardianWhirl"],"picked":"SKIP","floor":29},{"not_picked":["theCatGirl:TryingMyBest","chefmod:IcePick"],"picked":"hermit:CalledShot+1","floor":31}],"player_experience":195282,"relics_obtained":[{"floor":6,"key":"War Paint"},{"floor":14,"key":"CCEMRelics:DerglesHeadphones"},{"floor":25,"key":"CCEMRelics:Barrel"}],"event_choices":[{"damage_healed":0,"gold_gain":75,"player_choice":"Gold","damage_taken":11,"max_hp_gain":0,"max_hp_loss":0,"event_name":"betterThird:BetterGoop","floor":5,"gold_loss":0},{"damage_healed":0,"gold_gain":30,"player_choice":"Searched \u00272\u0027 times","damage_taken":0,"max_hp_gain":0,"max_hp_loss":0,"event_name":"Dead Adventurer","floor":7,"gold_loss":0},{"damage_healed":0,"gold_gain":0,"player_choice":"Lose Max HP","damage_taken":0,"relics_obtained":["Golden Idol"],"max_hp_gain":0,"max_hp_loss":5,"event_name":"Golden Idol","floor":11,"gold_loss":0},{"damage_healed":0,"gold_gain":0,"player_choice":"Dagger","damage_taken":6,"max_hp_gain":0,"max_hp_loss":0,"event_name":"betterThird:BetterNest","floor":20,"gold_loss":0,"cards_obtained":["RitualDagger"]},{"damage_healed":0,"gold_gain":0,"player_choice":"Got Potions","damage_taken":0,"max_hp_gain":0,"max_hp_loss":0,"event_name":"Lab","floor":28,"gold_loss":0}],"is_beta":false,"boss_relics":[{"not_picked":["Busted Crown","Calling Bell"],"picked":"Cursed Key"}],"items_purged_floors":[22],"is_endless":false,"potions_floor_spawned":[1,2,6,21,31],"killed_by":"Collector","ascension_level":0}}