{"host":"2461dio7vetlq1z3","time":1607964743,"event":{"mods":["AchievementEnabler","Aspiration","BaseMod","Hermit","Lobotomy","Marisa????????","Minty Spire (QoL Compilation)","Relic Stats","Spicy Shops","StSLib","Waifu the Spire"],"gold_per_floor":[117,48,59,71,81,111,111,111,111],"floor_reached":8,"playtime":441,"items_purged":[],"score":84,"play_id":"ecc1fa79-17f2-472c-9d86-d85d1ae0aa4e","local_time":"20201214175223","is_ascension_mode":true,"campfire_choices":[{"floor":7,"key":"REST"}],"circlet_count":0,"master_deck":["Strike_MRS","Strike_MRS","Strike_MRS","Strike_MRS","Defend_MRS","Defend_MRS+1","Defend_MRS","Defend_MRS+1","MasterSpark","UpSweep","ShootingEcho","MeteoricShower","SprinkleStarSeal","ShootingEcho","GrandCross"],"relics":["Snecko Eye","War Paint"],"acts_visited":["Exordium"],"potions_floor_usage":[6,8,8],"damage_taken":[{"damage":1,"enemies":"Cultist","floor":1,"turns":3},{"damage":0,"enemies":"Small Slimes","floor":3,"turns":2},{"damage":7,"enemies":"2 Louse","floor":4,"turns":2},{"damage":9,"enemies":"Red Slaver","floor":5,"turns":2},{"damage":43,"enemies":"Lagavulin","floor":6,"turns":8},{"damage":35,"enemies":"3 Sentries","floor":8,"turns":6}],"seed_played":"-1854454959354686792","potions_obtained":[{"floor":3,"key":"LiquidBronze"},{"floor":4,"key":"PowerPotion"},{"floor":5,"key":"Block Potion"}],"is_trial":false,"path_per_floor":["M","$","M","M","M","E","R","E"],"character_chosen":"MARISA","items_purchased":["MeteoricShower"],"campfire_rested":1,"item_purchase_floors":[2],"current_hp_per_floor":[67,67,67,60,51,8,30,0,0],"gold":111,"neow_bonus":"BOSS_RELIC","is_daily":false,"chose_seed":false,"campfire_upgraded":0,"win_rate":0.0,"timestamp":1607964743,"path_taken":["M","?","M","M","M","E","R","E"],"items_purchased_type":["Card"],"build_version":"2020-12-13","purchased_purges":0,"victory":false,"max_hp_per_floor":[75,75,75,75,75,75,75,75,75],"relic_stats":{"counters":[6,23],"Snecko Eye":[27,29,31,38],"War Paint":["Defend_MRS","Defend_MRS"],"obtain_stats":[{"Snecko Eye":0,"MiniHakkero":0,"War Paint":6},{"Snecko Eye":0,"MiniHakkero":0,"War Paint":5},{"Snecko Eye":0,"MiniHakkero":0,"War Paint":17}]},"card_choices":[{"not_picked":["WitchOfGreed","AsteroidBelt"],"picked":"ShootingEcho","floor":1},{"not_picked":["LuminesStrike","OpenUniverse"],"picked":"SprinkleStarSeal","floor":3},{"not_picked":["DarkMatter","PowerUp"],"picked":"ShootingEcho","floor":4},{"not_picked":["OpenUniverse","WitchOfGreed","OneTimeOff"],"picked":"SKIP","floor":5},{"not_picked":["OpenUniverse","WitchOfGreed","OneTimeOff"],"picked":"SKIP","floor":5},{"not_picked":["MilkyWay","6A"],"picked":"GrandCross","floor":6}],"player_experience":772374,"relics_obtained":[{"floor":6,"key":"War Paint"}],"event_choices":[],"is_beta":false,"boss_relics":[],"items_purged_floors":[],"is_endless":false,"potions_floor_spawned":[3,4,5],"killed_by":"3 Sentries","ascension_level":9}}