{"host":"4oozkyb2rmpv0j2l","time":1607946284,"event":{"mods":["Act Like it!","Aspiration","BaseMod","Colored Map","Conspire","Gensokyo","Hallownest","Hubris","KinomotoSakuraMod(木之本樱)","Koishi","Lobotomy","LobotomyExtend","Marisa（F雨　魔理沙）","Minty Spire (QoL Compilation)","Prisma Mod","Quick Restart","Rare Cards Sparkle","Reimu（博丽灵梦）","Remilia（蕾米莉亚）","Replay The Spire","Robot Space Explorer","Shop Mod","Spicy Shops","StSLib","TestMod","The Animator","The Bladedancer","The Bug Knight","The Cursed","The Disciple","The Hierophant","The Mystic","The Necromancer","The Runesmith","The Servant 0.9.4","WarShipGirlsR/战舰少女R mod","Youmu（魂魄妖梦）","Yuri Mod","Yuyuko","vexMod","yUi","【东方二次创作】八云紫mod","【遗物卡牌】REMEMod"],"gold_per_floor":[114,114,64,64,64,64,74,99,123,134,148,181,191,203,203,304,304,304,304],"floor_reached":18,"playtime":646,"items_purged":[],"score":252,"play_id":"b4f46bf9-31ac-4183-94c0-4dc17cee3639","local_time":"20201214194444","is_ascension_mode":true,"campfire_choices":[{"data":"RedNightlessCastle","floor":6,"key":"SMITH"},{"data":"Gensokyo:BlessingOfConstitution","floor":15,"key":"SMITH"}],"circlet_count":0,"master_deck":["RedNightlessCastle+1","Gensokyo:BlessingOfConstitution+1","UnstableBomb","DarkMatter","SporeBomb","StarBarrage","StarDustReverie"],"relics":["MiniHakkero","testmod-TestBox","REME_ComplimentaryCards","aspiration:DSix","testmod-KeyOfTheVoid","LetterFromLob","Gensokyo:Justice","testmod-LifeArmor","Replay:Wax Seal","Blue Doll","Honey Jar"],"acts_visited":["Gensokyo:Gensokyo","Gensokyo:Gensokyoer"],"potions_floor_usage":[12,16,18,18,18],"damage_taken":[{"damage":7,"enemies":"Gensokyo:Python","floor":1,"turns":3},{"damage":2,"enemies":"Gensokyo:Gryphon","floor":7,"turns":3},{"damage":0,"enemies":"Gensokyo:Cirno","floor":8,"turns":4},{"damage":0,"enemies":"Gensokyo:2_Kodama","floor":10,"turns":1},{"damage":0,"enemies":"Gensokyo:LivingMonolith","floor":11,"turns":2},{"damage":0,"enemies":"Gensokyo:Aya","floor":12,"turns":2},{"damage":8,"enemies":"Gensokyo:Gryphon_and_Rabbit","floor":13,"turns":2},{"damage":7,"enemies":"Gensokyo:Kitsune","floor":14,"turns":2},{"damage":7,"enemies":"Gensokyo:Reimu","floor":16,"turns":5},{"damage":110,"enemies":"Gensokyo:AngelMirror","floor":18,"turns":3}],"seed_played":"3607159061597560737","potions_obtained":[{"floor":7,"key":"SpeedPotion"},{"floor":10,"key":"Explosive Potion"},{"floor":11,"key":"Block Potion"},{"floor":12,"key":"ColorlessPotion"},{"floor":16,"key":"BlessingOfTheForge"}],"is_trial":false,"path_per_floor":["M","?","?","?","T","R","M","E","T","M","M","E","M","M","R","B",null,"M"],"character_chosen":"MARISA","items_purchased":[],"campfire_rested":0,"item_purchase_floors":[],"current_hp_per_floor":[68,68,68,38,38,38,36,36,36,36,36,36,28,21,21,14,75,0,0],"gold":304,"neow_bonus":"DSIX","is_daily":false,"chose_seed":false,"campfire_upgraded":2,"win_rate":0.0,"timestamp":1607946284,"path_taken":["M","?","?","?","?","R","M","E","T","M","M","E","M","M","R","BOSS","M"],"items_purchased_type":[],"build_version":"2020-12-13","purchased_purges":0,"victory":false,"max_hp_per_floor":[75,75,75,75,75,75,75,75,75,75,75,75,75,75,75,75,75,75,75],"card_choices":[{"not_picked":["DeepEcoloBomb","StarBarrage"],"picked":"SuperPerseids","floor":1},{"not_picked":["OortCloud","EnergyRecoil"],"picked":"UnstableBomb","floor":7},{"not_picked":["DarkSpark","6A"],"picked":"DoubleSpark","floor":8},{"not_picked":["LuminesStrike","ShootingEcho"],"picked":"DarkMatter","floor":10},{"not_picked":["FairyDestructionRay","LuminesStrike"],"picked":"SporeBomb","floor":11},{"not_picked":["LuminesStrike","DragonMeteor"],"picked":"DoubleSpark","floor":12},{"not_picked":["ChargeUpSpray","NonDirectionalLaser"],"picked":"StarBarrage","floor":13},{"not_picked":["GasGiant","WitchLeyline","EventHorizon"],"picked":"SKIP","floor":14},{"not_picked":["ManaRampage","SatelliteIllusion"],"picked":"StarDustReverie","floor":16}],"player_experience":526644,"relics_obtained":[{"floor":1,"key":"LetterFromLob"},{"floor":8,"key":"testmod-LifeArmor"},{"floor":9,"key":"Replay:Wax Seal"},{"floor":12,"key":"Blue Doll"}],"event_choices":[],"is_beta":false,"boss_relics":[{"not_picked":["conspire:SlowCooker","hubris:RunicObelisk"],"picked":"Honey Jar"}],"items_purged_floors":[],"is_endless":false,"potions_floor_spawned":[7,10,11,12,16],"killed_by":"Gensokyo:AngelMirror","ascension_level":3}}