{"host":"95780gohsonvnbsu","time":1607912800,"event":{"mods":["Aspiration","BaseMod","Better Match","Better Note","Better Sensory Stone","Colored Map","Conspire","Downfall","Hubris","Infinite Spire","Minty Spire (QoL Compilation)","StSLib","slay the spire mod where everything is the same but ironclad has a cowboy hat"],"gold_per_floor":[116,134,153,168,168,195,195,195,195,38,52,52,63,74,74,174,174,194,209,228,239,239,274,274,299,325,325,325,325,325,250,250,351,351,361,377,477,490,502,502,530,530,530,545,556,556,556,586,586,586,586],"floor_reached":50,"playtime":2177,"items_purged":["Strike_B"],"score":619,"play_id":"d3a5fea8-c353-4da0-82bc-67631c9f29c2","local_time":"20201213212640","is_ascension_mode":false,"campfire_choices":[{"data":"Streamline","floor":8,"key":"SMITH"},{"data":"Beam Cell","floor":12,"key":"SMITH"},{"data":"Zap","floor":15,"key":"SMITH"},{"data":"infinitespire:Gouge","floor":24,"key":"SMITH"},{"floor":30,"key":"REST"},{"floor":32,"key":"REST"},{"floor":40,"key":"REST"},{"floor":42,"key":"REST"},{"floor":49,"key":"REST"}],"circlet_count":0,"master_deck":["Defend_B","Defend_B","Defend_B","Defend_B","Zap+1","Dualcast","Leap","Beam Cell+1","Conserve Battery","Streamline+1","Sweeping Beam","All For One","Conserve Battery","CurseOfTheBell","Redo+1","Gash+1","infinitespire:Gouge+1","Leap+1","Buffer","RitualDagger","Bite","Bite","Bite","Bite","Bite","Gash+1","Seek","Reprogram+1","Gash","Go for the Eyes+1","hubris:DuctTapeCard","Conserve Battery+1"],"relics":["Cracked Core","Incense Burner","FaceOfCleric","hubris:DisguiseKit","Calling Bell","Bag of Preparation","Ornamental Fan","Turnip","Question Card","conspire:GiftBox","Anchor","Black Star","hubris:DuctTape","Dead Branch","aspiration:TomeofQuesting","hubris:Icosahedron","hubris:GlazedTorus","hubris:ToyBattleship"],"acts_visited":["Exordium","TheCity","TheBeyond"],"potions_floor_usage":[6,21,21,23,25,35,38,41,44,50],"damage_taken":[{"damage":0,"enemies":"Jaw Worm","floor":1,"turns":3},{"damage":0,"enemies":"Cultist","floor":2,"turns":3},{"damage":0,"enemies":"Small Slimes","floor":3,"turns":3},{"damage":8,"enemies":"2 Fungi Beasts","floor":4,"turns":3},{"damage":14,"enemies":"Lagavulin","floor":6,"turns":4},{"damage":4,"enemies":"Large Slime","floor":11,"turns":2},{"damage":7,"enemies":"Gremlin Gang","floor":13,"turns":3},{"damage":0,"enemies":"Blue Slaver","floor":14,"turns":3},{"damage":0,"enemies":"The Guardian","floor":16,"turns":7},{"damage":0,"enemies":"3 Byrds","floor":18,"turns":6},{"damage":15,"enemies":"2 Thieves","floor":19,"turns":4},{"damage":8,"enemies":"Snake Plant","floor":20,"turns":3},{"damage":0,"enemies":"Centurion and Healer","floor":21,"turns":3},{"damage":5,"enemies":"Book of Stabbing","floor":23,"turns":3},{"damage":39,"enemies":"Slavers","floor":25,"turns":7},{"damage":52,"enemies":"Champ","floor":33,"turns":10},{"damage":0,"enemies":"Orb Walker","floor":35,"turns":2},{"damage":0,"enemies":"3 Shapes","floor":36,"turns":3},{"damage":9,"enemies":"3 Darklings","floor":38,"turns":5},{"damage":33,"enemies":"Writhing Mass","floor":39,"turns":7},{"damage":30,"enemies":"Giant Head","floor":41,"turns":9},{"damage":30,"enemies":"Spire Growth","floor":44,"turns":4},{"damage":0,"enemies":"Maw","floor":45,"turns":7},{"damage":41,"enemies":"Reptomancer","floor":48,"turns":9},{"damage":40,"enemies":"Time Eater","floor":50,"turns":7}],"seed_played":"6331222770275828248","potions_obtained":[{"floor":2,"key":"champ:CounterPotion"},{"floor":6,"key":"GamblersBrew"},{"floor":13,"key":"Explosive Potion"},{"floor":19,"key":"BlessingOfTheForge"},{"floor":21,"key":"Fire Potion"},{"floor":25,"key":"SteroidPotion"},{"floor":33,"key":"Fire Potion"},{"floor":35,"key":"GamblersBrew"},{"floor":36,"key":"Strength Potion"},{"floor":41,"key":"PowerPotion"}],"is_trial":false,"path_per_floor":["M","M","M","M","$","E","?","R","T","$","M","R","M","M","R","B",null,"M","M","M","M","AVR","E","R","E","T","?","?","?","R","?","R","B",null,"M","M","?","M","M","R","E","R","T","M","M","?","?","E","R","B"],"character_chosen":"DEFECT","items_purchased":["All For One"],"campfire_rested":5,"item_purchase_floors":[10],"current_hp_per_floor":[75,75,75,67,67,53,53,53,53,53,50,50,44,45,45,46,79,80,66,59,60,60,56,56,18,18,18,12,12,29,29,46,11,60,61,62,62,58,34,53,34,53,53,28,33,40,40,12,32,0,0],"gold":586,"neow_bonus":"THREE_CARDS","is_daily":false,"chose_seed":false,"campfire_upgraded":4,"win_rate":0.0,"timestamp":1607912800,"path_taken":["M","M","M","M","$","E","?","R","T","$","M","R","M","?","R","BOSS","M","M","M","M","AVR","E","R","E","T","?","?","?","R","?","R","BOSS","M","M","?","M","?","R","E","R","T","M","M","?","?","E","R","BOSS"],"items_purchased_type":["Card"],"build_version":"2020-12-13","purchased_purges":1,"victory":false,"max_hp_per_floor":[75,75,75,75,75,75,75,75,75,75,76,76,77,78,78,79,79,80,81,82,83,83,84,84,85,85,85,85,59,59,59,59,60,60,61,62,62,63,64,64,65,65,65,66,67,67,67,68,68,68,68],"card_choices":[{"not_picked":["Heatsinks","Double Energy"],"picked":"Leap","floor":0},{"not_picked":["Conserve Battery","Stack"],"picked":"Beam Cell","floor":1},{"not_picked":["Glacier","Hello World","Turbo"],"picked":"SKIP","floor":2},{"not_picked":["Compile Driver","Coolheaded"],"picked":"Conserve Battery","floor":3},{"not_picked":["Defragment","Reprogram"],"picked":"Streamline","floor":4},{"not_picked":["Steam","Ball Lightning"],"picked":"Sweeping Beam","floor":6},{"not_picked":["Chaos","Steam Power","Prepared"],"picked":"Conserve Battery","floor":11},{"not_picked":["Compile Driver","Leap","Aggregate","Leg Sweep"],"picked":"SKIP","floor":13},{"not_picked":["Capacitor","Skim","Compile Driver","Tools of the Trade"],"picked":"SKIP","floor":14},{"not_picked":["Lockon","Hello World","hubris:SlightOfHand"],"picked":"Redo+1","floor":18},{"not_picked":["Melter","Doom and Gloom+1","Slice"],"picked":"Gash+1","floor":19},{"not_picked":["hubris:PowerSurge","Conserve Battery","Redo","Bane"],"picked":"SKIP","floor":20},{"not_picked":["Genetic Algorithm+1","conspire:Rain","hubris:SlightOfHand"],"picked":"Gash+1","floor":21},{"not_picked":["hubris:Ukulele+1","Sweeping Beam","Slice"],"picked":"Leap+1","floor":23},{"not_picked":["Rainbow","Hyperbeam","Echo Form"],"picked":"Buffer","floor":25},{"not_picked":["Storm","Hyperbeam","Undo","Double Energy","Burst"],"picked":"SKIP","floor":25},{"not_picked":["Cold Snap+1","Conserve Battery+1","Rebound+1","Redo+1"],"picked":"Gash+1","floor":31},{"not_picked":["Echo Form","Biased Cognition","Creative AI","Grand Finale"],"picked":"Seek","floor":33},{"not_picked":["Leap","Steam+1","Rip and Tear+1","Prepared"],"picked":"Reprogram+1","floor":35},{"not_picked":["BootSequence","Sweeping Beam","Steam+1","Storm of Steel"],"picked":"Gash","floor":36},{"not_picked":["Redo+1","Hologram+1","Compile Driver+1","Undo","hubris:TrickCloak"],"picked":"SKIP","floor":38},{"not_picked":["Turbo","Skim+1","Leap+1","Infinite Blades"],"picked":"Go for the Eyes+1","floor":39},{"not_picked":["aspiration:Polymerization+1","hubris:PowerSurge+1","Creative AI","BootSequence","Prepared"],"picked":"SKIP","floor":41},{"not_picked":["Stack+1","Barrage+1","Skim+1","Sweeping Beam","Prepared"],"picked":"SKIP","floor":44},{"not_picked":["Darkness+1","Aggregate+1","hubris:Ukulele","Glacier","Outmaneuver"],"picked":"SKIP","floor":45},{"not_picked":["Ball Lightning","Compile Driver","Go for the Eyes","Accuracy"],"picked":"Conserve Battery+1","floor":48}],"player_experience":327150,"relics_obtained":[{"floor":6,"key":"Incense Burner"},{"floor":9,"key":"hubris:DisguiseKit"},{"floor":17,"key":"Bag of Preparation"},{"floor":17,"key":"Ornamental Fan"},{"floor":17,"key":"Turnip"},{"floor":23,"key":"Question Card"},{"floor":25,"key":"conspire:GiftBox"},{"floor":26,"key":"Anchor"},{"floor":41,"key":"hubris:DuctTape"},{"floor":41,"key":"Dead Branch"},{"floor":43,"key":"aspiration:TomeofQuesting"},{"floor":48,"key":"hubris:GlazedTorus"},{"floor":48,"key":"hubris:ToyBattleship"}],"event_choices":[{"damage_healed":0,"gold_gain":0,"player_choice":"Trade","damage_taken":0,"relics_obtained":["FaceOfCleric"],"max_hp_gain":0,"max_hp_loss":0,"event_name":"FaceTrader","floor":7,"gold_loss":0},{"damage_healed":0,"gold_gain":0,"player_choice":"Ignored","damage_taken":0,"max_hp_gain":0,"max_hp_loss":0,"event_name":"betterNote:BetterNote","floor":27,"gold_loss":0,"cards_obtained":["Envenom"]},{"damage_healed":0,"gold_gain":0,"player_choice":"Joined the Cult","damage_taken":6,"max_hp_gain":0,"max_hp_loss":0,"event_name":"Nest","floor":28,"gold_loss":0,"cards_obtained":["RitualDagger"]},{"damage_healed":0,"gold_gain":0,"player_choice":"Became a vampire","damage_taken":0,"max_hp_gain":0,"max_hp_loss":26,"event_name":"Vampires","floor":29,"gold_loss":0,"cards_obtained":["Bite","Bite","Bite","Bite","Bite"]},{"damage_healed":0,"gold_gain":0,"player_choice":"2","damage_taken":0,"max_hp_gain":0,"max_hp_loss":0,"event_name":"betterMatch:BetterMatch","floor":31,"gold_loss":0,"cards_obtained":["betterMatch:CommonCard"]},{"damage_healed":0,"gold_gain":100,"player_choice":"Pray","damage_taken":0,"max_hp_gain":0,"max_hp_loss":0,"event_name":"Golden Shrine","floor":37,"gold_loss":0}],"is_beta":false,"boss_relics":[{"not_picked":["conspire:RoyalGoblet","aspiration:FutureDiary"],"picked":"Calling Bell"},{"not_picked":["aspiration:BursterCore","aspiration:RunicSpoon"],"picked":"Black Star"}],"items_purged_floors":[22],"is_endless":false,"potions_floor_spawned":[2,6,13,19,21,25,33,35,36,41],"killed_by":"Time Eater","ascension_level":0}}