{"host":"0azimyi6n3ugndj4","time":1607956736,"event":{"mods":["BaseMod","Bestiary","Conspire","Curses Come First","Defuse TimeMaze Blight","Hyrulean Relics","Infinite Spire","Minty Spire (QoL Compilation)","Relic Stats","Replay The Spire","StSLib","SuperFastMode","Uncapped","¡¼?Úª?ø«¡½REMEMod"],"gold_per_floor":[99,99,99,78,126,213,246,291,367,367,499,574,499,559,559,796,796,847,847,767,824,1076,1076,1106,1205,1205,1301,1403,1493,1493,1493,1493,1493,1493],"floor_reached":33,"playtime":849,"items_purged":[],"score":1118,"play_id":"bab26d21-7875-4cdd-8962-a4b496bedb4f","local_time":"20201214233856","daily_mods":["Draft","Hoarder","Insanity","Chimera","Specialized","Vintage","ControlledChaos","Allstar","Diverse","Colorless Cards","Heirloom","Time Dilation","Flight","Binary","Elite Swarm","Lethality","Midas","Night Terrors","Binary"],"is_ascension_mode":true,"campfire_choices":[{"floor":15,"key":"REST"},{"floor":23,"key":"REST"},{"floor":32,"key":"REST"}],"circlet_count":0,"master_deck":["Demon Form","Wraith Form v2","Echo Form","DevaForm","AscendersBane","Bash","Survivor","Zap","Eruption","Strike_R","Strike_G","Strike_B","Defend_R","Defend_G","Defend_P","Pommel Strike","Cloak And Dagger","FlyingSleeves","Redo","ReplayTheSpireMod:Strike From Hell","Burning Pact","Go for the Eyes","Leap","Underhanded Strike","Blade Dance","JustLucky","Quick Slash","Searing Blow","Rampage","Perfected Strike+1","Thunderclap","Rebound","Combust","Dodge and Roll","Ball Lightning","FlurryOfBlows","Havoc","ReplayTheSpireMod:Strike From Hell","Enlightenment","Cloak And Dagger","Hidden Blade","Replay:Poison Smokescreen","Rebound","REME_Repentance","Conclude","True Grit","Sweeping Beam","Evaluate","PathToVictory","Dagger Spray","ThirdEye","Prepared","Replay:Poison Smokescreen","Warcry","Deflect","Anger","Run Through","REME_DataAnalysis","Evaluate","Stack","Bane","BasicCrystalCard","Mind Blast+1","FollowUp","Acrobatics","conspire:Charge","conspire:Charge","conspire:Charge","conspire:Charge","conspire:Charge","conspire:Charge","conspire:Charge","conspire:Charge","conspire:Charge","conspire:Charge","conspire:Charge","conspire:Charge","conspire:Charge","conspire:Charge","conspire:Charge","Dagger Throw","Dagger Throw","Dagger Throw","EmptyFist","EmptyFist","EmptyFist","Turbo","Turbo","Turbo","Headbutt","Headbutt","Headbutt","Halt","Halt","Halt","Turbo","Turbo","Turbo","Sneak Up","Sneak Up","Sneak Up","Cloak And Dagger","Cloak And Dagger","Cloak And Dagger","Outmaneuver","Outmaneuver","Outmaneuver","Perfected Strike","Perfected Strike","Perfected Strike","Replay:AtTheReady","Replay:AtTheReady","Replay:AtTheReady","Darkness","Darkness","Darkness","Inflame","Inflame","Inflame","Purity","Purity","Purity","Coolheaded","Coolheaded","Coolheaded","REME_GrazeFinale","REME_GrazeFinale","REME_GrazeFinale","ReplayTheSpireMod:Restless Dread","ReplayTheSpireMod:Restless Dread","ReplayTheSpireMod:Restless Dread","Protect","Protect+1","Protect","infinitespire:Pacifist","Pot Of Greed+1","Pot Of Greed","Pot Of Greed","Pot Of Greed","Pot Of Greed","Pot Of Greed","Pot Of Greed","Pot Of Greed","Pot Of Greed","Pot Of Greed","Pot Of Greed","Pot Of Greed","Pot Of Greed","Pot Of Greed","Pot Of Greed","Pot Of Greed","Pot Of Greed","Pot Of Greed","Pot Of Greed","Pot Of Greed","Pot Of Greed","Pot Of Greed","Pot Of Greed","Pot Of Greed","Pot Of Greed","Pot Of Greed","Pot Of Greed","Pot Of Greed","Pot Of Greed","Pot Of Greed","Pot Of Greed","Pot Of Greed","Pot Of Greed","Pot Of Greed","Pot Of Greed","Pot Of Greed"],"relics":["Frozen Eye","Busted Crown","REME_ComplimentaryCards","Replay:Towering Pillar of Hats","Sizzling Blood","ReplayTheSpireMod:CursedCoin","Grinning Jar","Strawberry","zeldaRelics:CourageTriforce","Singing Bowl","Garlic","Mirror","Tiny Chest","REME_DemonsWealth","Blood Vial","Divine Protection","Lantern","Bottled Flame","zeldaRelics:WisdomTriforce","Whetstone","zeldaRelics:PowerPiece"],"acts_visited":["Exordium","TheCity"],"potions_floor_usage":[33,33],"damage_taken":[{"damage":1,"enemies":"Small Slimes","floor":5,"turns":3},{"damage":0,"enemies":"Lagavulin","floor":6,"turns":3},{"damage":46,"enemies":"Jaw Worm","floor":7,"turns":8},{"damage":9,"enemies":"Cultist","floor":8,"turns":3},{"damage":0,"enemies":"Lagavulin Event","floor":11,"turns":1},{"damage":0,"enemies":"Gremlin Nob","floor":12,"turns":1},{"damage":6,"enemies":"2 Fungi Beasts","floor":14,"turns":2},{"damage":16,"enemies":"Fading Forest","floor":16,"turns":13},{"damage":41,"enemies":"Spheric Guardian","floor":18,"turns":8},{"damage":4,"enemies":"2 Thieves","floor":20,"turns":4},{"damage":0,"enemies":"Cultist and Chosen","floor":21,"turns":4},{"damage":5,"enemies":"Centurion and Healer","floor":24,"turns":7},{"damage":1,"enemies":"Slavers","floor":25,"turns":5},{"damage":0,"enemies":"conspire:SneckoGhost","floor":27,"turns":5},{"damage":10,"enemies":"conspire:MimicChest","floor":28,"turns":6},{"damage":59,"enemies":"Book of Stabbing","floor":29,"turns":6},{"damage":76,"enemies":"conspire:MysteriousRune","floor":33,"turns":15}],"seed_played":"9035717171821248574","potions_obtained":[{"floor":6,"key":"SteroidPotion"},{"floor":8,"key":"SteroidPotion"},{"floor":11,"key":"Block Potion"},{"floor":21,"key":"Swift Potion"},{"floor":25,"key":"DistilledChaos"}],"is_trial":true,"path_per_floor":["?","?","$","$","M","E","M","M","T","?","?","E","?","M","R","B",null,"M","?","M","M","?","R","M","E","T","E","?","E","T","?","R","B"],"character_chosen":"THE_SILENT","items_purchased":["ReplayTheSpireMod:CursedCoin","Grinning Jar"],"campfire_rested":3,"item_purchase_floors":[4,4],"current_hp_per_floor":[63,63,63,63,73,77,35,30,30,7,11,15,15,13,72,60,69,32,32,34,40,23,73,72,75,75,77,73,22,22,22,76,0,0],"gold":1493,"neow_bonus":"","is_daily":false,"chose_seed":false,"campfire_upgraded":0,"win_rate":0.0,"timestamp":1607956736,"path_taken":["?","?","$","$","?","E","M","M","T","?","?","E","?","M","R","BOSS","M","?","M","M","?","R","M","E","T","E","?","E","?","?","R","BOSS"],"items_purchased_type":["Relic","Relic"],"build_version":"2020-12-13","purchased_purges":0,"victory":false,"max_hp_per_floor":[70,70,70,70,77,77,77,77,77,77,77,77,77,77,72,72,72,72,72,72,72,78,73,73,75,75,77,79,81,81,81,76,76,76],"relic_stats":{"Blood Vial":7,"Busted Crown":30,"Singing Bowl":14,"counters":[17,94],"Tiny Chest":1,"Whetstone":["Mind Blast","Perfected Strike"],"obtain_stats":[{"Divine Protection":20,"Lantern":21,"zeldaRelics:WisdomPiece":25,"Replay:Towering Pillar of Hats":0,"Singing Bowl":7,"ReplayTheSpireMod:CursedCoin":4,"Sizzling Blood":1,"Whetstone":28,"zeldaRelics:CourageTriforce":12,"zeldaRelics:WisdomTriforce":27,"Blood Vial":18,"Frozen Eye":0,"REME_DemonsWealth":17,"Bottled Flame":24,"Busted Crown":0,"Strawberry":5,"Tiny Chest":14,"zeldaRelics:CouragePiece":6,"Garlic":8,"Grinning Jar":4,"Mirror":11,"zeldaRelics:PowerPiece":29,"Ring of the Snake":0,"REME_ComplimentaryCards":0},{"Divine Protection":10,"Lantern":11,"zeldaRelics:WisdomPiece":13,"Replay:Towering Pillar of Hats":0,"Singing Bowl":3,"ReplayTheSpireMod:CursedCoin":0,"Sizzling Blood":0,"Whetstone":15,"zeldaRelics:CourageTriforce":6,"zeldaRelics:WisdomTriforce":14,"Blood Vial":9,"Frozen Eye":0,"REME_DemonsWealth":8,"Bottled Flame":12,"Busted Crown":0,"Strawberry":1,"Tiny Chest":7,"zeldaRelics:CouragePiece":2,"Garlic":4,"Grinning Jar":0,"Mirror":5,"zeldaRelics:PowerPiece":16,"Ring of the Snake":0,"REME_ComplimentaryCards":0},{"Divine Protection":46,"Lantern":50,"zeldaRelics:WisdomPiece":62,"Replay:Towering Pillar of Hats":0,"Singing Bowl":14,"ReplayTheSpireMod:CursedCoin":0,"Sizzling Blood":0,"Whetstone":73,"zeldaRelics:CourageTriforce":19,"zeldaRelics:WisdomTriforce":67,"Blood Vial":42,"Frozen Eye":0,"REME_DemonsWealth":34,"Bottled Flame":57,"Busted Crown":0,"Strawberry":3,"Tiny Chest":21,"zeldaRelics:CouragePiece":6,"Garlic":17,"Grinning Jar":0,"Mirror":18,"zeldaRelics:PowerPiece":79,"Ring of the Snake":0,"REME_ComplimentaryCards":0}]},"card_choices":[{"not_picked":["Rupture","Finesse"],"picked":"Dagger Throw","floor":0},{"not_picked":["Havoc","Rebound"],"picked":"EmptyFist","floor":0},{"not_picked":["Crystallizer","EmptyBody"],"picked":"Turbo","floor":0},{"not_picked":["Finisher","PanicButton"],"picked":"Headbutt","floor":0},{"not_picked":["Melter","Prepared"],"picked":"Halt","floor":0},{"not_picked":["Prepared","Barrage"],"picked":"Turbo","floor":0},{"not_picked":["Perfected Strike","ReplayTheSpireMod:The Works"],"picked":"Sneak Up","floor":0},{"not_picked":["ReplayTheSpireMod:Calculation Training","Ball Lightning"],"picked":"Cloak And Dagger","floor":0},{"not_picked":["Quick Slash","Streamline"],"picked":"Outmaneuver","floor":0},{"not_picked":["Adaptation","REME_ShortnessOfBreath"],"picked":"Perfected Strike","floor":0},{"not_picked":["ReplaySolidLightProjector","True Grit"],"picked":"Replay:AtTheReady","floor":0},{"not_picked":["FlurryOfBlows","Clothesline"],"picked":"Darkness","floor":0},{"not_picked":["Barrage","REME_Cut"],"picked":"Inflame","floor":0},{"not_picked":["ReplayTheSpireMod:Stacked","Shockwave"],"picked":"Purity","floor":0},{"not_picked":["Sword Boomerang","Heavy Blade"],"picked":"Coolheaded","floor":0},{"not_picked":["Normality"],"picked":"Singing Bowl","floor":22},{"not_picked":["CommonCold"],"picked":"Singing Bowl","floor":22},{"not_picked":["Shame"],"picked":"Singing Bowl","floor":22},{"not_picked":["Writhe"],"picked":"Singing Bowl","floor":25},{"not_picked":["Looming Evil"],"picked":"Singing Bowl","floor":27},{"not_picked":["Doubt"],"picked":"Singing Bowl","floor":28},{"not_picked":["Doubt"],"picked":"Singing Bowl","floor":29}],"player_experience":1453718,"relics_obtained":[{"floor":5,"key":"Strawberry"},{"floor":6,"key":"zeldaRelics:CouragePiece"},{"floor":7,"key":"Singing Bowl"},{"floor":8,"key":"Garlic"},{"floor":9,"key":"zeldaRelics:CouragePiece"},{"floor":11,"key":"Mirror"},{"floor":12,"key":"zeldaRelics:CouragePiece"},{"floor":14,"key":"Tiny Chest"},{"floor":18,"key":"Blood Vial"},{"floor":20,"key":"Divine Protection"},{"floor":21,"key":"Lantern"},{"floor":24,"key":"Bottled Flame"},{"floor":25,"key":"zeldaRelics:WisdomPiece"},{"floor":26,"key":"zeldaRelics:WisdomPiece"},{"floor":27,"key":"zeldaRelics:WisdomPiece"},{"floor":28,"key":"Whetstone"},{"floor":29,"key":"zeldaRelics:PowerPiece"},{"floor":30,"key":"zeldaRelics:PowerPiece"}],"event_choices":[{"damage_healed":0,"gold_gain":0,"player_choice":"2 cards matched","damage_taken":0,"max_hp_gain":0,"max_hp_loss":0,"event_name":"Match and Keep!","floor":2,"gold_loss":0,"cards_obtained":["ReplayTheSpireMod:Restless Dread","Protect"]},{"damage_healed":0,"gold_gain":0,"player_choice":"Entered Light","damage_taken":23,"max_hp_gain":0,"max_hp_loss":0,"event_name":"Shining Light","floor":10,"gold_loss":0,"cards_upgraded":["Pot Of Greed","Protect"]},{"damage_healed":0,"gold_gain":30,"player_choice":"Searched \u00273\u0027 times","damage_taken":0,"max_hp_gain":0,"max_hp_loss":0,"event_name":"Dead Adventurer","floor":11,"gold_loss":0},{"cards_removed":["infinitespire:Pacifist"],"damage_healed":0,"gold_gain":0,"player_choice":"Card Removal","damage_taken":0,"max_hp_gain":0,"max_hp_loss":0,"event_name":"The Cleric","floor":13,"gold_loss":75},{"damage_healed":0,"gold_gain":0,"player_choice":"Ignored","damage_taken":0,"max_hp_gain":0,"max_hp_loss":0,"event_name":"Ghosts","floor":19,"gold_loss":0},{"cards_removed":["infinitespire:Pacifist"],"damage_healed":0,"gold_gain":0,"player_choice":"Elegance","damage_taken":0,"max_hp_gain":0,"max_hp_loss":0,"event_name":"Back to Basics","floor":31,"gold_loss":0}],"is_beta":false,"boss_relics":[{"not_picked":["Replay:Drink Me","ReplayTheSpireMod:Onyx Gauntlets"],"picked":"REME_DemonsWealth"}],"items_purged_floors":[],"is_endless":false,"potions_floor_spawned":[6,8,11,21,25,27,29],"killed_by":"conspire:MysteriousRune","ascension_level":20}}