{"host":"m5yg5l2nv5tpewxp","time":1607922617,"event":{"mods":["AchievementEnabler","BaseMod","Colored Powertips","Minty Spire (QoL Compilation)","Quick Restart"],"gold_per_floor":[114,114,114,2,22,56,76,103,103,117,137,212,212,222,222,327,327,343,87,87,107,107,107,139,157,157,182,282,309,309,324,324,419,419,432,432,482,493,511,540,540,568,594,604,604,622,532,545,545,545,545],"floor_reached":50,"playtime":6321,"items_purged":["Strike_G","Defend_G"],"score":796,"play_id":"ef7d3a97-e179-43a8-bbdd-45653efd7f3f","local_time":"20201213211017","is_ascension_mode":true,"campfire_choices":[{"data":"Footwork","floor":15,"key":"SMITH"},{"data":"Phantasmal Killer","floor":23,"key":"SMITH"},{"data":"Wraith Form v2","floor":30,"key":"SMITH"},{"data":"Leg Sweep","floor":32,"key":"SMITH"},{"floor":41,"key":"REST"},{"data":"Burst","floor":45,"key":"SMITH"},{"data":"Neutralize","floor":49,"key":"SMITH"}],"circlet_count":0,"master_deck":["Defend_G","Defend_G","Defend_G","Defend_G","Survivor","Neutralize+1","Flying Knee","Infinite Blades","Footwork+1","Wraith Form v2+1","Caltrops","Leg Sweep+1","Sucker Punch","Blade Dance","Endless Agony","Accuracy","Phantasmal Killer+1","Slice+1","Concentrate","Bite","Bite","Bite","Bite","Bite","Eviscerate","PiercingWail+1","Outmaneuver+1","Blade Dance","Dagger Spray","Burst+1","Madness","Madness+1"],"relics":["Ring of the Snake","NeowsBlessing","FossilizedHelix","Gambling Chip","Pen Nib","Unceasing Top","Runic Pyramid","Ancient Tea Set","Art of War","Pantograph","Akabeko","Lantern","WingedGreaves","Busted Crown","MealTicket","Sundial","Bag of Marbles"],"acts_visited":["Exordium","TheCity","TheBeyond"],"potions_floor_usage":[8,8,10,10,16,18,33,33,40,50,50],"damage_taken":[{"damage":0,"enemies":"Cultist","floor":1,"turns":1},{"damage":0,"enemies":"2 Louse","floor":5,"turns":1},{"damage":0,"enemies":"3 Sentries","floor":6,"turns":1},{"damage":0,"enemies":"Small Slimes","floor":7,"turns":3},{"damage":10,"enemies":"Lagavulin","floor":8,"turns":11},{"damage":0,"enemies":"Looter","floor":10,"turns":4},{"damage":16,"enemies":"Exordium Thugs","floor":11,"turns":5},{"damage":0,"enemies":"3 Louse","floor":14,"turns":2},{"damage":3,"enemies":"Hexaghost","floor":16,"turns":8},{"damage":30,"enemies":"2 Thieves","floor":18,"turns":5},{"damage":0,"enemies":"Shell Parasite","floor":21,"turns":2},{"damage":4,"enemies":"Book of Stabbing","floor":24,"turns":5},{"damage":10,"enemies":"Snecko","floor":25,"turns":5},{"damage":6,"enemies":"Slavers","floor":27,"turns":4},{"damage":10,"enemies":"Book of Stabbing","floor":29,"turns":5},{"damage":0,"enemies":"Sentry and Sphere","floor":31,"turns":3},{"damage":29,"enemies":"Champ","floor":33,"turns":15},{"damage":0,"enemies":"Orb Walker","floor":35,"turns":3},{"damage":0,"enemies":"3 Shapes","floor":38,"turns":4},{"damage":1,"enemies":"Transient","floor":39,"turns":5},{"damage":57,"enemies":"Giant Head","floor":40,"turns":9},{"damage":14,"enemies":"Reptomancer","floor":42,"turns":8},{"damage":1,"enemies":"Writhing Mass","floor":44,"turns":6},{"damage":9,"enemies":"Maw","floor":46,"turns":6},{"damage":0,"enemies":"4 Shapes","floor":48,"turns":5},{"damage":73,"enemies":"Awakened One","floor":50,"turns":10}],"seed_played":"5025613284026419759","potions_obtained":[{"floor":3,"key":"EntropicBrew"},{"floor":3,"key":"SmokeBomb"},{"floor":3,"key":"LiquidBronze"},{"floor":6,"key":"LiquidBronze"},{"floor":7,"key":"Dexterity Potion"},{"floor":11,"key":"Explosive Potion"},{"floor":18,"key":"FairyPotion"},{"floor":24,"key":"SteroidPotion"},{"floor":29,"key":"Energy Potion"},{"floor":35,"key":"GamblersBrew"},{"floor":38,"key":"Dexterity Potion"},{"floor":40,"key":"CultistPotion"},{"floor":48,"key":"Weak Potion"}],"is_trial":false,"path_per_floor":["M","?","?","$","M","E","M","E","T","M","M","?","?","M","R","B",null,"M","$","?","M","?","R","E","M","T","E","?","E","R","M","R","B",null,"M","?","T","M","M","E","R","E","T","M","R","M","?","M","R","B"],"character_chosen":"THE_SILENT","items_purchased":["Infinite Blades","Ancient Tea Set"],"campfire_rested":1,"item_purchase_floors":[4,19],"current_hp_per_floor":[70,67,67,67,67,67,67,57,57,57,41,30,30,30,30,27,59,29,29,29,29,29,29,39,33,33,37,37,35,35,41,41,34,45,47,41,41,43,46,14,28,26,26,29,29,30,30,36,36,0,0],"gold":545,"neow_bonus":"THREE_ENEMY_KILL","is_daily":false,"chose_seed":false,"campfire_upgraded":6,"win_rate":0.0,"timestamp":1607922617,"path_taken":["M","?","?","$","M","E","M","E","T","?","M","?","?","M","R","BOSS","M","$","?","M","?","R","E","M","T","E","?","E","R","?","R","BOSS","M","?","?","M","M","E","R","E","T","M","R","M","?","?","R","BOSS"],"items_purchased_type":["Card","Relic"],"build_version":"2020-12-13","purchased_purges":2,"victory":false,"max_hp_per_floor":[70,70,70,70,70,70,70,70,70,70,70,70,70,70,70,70,70,70,70,70,70,49,49,49,49,49,49,49,49,49,49,49,49,49,49,49,49,49,49,49,49,49,49,49,49,49,46,46,46,46,46],"card_choices":[{"not_picked":["Poisoned Stab","Acrobatics"],"picked":"Flying Knee","floor":1},{"not_picked":["Infinite Blades","Finisher"],"picked":"Footwork","floor":5},{"not_picked":["Infinite Blades","Underhanded Strike"],"picked":"Wraith Form v2","floor":6},{"not_picked":["Calculated Gamble","Reflex"],"picked":"Caltrops","floor":7},{"not_picked":["Bane","Bouncing Flask"],"picked":"Leg Sweep","floor":8},{"not_picked":["Poisoned Stab","Backflip"],"picked":"Sucker Punch","floor":10},{"not_picked":["Catalyst","Escape Plan"],"picked":"Blade Dance","floor":11},{"not_picked":["Infinite Blades","Deadly Poison"],"picked":"Accuracy","floor":14},{"not_picked":["After Image","Grand Finale"],"picked":"Phantasmal Killer","floor":16},{"not_picked":["Prepared","Outmaneuver"],"picked":"Slice+1","floor":18},{"not_picked":["Bane","Dodge and Roll"],"picked":"Concentrate","floor":21},{"not_picked":["Heel Hook+1","Poisoned Stab"],"picked":"Eviscerate","floor":24},{"not_picked":["Quick Slash","Deadly Poison"],"picked":"PiercingWail+1","floor":25},{"not_picked":["Envenom","Dagger Throw+1"],"picked":"Outmaneuver+1","floor":27},{"not_picked":["Poisoned Stab+1","Outmaneuver"],"picked":"Blade Dance","floor":29},{"not_picked":["Flying Knee","Well Laid Plans"],"picked":"Dagger Spray","floor":31},{"not_picked":["Die Die Die","After Image"],"picked":"Burst","floor":33},{"not_picked":["All Out Attack+1"],"picked":"SKIP","floor":35},{"not_picked":["Blade Dance"],"picked":"SKIP","floor":38},{"not_picked":["Blade Dance+1"],"picked":"SKIP","floor":39},{"not_picked":["Flying Knee"],"picked":"SKIP","floor":40},{"not_picked":["Burst"],"picked":"SKIP","floor":42},{"not_picked":["Heel Hook+1"],"picked":"SKIP","floor":44},{"not_picked":["Backstab+1"],"picked":"SKIP","floor":46},{"not_picked":["Dagger Spray"],"picked":"SKIP","floor":48}],"player_experience":372891,"relics_obtained":[{"floor":6,"key":"Gambling Chip"},{"floor":8,"key":"Pen Nib"},{"floor":9,"key":"Unceasing Top"},{"floor":24,"key":"Pantograph"},{"floor":26,"key":"Akabeko"},{"floor":27,"key":"Lantern"},{"floor":29,"key":"WingedGreaves"},{"floor":40,"key":"MealTicket"},{"floor":42,"key":"Sundial"},{"floor":43,"key":"Bag of Marbles"}],"event_choices":[{"damage_healed":0,"gold_gain":0,"player_choice":"Success","damage_taken":3,"relics_obtained":["FossilizedHelix"],"max_hp_gain":0,"max_hp_loss":0,"event_name":"Scrap Ooze","floor":2,"gold_loss":0},{"damage_healed":0,"gold_gain":0,"player_choice":"Got Potions","damage_taken":0,"max_hp_gain":0,"max_hp_loss":0,"event_name":"Lab","floor":3,"gold_loss":0},{"damage_healed":0,"gold_gain":75,"player_choice":"Gather Gold","damage_taken":11,"max_hp_gain":0,"max_hp_loss":0,"event_name":"World of Goop","floor":12,"gold_loss":0},{"damage_healed":0,"gold_gain":0,"cards_transformed":["Strike_G"],"player_choice":"Transformed","damage_taken":0,"max_hp_gain":0,"max_hp_loss":0,"event_name":"Transmorgrifier","floor":13,"gold_loss":0,"cards_obtained":["Endless Agony"]},{"damage_healed":0,"gold_gain":0,"player_choice":"Opened","damage_taken":0,"relics_obtained":["Art of War"],"max_hp_gain":0,"max_hp_loss":0,"event_name":"The Mausoleum","floor":20,"gold_loss":0},{"damage_healed":0,"gold_gain":0,"player_choice":"Became a vampire","damage_taken":0,"max_hp_gain":0,"max_hp_loss":21,"event_name":"Vampires","floor":22,"gold_loss":0,"cards_obtained":["Bite","Bite","Bite","Bite","Bite"]},{"damage_healed":0,"gold_gain":100,"player_choice":"Pray","damage_taken":0,"max_hp_gain":0,"max_hp_loss":0,"event_name":"Golden Shrine","floor":28,"gold_loss":0},{"damage_healed":0,"gold_gain":0,"player_choice":"Embrace Madness","damage_taken":6,"max_hp_gain":0,"max_hp_loss":0,"event_name":"Winding Halls","floor":36,"gold_loss":0,"cards_obtained":["Madness","Madness"]},{"cards_removed":["Parasite"],"damage_healed":0,"gold_gain":0,"player_choice":"Upgrade and Remove","damage_taken":0,"max_hp_gain":0,"max_hp_loss":0,"event_name":"Designer","floor":47,"gold_loss":90,"cards_upgraded":["Madness"]}],"is_beta":false,"boss_relics":[{"not_picked":["Sozu","Velvet Choker"],"picked":"Runic Pyramid"},{"not_picked":["Pandora\u0027s Box","SacredBark"],"picked":"Busted Crown"}],"items_purged_floors":[4,19],"is_endless":false,"potions_floor_spawned":[6,7,11,14,18,24,25,29,35,38,40,48],"killed_by":"Awakened One","ascension_level":5}}