{"host":"ow9msrs9p2ctkx99","time":1607965557,"event":{"mods":["AchievementEnabler","BaseMod","Colored Map","Colored Powertips","Minty Spire (QoL Compilation)","Permanent Neow","Quick Restart","SuperFastMode"],"gold_per_floor":[113,132,132,148,148,148,166,15,15,32,32,51,68,48,48,124,124,135,185,185,165,175,201,201,201,201],"floor_reached":25,"playtime":2126,"items_purged":["Strike_G"],"score":387,"play_id":"4e8f4f88-1bbb-4860-84e1-8a5a921152b7","local_time":"20201214180557","is_ascension_mode":true,"campfire_choices":[{"data":"Poisoned Stab","floor":6.0,"key":"SMITH"},{"floor":15.0,"key":"REST"},{"floor":24,"key":"REST"}],"circlet_count":0,"master_deck":["AscendersBane","Strike_G","Strike_G","Strike_G","Defend_G","Defend_G","Defend_G","Defend_G","Defend_G","Survivor","Neutralize","Poisoned Stab+1","Slice","PiercingWail+1","All Out Attack","Accuracy","Tools of the Trade","Backflip","A Thousand Cuts","CurseOfTheBell","Outmaneuver+1","Calculated Gamble","Crippling Poison","Blade Dance"],"relics":["WristBlade","Mummified Hand","Kunai","Calling Bell","Pen Nib","Darkstone Periapt","Incense Burner","Shuriken"],"acts_visited":["Exordium","TheCity"],"potions_floor_usage":[21,22,22,22,22],"damage_taken":[{"damage":0.0,"enemies":"Cultist","floor":1.0,"turns":4.0},{"damage":14.0,"enemies":"Small Slimes","floor":2.0,"turns":4.0},{"damage":4.0,"enemies":"Jaw Worm","floor":4.0,"turns":3.0},{"damage":10.0,"enemies":"Looter","floor":7.0,"turns":4.0},{"damage":1.0,"enemies":"Red Slaver","floor":10.0,"turns":3.0},{"damage":0.0,"enemies":"Large Slime","floor":12.0,"turns":4.0},{"damage":7.0,"enemies":"Lots of Slimes","floor":13.0,"turns":3.0},{"damage":12.0,"enemies":"The Guardian","floor":16.0,"turns":12.0},{"damage":2.0,"enemies":"Chosen","floor":18.0,"turns":6.0},{"damage":8,"enemies":"2 Thieves","floor":21,"turns":4},{"damage":10,"enemies":"Snake Plant","floor":22,"turns":5},{"damage":32,"enemies":"Gremlin Leader","floor":23,"turns":8},{"damage":25,"enemies":"Book of Stabbing","floor":25,"turns":5}],"seed_played":"-8543253450393000477","potions_obtained":[{"floor":1.0,"key":"BlessingOfTheForge"},{"floor":7.0,"key":"SteroidPotion"},{"floor":10.0,"key":"LiquidBronze"},{"floor":13.0,"key":"EssenceOfSteel"},{"floor":14.0,"key":"EntropicBrew"},{"floor":21,"key":"AttackPotion"}],"is_trial":false,"path_per_floor":["M","M","?","M","?","R","M","$","T","M","$","M","M","?","R","B",null,"M","?","?","M","M","E","R","E"],"character_chosen":"THE_SILENT","items_purchased":["Accuracy"],"campfire_rested":2,"item_purchase_floors":[8],"current_hp_per_floor":[59,45,40,36,29,29,19,19,19,18,18,18,11,11,30,18,54,52,52,52,44,34,2,21,0,0],"gold":201,"neow_bonus":"BOSS_RELIC","is_daily":false,"chose_seed":false,"campfire_upgraded":1,"win_rate":0.0,"timestamp":1607965557,"path_taken":["M","M","?","M","?","R","?","$","T","M","$","M","M","?","R","BOSS","M","?","?","M","M","E","R","E"],"items_purchased_type":["Card"],"build_version":"2020-12-13","purchased_purges":1,"victory":false,"max_hp_per_floor":[66,66,66,66,66,66,66,66,66,66,66,66,66,66,66,66,66,66,66,66,66,66,66,66,66,66],"card_choices":[{"not_picked":["All Out Attack","Reflex"],"picked":"Poisoned Stab","floor":1.0},{"not_picked":["Outmaneuver","Flying Knee"],"picked":"Slice","floor":2.0},{"not_picked":["Eviscerate","Quick Slash"],"picked":"PiercingWail","floor":4.0},{"not_picked":["Acrobatics","Outmaneuver"],"picked":"All Out Attack","floor":7.0},{"not_picked":["Deadly Poison","Backflip"],"picked":"Tools of the Trade","floor":10.0},{"not_picked":["Deadly Poison","Poisoned Stab"],"picked":"Backflip","floor":12.0},{"not_picked":["Dodge and Roll","Quick Slash","Endless Agony"],"picked":"SKIP","floor":13.0},{"not_picked":["Grand Finale","Storm of Steel"],"picked":"A Thousand Cuts","floor":16.0},{"not_picked":["A Thousand Cuts","Quick Slash"],"picked":"Outmaneuver+1","floor":18.0},{"not_picked":["Flying Knee","Underhanded Strike"],"picked":"Calculated Gamble","floor":21},{"not_picked":["Skewer","Slice"],"picked":"Crippling Poison","floor":22},{"not_picked":["Dodge and Roll+1","Doppelganger"],"picked":"Blade Dance","floor":23}],"player_experience":1065884,"relics_obtained":[{"floor":9.0,"key":"Kunai"},{"floor":17.0,"key":"Pen Nib"},{"floor":17.0,"key":"Darkstone Periapt"},{"floor":17.0,"key":"Incense Burner"},{"floor":23,"key":"Shuriken"}],"event_choices":[{"damage_healed":0.0,"max_hp_gain":0.0,"max_hp_loss":0.0,"gold_gain":0.0,"event_name":"Scrap Ooze","player_choice":"Success","floor":3.0,"gold_loss":0.0,"damage_taken":5.0,"relics_obtained":["Mummified Hand"]},{"cards_removed":["Strike_G"],"damage_healed":0.0,"max_hp_gain":0.0,"max_hp_loss":0.0,"gold_gain":0.0,"event_name":"Golden Wing","player_choice":"Card Removal","floor":5.0,"gold_loss":0.0,"damage_taken":7.0},{"damage_healed":0.0,"max_hp_gain":0.0,"max_hp_loss":0.0,"gold_gain":0.0,"event_name":"The Woman in Blue","player_choice":"Bought 1 Potion","floor":14.0,"gold_loss":0.0,"damage_taken":0.0},{"damage_healed":0.0,"max_hp_gain":0.0,"max_hp_loss":0.0,"gold_gain":50.0,"event_name":"Nest","player_choice":"Stole From Cult","floor":19.0,"gold_loss":0.0,"damage_taken":0.0},{"damage_healed":0.0,"max_hp_gain":0.0,"max_hp_loss":0.0,"gold_gain":0.0,"event_name":"Upgrade Shrine","player_choice":"Upgraded","floor":20.0,"gold_loss":0.0,"damage_taken":0.0,"cards_upgraded":["PiercingWail"]}],"is_beta":false,"boss_relics":[{"not_picked":["Runic Pyramid","Coffee Dripper"],"picked":"Calling Bell"}],"items_purged_floors":[8],"is_endless":false,"potions_floor_spawned":[1,7,10,13,21],"killed_by":"Book of Stabbing","ascension_level":16}}