{"host":"k0kjm4m87pwj4phr","time":1607949447,"event":{"mods":["BaseMod","Colored Map","Colored Powertips","Downfall","Minty Spire (QoL Compilation)","Permanent Neow","Prisma Mod","Quick Restart","Relic Stats","StSLib","óô»ðÖ¸ÄÏ"],"gold_per_floor":[99,99,24,35,55,80,80,112,97,22,22,40,140,162,178,283,283,208,241,266,47,76,1,1,18,24,24,34,51,65,84,97,201,201,201,216,216,244,259,271,295,328,349,387,416,416,366,97,117,117,117,145,11,11,11,11],"floor_reached":55,"playtime":2862,"items_purged":["Regret","Guardian:Strike_Guardian","Guardian:Defend_Guardian","Guardian:Defend_Guardian"],"score":1106,"play_id":"94e81774-584b-4981-981e-fbb986a27fc6","local_time":"20201214203727","is_ascension_mode":true,"campfire_choices":[{"data":"Guardian:DecasProtection","floor":1.0,"key":"SMITH"},{"floor":10.0,"key":"RECALL"},{"data":"Guardian:BaubleBeam","floor":18.0,"key":"SMITH"},{"floor":23.0,"key":"REST"},{"data":"Guardian:VentSteam","floor":27,"key":"SMITH"},{"floor":54,"key":"REST"}],"circlet_count":0,"master_deck":["Guardian:CurlUp","Guardian:TwinSlam","Guardian:DecasProtection+1","Guardian:Incinerate","Guardian:Orbwalk+1","Guardian:BronzeOrb","Guardian:BaubleBeam+1","Guardian:StasisStrike","Guardian:VentSteam+1","Guardian:Orbwalk+1","Guardian:BronzeArmor+1","Guardian:BronzeOrb+1","Guardian:ExploitGems","Guardian:Gem_Red","Guardian:DecasProtection+1","Guardian:Planning+1","Guardian:SpikerProtocol"],"relics":["Guardian:ModeShifter","Tiny Chest","Mercury Hourglass","Bottled Lightning","Meat on the Bone","downfall:HeartBlessingGreen","Odd Mushroom","Black Star","downfall:HeartBlessingRed","Smiling Mask","PreservedInsect","Akabeko","Sundial","downfall:HeartBlessingBlue","Bottled Tornado","Mummified Hand","Fusion Hammer","Singing Bowl","Pantograph","Oddly Smooth Stone","CeramicFish","Potion Belt","FossilizedHelix","Orichalcum","Question Card","Guardian:BottledStasis","Boot","HornCleat"],"acts_visited":["Exordium","TheCity","TheBeyond","TheEnding"],"potions_floor_usage":[26,50],"damage_taken":[{"damage":0.0,"enemies":"2 Louse","floor":4.0,"turns":3.0},{"damage":0.0,"enemies":"Small Slimes","floor":5.0,"turns":3.0},{"damage":18.0,"enemies":"Gremlin Nob","floor":6.0,"turns":5.0},{"damage":2.0,"enemies":"Lagavulin","floor":8.0,"turns":5.0},{"damage":4.0,"enemies":"downfall:FleeingMerchant","floor":9.0,"turns":4.0},{"damage":0.0,"enemies":"Jaw Worm","floor":12.0,"turns":2.0},{"damage":30.0,"enemies":"downfall:Heads","floor":13.0,"turns":6.0},{"damage":0.0,"enemies":"The Mushroom Lair","floor":14.0,"turns":3.0},{"damage":0.0,"enemies":"2 Fungi Beasts","floor":15.0,"turns":2.0},{"damage":26.0,"enemies":"downfall:Silent","floor":16.0,"turns":6.0},{"damage":25.0,"enemies":"Slavers","floor":19.0,"turns":5.0},{"damage":0.0,"enemies":"downfall:FleeingMerchant","floor":21.0,"turns":4.0},{"damage":9.0,"enemies":"Book of Stabbing","floor":22.0,"turns":3.0},{"damage":0.0,"enemies":"Spheric Guardian","floor":25.0,"turns":2.0},{"damage":7,"enemies":"downfall:FleeingMerchant","floor":26,"turns":3},{"damage":8,"enemies":"Snake Plant","floor":28,"turns":2},{"damage":0,"enemies":"Centurion and Healer","floor":29,"turns":3},{"damage":7,"enemies":"3 Cultists","floor":30,"turns":3},{"damage":16,"enemies":"Snake Plant","floor":31,"turns":3},{"damage":4,"enemies":"Cultist and Chosen","floor":32,"turns":2},{"damage":0,"enemies":"downfall:Ironclad","floor":33,"turns":2},{"damage":1,"enemies":"3 Shapes","floor":36,"turns":2},{"damage":0,"enemies":"Giant Head","floor":38,"turns":4},{"damage":8,"enemies":"Orb Walker","floor":39,"turns":3},{"damage":0,"enemies":"Transient","floor":40,"turns":5},{"damage":0,"enemies":"Reptomancer","floor":42,"turns":3},{"damage":4,"enemies":"Jaw Worm Horde","floor":43,"turns":3},{"damage":0,"enemies":"Giant Head","floor":44,"turns":3},{"damage":0,"enemies":"Spire Growth","floor":45,"turns":3},{"damage":0,"enemies":"Maw","floor":49,"turns":4},{"damage":0,"enemies":"downfall:Defect","floor":50,"turns":4},{"damage":0,"enemies":"downfall:CharBossMerchant","floor":52,"turns":3},{"damage":92,"enemies":"downfall:NeowBoss","floor":55,"turns":15}],"seed_played":"-7534702117072015498","potions_obtained":[{"floor":4.0,"key":"Guardian:BlockOnCardUsePotion"},{"floor":12.0,"key":"Ancient Potion"},{"floor":14.0,"key":"FearPotion"},{"floor":16.0,"key":"BlessingOfTheForge"},{"floor":22.0,"key":"SkillPotion"},{"floor":29,"key":"DuplicationPotion"},{"floor":44,"key":"ColorlessPotion"},{"floor":49,"key":"BlessingOfTheForge"}],"is_trial":false,"path_per_floor":["R","?","R","M","M","E","T","E","$","R","?","M","?","?","M","B",null,"R","E","T","$","E","R","T","M","$","R","M","M","M","M","M","B",null,"R","M","?","E","M","M","T","E","M","E","M","?","$","$","M","B",null,"E","$","R","B"],"character_chosen":"GUARDIAN","items_purchased":["Guardian:StasisStrike","Mummified Hand","Guardian:Repulse","Guardian:SpikerProtocol","Question Card","Guardian:Gem_Orange"],"campfire_rested":2,"item_purchase_floors":[21,26,26,48,48,53],"current_hp_per_floor":[72,72,72,72,72,54,54,52,48,48,48,48,30,42,42,28,72,72,47,47,47,38,72,72,72,65,65,57,57,50,46,42,42,82,82,81,81,81,75,77,77,79,75,75,75,75,75,75,75,88,88,90,90,90,0,0],"gold":11,"neow_bonus":"TRANSFORM_TWO_CARDS","is_daily":false,"chose_seed":false,"campfire_upgraded":3,"win_rate":0.0,"timestamp":1607949447,"path_taken":["R","?","R","M","M","E","T","E","$","R","?","M","?","?","M","BOSS","R","E","?","$","E","R","T","M","$","R","M","M","M","M","M","BOSS","R","M","?","E","M","M","T","E","M","E","M","?","$","$","M","BOSS","E","$","R","BOSS"],"items_purchased_type":["Card","Relic","Card","Card","Relic","Card"],"build_version":"2020-12-13","purchased_purges":4,"victory":false,"max_hp_per_floor":[72,72,72,72,72,72,72,72,72,72,72,72,72,72,72,72,72,72,72,72,72,72,82,82,82,82,82,82,82,82,82,82,82,82,82,82,82,82,84,86,86,88,88,88,88,88,88,88,88,88,88,90,90,90,90,90],"relic_stats":{"Singing Bowl":8,"counters":[33,121],"CeramicFish":54,"PreservedInsect":459,"Orichalcum":[12],"Smiling Mask":225,"Question Card":2,"Boot":[0],"Mercury Hourglass":[366],"Sundial":[30],"Mummified Hand":[77],"Pantograph":13,"Tiny Chest":1,"Black Star":6,"obtain_stats":[{"Singing Bowl":38,"CeramicFish":42,"downfall:HeartBlessingGreen":10,"Bottled Tornado":24,"Smiling Mask":19,"Boot":52,"HornCleat":52,"Sundial":22,"downfall:HeartBlessingBlue":23,"Mummified Hand":26,"Pantograph":38,"Tiny Chest":2,"Fusion Hammer":34,"Potion Belt":42,"Guardian:BottledStasis":52,"downfall:HeartBlessingRed":18,"Guardian:ModeShifter":0,"Oddly Smooth Stone":41,"PreservedInsect":19,"Odd Mushroom":14,"Orichalcum":44,"Question Card":48,"Akabeko":22,"Mercury Hourglass":6,"Black Star":17,"Bottled Lightning":7,"FossilizedHelix":44,"Meat on the Bone":8},{"Singing Bowl":23,"CeramicFish":26,"downfall:HeartBlessingGreen":5,"Bottled Tornado":13,"Smiling Mask":11,"Boot":32,"HornCleat":32,"Sundial":13,"downfall:HeartBlessingBlue":13,"Mummified Hand":15,"Pantograph":23,"Tiny Chest":0,"Fusion Hammer":21,"Potion Belt":26,"Guardian:BottledStasis":32,"downfall:HeartBlessingRed":10,"Guardian:ModeShifter":0,"Oddly Smooth Stone":25,"PreservedInsect":11,"Odd Mushroom":8,"Orichalcum":28,"Question Card":29,"Akabeko":13,"Mercury Hourglass":3,"Black Star":10,"Bottled Lightning":3,"FossilizedHelix":28,"Meat on the Bone":4},{"Singing Bowl":75,"CeramicFish":86,"downfall:HeartBlessingGreen":20,"Bottled Tornado":50,"Smiling Mask":43,"Boot":106,"HornCleat":106,"Sundial":50,"downfall:HeartBlessingBlue":50,"Mummified Hand":55,"Pantograph":75,"Tiny Chest":0,"Fusion Hammer":69,"Potion Belt":86,"Guardian:BottledStasis":106,"downfall:HeartBlessingRed":39,"Guardian:ModeShifter":0,"Oddly Smooth Stone":83,"PreservedInsect":43,"Odd Mushroom":31,"Orichalcum":92,"Question Card":95,"Akabeko":50,"Mercury Hourglass":11,"Black Star":39,"Bottled Lightning":11,"FossilizedHelix":92,"Meat on the Bone":16}],"Meat on the Bone":48},"card_choices":[{"not_picked":["Guardian:Planning","Guardian:RollAttack","Guardian:TemporalStrike"],"picked":"SKIP","floor":4.0},{"not_picked":["Guardian:Incinerate","Guardian:Planning"],"picked":"Guardian:Gem_Red","floor":5.0},{"not_picked":["Guardian:TimeCapacitor","Guardian:PiercingHide","Guardian:Suspension"],"picked":"SKIP","floor":6.0},{"not_picked":["Guardian:PolyBeam","Guardian:Repulse"],"picked":"Guardian:Incinerate","floor":8.0},{"not_picked":["Guardian:VentSteam","Guardian:PolyBeam","Guardian:CrystalBeam"],"picked":"SKIP","floor":9.0},{"not_picked":["Guardian:Planning","Guardian:PolyBeam","Guardian:Gem_Green"],"picked":"SKIP","floor":12.0},{"not_picked":["Guardian:ArmoredProtocol","Guardian:CrystalBeam"],"picked":"Guardian:BronzeOrb","floor":13.0},{"not_picked":["Guardian:Incinerate","Guardian:Recover"],"picked":"Guardian:BaubleBeam","floor":14.0},{"not_picked":["Guardian:TimeBomb","Guardian:TemporalShield"],"picked":"Guardian:Gem_White","floor":15.0},{"not_picked":["Guardian:GemFinder","Guardian:AncientConstruct"],"picked":"Guardian:Gem_Synthetic","floor":16.0},{"not_picked":["Guardian:Gem_Green","Guardian:ChargeCore"],"picked":"Guardian:Gem_Yellow","floor":19.0},{"not_picked":["Guardian:Repulse","Guardian:PiercingHide","Guardian:TemporalShield+1"],"picked":"SKIP","floor":21.0},{"not_picked":["Guardian:Preprogram","Guardian:Gem_Green"],"picked":"Guardian:Gem_Yellow","floor":22.0},{"not_picked":["Guardian:Recover+1","Guardian:EvasiveProtocol"],"picked":"Guardian:VentSteam","floor":25.0},{"not_picked":["Guardian:TemporalShield","Guardian:AncientConstruct"],"picked":"Guardian:Gem_Cyan","floor":26},{"not_picked":["Guardian:PolyBeam","Guardian:ChargeCore","Guardian:ShieldSpikes"],"picked":"SKIP","floor":28},{"not_picked":["Guardian:BronzeOrb","Guardian:Gem_Lightblue"],"picked":"Guardian:Orbwalk+1","floor":29},{"not_picked":["Guardian:Gem_Cyan","Guardian:PolyBeam"],"picked":"Guardian:BronzeArmor+1","floor":30},{"not_picked":["Guardian:SentryBeam","Guardian:PiercingHide","Guardian:Gem_Purple"],"picked":"SKIP","floor":31},{"not_picked":["Guardian:TemporalShield","Guardian:RollAttack+1"],"picked":"Guardian:BronzeOrb+1","floor":32},{"not_picked":["Guardian:AncientConstruct","Guardian:Gem_Synthetic"],"picked":"Guardian:ExploitGems","floor":33},{"not_picked":["Guardian:Gem_Green","Guardian:SentryBeam+1"],"picked":"Guardian:Gem_Red","floor":36},{"not_picked":["Guardian:Incinerate+1","Guardian:TemporalStrike"],"picked":"Guardian:DecasProtection+1","floor":38},{"not_picked":["Guardian:ChargeUp","Guardian:Gem_Green","Guardian:RollAttack+1"],"picked":"Singing Bowl","floor":39},{"not_picked":["Guardian:Reroute+1","Guardian:Planning","Guardian:Recover"],"picked":"Singing Bowl","floor":40},{"not_picked":["Guardian:Suspension+1","Guardian:Harden+1","Guardian:Gem_Blue"],"picked":"Singing Bowl","floor":42},{"not_picked":["Guardian:Gem_Green","Guardian:PiercingHide+1"],"picked":"Guardian:Gem_Crimson","floor":43},{"not_picked":["Guardian:TemporalStrike","Guardian:Planning"],"picked":"Guardian:Gem_Orange","floor":44},{"not_picked":["Guardian:SentryBeam","Guardian:Gem_White"],"picked":"Guardian:Planning+1","floor":45},{"not_picked":["Guardian:DecasProtection","Guardian:Gem_Blue","Guardian:Reroute"],"picked":"Guardian:Gem_White","floor":49},{"not_picked":["Guardian:Recover","Guardian:GuardianWhirl","Guardian:PiercingHide","Guardian:PrimingBeam+1"],"picked":"Singing Bowl","floor":52}],"player_experience":428361,"relics_obtained":[{"floor":6.0,"key":"Mercury Hourglass"},{"floor":7.0,"key":"Bottled Lightning"},{"floor":8.0,"key":"Meat on the Bone"},{"floor":14.0,"key":"Odd Mushroom"},{"floor":19.0,"key":"Smiling Mask"},{"floor":19.0,"key":"PreservedInsect"},{"floor":22.0,"key":"Akabeko"},{"floor":22.0,"key":"Sundial"},{"floor":24.0,"key":"Bottled Tornado"},{"floor":38,"key":"Singing Bowl"},{"floor":38,"key":"Pantograph"},{"floor":41,"key":"Oddly Smooth Stone"},{"floor":42,"key":"CeramicFish"},{"floor":42,"key":"Potion Belt"},{"floor":44,"key":"FossilizedHelix"},{"floor":44,"key":"Orichalcum"},{"floor":52,"key":"Guardian:BottledStasis"},{"floor":52,"key":"Boot"},{"floor":52,"key":"HornCleat"}],"event_choices":[{"damage_healed":0.0,"max_hp_gain":0.0,"max_hp_loss":0.0,"gold_gain":0.0,"event_name":"Big Fish","player_choice":"Box","floor":2.0,"gold_loss":0.0,"damage_taken":0.0,"relics_obtained":["Tiny Chest"],"cards_obtained":["Regret"]},{"damage_healed":0.0,"max_hp_gain":0.0,"max_hp_loss":0.0,"gold_gain":0.0,"event_name":"Mushrooms","player_choice":"Fought Mushrooms","floor":14.0,"gold_loss":0.0,"damage_taken":0.0},{"cards_removed":["Guardian:Repulse"],"damage_healed":0,"gold_gain":0,"player_choice":"Removed Power","damage_taken":0,"max_hp_gain":0,"max_hp_loss":0,"event_name":"Falling","floor":37,"gold_loss":0}],"is_beta":false,"boss_relics":[{"not_picked":["Guardian:ModeShifterPlus","Ectoplasm"],"picked":"Black Star"},{"not_picked":["Cursed Key","Coffee Dripper"],"picked":"Fusion Hammer"}],"items_purged_floors":[3,21,26,47],"is_endless":false,"potions_floor_spawned":[4,12,14,15,16,22,25,28,29,33,36,38,44,49],"killed_by":"downfall:NeowBoss","ascension_level":1}}