{"host":"qn9jmys3bzrfa36a","time":1607936849,"event":{"mods":["Act Like it!","BaseMod","Decade(王小明)","Downfall","HololiveMod","Minty Spire (QoL Compilation)","MostiFishMod","Replay The Spire","Robot Space Explorer","StSLib","The Cursed","[地精首领爬塔]The Maniac"],"gold_per_floor":[99,126,126,126,155,9,9,9,0,0,13,33,33,48,67,67,67],"floor_reached":16,"playtime":914,"items_purged":["Regret"],"score":183,"play_id":"51d134cb-4380-4686-822b-cfd018843d44","local_time":"20201214170729","is_ascension_mode":false,"campfire_choices":[{"floor":1,"key":"RECALL"},{"data":"maniac:Refine","floor":8,"key":"SMITH"},{"data":"maniac:GlassScratch","floor":10,"key":"SMITH"}],"circlet_count":0,"master_deck":["maniac:Strike+1","maniac:Strike","maniac:Strike","maniac:Strike","maniac:Defend+1","maniac:Defend+1","maniac:Defend","maniac:Defend","maniac:BurnBlood","maniac:AbyssShackle","maniac:GlassScratch+1","maniac:Intimidate","maniac:FindAShortcut","maniac:ShelteringEdge","maniac:Refine+1","maniac:UnseenTerror","maniac:ShiftingShadows","maniac:Whirlscythe","maniac:Reforge","maniac:Infuriate"],"relics":["maniac:DamagedAnvil","maniac:BrokenHorn","DaveBox","Civilization","downfall:HeartsMalice","Counterbalance","Replay:Rubber Ducky"],"acts_visited":["Exordium"],"potions_floor_usage":[],"damage_taken":[{"damage":0,"enemies":"Gremlin Nob","floor":2,"turns":1},{"damage":0,"enemies":"3 Sentries","floor":5,"turns":1},{"damage":0,"enemies":"downfall:FleeingMerchant","floor":6,"turns":1},{"damage":10,"enemies":"downfall:FleeingMerchant","floor":9,"turns":4},{"damage":8,"enemies":"Jaw Worm","floor":11,"turns":2},{"damage":8,"enemies":"Small Slimes","floor":12,"turns":2},{"damage":3,"enemies":"2 Louse","floor":14,"turns":2},{"damage":10,"enemies":"Exordium Wildlife","floor":15,"turns":3},{"damage":58,"enemies":"downfall:Defect","floor":16,"turns":5}],"seed_played":"-7430613059772113377","potions_obtained":[{"floor":2,"key":"Explosive Potion"},{"floor":12,"key":"Doom Potion"},{"floor":15,"key":"Elixir"}],"is_trial":false,"path_per_floor":["R","E","?","?","E","$","T","R","$","R","M","M","?","M","M","B"],"character_chosen":"THE_MANIAC","items_purchased":["maniac:ShelteringEdge","maniac:Refine"],"campfire_rested":0,"item_purchase_floors":[6,6],"current_hp_per_floor":[80,80,80,80,80,80,80,80,70,70,63,58,58,60,57,0,0],"gold":67,"neow_bonus":"THREE_ENEMY_KILL","is_daily":false,"chose_seed":false,"campfire_upgraded":2,"win_rate":0.0,"timestamp":1607936849,"path_taken":["R","E","?","?","E","$","T","R","?","R","M","M","?","M","M","BOSS"],"items_purchased_type":["Card","Card"],"build_version":"2020-12-13","purchased_purges":1,"victory":false,"max_hp_per_floor":[80,80,80,80,80,80,80,80,80,80,81,84,84,89,96,96,96],"card_choices":[{"not_picked":["maniac:ShiftingShadows","maniac:ReconstructWounds"],"picked":"maniac:GlassScratch","floor":2},{"not_picked":["maniac:UndyingDesire","maniac:MeleeStrike"],"picked":"maniac:Intimidate","floor":5},{"not_picked":["maniac:PanickyParry","maniac:Confront"],"picked":"maniac:FindAShortcut","floor":6},{"not_picked":["maniac:UndyingDesire","maniac:Reforge"],"picked":"maniac:UnseenTerror","floor":9},{"not_picked":["maniac:Quickdraw","maniac:Intimidate"],"picked":"maniac:ShiftingShadows","floor":11},{"not_picked":["maniac:ReconstructWounds","maniac:PerceiveDanger"],"picked":"maniac:Whirlscythe","floor":12},{"not_picked":["maniac:ShiftingShadows","maniac:BladeShoot"],"picked":"maniac:Reforge","floor":14},{"not_picked":["maniac:SeekerKnife","maniac:ArmToTheTeeth"],"picked":"maniac:Infuriate","floor":15}],"player_experience":87408,"relics_obtained":[{"floor":2,"key":"Counterbalance"},{"floor":5,"key":"Replay:Rubber Ducky"}],"event_choices":[],"is_beta":false,"boss_relics":[],"items_purged_floors":[6],"is_endless":false,"potions_floor_spawned":[2,12,15],"killed_by":"downfall:Defect","ascension_level":0}}