{"host":"0vkf1k7bkmi4whcf","time":1607904654,"event":{"mods":["Bartender","BaseMod","Better Third Choice","CapriCore","Displayed Cursed Tome","Downfall","GungeonMod","Koishi","Marisa????????","Minty Spire (QoL Compilation)","Reimu??????","Relic Stats","Remilia??????","StSLib","Td1madao Mod","The Alterego","The Immortal","The Servant 0.9.4","The Wild Card","Waifu the Spire","Yuyuko","???????????mod"],"gold_per_floor":[141,141,168,213,213,213,70,70,93,114,123,148,188,212,212,212,212],"floor_reached":16,"playtime":520,"items_purged":[],"score":186,"play_id":"81314045-43f4-4d64-8457-284f6adcf16e","local_time":"20201214011054","is_ascension_mode":true,"campfire_choices":[{"data":"WatchEyeChange_purple","floor":6,"key":"SMITH"},{"floor":8,"key":"REST"},{"data":"DarkRealmRedLine_purple","floor":15,"key":"SMITH"}],"circlet_count":0,"master_deck":["AscendersBane","AT_purpleEX+1","AT_purpleEX","AT_purpleEX","AT_purpleEX","Defend_purpleEX","Defend_purpleEX","Defend_purpleEX+1","Defend_purpleEX","Observe_purple_1","Observe_purple_2","DarkRealmRedLine_purple+1","WatchEyeChange_purple+1","Mirror_FormAndEmptin_purple","DimensionStaggered_purple","StateDuplicate_purple","PurpleNeedle_purple","CommonSense_AntiCommonSense_purple","Charmbait_purple","PurpleNeedle_purple","Line_surface_state_purple","MeetDecomposer_purple","theWildCard:Sakuya","MeetDecomposer_purple","MeetDecomposer_purple"],"relics":["Boundary_crack","Memoryfragments_purpleEX","CeramicFish","StrikeDummy","Blood Vial","DemoMod:Bottle","Tiny Chest"],"acts_visited":["Exordium"],"potions_floor_usage":[],"damage_taken":[{"damage":4,"enemies":"Small Slimes","floor":1,"turns":3},{"damage":9,"enemies":"Jaw Worm","floor":3,"turns":4},{"damage":0,"enemies":"Cultist","floor":10,"turns":2},{"damage":0,"enemies":"Looter","floor":12,"turns":3},{"damage":29,"enemies":"3 Sentries","floor":13,"turns":9},{"damage":53,"enemies":"Slime Boss","floor":16,"turns":12}],"seed_played":"7390043794518028821","potions_obtained":[{"floor":13,"key":"Weak Potion"}],"is_trial":false,"path_per_floor":["M","?","M","?","T","R","$","R","T","M","?","M","E","T","R","B"],"character_chosen":"Youkari","items_purchased":["Charmbait_purple","PurpleNeedle_purple","Line_surface_state_purple"],"campfire_rested":1,"item_purchase_floors":[7,7,7],"current_hp_per_floor":[56,36,29,29,29,29,29,48,48,52,52,56,40,40,40,0,0],"gold":212,"neow_bonus":"RANDOM_COMMON_RELIC","is_daily":false,"chose_seed":false,"campfire_upgraded":2,"win_rate":0.0,"timestamp":1607904654,"path_taken":["M","?","M","?","?","R","?","R","T","?","?","M","E","?","R","BOSS"],"items_purchased_type":["Card","Card","Card"],"build_version":"2020-12-13","purchased_purges":0,"victory":false,"max_hp_per_floor":[65,65,65,65,65,65,65,65,65,65,65,65,65,65,65,65,65],"relic_stats":{"Blood Vial":8,"counters":[6,33],"CeramicFish":126,"Tiny Chest":0,"obtain_stats":[{"Blood Vial":9,"CeramicFish":0,"Tiny Chest":14,"DemoMod:GlassGuonStoneRelic":3,"Boundary_crack":0,"StrikeDummy":5,"DemoMod:Bottle":13,"Memoryfragments_purpleEX":0},{"Blood Vial":2,"CeramicFish":0,"Tiny Chest":5,"DemoMod:GlassGuonStoneRelic":2,"Boundary_crack":0,"StrikeDummy":2,"DemoMod:Bottle":5,"Memoryfragments_purpleEX":0},{"Blood Vial":7,"CeramicFish":0,"Tiny Chest":21,"DemoMod:GlassGuonStoneRelic":7,"Boundary_crack":0,"StrikeDummy":7,"DemoMod:Bottle":21,"Memoryfragments_purpleEX":0}]},"card_choices":[{"not_picked":["Worldmountain_purple","Line_surface_state_purple"],"picked":"DarkRealmRedLine_purple","floor":1},{"not_picked":["Umbrella_purple","ExternalForce_HighSpeedFlying_purple"],"picked":"WatchEyeChange_purple","floor":3},{"not_picked":["MetroBOOM_purple","StateDuplicate_purple"],"picked":"MeetDecomposer_purple","floor":10},{"not_picked":["Mirror_FourBoundary_purple","Line_surface_state_purple"],"picked":"MeetDecomposer_purple","floor":12},{"not_picked":["Boundary_DreamRealityDamnation_purple","SharpContractionReality_purple"],"picked":"MeetDecomposer_purple","floor":13}],"player_experience":708672,"relics_obtained":[{"floor":5,"key":"StrikeDummy"},{"floor":9,"key":"Blood Vial"},{"floor":13,"key":"DemoMod:Bottle"},{"floor":14,"key":"Tiny Chest"}],"event_choices":[{"damage_healed":56,"gold_gain":0,"player_choice":"Upgrade","damage_taken":20,"max_hp_gain":0,"max_hp_loss":65,"event_name":"betterThird:BetterShining","floor":2,"gold_loss":0,"cards_upgraded":["Defend_purpleEX","AT_purpleEX"]}],"is_beta":false,"boss_relics":[],"items_purged_floors":[],"is_endless":false,"potions_floor_spawned":[13],"killed_by":"Slime Boss","ascension_level":18}}