{"host":"q3i87yx2dgqr54co","time":1607982820,"event":{"mods":["BaseMod","Block Reminder","Colored Map","Colored Powertips","DeckTracker","Highlight Path","Minty Spire (QoL Compilation)","Permanent Neow","Quick Restart","Relic Sorter","Relic Stats","StSLib","The Bug Knight"],"gold_per_floor":[112,92,112,124,4,35,35,51,77,77,89,104,104,104,104,201,201,217,267,283,298,317,317,349,349,372,372,372],"floor_reached":27,"playtime":2985,"items_purged":[],"score":235,"play_id":"49321875-2221-42c8-9070-c55660a8d6d5","local_time":"20201214165340","is_ascension_mode":false,"campfire_choices":[{"floor":7,"key":"REST"},{"floor":10,"key":"RECALL"},{"floor":13,"key":"REST"},{"data":"HollowMod:LifebloodCore","floor":15,"key":"SMITH"},{"floor":23,"key":"REST"},{"floor":25,"key":"REST"}],"circlet_count":0,"master_deck":["HollowMod:NailStrikeStart","HollowMod:NailStrikeStart","HollowMod:NailStrikeStart","HollowMod:NailStrikeStart","HollowMod:QuickDashStart+1","HollowMod:QuickDashStart","HollowMod:QuickDashStart","HollowMod:QuickDashStart","HollowMod:FocusHealStart+1","HollowMod:PogoStrike","HollowMod:ShapeofUnn","HollowMod:NewJinnsSoul","HollowMod:PerfectDash","HollowMod:CloakDash","HollowMod:VengefulSpirit","HollowMod:SlysStrikes","HollowMod:CloakDash","HollowMod:HowlingWraiths","HollowMod:LifebloodCore+1","HollowMod:theNailsmith","HollowMod:CloakDash+1","HollowMod:AwokenDreamNail","HollowMod:CycloneSlash","HollowMod:AbyssShriek","HollowMod:GreatSlash+1"],"relics":["HollowMod:VesselMask","Bag of Marbles","War Paint","HollowMod:PaleOreRelic","Sozu","Gremlin Horn","PreservedInsect"],"acts_visited":["Exordium","TheCity"],"potions_floor_usage":[6,16],"damage_taken":[{"damage":0,"enemies":"2 Louse","floor":1,"turns":1},{"damage":0,"enemies":"Cultist","floor":3,"turns":3},{"damage":3,"enemies":"Jaw Worm","floor":4,"turns":4},{"damage":67,"enemies":"HollowMod:MossKnight","floor":6,"turns":15},{"damage":12,"enemies":"Large Slime","floor":8,"turns":7},{"damage":2,"enemies":"HollowMod:HuskWarrior","floor":11,"turns":5},{"damage":16,"enemies":"Blue Slaver","floor":12,"turns":4},{"damage":64,"enemies":"HollowMod:FalseKnight","floor":16,"turns":7},{"damage":15,"enemies":"2 Thieves","floor":18,"turns":4},{"damage":0,"enemies":"3 Byrds","floor":20,"turns":6},{"damage":19,"enemies":"Snecko","floor":21,"turns":5},{"damage":22,"enemies":"Centurion and Healer","floor":22,"turns":8},{"damage":72,"enemies":"Slavers","floor":24,"turns":7},{"damage":37,"enemies":"Sentry and Sphere","floor":27,"turns":7}],"seed_played":"-2005500619184333614","potions_obtained":[{"floor":1,"key":"BlessingOfTheForge"},{"floor":2,"key":"CultistPotion"},{"floor":3,"key":"Explosive Potion"},{"floor":8,"key":"Energy Potion"},{"floor":16,"key":"Strength Potion"}],"is_trial":false,"path_per_floor":["M","?","M","M","$","E","R","M","T","R","M","M","R","?","R","B",null,"M","?","M","M","M","R","E","R","T","M"],"character_chosen":"THE_BUGKNIGHT","items_purchased":["HollowMod:CloakDash","HollowMod:VengefulSpirit"],"campfire_rested":4,"item_purchase_floors":[5,5],"current_hp_per_floor":[75,75,75,75,75,20,42,40,40,40,44,34,56,56,56,2,75,60,60,70,57,45,67,5,27,27,0,0],"gold":372,"neow_bonus":"RANDOM_COMMON_RELIC","is_daily":false,"chose_seed":false,"campfire_upgraded":1,"win_rate":0.0,"timestamp":1607982820,"path_taken":["M","?","M","M","?","E","R","M","T","R","M","M","R","?","R","BOSS","M","?","M","M","M","R","E","R","T","M"],"items_purchased_type":["Card","Card"],"build_version":"2020-12-13","purchased_purges":0,"victory":false,"max_hp_per_floor":[75,75,75,75,75,75,75,75,75,75,75,75,75,75,75,75,75,75,75,75,75,75,75,75,75,75,75,75],"relic_stats":{"Sozu":2,"Gremlin Horn":[1,1],"counters":[14,83],"PreservedInsect":0,"War Paint":["HollowMod:QuickDashStart","HollowMod:FocusHealStart"],"obtain_stats":[{"Sozu":17,"Gremlin Horn":24,"HollowMod:VesselMask":0,"PreservedInsect":26,"Bag of Marbles":0,"HollowMod:PaleOreRelic":14,"War Paint":6},{"Sozu":8,"Gremlin Horn":13,"HollowMod:VesselMask":0,"PreservedInsect":13,"Bag of Marbles":0,"HollowMod:PaleOreRelic":7,"War Paint":4},{"Sozu":46,"Gremlin Horn":76,"HollowMod:VesselMask":0,"PreservedInsect":76,"Bag of Marbles":0,"HollowMod:PaleOreRelic":39,"War Paint":23}]},"card_choices":[{"not_picked":["HollowMod:PerfectDash","HollowMod:VengefulSpirit"],"picked":"HollowMod:ShapeofUnn","floor":1},{"not_picked":["HollowMod:WraithStrike","HollowMod:SoulStrike"],"picked":"HollowMod:NewJinnsSoul","floor":3},{"not_picked":["HollowMod:TaintedHusks","HollowMod:DescendingDark"],"picked":"HollowMod:PerfectDash","floor":4},{"not_picked":["HollowMod:HuntersJournal","HollowMod:ShadowDash"],"picked":"HollowMod:SlysStrikes","floor":6},{"not_picked":["HollowMod:NewJinnsSoul","HollowMod:TaintedHusks"],"picked":"HollowMod:CloakDash","floor":8},{"not_picked":["HollowMod:NewLittleFool","HollowMod:CoiledNail"],"picked":"HollowMod:HowlingWraiths","floor":11},{"not_picked":["HollowMod:HowlingWraiths","HollowMod:ChannelNail"],"picked":"HollowMod:LifebloodCore","floor":12},{"not_picked":["HollowMod:SlysStrikes","HollowMod:VoidDash"],"picked":"HollowMod:theNailsmith","floor":16},{"not_picked":["HollowMod:HeavyBlow","HollowMod:NewJinnsSoul"],"picked":"HollowMod:CloakDash+1","floor":18},{"not_picked":["HollowMod:ChannelNail","HollowMod:SharpenedNail"],"picked":"HollowMod:AwokenDreamNail","floor":20},{"not_picked":["HollowMod:ShadowDash","HollowMod:GreatSlash"],"picked":"HollowMod:CycloneSlash","floor":21},{"not_picked":["HollowMod:CycloneSlash","HollowMod:VengefulVoid"],"picked":"HollowMod:AbyssShriek","floor":22},{"not_picked":["HollowMod:CycloneSlash","HollowMod:DoubleDash"],"picked":"HollowMod:GreatSlash+1","floor":24}],"player_experience":107133,"relics_obtained":[{"floor":6,"key":"War Paint"},{"floor":24,"key":"Gremlin Horn"},{"floor":26,"key":"PreservedInsect"}],"event_choices":[{"damage_healed":0,"gold_gain":0,"player_choice":"Bought 1 Potion","damage_taken":0,"max_hp_gain":0,"max_hp_loss":0,"event_name":"The Woman in Blue","floor":2,"gold_loss":0},{"damage_healed":0,"gold_gain":0,"player_choice":"Searched \u00271\u0027 times","damage_taken":0,"relics_obtained":["HollowMod:PaleOreRelic"],"max_hp_gain":0,"max_hp_loss":0,"event_name":"Dead Adventurer","floor":14,"gold_loss":0},{"damage_healed":0,"gold_gain":100,"player_choice":"Bet on Murderer","damage_taken":0,"max_hp_gain":0,"max_hp_loss":0,"event_name":"The Joust","floor":19,"gold_loss":50}],"is_beta":false,"boss_relics":[{"not_picked":["Runic Pyramid","Empty Cage"],"picked":"Sozu"}],"items_purged_floors":[],"is_endless":false,"potions_floor_spawned":[1,3,8,11,16,18,21],"killed_by":"Sentry and Sphere","ascension_level":0}}