{"host":"xu4bnwtq7hv5gr1m","time":1607941672,"event":{"mods":["Act Like it!","Aspiration","BaseMod","Conspire","Hallownest","Hermit","Hubris","Lobotomy","LobotomyExtend","Marisa（F雨　魔理沙）","Marked Mod","Minty Spire (QoL Compilation)","Pale of the Ancients","Replay The Spire","StSLib","The Bug Knight","The Cursed","WarShipGirlsR/战舰少女R mod","vexMod"],"gold_per_floor":[111,36,51,63,75,106,125,125,125,125,194,222,252,262,262,371,371,388,433,453,473,126,126,156,156,182,216,216,227,71,84,84,183,183,195,195,212,212,241,241,273,298,298,315,315,343,357,377,377,377,377,377,377,76,108,108],"floor_reached":57,"playtime":2209,"items_purged":["Strike_P","Strike_P","Strike_P+1","Defend_P+1"],"score":1458,"play_id":"e95fc959-9dcc-4126-bc5b-44400680e7b3","local_time":"20201214182752","is_ascension_mode":false,"campfire_choices":[{"data":"1","floor":10,"key":"LIFT"},{"data":"2","floor":15,"key":"LIFT"},{"data":"3","floor":23,"key":"LIFT"},{"floor":28,"key":"RECALL"},{"floor":32,"key":"REST"},{"floor":40,"key":"REST"},{"floor":45,"key":"REST"},{"floor":49,"key":"REST"},{"floor":53,"key":"REST"}],"circlet_count":0,"master_deck":["Defend_P+1","Defend_P+1","Eruption+1","Vigilance+1","Conclude+1","Halt+1","FlyingSleeves+1","BowlingBash+1","CutThroughFate+1","ThirdEye+1","LessonLearned+1","FearNoEvil+1","EmptyMind+1","CrushJoints+1","SpiritShield+1","Fasting2+1","Ragnarok+1"],"relics":["PureWater","LetterFromLob","hubris:Reverence","Girya","CeramicFish","Odd Mushroom","Replay:Grab Bag","Fusion Hammer","Sozu","Runic Pyramid","Black Star","HollowMod:StagPassRelic","Meat on the Bone","Mercury Hourglass","Replay:Bottled Flurry","hubris:TenFootPole","hubris:MysteriousPyramids","Replay:Bronze Core","hubris:Towel","aspiration:HummingbirdHeart","Mango","Regal Pillow","hubris:DisguiseKit","aspiration:AnachronicSnailShell","Shuriken","TungstenRod"],"acts_visited":["Exordium","TheCity","TheBeyond","TheEnding"],"potions_floor_usage":[11,16],"damage_taken":[{"damage":0,"enemies":"Cultist","floor":1,"turns":2},{"damage":0,"enemies":"conspire:RoseBush","floor":3,"turns":2},{"damage":4,"enemies":"Jaw Worm","floor":4,"turns":3},{"damage":3,"enemies":"Looter","floor":5,"turns":2},{"damage":0,"enemies":"HollowMod:MossKnight","floor":6,"turns":4},{"damage":0,"enemies":"Large Slime","floor":7,"turns":3},{"damage":0,"enemies":"Gremlin Nob","floor":11,"turns":1},{"damage":3,"enemies":"Blue Slaver","floor":12,"turns":3},{"damage":0,"enemies":"The Mushroom Lair","floor":13,"turns":1},{"damage":0,"enemies":"Exordium Thugs","floor":14,"turns":2},{"damage":11,"enemies":"The Guardian","floor":16,"turns":7},{"damage":5,"enemies":"Chosen","floor":18,"turns":2},{"damage":21,"enemies":"conspire:MimicChest","floor":19,"turns":5},{"damage":12,"enemies":"Shell Parasite","floor":20,"turns":3},{"damage":0,"enemies":"conspire:HollyBat","floor":21,"turns":5},{"damage":1,"enemies":"conspire:SneckoGhost","floor":24,"turns":7},{"damage":0,"enemies":"conspire:Head Lice","floor":27,"turns":2},{"damage":0,"enemies":"Sentry and Sphere","floor":29,"turns":2},{"damage":0,"enemies":"Centurion and Healer","floor":31,"turns":2},{"damage":4,"enemies":"Automaton","floor":33,"turns":5},{"damage":0,"enemies":"3 Darklings","floor":35,"turns":3},{"damage":0,"enemies":"Orb Walker","floor":37,"turns":1},{"damage":0,"enemies":"Sphere and 2 Shapes","floor":39,"turns":2},{"damage":0,"enemies":"Reptomancer","floor":41,"turns":2},{"damage":1,"enemies":"3 Darklings","floor":42,"turns":2},{"damage":0,"enemies":"Maw","floor":44,"turns":4},{"damage":1,"enemies":"R_Hoarder","floor":46,"turns":6},{"damage":0,"enemies":"Sphere and 2 Shapes","floor":47,"turns":3},{"damage":0,"enemies":"3 Darklings","floor":48,"turns":3},{"damage":4,"enemies":"hubris:GrandSnecko","floor":50,"turns":6},{"damage":5,"enemies":"Shield and Spear","floor":55,"turns":3},{"damage":43,"enemies":"The Heart","floor":56,"turns":6}],"seed_played":"5213653675994702375","potions_obtained":[{"floor":3,"key":"FearPotion"},{"floor":5,"key":"BottledMiracle"},{"floor":7,"key":"FairyPotion"},{"floor":12,"key":"BlessingOfTheForge"}],"is_trial":false,"path_per_floor":["M","$","M","M","M","E","M","?","T","R","?","M","?","M","R","B",null,"M","?","M","M","$","R","E","?","T","E","R","M","$","M","R","B",null,"M","?","M","?","M","R","E","M","T","M","R","E","M","M","R","B",null,null,"R","$","E","B",null],"character_chosen":"WATCHER","items_purchased":["Meat on the Bone","CrushJoints+1","Ragnarok"],"campfire_rested":5,"item_purchase_floors":[22,30,54],"current_hp_per_floor":[72,72,72,68,65,65,65,65,65,65,65,62,62,62,62,51,72,67,46,34,34,34,34,45,45,45,45,45,45,45,45,66,62,72,72,72,72,72,72,72,86,85,85,85,86,85,85,85,86,82,82,86,86,86,81,50],"gold":108,"neow_bonus":"REMOVE_CARD","is_daily":false,"chose_seed":false,"campfire_upgraded":0,"win_rate":0.0,"timestamp":1607941672,"path_taken":["M","$","M","M","M","E","M","?","T","R","?","M","?","?","R","BOSS","M","?","M","M","$","R","E","?","T","E","R","?","$","M","R","BOSS","M","?","M","?","?","R","E","M","T","?","R","E","M","M","R","BOSS","R","$","E","BOSS"],"items_purchased_type":["Relic","Card","Card"],"build_version":"2020-12-13","purchased_purges":4,"victory":true,"max_hp_per_floor":[72,72,72,72,72,72,72,72,72,72,72,72,72,72,72,72,72,72,72,72,72,72,72,72,72,72,72,72,72,72,72,72,72,72,72,72,72,72,72,72,86,86,86,86,86,86,86,86,86,86,86,86,86,86,86,86],"card_choices":[{"not_picked":["ThirdEye","Replay:ManipulateFuture"],"picked":"Conclude","floor":1},{"not_picked":["Weave","ForeignInfluence"],"picked":"Halt","floor":3},{"not_picked":["Study","Replay:AtTheReady","Protect"],"picked":"SKIP","floor":4},{"not_picked":["Pray","Replay:AtTheReady","Replay:ManipulateFuture"],"picked":"SKIP","floor":5},{"not_picked":["DeceiveReality","EmptyBody"],"picked":"FlyingSleeves","floor":6},{"not_picked":["JustLucky","Halt"],"picked":"BowlingBash","floor":7},{"not_picked":["InnerPeace","Brilliance"],"picked":"CutThroughFate","floor":11},{"not_picked":["PathToVictory","ClearTheMind"],"picked":"ThirdEye","floor":12},{"not_picked":["Consecrate","Halt","Evaluate"],"picked":"SKIP","floor":14},{"not_picked":["Establishment","Replay:AllIn"],"picked":"LessonLearned","floor":16},{"not_picked":["Replay:BluntJabs","WaveOfTheHand","EmptyFist"],"picked":"SKIP","floor":18},{"not_picked":["InnerPeace","BowlingBash"],"picked":"FearNoEvil","floor":19},{"not_picked":["Replay:ManipulateFuture","Replay:Cycle","ClearTheMind"],"picked":"SKIP","floor":20},{"not_picked":["Replay:BluntJabs","Consecrate"],"picked":"EmptyMind+1","floor":21},{"not_picked":["Study","ThirdEye","InnerPeace"],"picked":"SKIP","floor":24},{"not_picked":["Nirvana","Evaluate+1","FlyingSleeves"],"picked":"SKIP","floor":27},{"not_picked":["MarkedMod:PinPointDefense","Perseverance","FlyingSleeves"],"picked":"SKIP","floor":29},{"not_picked":["Replay:Vibes+1","Collect","FlurryOfBlows+1"],"picked":"SKIP","floor":31},{"not_picked":["MarkedMod:OneThousandNeedles+1","EmptyBody+1","CrushJoints"],"picked":"SKIP","floor":35},{"not_picked":["Evaluate+1","Weave","MarkedMod:Acupuncture"],"picked":"SKIP","floor":37},{"not_picked":["Halt+1","Collect+1"],"picked":"SpiritShield","floor":39},{"not_picked":["MarkedMod:FirstStrike+1","LikeWater+1","FearNoEvil"],"picked":"SKIP","floor":41},{"not_picked":["FollowUp+1","Wallop+1"],"picked":"Fasting2+1","floor":42},{"not_picked":["WaveOfTheHand","FlurryOfBlows+1","Replay:AtTheReady"],"picked":"SKIP","floor":44},{"not_picked":["Evaluate+1","LessonLearned","Replay:AtTheReady"],"picked":"SKIP","floor":46},{"not_picked":["Replay:Hum+1","LessonLearned","Replay:Cycle","DarkMatter"],"picked":"SKIP","floor":47},{"not_picked":["CrushJoints","PathToVictory","DeceiveReality","IllusionStar"],"picked":"SKIP","floor":48},{"not_picked":["Collect","Nirvana","Evaluate","RefractionSpark"],"picked":"SKIP","floor":55}],"player_experience":811299,"relics_obtained":[{"floor":1,"key":"LetterFromLob"},{"floor":6,"key":"hubris:Reverence"},{"floor":9,"key":"Girya"},{"floor":11,"key":"CeramicFish"},{"floor":13,"key":"Odd Mushroom"},{"floor":19,"key":"HollowMod:StagPassRelic"},{"floor":24,"key":"Mercury Hourglass"},{"floor":24,"key":"Replay:Bottled Flurry"},{"floor":27,"key":"hubris:TenFootPole"},{"floor":27,"key":"hubris:MysteriousPyramids"},{"floor":41,"key":"aspiration:HummingbirdHeart"},{"floor":41,"key":"Mango"},{"floor":43,"key":"Regal Pillow"},{"floor":46,"key":"hubris:DisguiseKit"},{"floor":46,"key":"aspiration:AnachronicSnailShell"},{"floor":55,"key":"Shuriken"},{"floor":55,"key":"TungstenRod"}],"event_choices":[{"damage_healed":0,"gold_gain":0,"player_choice":"Searched \u00271\u0027 times","damage_taken":0,"max_hp_gain":0,"max_hp_loss":0,"event_name":"Dead Adventurer","floor":11,"gold_loss":0},{"damage_healed":0,"gold_gain":0,"player_choice":"Fought Mushrooms","damage_taken":0,"max_hp_gain":0,"max_hp_loss":0,"event_name":"Mushrooms","floor":13,"gold_loss":0},{"cards_removed":["Strike_P"],"damage_healed":0,"gold_gain":0,"player_choice":"Elegance","damage_taken":0,"max_hp_gain":0,"max_hp_loss":0,"event_name":"Back to Basics","floor":25,"gold_loss":0},{"damage_healed":0,"gold_gain":0,"player_choice":"Forge","damage_taken":0,"max_hp_gain":0,"max_hp_loss":0,"event_name":"Accursed Blacksmith","floor":38,"gold_loss":0,"cards_upgraded":["ThirdEye"]}],"is_beta":false,"boss_relics":[{"not_picked":["hubris:ScarierMask","hubris:BlackHole"],"picked":"Replay:Grab Bag"},{"not_picked":["Busted Crown","Cursed Key"],"picked":"Fusion Hammer"},{"not_picked":["Runic Dome","Velvet Choker"],"picked":"Sozu"},{"not_picked":["SacredBark","aspiration:SecretTechniqueScroll"],"picked":"Runic Pyramid"},{"not_picked":["aspiration:DefectSkillbook","aspiration:MarisaSkillbook"],"picked":"Black Star"},{"not_picked":["vexMod:MysteryBossChallenge","Painkiller Herb"],"picked":"Replay:Bronze Core"}],"items_purged_floors":[2,22,30,54],"is_endless":false,"potions_floor_spawned":[3,5,7,12,18,19,24,33,39,41,42,44,48,55],"ascension_level":0}}