{"host":"95780gohsonvnbsu","time":1607910597,"event":{"mods":["Aspiration","BaseMod","Better Match","Better Note","Better Sensory Stone","Colored Map","Conspire","Downfall","Hubris","Infinite Spire","Minty Spire (QoL Compilation)","StSLib","slay the spire mod where everything is the same but ironclad has a cowboy hat"],"gold_per_floor":[112,130,142,142,156,156,156,190,268,282,282,104,117,117,117,214,214,225,225,235,247,258,284,157,188,211,330,361,361,361,373,373,471,471,487,487,487,539,557,588,140,154,154,164,180,180,180,196,196,294,294,291,291,291,299,311,321,321,285,331,339,341,60,57,72,72,261,261,262,362,212,221,219,219,238,245,245,267,262,265,265,259,259,334,334,335,336,334,334,332,332,328,325,377,389,389,394,364,388,388,451,451,451],"floor_reached":102,"playtime":5598,"items_purged":["Strike_G","Defend_G","Defend_G","Defend_G"],"score":2454,"play_id":"fa7648bb-4c51-4cfb-96e7-95b16871fa6d","local_time":"20201213204957","is_ascension_mode":false,"campfire_choices":[{"data":"Metamorphosis","floor":6,"key":"SMITH"},{"data":"Adrenaline","floor":11,"key":"SMITH"},{"data":"Cloak And Dagger","floor":15,"key":"SMITH"},{"data":"Bullet Time","floor":29,"key":"SMITH"},{"data":"Neutralize","floor":32,"key":"SMITH"},{"data":"infinitespire:Collect","floor":47,"key":"SMITH"},{"data":"Quick Slash","floor":49,"key":"SMITH"},{"data":"Dagger Throw","floor":58,"key":"SMITH"},{"data":"infinitespire:SevenWalls","floor":66,"key":"SMITH"},{"data":"A Thousand Cuts","floor":74,"key":"SMITH"},{"data":"infinitespire:Gouge","floor":83,"key":"SMITH"},{"data":"Adrenaline","floor":91,"key":"SMITH"},{"data":"Glass Knife","floor":100,"key":"SMITH"}],"circlet_count":0,"master_deck":["Adrenaline+1","Strike_G","Strike_G","Strike_G","Defend_G","Survivor","Neutralize+1","Metamorphosis+1","Dagger Throw+1","Cloak And Dagger+1","Adrenaline+1","Well Laid Plans","Cloak And Dagger+1","Secret Technique+1","Bullet Time+1","Backflip+1","Prepared+1","Backflip+1","Backflip+1","Predator+1","infinitespire:Collect+1","infinitespire:Starlight","Quick Slash+1","infinitespire:SevenWalls+1","A Thousand Cuts+1","infinitespire:Gouge+1","Glass Knife+1","Adrenaline+1","Glass Knife","Cloak And Dagger+1"],"relics":["Ring of the Snake","hubris:Icosahedron","Matryoshka","hubris:PeanutButter","Toy Ornithopter","SacredBark","hubris:MedicalManual","Blood Vial","Shuriken","Bronze Scales","infinitespire:WardingShard","aspiration:PoetsPen_weak","Regal Pillow","hubris:TinFlute","hubris:EmptyBottle","Dream Catcher","infinitespire:ShieldingShard","Kunai","conspire:RunicOctahedron","Golden Idol","hubris:TenFootPole","conspire:GlowingRock","Pen Nib","Strawberry","hubris:ScarierMask","Happy Flower","Ice Cream","infinitespire:Bottled Soul","infinitespire:Beetle Shell","conspire:SpecialSausage","aspiration:FetidBarrel","Toxic Egg 2","Nunchaku","hubris:ToyBattleship","Ancient Tea Set","Vajra","aspiration:IroncladSkillbook"],"acts_visited":["Exordium","TheCity","TheBeyond","Exordium","TheCity","TheBeyond","Exordium"],"potions_floor_usage":[8,16,16,23,23,25,27,28,33,33,50,50,80,98,99,99],"damage_taken":[{"damage":1,"enemies":"Small Slimes","floor":1,"turns":3},{"damage":0,"enemies":"2 Louse","floor":2,"turns":4},{"damage":0,"enemies":"Cultist","floor":3,"turns":3},{"damage":0,"enemies":"3 Louse","floor":5,"turns":3},{"damage":2,"enemies":"Lagavulin","floor":8,"turns":4},{"damage":0,"enemies":"2 Fungi Beasts","floor":10,"turns":2},{"damage":0,"enemies":"Exordium Thugs","floor":13,"turns":5},{"damage":37,"enemies":"The Guardian","floor":16,"turns":14},{"damage":0,"enemies":"3 Byrds","floor":18,"turns":5},{"damage":1,"enemies":"Shell Parasite","floor":20,"turns":6},{"damage":0,"enemies":"Snecko","floor":21,"turns":5},{"damage":26,"enemies":"Snake Plant","floor":22,"turns":6},{"damage":9,"enemies":"Nightmare","floor":23,"turns":5},{"damage":3,"enemies":"conspire:SneckoGhost","floor":25,"turns":6},{"damage":0,"enemies":"Cultist and Chosen","floor":27,"turns":4},{"damage":9,"enemies":"Gremlin Leader","floor":28,"turns":4},{"damage":1,"enemies":"Snecko","floor":31,"turns":5},{"damage":4,"enemies":"Collector","floor":33,"turns":6},{"damage":0,"enemies":"3 Darklings","floor":35,"turns":2},{"damage":0,"enemies":"3 Shapes","floor":39,"turns":3},{"damage":41,"enemies":"Nightmare","floor":40,"turns":6},{"damage":1,"enemies":"Spire Growth","floor":42,"turns":3},{"damage":0,"enemies":"Jaw Worm Horde","floor":44,"turns":3},{"damage":0,"enemies":"4 Shapes","floor":45,"turns":3},{"damage":0,"enemies":"Writhing Mass","floor":48,"turns":3},{"damage":0,"enemies":"hubris:GrandSnecko","floor":50,"turns":5},{"damage":0,"enemies":"Jaw Worm","floor":52,"turns":1},{"damage":0,"enemies":"Cultist","floor":55,"turns":1},{"damage":0,"enemies":"2 Louse","floor":56,"turns":1},{"damage":0,"enemies":"Lagavulin","floor":57,"turns":2},{"damage":0,"enemies":"Nightmare","floor":59,"turns":5},{"damage":0,"enemies":"Looter","floor":61,"turns":1},{"damage":0,"enemies":"Blue Slaver","floor":62,"turns":1},{"damage":0,"enemies":"Lots of Slimes","floor":64,"turns":1},{"damage":0,"enemies":"Looter","floor":65,"turns":1},{"damage":0,"enemies":"Hexaghost","floor":67,"turns":3},{"damage":0,"enemies":"Spheric Guardian","floor":69,"turns":2},{"damage":0,"enemies":"3 Byrds","floor":72,"turns":2},{"damage":0,"enemies":"Snecko","floor":73,"turns":1},{"damage":0,"enemies":"Book of Stabbing","floor":75,"turns":2},{"damage":0,"enemies":"Centurion and Healer","floor":76,"turns":1},{"damage":0,"enemies":"conspire:Head Lice","floor":78,"turns":2},{"damage":0,"enemies":"Shelled Parasite and Fungi","floor":79,"turns":1},{"damage":0,"enemies":"Nightmare","floor":80,"turns":1},{"damage":0,"enemies":"3 Cultists","floor":82,"turns":1},{"damage":0,"enemies":"Champ","floor":84,"turns":2},{"damage":0,"enemies":"Orb Walker","floor":86,"turns":1},{"damage":0,"enemies":"3 Shapes","floor":87,"turns":1},{"damage":0,"enemies":"Spire Growth","floor":88,"turns":1},{"damage":0,"enemies":"conspire:MimicChest","floor":90,"turns":3},{"damage":0,"enemies":"Giant Head","floor":92,"turns":2},{"damage":0,"enemies":"Writhing Mass","floor":93,"turns":2},{"damage":0,"enemies":"Nemesis","floor":95,"turns":2},{"damage":0,"enemies":"Jaw Worm Horde","floor":97,"turns":1},{"damage":0,"enemies":"Transient","floor":98,"turns":3},{"damage":0,"enemies":"Nightmare","floor":99,"turns":1},{"damage":0,"enemies":"infinitespire:MassOfShapes","floor":101,"turns":3}],"seed_played":"3092899537633311588","potions_obtained":[{"floor":1,"key":"Weak Potion"},{"floor":5,"key":"SteroidPotion"},{"floor":10,"key":"Slimebound:ThreeZeroPotion"},{"floor":13,"key":"Dexterity Potion"},{"floor":20,"key":"CultistPotion"},{"floor":22,"key":"CunningPotion"},{"floor":25,"key":"CunningPotion"},{"floor":27,"key":"Poison Potion"},{"floor":31,"key":"BlessingOfTheForge"},{"floor":40,"key":"Fire Potion"},{"floor":42,"key":"DistilledChaos"},{"floor":44,"key":"SkillPotion"},{"floor":50,"key":"CunningPotion"},{"floor":98,"key":"SteroidPotion"},{"floor":99,"key":"Energy Potion"}],"is_trial":false,"path_per_floor":["M","M","M","?","M","R","?","E","T","M","R","$","M","?","R","B",null,"M","?","M","M","M","NM","$","E","T","M","E","R","?","M","R","B",null,"M","?","AVR","T","M","NM","$","M","T","M","M","T","R","M","R","B",null,"M","?","?","M","M","E","R","NM","T","M","M","$","M","M","R","B",null,"M","?","$","M","M","R","E","M","T","E","M","NM","?","M","R","B",null,"M","M","M","$","?","R","E","M","T","E","T","M","M","NM","R","B",null],"character_chosen":"THE_SILENT","items_purchased":["Secret Technique","Strength Potion","hubris:EmptyBottle","Quick Slash","Dream Catcher","Strawberry"],"campfire_rested":0,"item_purchase_floors":[12,24,41,41,41,63],"current_hp_per_floor":[62,62,62,62,62,62,62,60,60,60,60,60,60,47,47,20,63,63,63,62,62,36,37,37,39,39,46,44,44,44,45,45,53,63,63,63,63,63,63,26,26,37,37,49,61,61,61,63,63,63,63,63,48,48,50,52,63,63,63,63,63,63,70,70,70,70,70,70,70,70,70,70,70,70,70,70,70,70,70,70,70,70,70,70,70,70,70,70,70,70,70,70,70,70,70,70,70,70,70,70,70,70,70],"gold":451,"neow_bonus":"RANDOM_COLORLESS_2","is_daily":false,"chose_seed":false,"campfire_upgraded":13,"win_rate":0.0,"timestamp":1607910597,"path_taken":["M","M","M","?","M","R","?","E","T","?","R","$","M","?","R","BOSS","M","?","M","M","M","NM","?","E","T","M","E","R","?","M","R","BOSS","M","?","AVR","?","?","NM","$","M","T","M","M","?","R","M","R","BOSS","M","?","?","M","M","E","R","NM","T","M","M","$","M","M","R","BOSS","M","?","?","?","M","R","E","M","T","E","M","NM","?","M","R","BOSS","M","M","M","$","?","R","E","M","T","E","?","M","M","NM","R","BOSS"],"items_purchased_type":["Card","Potion","Relic","Card","Relic","Relic"],"build_version":"2020-12-13","purchased_purges":4,"victory":false,"max_hp_per_floor":[63,63,63,63,63,63,63,63,63,63,63,63,63,63,63,63,63,63,63,63,63,63,63,63,63,63,63,63,63,63,63,63,63,63,63,63,63,63,63,63,63,63,63,63,63,63,63,63,63,63,63,63,63,63,63,63,63,63,63,63,63,63,70,70,70,70,70,70,70,70,70,70,70,70,70,70,70,70,70,70,70,70,70,70,70,70,70,70,70,70,70,70,70,70,70,70,70,70,70,70,70,70,70],"card_choices":[{"not_picked":["Magnetism","expansioncontent:DashGenerateEvil"],"picked":"Metamorphosis","floor":0},{"not_picked":["Dodge and Roll","hubris:Counter"],"picked":"Dagger Throw","floor":1},{"not_picked":["Acrobatics","Dagger Spray"],"picked":"Cloak And Dagger","floor":2},{"not_picked":["Backflip","Blade Dance"],"picked":"Adrenaline","floor":3},{"not_picked":["Deadly Poison","Blur"],"picked":"Well Laid Plans","floor":5},{"not_picked":["Distraction","Sucker Punch","Setup"],"picked":"SKIP","floor":8},{"not_picked":["Backflip","Sucker Punch"],"picked":"Cloak And Dagger","floor":10},{"not_picked":["hubris:TrickCloak","Sucker Punch","Tactician"],"picked":"SKIP","floor":13},{"not_picked":["Eviscerate+1","Quick Slash","Deadly Poison+1"],"picked":"SKIP","floor":18},{"not_picked":["Bane+1","Dagger Spray+1","Flying Knee+1"],"picked":"SKIP","floor":20},{"not_picked":["Dash","Quick Slash"],"picked":"Bullet Time","floor":21},{"not_picked":["All Out Attack","hubris:Counter"],"picked":"Backflip+1","floor":22},{"not_picked":["Dagger Spray","Deflect"],"picked":"Prepared+1","floor":23},{"not_picked":["Bouncing Flask","Dagger Throw","Reflex+1"],"picked":"SKIP","floor":25},{"not_picked":["Acrobatics","Doppelganger"],"picked":"Backflip+1","floor":27},{"not_picked":["Catalyst","aspiration:Lunge"],"picked":"Backflip+1","floor":28},{"not_picked":["Noxious Fumes","Choke","Blade Dance"],"picked":"SKIP","floor":31},{"not_picked":["Poisoned Stab+1","Sucker Punch"],"picked":"Predator+1","floor":35},{"not_picked":["Slice","Backflip","Expertise+1"],"picked":"SKIP","floor":39},{"not_picked":["Dagger Throw","Caltrops","Sucker Punch"],"picked":"SKIP","floor":40},{"not_picked":["Wraith Form v2","Acrobatics","Outmaneuver"],"picked":"SKIP","floor":42},{"not_picked":["hubris:SlightOfHand","Deflect","Underhanded Strike"],"picked":"SKIP","floor":44},{"not_picked":["Slice","hubris:TrickCloak+1","Dagger Throw+1"],"picked":"SKIP","floor":45},{"not_picked":["Underhanded Strike","Backstab+1","Poisoned Stab"],"picked":"SKIP","floor":48},{"not_picked":["Leg Sweep","Poisoned Stab","Slice"],"picked":"SKIP","floor":52},{"not_picked":["Quick Slash","Dagger Spray","Calculated Gamble"],"picked":"SKIP","floor":55},{"not_picked":["hubris:Counter","Blur","Concentrate"],"picked":"SKIP","floor":56},{"not_picked":["hubris:Sniper","Noxious Fumes","Sucker Punch"],"picked":"SKIP","floor":57},{"not_picked":["infinitespire:Oblivion","hubris:Fate"],"picked":"infinitespire:SevenWalls","floor":59},{"not_picked":["Masterful Stab","Quick Slash","Phantasmal Killer"],"picked":"SKIP","floor":59},{"not_picked":["Outmaneuver","Dodge and Roll","Poisoned Stab"],"picked":"SKIP","floor":61},{"not_picked":["Dodge and Roll","Outmaneuver","Underhanded Strike"],"picked":"SKIP","floor":62},{"not_picked":["hubris:SlightOfHand","Endless Agony","Calculated Gamble"],"picked":"SKIP","floor":64},{"not_picked":["Poisoned Stab","Terror","PiercingWail"],"picked":"SKIP","floor":65},{"not_picked":["Envenom","Tools of the Trade"],"picked":"A Thousand Cuts","floor":67},{"not_picked":["hubris:Rewind","infinitespire:Fortify"],"picked":"infinitespire:Gouge","floor":68},{"not_picked":["Endless Agony","Slice","Escape Plan"],"picked":"SKIP","floor":69},{"not_picked":["Calculated Gamble","Escape Plan","All Out Attack"],"picked":"SKIP","floor":72},{"not_picked":["Crippling Poison","Masterful Stab","Escape Plan"],"picked":"SKIP","floor":73},{"not_picked":["Underhanded Strike","hubris:SlightOfHand+1","Deflect+1"],"picked":"SKIP","floor":75},{"not_picked":["Dagger Spray","Endless Agony","Setup"],"picked":"SKIP","floor":76},{"not_picked":["PiercingWail+1","Backflip","hubris:SlightOfHand"],"picked":"SKIP","floor":78},{"not_picked":["Well Laid Plans+1","Dodge and Roll+1","hubris:Sniper+1"],"picked":"SKIP","floor":79},{"not_picked":["Prepared","Terror+1"],"picked":"Glass Knife","floor":80},{"not_picked":["Dagger Spray","Bane","Dodge and Roll+1"],"picked":"SKIP","floor":82},{"not_picked":["A Thousand Cuts","Corpse Explosion"],"picked":"Adrenaline","floor":84},{"not_picked":["Prepared","Backflip","hubris:SlightOfHand+1"],"picked":"SKIP","floor":86},{"not_picked":["Dodge and Roll+1","Dagger Spray","Predator"],"picked":"SKIP","floor":87},{"not_picked":["Bouncing Flask+1","Poisoned Stab+1","Finisher"],"picked":"SKIP","floor":88},{"not_picked":["Acrobatics+1","Sucker Punch"],"picked":"Glass Knife","floor":92},{"not_picked":["Expertise+1","All Out Attack"],"picked":"Cloak And Dagger+1","floor":93},{"not_picked":["Footwork+1","Dodge and Roll+1","Underhanded Strike+1"],"picked":"SKIP","floor":95},{"not_picked":["Backflip+1","Well Laid Plans","Dodge and Roll+1"],"picked":"SKIP","floor":97},{"not_picked":["Dodge and Roll+1","Backflip+1","Poisoned Stab"],"picked":"SKIP","floor":98},{"not_picked":["Acrobatics+1","Venomology+1","Bane"],"picked":"SKIP","floor":99}],"player_experience":321552,"relics_obtained":[{"floor":8,"key":"Matryoshka"},{"floor":9,"key":"hubris:PeanutButter"},{"floor":9,"key":"Toy Ornithopter"},{"floor":23,"key":"hubris:MedicalManual"},{"floor":25,"key":"Blood Vial"},{"floor":26,"key":"Shuriken"},{"floor":26,"key":"Bronze Scales"},{"floor":28,"key":"infinitespire:WardingShard"},{"floor":38,"key":"Regal Pillow"},{"floor":40,"key":"hubris:TinFlute"},{"floor":43,"key":"infinitespire:ShieldingShard"},{"floor":46,"key":"Kunai"},{"floor":57,"key":"hubris:TenFootPole"},{"floor":59,"key":"conspire:GlowingRock"},{"floor":60,"key":"Pen Nib"},{"floor":75,"key":"Happy Flower"},{"floor":77,"key":"Ice Cream"},{"floor":78,"key":"infinitespire:Bottled Soul"},{"floor":80,"key":"infinitespire:Beetle Shell"},{"floor":90,"key":"aspiration:FetidBarrel"},{"floor":92,"key":"Toxic Egg 2"},{"floor":94,"key":"Nunchaku"},{"floor":95,"key":"hubris:ToyBattleship"},{"floor":96,"key":"Ancient Tea Set"},{"floor":99,"key":"Vajra"}],"event_choices":[{"cards_removed":["Strike_G"],"damage_healed":0,"gold_gain":0,"player_choice":"Purged","damage_taken":0,"max_hp_gain":0,"max_hp_loss":0,"event_name":"Purifier","floor":7,"gold_loss":0},{"damage_healed":0,"gold_gain":0,"player_choice":"Entered Light","damage_taken":13,"max_hp_gain":0,"max_hp_loss":0,"event_name":"Shining Light","floor":14,"gold_loss":0,"cards_upgraded":["Cloak And Dagger","Secret Technique"]},{"damage_healed":0,"gold_gain":0,"player_choice":"Ignored","damage_taken":0,"max_hp_gain":0,"max_hp_loss":0,"event_name":"betterNote:BetterNote","floor":19,"gold_loss":0,"cards_obtained":["Envenom"]},{"damage_healed":0,"gold_gain":0,"player_choice":"Leave","damage_taken":0,"max_hp_gain":0,"max_hp_loss":0,"event_name":"conspire:Investor","floor":30,"gold_loss":0},{"cards_removed":["Defend_G"],"damage_healed":0,"gold_gain":0,"player_choice":"Removed Skill","damage_taken":0,"max_hp_gain":0,"max_hp_loss":0,"event_name":"Falling","floor":36,"gold_loss":0},{"damage_healed":0,"gold_gain":0,"player_choice":"Take Damage","damage_taken":15,"relics_obtained":["Golden Idol"],"max_hp_gain":0,"max_hp_loss":0,"event_name":"Golden Idol","floor":53,"gold_loss":0},{"damage_healed":0,"gold_gain":0,"player_choice":"Ignored","damage_taken":0,"max_hp_gain":0,"max_hp_loss":0,"event_name":"betterNote:BetterNote","floor":54,"gold_loss":0,"cards_obtained":["Envenom"]},{"damage_healed":0,"gold_gain":100,"player_choice":"Pray","damage_taken":0,"max_hp_gain":0,"max_hp_loss":0,"event_name":"Golden Shrine","floor":70,"gold_loss":0},{"damage_healed":0,"gold_gain":0,"player_choice":"Ignored","damage_taken":0,"max_hp_gain":0,"max_hp_loss":0,"event_name":"Beggar","floor":81,"gold_loss":0}],"is_beta":false,"boss_relics":[{"not_picked":["conspire:RoyalGoblet","conspire:SeveredTorchhead"],"picked":"SacredBark"},{"not_picked":["Velvet Choker","HoveringKite"],"picked":"aspiration:PoetsPen_weak"},{"not_picked":["aspiration:SecretTechniqueScroll","Astrolabe"],"picked":"conspire:RunicOctahedron"},{"not_picked":["hubris:BlackHole","Sozu"],"picked":"hubris:ScarierMask"},{"not_picked":["Pandora\u0027s Box","hubris:VirtuousBlindfold"],"picked":"conspire:SpecialSausage"},{"not_picked":["hubris:CrackedHourglass","Fusion Hammer"],"picked":"aspiration:IroncladSkillbook"}],"items_purged_floors":[24,41,63,71],"is_endless":true,"potions_floor_spawned":[1,5,10,13,20,22,25,27,31,40,42,44,45,50,61,62,64,75,79,80,82,84,90,92,93,98,99],"ascension_level":0}}