{"host":"Kdaddybrian","time":1607912055,"event":{"mods":["AchievementEnabler","BaseMod","Colored Powertips","Minty Spire (QoL Compilation)","Rare Cards Sparkle","Relic Stats","StSLib"],"gold_per_floor":[119,119,138,155,175,215,215,256,327,511,548,548,620,398,398,507,507,531,556,471,42,64,99,99,198,223,258,287,160,173,196,196,307,307,332,350,350,38,38,38,72,72,96,125,147,147,185,185,185,185,185,185,31,74,74,74],"floor_reached":55,"playtime":3480,"items_purged":["Doubt","Strike_R","Strike_R"],"score":1145,"play_id":"52c0ee3b-99b3-4403-a425-2b8135e9bb04","local_time":"20201213211415","is_ascension_mode":true,"campfire_choices":[{"data":"Apotheosis","floor":7.0,"key":"SMITH"},{"data":"Inflame","floor":12.0,"key":"SMITH"},{"data":"Dual Wield","floor":15.0,"key":"SMITH"},{"floor":24.0,"key":"REST"},{"floor":32.0,"key":"REST"},{"floor":40.0,"key":"REST"},{"floor":42.0,"key":"REST"},{"floor":46.0,"key":"RECALL"},{"data":"Limit Break","floor":49.0,"key":"SMITH"},{"floor":52.0,"key":"REST"}],"circlet_count":0,"master_deck":["AscendersBane","Strike_R","Strike_R","Defend_R","Defend_R","Defend_R","Defend_R","Bash","Apotheosis+1","Dropkick","Fire Breathing","Pommel Strike","Shrug It Off","Inflame+1","Whirlwind","Dual Wield+1","Impervious","Sentinel+1","Feel No Pain","Disarm","Heavy Blade+1","Double Tap","Sword Boomerang+1","Uppercut","Bloodletting","Exhume","Shrug It Off","Limit Break+1","Headbutt","Fiend Fire","Evolve","Heavy Blade+1","Flame Barrier","Parasite","Shrug It Off+1","Dark Embrace","Inflame+1"],"relics":["Burning Blood","CeramicFish","Pocketwatch","Paper Frog","Bronze Scales","StoneCalendar","Bag of Marbles","Mark of Pain","Red Mask","Art of War","Regal Pillow","Anchor","Centennial Puzzle","Darkstone Periapt","Orrery","Runic Pyramid","Red Skull","Bag of Preparation","Happy Flower"],"acts_visited":["Exordium","TheCity","TheBeyond","TheEnding"],"potions_floor_usage":[55],"damage_taken":[{"damage":7.0,"enemies":"Jaw Worm","floor":1.0,"turns":3.0},{"damage":14.0,"enemies":"Cultist","floor":3.0,"turns":5.0},{"damage":0.0,"enemies":"Small Slimes","floor":4.0,"turns":4.0},{"damage":0.0,"enemies":"3 Louse","floor":5.0,"turns":3.0},{"damage":9.0,"enemies":"Lagavulin","floor":6.0,"turns":7.0},{"damage":11.0,"enemies":"3 Sentries","floor":8.0,"turns":6.0},{"damage":18.0,"enemies":"Gremlin Nob","floor":11.0,"turns":4.0},{"damage":19.0,"enemies":"3 Sentries","floor":13.0,"turns":4.0},{"damage":3.0,"enemies":"Hexaghost","floor":16.0,"turns":8.0},{"damage":13.0,"enemies":"Spheric Guardian","floor":18.0,"turns":4.0},{"damage":21.0,"enemies":"Masked Bandits","floor":19.0,"turns":3.0},{"damage":5.0,"enemies":"2 Thieves","floor":22.0,"turns":3.0},{"damage":6.0,"enemies":"Book of Stabbing","floor":23.0,"turns":5.0},{"damage":9.0,"enemies":"Gremlin Leader","floor":27.0,"turns":7.0},{"damage":10.0,"enemies":"Centurion and Healer","floor":28.0,"turns":6.0},{"damage":29.0,"enemies":"Sentry and Sphere","floor":30.0,"turns":4.0},{"damage":3.0,"enemies":"Snake Plant","floor":31.0,"turns":2.0},{"damage":29.0,"enemies":"Collector","floor":33.0,"turns":8.0},{"damage":18.0,"enemies":"3 Darklings","floor":35.0,"turns":5.0},{"damage":0.0,"enemies":"Orb Walker","floor":36.0,"turns":4.0},{"damage":23.0,"enemies":"Writhing Mass","floor":37.0,"turns":5.0},{"damage":45.0,"enemies":"Nemesis","floor":41.0,"turns":7.0},{"damage":3.0,"enemies":"Spire Growth","floor":44.0,"turns":3.0},{"damage":22.0,"enemies":"Transient","floor":45.0,"turns":5.0},{"damage":0.0,"enemies":"Writhing Mass","floor":47.0,"turns":4.0},{"damage":47.0,"enemies":"Awakened One","floor":50.0,"turns":7.0},{"damage":27.0,"enemies":"Shield and Spear","floor":54.0,"turns":6.0},{"damage":91,"enemies":"The Heart","floor":55,"turns":3}],"seed_played":"-506916535770511204","potions_obtained":[{"floor":3.0,"key":"Explosive Potion"},{"floor":4.0,"key":"SmokeBomb"},{"floor":6.0,"key":"SteroidPotion"},{"floor":8.0,"key":"Fruit Juice"},{"floor":11.0,"key":"Swift Potion"},{"floor":16.0,"key":"Strength Potion"},{"floor":27.0,"key":"SteroidPotion"},{"floor":35.0,"key":"Fruit Juice"},{"floor":41.0,"key":"ElixirPotion"},{"floor":54.0,"key":"FearPotion"}],"is_trial":false,"path_per_floor":["M","?","M","M","M","E","R","E","T","?","E","R","?","$","R","B",null,"M","?","?","$","M","E","R","?","T","E","M","$","M","M","R","B",null,"M","M","M","$","?","R","E","R","T","M","M","R","M","?","R","B",null,"R","$","E","B"],"character_chosen":"IRONCLAD","items_purchased":["Bag of Marbles","Feel No Pain","Disarm","Regal Pillow","DuplicationPotion","Orrery","Fiend Fire","Red Skull","Evolve","Dark Embrace"],"campfire_rested":5,"item_purchase_floors":[14,21,21,21,21,29,38,38,38,53],"current_hp_per_floor":[71,71,63,69,72,69,69,64,64,64,52,52,39,39,39,47,70,63,48,48,48,49,49,77,77,77,74,70,70,47,50,77,54,71,59,65,48,48,48,77,38,76,76,77,61,61,73,73,73,32,70,83,83,62,0,0],"gold":74,"neow_bonus":"RANDOM_COLORLESS_2","is_daily":false,"chose_seed":false,"campfire_upgraded":4,"win_rate":0.0,"timestamp":1607912055,"path_taken":["M","?","M","?","M","E","R","E","T","?","E","R","?","$","R","BOSS","M","?","?","$","M","E","R","?","T","E","M","?","M","M","R","BOSS","M","M","M","$","?","R","E","R","T","M","M","R","M","?","R","BOSS","R","$","E","BOSS"],"items_purchased_type":["Relic","Card","Card","Relic","Potion","Relic","Card","Relic","Card","Card"],"build_version":"2020-12-07","purchased_purges":3,"victory":false,"max_hp_per_floor":[72,72,72,72,72,72,72,72,72,72,72,72,72,72,72,77,77,77,77,77,77,77,77,77,77,77,77,77,77,77,77,77,77,77,77,77,77,77,77,77,77,77,77,77,77,77,83,83,83,83,83,83,83,83,88,88],"relic_stats":{"Darkstone Periapt":6,"Regal Pillow":30,"Happy Flower":[1],"counters":[28,135],"CeramicFish":234,"StoneCalendar":[210],"Bag of Preparation":[12],"Burning Blood":157,"Centennial Puzzle":[39],"Bronze Scales":[386],"Art of War":[10],"obtain_stats":[{"Darkstone Periapt":27,"Regal Pillow":21,"Happy Flower":54,"CeramicFish":6,"StoneCalendar":13,"Bag of Preparation":41,"Burning Blood":0,"Anchor":23,"Centennial Puzzle":26,"Bronze Scales":11,"Orrery":29,"Mark of Pain":17,"Bag of Marbles":14,"Red Mask":19,"Art of War":20,"Red Skull":38,"Pocketwatch":8,"Paper Frog":9,"Runic Pyramid":34},{"Darkstone Periapt":14,"Regal Pillow":11,"Happy Flower":27,"CeramicFish":5,"StoneCalendar":8,"Bag of Preparation":22,"Burning Blood":0,"Anchor":13,"Centennial Puzzle":13,"Bronze Scales":7,"Orrery":15,"Mark of Pain":9,"Bag of Marbles":8,"Red Mask":11,"Art of War":11,"Red Skull":21,"Pocketwatch":6,"Paper Frog":6,"Runic Pyramid":18},{"Darkstone Periapt":66,"Regal Pillow":51,"Happy Flower":132,"CeramicFish":22,"StoneCalendar":36,"Bag of Preparation":107,"Burning Blood":0,"Anchor":59,"Centennial Puzzle":59,"Bronze Scales":32,"Orrery":72,"Mark of Pain":44,"Bag of Marbles":36,"Red Mask":51,"Art of War":51,"Red Skull":100,"Pocketwatch":28,"Paper Frog":28,"Runic Pyramid":86}],"Pocketwatch":[68]},"card_choices":[{"not_picked":["The Bomb","Chrysalis"],"picked":"Apotheosis","floor":0.0},{"not_picked":["Warcry","Intimidate"],"picked":"Rage","floor":1.0},{"not_picked":["Rupture","Ghostly Armor"],"picked":"Dropkick","floor":3.0},{"not_picked":["Flex","Wild Strike"],"picked":"Fire Breathing","floor":4.0},{"not_picked":["Headbutt","Sword Boomerang"],"picked":"Pommel Strike","floor":5.0},{"not_picked":["Intimidate","Flex"],"picked":"Shrug It Off","floor":6.0},{"not_picked":["Clothesline","Warcry"],"picked":"Inflame","floor":8.0},{"not_picked":["Flex","Sentinel"],"picked":"Whirlwind","floor":11.0},{"not_picked":["Hemokinesis","Havoc"],"picked":"Dual Wield","floor":13.0},{"not_picked":["Bludgeon","Exhume"],"picked":"Impervious","floor":16.0},{"not_picked":["Body Slam","Wild Strike"],"picked":"Sentinel+1","floor":18.0},{"not_picked":["Flex","Armaments+1"],"picked":"Heavy Blade+1","floor":22.0},{"not_picked":["Clash","Cleave","Thunderclap"],"picked":"SKIP","floor":23.0},{"not_picked":["Iron Wave","Rage"],"picked":"Double Tap","floor":27.0},{"not_picked":["Perfected Strike","Pommel Strike"],"picked":"Sword Boomerang+1","floor":28.0},{"not_picked":["Clothesline","Warcry+1"],"picked":"Uppercut","floor":29.0},{"not_picked":["Dropkick","Havoc+1"],"picked":"Bloodletting","floor":29.0},{"not_picked":["Iron Wave","Havoc"],"picked":"Exhume","floor":29.0},{"not_picked":["Pommel Strike","Sword Boomerang","Havoc"],"picked":"SKIP","floor":30.0},{"not_picked":["Spot Weakness","Sword Boomerang+1"],"picked":"Shrug It Off","floor":31.0},{"not_picked":["Bludgeon","Impervious"],"picked":"Limit Break","floor":33.0},{"not_picked":["Pommel Strike","Sword Boomerang"],"picked":"Headbutt","floor":35.0},{"not_picked":["Blood for Blood","Rupture","Clash+1"],"picked":"SKIP","floor":36.0},{"not_picked":["Fire Breathing+1","Flex","True Grit"],"picked":"SKIP","floor":41.0},{"not_picked":["Havoc+1","Headbutt+1"],"picked":"Heavy Blade+1","floor":44.0},{"not_picked":["Wild Strike","Armaments+1"],"picked":"Flame Barrier","floor":45.0},{"not_picked":["Perfected Strike+1","Iron Wave+1"],"picked":"Shrug It Off+1","floor":47.0},{"not_picked":["Spot Weakness+1","Clash+1"],"picked":"Inflame+1","floor":54.0}],"player_experience":2848403,"relics_obtained":[{"floor":6.0,"key":"CeramicFish"},{"floor":8.0,"key":"Pocketwatch"},{"floor":9.0,"key":"Paper Frog"},{"floor":11.0,"key":"Bronze Scales"},{"floor":13.0,"key":"StoneCalendar"},{"floor":19.0,"key":"Red Mask"},{"floor":23.0,"key":"Anchor"},{"floor":26.0,"key":"Centennial Puzzle"},{"floor":27.0,"key":"Darkstone Periapt"},{"floor":41.0,"key":"Bag of Preparation"},{"floor":54.0,"key":"Happy Flower"}],"event_choices":[{"cards_removed":["Strike_R"],"damage_healed":0.0,"max_hp_gain":0.0,"max_hp_loss":0.0,"gold_gain":0.0,"event_name":"Bonfire Elementals","player_choice":"Offered Basic","floor":2.0,"gold_loss":0.0,"damage_taken":0.0},{"damage_healed":0.0,"max_hp_gain":0.0,"max_hp_loss":0.0,"gold_gain":175.0,"event_name":"Liars Game","player_choice":"AGREE","floor":10.0,"gold_loss":0.0,"damage_taken":0.0,"cards_obtained":["Doubt"]},{"damage_healed":0.0,"max_hp_gain":0.0,"max_hp_loss":0.0,"gold_gain":0.0,"event_name":"Dead Adventurer","player_choice":"Searched \u00271\u0027 times","floor":13.0,"gold_loss":0.0,"damage_taken":0.0},{"damage_healed":0.0,"max_hp_gain":0.0,"max_hp_loss":0.0,"gold_gain":0.0,"event_name":"Masked Bandits","player_choice":"Fought Bandits","floor":19.0,"gold_loss":0.0,"damage_taken":0.0},{"damage_healed":0.0,"max_hp_gain":0.0,"max_hp_loss":0.0,"gold_gain":0.0,"event_name":"Addict","player_choice":"Obtained Relic","floor":20.0,"gold_loss":85.0,"damage_taken":0.0,"relics_obtained":["Art of War"]},{"damage_healed":0.0,"max_hp_gain":0.0,"max_hp_loss":0.0,"gold_gain":99.0,"event_name":"Nest","player_choice":"Stole From Cult","floor":25.0,"gold_loss":0.0,"damage_taken":0.0},{"cards_removed":["Rage"],"damage_healed":0.0,"max_hp_gain":0.0,"max_hp_loss":0.0,"gold_gain":0.0,"event_name":"Falling","player_choice":"Removed Skill","floor":39.0,"gold_loss":0.0,"damage_taken":0.0},{"damage_healed":0.0,"max_hp_gain":0.0,"max_hp_loss":0.0,"gold_gain":0.0,"event_name":"NoteForYourself","player_choice":"Ignored","floor":48.0,"gold_loss":0.0,"damage_taken":0.0}],"is_beta":true,"boss_relics":[{"not_picked":["Pandora\u0027s Box","Ectoplasm"],"picked":"Mark of Pain"},{"not_picked":["Black Blood","Empty Cage"],"picked":"Runic Pyramid"}],"items_purged_floors":[14,21,53],"is_endless":false,"potions_floor_spawned":[3,4,6,8,11,16,18,22,27,31,35,37,41,54],"killed_by":"The Heart","ascension_level":10}}