{"host":"x6tlfgqpy55vgxdn","time":1607932889,"event":{"mods":["AchievementEnabler","BaseMod","DeckTracker","Minty Spire (QoL Compilation)","Permanent Neow","StSLib","SuperFastMode"],"gold_per_floor":[117,117,128,206,281,314,314,329,329,329,339,367,382,417,417,516,516,531,561,577,577,591,616,616,649,649,649,674,691,691,227,227,326,326,337,86,102,152,152,185,185,215,215,230,255,272,372,40,40,40],"floor_reached":51,"playtime":1681,"items_purged":["Defend_P","Defend_P","FlurryOfBlows"],"score":1516,"play_id":"3462f300-4f47-44f7-bf84-8fb70f5ce63e","local_time":"20201214170129","is_ascension_mode":true,"campfire_choices":[{"data":"Eruption","floor":7.0,"key":"SMITH"},{"floor":10.0,"key":"REST"},{"data":"WheelKick","floor":15.0,"key":"SMITH"},{"data":"WheelKick","floor":24.0,"key":"SMITH"},{"data":"Vigilance","floor":27.0,"key":"SMITH"},{"data":"InnerPeace","floor":30.0,"key":"SMITH"},{"data":"SpiritShield","floor":32.0,"key":"SMITH"},{"data":"Swivel","floor":41.0,"key":"SMITH"},{"data":"BowlingBash","floor":49,"key":"SMITH"}],"circlet_count":0,"master_deck":["Strike_P","Strike_P","Strike_P","Strike_P","Eruption+1","Vigilance+1","BowlingBash+1","WheelKick+1","WheelKick+1","TalkToTheHand+1","SandsOfTime+1","Vault","Wallop+1","InnerPeace+1","Adaptation","Wallop+1","SpiritShield+1","Swivel+1","DevaForm","Tantrum+1","Vault","Ragnarok+1"],"relics":["PureWater","Sundial","Gambling Chip","Molten Egg 2","Nunchaku","Lantern","Snecko Eye","Red Mask","Incense Burner","Vajra","Letter Opener","Gremlin Horn","Shuriken","Cursed Key","TheAbacus","Du-Vu Doll","Frozen Egg 2","Smiling Mask","Boot","Toolbox"],"acts_visited":["Exordium","TheCity","TheBeyond"],"potions_floor_usage":[50,50,50],"damage_taken":[{"damage":2.0,"enemies":"Cultist","floor":1.0,"turns":3.0},{"damage":0.0,"enemies":"Jaw Worm","floor":3.0,"turns":4.0},{"damage":36.0,"enemies":"Gremlin Nob","floor":6.0,"turns":3.0},{"damage":0.0,"enemies":"Small Slimes","floor":8.0,"turns":1.0},{"damage":0.0,"enemies":"Exordium Wildlife","floor":11.0,"turns":2.0},{"damage":0.0,"enemies":"3 Sentries","floor":12.0,"turns":2.0},{"damage":0.0,"enemies":"Large Slime","floor":13.0,"turns":2.0},{"damage":0.0,"enemies":"Gremlin Nob","floor":14.0,"turns":2.0},{"damage":28.0,"enemies":"The Guardian","floor":16.0,"turns":5.0},{"damage":0.0,"enemies":"2 Thieves","floor":18.0,"turns":1.0},{"damage":0.0,"enemies":"Masked Bandits","floor":19.0,"turns":2.0},{"damage":0.0,"enemies":"Spheric Guardian","floor":20.0,"turns":2.0},{"damage":0.0,"enemies":"Snecko","floor":22.0,"turns":2.0},{"damage":0.0,"enemies":"Gremlin Leader","floor":23.0,"turns":2.0},{"damage":0.0,"enemies":"Slavers","floor":25.0,"turns":2.0},{"damage":0.0,"enemies":"Gremlin Leader","floor":28.0,"turns":2.0},{"damage":0.0,"enemies":"Snake Plant","floor":29.0,"turns":1.0},{"damage":4.0,"enemies":"Automaton","floor":33.0,"turns":5.0},{"damage":0.0,"enemies":"3 Darklings","floor":35.0,"turns":2.0},{"damage":0.0,"enemies":"Orb Walker","floor":37.0,"turns":2.0},{"damage":0.0,"enemies":"Mind Bloom Boss Battle","floor":38.0,"turns":2.0},{"damage":0.0,"enemies":"Giant Head","floor":40.0,"turns":4.0},{"damage":0.0,"enemies":"Nemesis","floor":42.0,"turns":3.0},{"damage":0.0,"enemies":"Writhing Mass","floor":44.0,"turns":3.0},{"damage":0.0,"enemies":"Reptomancer","floor":45.0,"turns":2.0},{"damage":0.0,"enemies":"3 Darklings","floor":46.0,"turns":1.0},{"damage":0,"enemies":"Awakened One","floor":50,"turns":4}],"seed_played":"-7869788824904144647","potions_obtained":[{"floor":3.0,"key":"FairyPotion"},{"floor":8.0,"key":"Fire Potion"},{"floor":11.0,"key":"Energy Potion"},{"floor":12.0,"key":"Energy Potion"},{"floor":23.0,"key":"DistilledChaos"},{"floor":38.0,"key":"SpeedPotion"},{"floor":42.0,"key":"DuplicationPotion"}],"is_trial":false,"path_per_floor":["M","?","M","T","?","E","R","M","T","R","M","E","M","E","R","B",null,"M","?","M","?","M","E","R","E","T","R","E","M","R","$","R","B",null,"M","$","M","?","?","E","R","E","T","M","E","M","?","$","R","B",null],"character_chosen":"WATCHER","items_purchased":["SpiritShield","Shuriken","Swivel","TheAbacus","Ragnarok+1","Toolbox"],"campfire_rested":1,"item_purchase_floors":[31,31,31,36,48,48],"current_hp_per_floor":[63,63,63,63,52,16,16,16,16,37,37,37,37,37,37,9,56,56,56,56,56,56,56,56,56,56,56,56,56,56,56,56,52,67,67,67,67,67,67,67,67,67,67,67,67,67,67,67,67,67],"gold":40,"neow_bonus":"REMOVE_CARD","is_daily":false,"chose_seed":false,"campfire_upgraded":8,"win_rate":0.0,"timestamp":1607932889,"path_taken":["M","?","M","?","?","E","R","?","T","R","M","E","M","E","R","BOSS","M","?","M","?","M","E","R","E","T","R","E","M","R","$","R","BOSS","M","$","?","?","?","E","R","E","T","M","E","?","?","$","R","BOSS"],"items_purchased_type":["Card","Relic","Card","Relic","Card","Relic"],"build_version":"2020-12-13","purchased_purges":3,"victory":true,"max_hp_per_floor":[72,72,72,72,72,72,72,72,72,72,72,72,72,72,72,72,72,72,72,72,72,72,72,72,72,72,72,72,72,72,72,72,72,72,72,72,72,72,72,72,72,72,72,72,72,72,72,72,72,72],"card_choices":[{"not_picked":["EmptyFist","WaveOfTheHand"],"picked":"BowlingBash","floor":1.0},{"not_picked":["SandsOfTime","ThirdEye"],"picked":"FlurryOfBlows","floor":3.0},{"not_picked":["CrushJoints","FearNoEvil"],"picked":"WheelKick","floor":6.0},{"not_picked":["FearNoEvil","Consecrate"],"picked":"WheelKick","floor":8.0},{"not_picked":["BattleHymn","Swivel"],"picked":"TalkToTheHand+1","floor":11.0},{"not_picked":["BattleHymn","Protect","Consecrate+1"],"picked":"SKIP","floor":12.0},{"not_picked":["Sanctity","Conclude+1"],"picked":"SandsOfTime+1","floor":13.0},{"not_picked":["WaveOfTheHand","Wireheading","InnerPeace"],"picked":"SKIP","floor":14.0},{"not_picked":["Scrawl","Judgement"],"picked":"Vault","floor":16.0},{"not_picked":["PathToVictory","CutThroughFate+1"],"picked":"Wallop+1","floor":18.0},{"not_picked":["Weave+1","PathToVictory","EmptyFist+1"],"picked":"SKIP","floor":20.0},{"not_picked":["Prostrate","PathToVictory","Evaluate+1"],"picked":"SKIP","floor":22.0},{"not_picked":["ConjureBlade","BattleHymn"],"picked":"Adaptation","floor":23.0},{"not_picked":["Consecrate+1","EmptyFist+1","SignatureMove+1"],"picked":"SKIP","floor":25.0},{"not_picked":["BowlingBash+1","EmptyBody"],"picked":"Wallop+1","floor":28.0},{"not_picked":["CarveReality+1","ThirdEye","Consecrate+1"],"picked":"SKIP","floor":29.0},{"not_picked":["Alpha","SpiritShield"],"picked":"DevaForm","floor":33.0},{"not_picked":["Perseverance","BowlingBash+1","Nirvana"],"picked":"SKIP","floor":35.0},{"not_picked":["ThirdEye+1","BowlingBash+1"],"picked":"Tantrum+1","floor":37.0},{"not_picked":["Weave+1","EmptyFist+1","Crescendo"],"picked":"SKIP","floor":40.0},{"not_picked":["Weave+1","EmptyFist+1","Crescendo"],"picked":"SKIP","floor":40.0},{"not_picked":["Tantrum+1","BattleHymn+1","FlyingSleeves+1"],"picked":"SKIP","floor":42.0},{"not_picked":["FlurryOfBlows+1","FlyingSleeves+1","WaveOfTheHand"],"picked":"SKIP","floor":44.0},{"not_picked":["Crescendo+1","Halt","Vengeance+1"],"picked":"SKIP","floor":45.0},{"not_picked":["Prostrate","EmptyFist+1","ThirdEye+1"],"picked":"SKIP","floor":46.0}],"player_experience":146182,"relics_obtained":[{"floor":4.0,"key":"Sundial"},{"floor":6.0,"key":"Gambling Chip"},{"floor":9.0,"key":"Molten Egg 2"},{"floor":12.0,"key":"Nunchaku"},{"floor":14.0,"key":"Lantern"},{"floor":19.0,"key":"Red Mask"},{"floor":23.0,"key":"Incense Burner"},{"floor":25.0,"key":"Vajra"},{"floor":26.0,"key":"Letter Opener"},{"floor":28.0,"key":"Gremlin Horn"},{"floor":38.0,"key":"Du-Vu Doll"},{"floor":40.0,"key":"Frozen Egg 2"},{"floor":42.0,"key":"Smiling Mask"},{"floor":45.0,"key":"Boot"}],"event_choices":[{"damage_healed":0.0,"max_hp_gain":0.0,"max_hp_loss":0.0,"gold_gain":0.0,"event_name":"Liars Game","player_choice":"Ignored","floor":2.0,"gold_loss":0.0,"damage_taken":0.0},{"damage_healed":0.0,"max_hp_gain":0.0,"max_hp_loss":0.0,"gold_gain":75.0,"event_name":"World of Goop","player_choice":"Gather Gold","floor":5.0,"gold_loss":0.0,"damage_taken":11.0},{"damage_healed":0.0,"max_hp_gain":0.0,"max_hp_loss":0.0,"gold_gain":0.0,"event_name":"Masked Bandits","player_choice":"Fought Bandits","floor":19.0,"gold_loss":0.0,"damage_taken":0.0},{"damage_healed":0.0,"max_hp_gain":0.0,"max_hp_loss":0.0,"gold_gain":0.0,"cards_transformed":["Defend_P"],"event_name":"Transmorgrifier","player_choice":"Transformed","floor":21.0,"gold_loss":0.0,"damage_taken":0.0,"cards_obtained":["InnerPeace"]},{"damage_healed":0.0,"max_hp_gain":0.0,"max_hp_loss":0.0,"gold_gain":0.0,"event_name":"MindBloom","player_choice":"Fight","floor":38.0,"gold_loss":0.0,"damage_taken":0.0},{"damage_healed":0.0,"max_hp_gain":0.0,"max_hp_loss":0.0,"gold_gain":0.0,"event_name":"Match and Keep!","player_choice":"1 cards matched","floor":39.0,"gold_loss":0.0,"damage_taken":0.0,"cards_obtained":["Vault"]},{"damage_healed":0.0,"max_hp_gain":0.0,"max_hp_loss":0.0,"gold_gain":100.0,"event_name":"Golden Shrine","player_choice":"Pray","floor":47.0,"gold_loss":0.0,"damage_taken":0.0}],"is_beta":false,"boss_relics":[{"not_picked":["Calling Bell","Runic Pyramid"],"picked":"Snecko Eye"},{"not_picked":["Tiny House","Runic Dome"],"picked":"Cursed Key"}],"items_purged_floors":[31,36,48],"is_endless":false,"potions_floor_spawned":[3,8,11,12,18,19,20,23,29,38,40,42,44],"ascension_level":9}}