{"host":"3rixevx6n8b56xaj","time":1607912855,"event":{"mods":["2.2 Compatiblity","AchievementEnabler","BaseMod","Better Third Choice","Colored Map","DeckTracker","Friendly Minions","Minty Spire (QoL Compilation)","StSLib","SuperFastMode"],"gold_per_floor":[119,131,147,222,235,235,246,20,20,36,1,36,36,53,53,148,148,158,178,192,207,220,220,251,251,251,73,73,50,81,94,94,199,199,217,53,67,67,67,94,108,108,108],"floor_reached":42,"playtime":1461,"items_purged":["Strike_P","Defend_P","Strike_P"],"score":572,"play_id":"cf0c2106-9dbb-4bbc-8393-ed2ef3688127","local_time":"20201214112735","is_ascension_mode":false,"campfire_choices":[{"data":"Eruption","floor":6.0,"key":"SMITH"},{"data":"Adaptation","floor":15.0,"key":"SMITH"},{"floor":23.0,"key":"REST"},{"floor":25.0,"key":"REST"},{"floor":32.0,"key":"RECALL"}],"circlet_count":0,"master_deck":["Strike_P+1","Strike_P+1","Defend_P+1","Defend_P+1","Defend_P+1","Eruption+1","Vigilance+1","DeusExMachina+1","Tantrum+1","Adaptation+1","EmptyBody","FollowUp+1","FlurryOfBlows","EmptyFist","LessonLearned+1","FearNoEvil","EmptyMind","Study+1","Wallop","Halt","ConjureBlade+1","InnerPeace","Wallop+1","Finesse+1","Alpha"],"relics":["PureWater","Nunchaku","Gambling Chip","Ice Cream","Ornamental Fan","Fusion Hammer","Boot","Lizard Tail","Toy Ornithopter","Runic Dome"],"acts_visited":["Exordium","TheCity","TheBeyond"],"potions_floor_usage":[],"damage_taken":[{"damage":5.0,"enemies":"Small Slimes","floor":1.0,"turns":4.0},{"damage":0.0,"enemies":"Cultist","floor":2.0,"turns":2.0},{"damage":0.0,"enemies":"2 Louse","floor":3.0,"turns":1.0},{"damage":0.0,"enemies":"2 Fungi Beasts","floor":5.0,"turns":2.0},{"damage":4.0,"enemies":"Large Slime","floor":7.0,"turns":5.0},{"damage":6.0,"enemies":"Lots of Slimes","floor":10.0,"turns":4.0},{"damage":0.0,"enemies":"Gremlin Nob","floor":12.0,"turns":2.0},{"damage":0.0,"enemies":"Gremlin Gang","floor":14.0,"turns":2.0},{"damage":36.0,"enemies":"Hexaghost","floor":16.0,"turns":5.0},{"damage":0.0,"enemies":"Chosen","floor":18.0,"turns":3.0},{"damage":0.0,"enemies":"3 Byrds","floor":19.0,"turns":4.0},{"damage":12.0,"enemies":"Cultist and Chosen","floor":20.0,"turns":5.0},{"damage":0.0,"enemies":"Shelled Parasite and Fungi","floor":21.0,"turns":3.0},{"damage":22.0,"enemies":"Snake Plant","floor":22.0,"turns":5.0},{"damage":12.0,"enemies":"Book of Stabbing","floor":24.0,"turns":5.0},{"damage":0.0,"enemies":"Slavers","floor":30.0,"turns":3.0},{"damage":0.0,"enemies":"Chosen and Byrds","floor":31.0,"turns":4.0},{"damage":0.0,"enemies":"Automaton","floor":33.0,"turns":6.0},{"damage":36.0,"enemies":"3 Darklings","floor":35.0,"turns":5.0},{"damage":5.0,"enemies":"Orb Walker","floor":37.0,"turns":3.0},{"damage":50.0,"enemies":"Reptomancer","floor":40.0,"turns":5.0},{"damage":20,"enemies":"4 Shapes","floor":41,"turns":7},{"damage":20,"enemies":"Sphere and 2 Shapes","floor":42,"turns":3}],"seed_played":"-7296415969976562168","potions_obtained":[{"floor":1.0,"key":"Explosive Potion"},{"floor":12.0,"key":"PowerPotion"},{"floor":16.0,"key":"Dexterity Potion"},{"floor":18.0,"key":"LiquidMemories"},{"floor":30.0,"key":"EntropicBrew"},{"floor":31.0,"key":"Fruit Juice"},{"floor":41,"key":"StancePotion"}],"is_trial":false,"path_per_floor":["M","M","M","?","M","R","M","$","T","M","?","E","?","M","R","B",null,"M","M","M","M","M","R","E","R","T","$","?","$","E","M","R","B",null,"M","$","M","?","?","E","M","M"],"character_chosen":"WATCHER","items_purchased":["Nunchaku","Wallop","Halt","InnerPeace"],"campfire_rested":2,"item_purchase_floors":[8,27,29,36],"current_hp_per_floor":[67,67,67,60,60,60,56,56,56,50,68,68,61,61,61,25,72,72,72,60,60,38,59,47,68,68,68,68,68,68,77,77,77,77,41,41,36,36,36,38,18,0,0],"gold":108,"neow_bonus":"ONE_RANDOM_RARE_CARD","is_daily":false,"chose_seed":false,"campfire_upgraded":2,"win_rate":0.0,"timestamp":1607912855,"path_taken":["M","M","M","?","M","R","M","?","T","M","?","E","?","M","R","BOSS","M","M","M","M","M","R","E","R","T","$","?","$","E","M","R","BOSS","M","$","M","?","?","E","?","?"],"items_purchased_type":["Relic","Card","Card","Card"],"build_version":"2020-12-13","purchased_purges":3,"victory":false,"max_hp_per_floor":[72,72,72,72,72,72,72,72,72,72,72,72,72,72,72,72,72,72,72,72,72,72,72,72,72,72,72,72,72,72,77,77,77,77,77,77,77,77,77,77,77,77,77],"card_choices":[{"not_picked":["WaveOfTheHand","FlyingSleeves"],"picked":"Tantrum","floor":1.0},{"not_picked":["FlurryOfBlows","JustLucky"],"picked":"Adaptation","floor":2.0},{"not_picked":["Evaluate","Sanctity"],"picked":"EmptyBody","floor":3.0},{"not_picked":["Alpha","Protect","PathToVictory"],"picked":"SKIP","floor":5.0},{"not_picked":["PathToVictory","Crescendo"],"picked":"FollowUp","floor":7.0},{"not_picked":["ClearTheMind","ThirdEye"],"picked":"FlurryOfBlows","floor":10.0},{"not_picked":["ThirdEye","Prostrate"],"picked":"EmptyFist","floor":12.0},{"not_picked":["LikeWater","EmptyFist","DeusExMachina"],"picked":"SKIP","floor":14.0},{"not_picked":["Ragnarok","Blasphemy"],"picked":"LessonLearned","floor":16.0},{"not_picked":["ThirdEye+1","LikeWater"],"picked":"FearNoEvil","floor":18.0},{"not_picked":["PathToVictory","BowlingBash","ReachHeaven"],"picked":"SKIP","floor":19.0},{"not_picked":["JustLucky","Consecrate","Conclude"],"picked":"SKIP","floor":20.0},{"not_picked":["EmptyFist","JustLucky+1","ClearTheMind"],"picked":"SKIP","floor":21.0},{"not_picked":["ForeignInfluence","WreathOfFlame"],"picked":"EmptyMind","floor":22.0},{"not_picked":["FollowUp","MasterReality"],"picked":"Study+1","floor":24.0},{"not_picked":["SashWhip","Wireheading+1","Pray"],"picked":"SKIP","floor":30.0},{"not_picked":["BowlingBash","FlurryOfBlows","SashWhip"],"picked":"SKIP","floor":31.0},{"not_picked":["SpiritShield","Blasphemy"],"picked":"ConjureBlade","floor":33.0},{"not_picked":["LikeWater+1","SashWhip","FearNoEvil"],"picked":"SKIP","floor":35.0},{"not_picked":["Wallop+1","Tantrum+1","LikeWater+1"],"picked":"SKIP","floor":37.0},{"not_picked":["Tantrum+1","LikeWater+1"],"picked":"Wallop+1","floor":37.0},{"not_picked":["Forethought","Enlightenment"],"picked":"Finesse","floor":38.0},{"not_picked":["Consecrate+1","BowlingBash","Protect+1"],"picked":"SKIP","floor":40},{"not_picked":["DeceiveReality+1","Conclude+1","CutThroughFate"],"picked":"SKIP","floor":41}],"player_experience":519095,"relics_obtained":[{"floor":9.0,"key":"Gambling Chip"},{"floor":12.0,"key":"Ice Cream"},{"floor":24.0,"key":"Boot"},{"floor":26.0,"key":"Lizard Tail"},{"floor":30.0,"key":"Toy Ornithopter"}],"event_choices":[{"damage_healed":0.0,"max_hp_gain":0.0,"max_hp_loss":0.0,"gold_gain":75.0,"event_name":"FaceTrader","player_choice":"Touch","floor":4.0,"gold_loss":0.0,"damage_taken":7.0},{"damage_healed":18.0,"max_hp_gain":0.0,"max_hp_loss":0.0,"gold_gain":0.0,"event_name":"The Cleric","player_choice":"Healed","floor":11.0,"gold_loss":35.0,"damage_taken":0.0},{"damage_healed":0.0,"max_hp_gain":0.0,"max_hp_loss":0.0,"gold_gain":0.0,"event_name":"betterThird:BetterScrap","player_choice":"Relic ","floor":13.0,"gold_loss":0.0,"damage_taken":7.0,"cards_obtained":["Exhume"]},{"damage_healed":0.0,"max_hp_gain":0.0,"max_hp_loss":0.0,"gold_gain":0.0,"event_name":"Vampires","player_choice":"Ignored","floor":28.0,"gold_loss":0.0,"damage_taken":0.0},{"damage_healed":0.0,"max_hp_gain":0.0,"max_hp_loss":0.0,"gold_gain":0.0,"event_name":"SensoryStone","player_choice":"Memory 1","floor":38.0,"gold_loss":0.0,"damage_taken":0.0},{"damage_healed":0.0,"max_hp_gain":0.0,"max_hp_loss":0.0,"gold_gain":0.0,"event_name":"Match and Keep!","player_choice":"1 cards matched","floor":39.0,"gold_loss":0.0,"damage_taken":0.0,"cards_obtained":["Alpha"]}],"is_beta":false,"boss_relics":[{"not_picked":["Calling Bell","Black Star"],"picked":"Fusion Hammer"},{"not_picked":["Velvet Choker","Pandora\u0027s Box"],"picked":"Runic Dome"}],"items_purged_floors":[8,27,36],"is_endless":false,"potions_floor_spawned":[1,12,16,18,30,31,41],"killed_by":"Sphere and 2 Shapes","ascension_level":0}}