{"host":"9tzam4717zt8ei1o","time":1607941612,"event":{"mods":["BaseMod","Colored Map","Keyboard Shortcuts","Minty Spire (QoL Compilation)","Quick Restart","StSLib","SuperFastMode"],"gold_per_floor":[109,120,395,105,123,149,149,182,233,266,266,22,52,16,16,91,91,101,113,113,127,127,127,158,158,185,85,85,119,142,172,172,172,172],"floor_reached":33,"playtime":695,"items_purged":["Regret","Strike_G"],"score":599,"play_id":"f0470748-ca6d-4c37-a20b-ae889d9ef15b","local_time":"20201214192652","is_ascension_mode":true,"campfire_choices":[{"data":"Glass Knife","floor":7.0,"key":"SMITH"},{"floor":15.0,"key":"REST"},{"data":"Calculated Gamble","floor":23.0,"key":"SMITH"},{"data":"A Thousand Cuts","floor":25.0,"key":"SMITH"},{"data":"Reflex","floor":28.0,"key":"SMITH"},{"floor":32,"key":"REST"}],"circlet_count":0,"master_deck":["AscendersBane","Strike_G","Strike_G","Strike_G","Strike_G","Defend_G","Defend_G","Defend_G","Defend_G","Defend_G","Survivor","Neutralize","Calculated Gamble+1","Backflip","Glass Knife+1","Predator","Backflip","Masterful Stab","Footwork","A Thousand Cuts+1","PiercingWail","Eviscerate","Eviscerate","Reflex+1","Clumsy","Tactician","Decay"],"relics":["Ring of the Snake","NeowsBlessing","Blue Candle","Tiny Chest","Nunchaku","Lantern","Mercury Hourglass","Gremlin Horn","Odd Mushroom","Cursed Key","Question Card","Pen Nib","Toy Ornithopter","Happy Flower","Blood Vial"],"acts_visited":["Exordium","TheCity"],"potions_floor_usage":[],"damage_taken":[{"damage":0.0,"enemies":"Jaw Worm","floor":1.0,"turns":1.0},{"damage":0.0,"enemies":"Cultist","floor":2.0,"turns":1.0},{"damage":0.0,"enemies":"2 Louse","floor":5.0,"turns":1.0},{"damage":21.0,"enemies":"Lagavulin","floor":6.0,"turns":8.0},{"damage":4.0,"enemies":"3 Sentries","floor":8.0,"turns":9.0},{"damage":7.0,"enemies":"Gremlin Nob","floor":10.0,"turns":3.0},{"damage":1.0,"enemies":"The Mushroom Lair","floor":13.0,"turns":3.0},{"damage":19.0,"enemies":"The Guardian","floor":16.0,"turns":12.0},{"damage":2.0,"enemies":"Chosen","floor":18.0,"turns":4.0},{"damage":0.0,"enemies":"Shell Parasite","floor":19.0,"turns":3.0},{"damage":5.0,"enemies":"3 Cultists","floor":21.0,"turns":5.0},{"damage":8.0,"enemies":"Book of Stabbing","floor":24.0,"turns":3.0},{"damage":0.0,"enemies":"Slavers","floor":29.0,"turns":3.0},{"damage":28,"enemies":"Book of Stabbing","floor":31,"turns":6},{"damage":35,"enemies":"Collector","floor":33,"turns":5}],"seed_played":"6392794876855454066","potions_obtained":[{"floor":1.0,"key":"AttackPotion"},{"floor":5.0,"key":"Strength Potion"},{"floor":8.0,"key":"PowerPotion"},{"floor":10.0,"key":"SteroidPotion"},{"floor":18.0,"key":"EssenceOfSteel"},{"floor":19.0,"key":"Energy Potion"}],"is_trial":false,"path_per_floor":["M","M","?","$","M","E","R","E","T","E","?","$","?","$","R","B",null,"M","M","$","M","?","R","E","R","T","$","R","E","T","E","R","B"],"character_chosen":"THE_SILENT","items_purchased":["Glass Knife","Predator","Gremlin Horn","Footwork"],"campfire_rested":2,"item_purchase_floors":[4,4,12,14],"current_hp_per_floor":[59,59,59,59,59,38,38,34,34,27,9,9,8,8,27,8,52,50,50,50,45,45,45,37,37,37,37,37,37,37,9,28,0,0],"gold":172,"neow_bonus":"THREE_ENEMY_KILL","is_daily":false,"chose_seed":false,"campfire_upgraded":4,"win_rate":0.0,"timestamp":1607941612,"path_taken":["M","M","?","?","?","E","R","E","T","E","?","$","?","$","R","BOSS","M","M","$","M","?","R","E","R","T","$","R","E","?","E","R","BOSS"],"items_purchased_type":["Card","Card","Relic","Card"],"build_version":"2020-12-13","purchased_purges":2,"victory":false,"max_hp_per_floor":[66,66,66,66,66,66,66,66,66,66,66,66,66,66,66,66,66,66,66,66,66,66,66,66,66,66,66,66,66,66,66,66,66,66],"card_choices":[{"not_picked":["Dodge and Roll","Slice"],"picked":"Calculated Gamble","floor":1.0},{"not_picked":["Prepared","Setup"],"picked":"Backflip","floor":2.0},{"not_picked":["Sucker Punch","Prepared","Bane"],"picked":"SKIP","floor":5.0},{"not_picked":["Deadly Poison","Glass Knife","Flechettes"],"picked":"SKIP","floor":6.0},{"not_picked":["Setup","Deadly Poison","Caltrops"],"picked":"SKIP","floor":8.0},{"not_picked":["Choke","Sucker Punch"],"picked":"Backflip","floor":10.0},{"not_picked":["PiercingWail","Prepared"],"picked":"Masterful Stab","floor":13.0},{"not_picked":["Tools of the Trade","Glass Knife"],"picked":"A Thousand Cuts","floor":16.0},{"not_picked":["Skewer+1","Slice"],"picked":"PiercingWail","floor":18.0},{"not_picked":["Dash","Prepared","Skewer"],"picked":"SKIP","floor":19.0},{"not_picked":["Deflect","Terror"],"picked":"Eviscerate","floor":21.0},{"not_picked":["Bane","Envenom"],"picked":"Reflex","floor":24.0},{"not_picked":["Blur","Blade Dance","Predator"],"picked":"Tactician","floor":29.0},{"not_picked":["Dagger Spray+1","Glass Knife","Expertise","Doppelganger"],"picked":"SKIP","floor":31}],"player_experience":74733,"relics_obtained":[{"floor":6.0,"key":"Blue Candle"},{"floor":8.0,"key":"Tiny Chest"},{"floor":9.0,"key":"Nunchaku"},{"floor":10.0,"key":"Lantern"},{"floor":13.0,"key":"Odd Mushroom"},{"floor":24.0,"key":"Question Card"},{"floor":26.0,"key":"Pen Nib"},{"floor":29.0,"key":"Toy Ornithopter"},{"floor":30.0,"key":"Happy Flower"},{"floor":31,"key":"Blood Vial"}],"event_choices":[{"damage_healed":0.0,"max_hp_gain":0.0,"max_hp_loss":0.0,"gold_gain":275.0,"event_name":"Golden Shrine","player_choice":"Desecrate","floor":3.0,"gold_loss":0.0,"damage_taken":0.0,"cards_obtained":["Regret"]},{"damage_healed":0.0,"max_hp_gain":0.0,"max_hp_loss":0.0,"gold_gain":0.0,"event_name":"Scrap Ooze","player_choice":"Success","floor":11.0,"gold_loss":0.0,"damage_taken":18.0,"relics_obtained":["Mercury Hourglass"]},{"damage_healed":0.0,"max_hp_gain":0.0,"max_hp_loss":0.0,"gold_gain":0.0,"event_name":"Mushrooms","player_choice":"Fought Mushrooms","floor":13.0,"gold_loss":0.0,"damage_taken":0.0},{"damage_healed":0.0,"max_hp_gain":0.0,"max_hp_loss":0.0,"gold_gain":0.0,"event_name":"The Library","player_choice":"Read","floor":22.0,"gold_loss":0.0,"damage_taken":0.0,"cards_obtained":["Eviscerate"]}],"is_beta":false,"boss_relics":[{"not_picked":["Tiny House","Black Star"],"picked":"Cursed Key"}],"items_purged_floors":[4,27],"is_endless":false,"potions_floor_spawned":[1,5,8,10,18,19],"killed_by":"Collector","ascension_level":15}}