{"host":"d7qmn60fs48wu5y6","time":1607971111,"event":{"mods":["BaseMod","Downfall","Minty Spire (QoL Compilation)","Shade Mod","StSLib","The Cursed","The Servant 0.9.4"],"gold_per_floor":[110,110,26,36,36,36,51,51,51,51,81,81,101,119,119,119,119],"floor_reached":16,"playtime":2367,"items_purged":[],"score":105,"play_id":"c9de386e-2155-4e0a-b005-8b7211c827ea","local_time":"20201214103831","is_ascension_mode":true,"campfire_choices":[{"data":"TheCursedMod:FleshFromBone","floor":6,"key":"SMITH"},{"data":"TheCursedMod:Grudge","floor":10,"key":"SMITH"},{"floor":15,"key":"REST"}],"circlet_count":0,"master_deck":["TheCursedMod:Strike_TheCursed","TheCursedMod:Strike_TheCursed","TheCursedMod:Strike_TheCursed","TheCursedMod:Strike_TheCursed","TheCursedMod:Defend_TheCursed","TheCursedMod:Defend_TheCursed","TheCursedMod:Defend_TheCursed","TheCursedMod:Defend_TheCursed","TheCursedMod:CursedWand","TheCursedMod:CleanUpWorkshop","TheCursedMod:Dregs","Decay","TheCursedMod:SpreadPlague","TheCursedMod:Grudge+1","TheCursedMod:CleanUpWorkshop","TheCursedMod:CursedMace","TheCursedMod:CircleOfWindfury","TheCursedMod:FleshFromBone+1","TheCursedMod:WearCloak","TheCursedMod:WearCloak","TheCursedMod:CircleOfFlame"],"relics":["TheCursedMod:BlackMagic101","Ice Cream","InkBottle"],"acts_visited":["Exordium"],"potions_floor_usage":[11],"damage_taken":[{"damage":0,"enemies":"Small Slimes","floor":1,"turns":5},{"damage":1,"enemies":"Cultist","floor":4,"turns":4},{"damage":8,"enemies":"Jaw Worm","floor":7,"turns":7},{"damage":33,"enemies":"3 Sentries","floor":11,"turns":15},{"damage":14,"enemies":"3 Louse","floor":13,"turns":3},{"damage":10,"enemies":"2 Fungi Beasts","floor":14,"turns":5},{"damage":46,"enemies":"Slime Boss","floor":16,"turns":6}],"seed_played":"1563428979869735352","potions_obtained":[{"floor":7,"key":"Weak Potion"},{"floor":13,"key":"SpeedPotion"}],"is_trial":false,"path_per_floor":["M","?","$","M","?","R","M","$","T","R","E","?","M","M","R","B"],"character_chosen":"THE_CURSED","items_purchased":["TheCursedMod:CursedMace","TheCursedMod:CircleOfWindfury"],"campfire_rested":1,"item_purchase_floors":[3,3],"current_hp_per_floor":[75,75,75,74,79,79,71,71,71,71,38,38,24,14,38,0,0],"gold":119,"neow_bonus":"ONE_RARE_RELIC","is_daily":false,"chose_seed":false,"campfire_upgraded":2,"win_rate":0.0,"timestamp":1607971111,"path_taken":["M","?","$","?","?","R","M","$","T","R","E","?","M","M","R","BOSS"],"items_purchased_type":["Card","Card"],"build_version":"2020-12-13","purchased_purges":0,"victory":false,"max_hp_per_floor":[75,75,75,75,80,80,80,80,80,80,80,80,80,80,80,80,80],"card_choices":[{"not_picked":["TheCursedMod:HellsGateOpen","TheCursedMod:Stretching"],"picked":"TheCursedMod:SpreadPlague","floor":1},{"not_picked":["TheCursedMod:Grudge","TheCursedMod:RapidMovement"],"picked":"TheCursedMod:FleshFromBone","floor":4},{"not_picked":["TheCursedMod:CircleOfFocus","TheCursedMod:CircleOfBlood"],"picked":"TheCursedMod:WearCloak","floor":7},{"not_picked":["TheCursedMod:SmokeScreen","TheCursedMod:SpitefulStrike","TheCursedMod:FuryStrike"],"picked":"SKIP","floor":11},{"not_picked":["TheCursedMod:Obscuration","TheCursedMod:VitalStrike"],"picked":"TheCursedMod:WearCloak","floor":13},{"not_picked":["TheCursedMod:TacticalStrike","TheCursedMod:CircleOfWindfury"],"picked":"TheCursedMod:CircleOfFlame","floor":14}],"player_experience":860075,"relics_obtained":[{"floor":11,"key":"InkBottle"}],"event_choices":[{"damage_healed":0,"gold_gain":0,"player_choice":"2 cards matched","damage_taken":0,"max_hp_gain":0,"max_hp_loss":0,"event_name":"Match and Keep!","floor":2,"gold_loss":0,"cards_obtained":["TheCursedMod:Grudge","TheCursedMod:CleanUpWorkshop"]},{"damage_healed":0,"gold_gain":0,"player_choice":"Donut","damage_taken":0,"max_hp_gain":5,"max_hp_loss":0,"event_name":"Big Fish","floor":5,"gold_loss":0},{"damage_healed":0,"gold_gain":0,"player_choice":"Ignored","damage_taken":0,"max_hp_gain":0,"max_hp_loss":0,"event_name":"Fountain of Cleansing","floor":12,"gold_loss":0}],"is_beta":false,"boss_relics":[],"items_purged_floors":[],"is_endless":false,"potions_floor_spawned":[7,13],"killed_by":"Slime Boss","ascension_level":1}}