{"host":"qrt7o4dq2qslzw13","time":1607937274,"event":{"mods":["AchievementEnabler","BaseMod","Colored Map","Colored Powertips","Minty Spire (QoL Compilation)","Quick Restart","Rare Cards Sparkle","StSLib","SuperFastMode"],"gold_per_floor":[113,113,113,18,18,18,53,74,97,97,97,97,116,141,141,141,141],"floor_reached":16,"playtime":262,"items_purged":[],"score":196,"play_id":"56408069-0c90-4b0e-be43-7df996ff4afe","local_time":"20201214041434","is_ascension_mode":true,"campfire_choices":[{"floor":6.0,"key":"REST"},{"floor":11.0,"key":"REST"},{"data":"Rupture","floor":15,"key":"SMITH"}],"circlet_count":0,"master_deck":["AscendersBane","Strike_R","Strike_R","Strike_R+1","Strike_R","Strike_R","Defend_R","Defend_R","Defend_R","Defend_R","Bash","Rampage","Injury","Regret","Rupture+1","Thunderclap+1","Barricade","Hemokinesis","Shrug It Off","Heavy Blade"],"relics":["Velvet Choker","Golden Idol","Ginger","Bottled Flame","Omamori","Mummified Hand"],"acts_visited":["Exordium"],"potions_floor_usage":[14,16],"damage_taken":[{"damage":7.0,"enemies":"Small Slimes","floor":1.0,"turns":3.0},{"damage":33.0,"enemies":"Lagavulin","floor":7.0,"turns":6.0},{"damage":9.0,"enemies":"Jaw Worm","floor":8.0,"turns":3.0},{"damage":0.0,"enemies":"2 Louse","floor":13.0,"turns":3.0},{"damage":13,"enemies":"Red Slaver","floor":14,"turns":3},{"damage":46,"enemies":"The Guardian","floor":16,"turns":9}],"seed_played":"-3284451949332684235","potions_obtained":[{"floor":1.0,"key":"FearPotion"},{"floor":8.0,"key":"EssenceOfSteel"},{"floor":14,"key":"Fire Potion"}],"is_trial":false,"path_per_floor":["M","?","?","$","?","R","E","M","T","?","R","T","M","M","R","B"],"character_chosen":"IRONCLAD","items_purchased":["Rupture","Thunderclap"],"campfire_rested":2,"item_purchase_floors":[4,4],"current_hp_per_floor":[61,61,61,61,38,60,27,18,18,36,58,58,58,45,45,0,0],"gold":141,"neow_bonus":"BOSS_RELIC","is_daily":false,"chose_seed":false,"campfire_upgraded":1,"win_rate":0.0,"timestamp":1607937274,"path_taken":["M","?","?","$","?","R","E","M","T","?","R","?","M","?","R","BOSS"],"items_purchased_type":["Card","Card"],"build_version":"2020-12-13","purchased_purges":0,"victory":false,"max_hp_per_floor":[75,75,75,75,75,75,75,75,75,75,75,75,75,75,75,75,75],"card_choices":[{"not_picked":["Pummel","Clothesline"],"picked":"Rampage","floor":1.0},{"not_picked":["Entrench","Iron Wave"],"picked":"Barricade","floor":7.0},{"not_picked":["Body Slam","Armaments"],"picked":"Hemokinesis","floor":8.0},{"not_picked":["Rage","Sword Boomerang"],"picked":"Shrug It Off","floor":13.0},{"not_picked":["Warcry","Burning Pact"],"picked":"Heavy Blade","floor":14}],"player_experience":451182,"relics_obtained":[{"floor":7.0,"key":"Bottled Flame"},{"floor":9.0,"key":"Omamori"},{"floor":12.0,"key":"Mummified Hand"}],"event_choices":[{"damage_healed":0.0,"max_hp_gain":0.0,"max_hp_loss":0.0,"gold_gain":0.0,"event_name":"Golden Idol","player_choice":"Take Wound","floor":2.0,"gold_loss":0.0,"damage_taken":0.0,"relics_obtained":["Golden Idol"],"cards_obtained":["Injury"]},{"damage_healed":0.0,"max_hp_gain":0.0,"max_hp_loss":0.0,"gold_gain":0.0,"event_name":"Big Fish","player_choice":"Box","floor":3.0,"gold_loss":0.0,"damage_taken":0.0,"relics_obtained":["Ginger"],"cards_obtained":["Regret"]},{"damage_healed":0.0,"max_hp_gain":0.0,"max_hp_loss":0.0,"gold_gain":0.0,"event_name":"Shining Light","player_choice":"Entered Light","floor":5.0,"gold_loss":0.0,"damage_taken":23.0,"cards_upgraded":["Strike_R","Thunderclap"]},{"damage_healed":18.0,"max_hp_gain":0.0,"max_hp_loss":0.0,"gold_gain":0.0,"event_name":"Mushrooms","player_choice":"Healed and dodged fight","floor":10.0,"gold_loss":0.0,"damage_taken":0.0,"cards_obtained":["Parasite"]}],"is_beta":false,"boss_relics":[],"items_purged_floors":[],"is_endless":false,"potions_floor_spawned":[1,8,14],"killed_by":"The Guardian","ascension_level":20}}