{"host":"cv6i479uilws7tk5","time":1607981630,"event":{"mods":["BaseMod","Better Altar","Better Match","Better Note","Better Sensory Stone","Better Skull","Better Third Choice","Energized Spire","Highlight Path","Minty Spire (QoL Compilation)","Rare Cards Sparkle","Relic Stats","StSLib"],"gold_per_floor":[218,237,256,100,275,275,306,306,306,306,306,331,24,71,71,175,175,193,193,208,227,240,240,240,42,42,54,154,154,179,194,194,194,194],"floor_reached":33,"playtime":1391,"items_purged":["Strike_P"],"score":350,"play_id":"e9afbc12-576a-409b-be61-b7305166e70e","local_time":"20201214143350","is_ascension_mode":false,"campfire_choices":[{"data":"ForeignInfluence","floor":6,"key":"SMITH"},{"floor":10,"key":"REST"},{"data":"Wish","floor":11,"key":"SMITH"},{"floor":15,"key":"REST"},{"floor":23,"key":"REST"},{"data":"TalkToTheHand","floor":24,"key":"SMITH"},{"floor":29,"key":"REST"},{"floor":32,"key":"REST"}],"circlet_count":0,"master_deck":["Strike_P","Strike_P","Defend_P","Defend_P","Defend_P","Defend_P","Eruption+1","Vigilance","Tantrum+1","Consecrate","FollowUp","ForeignInfluence+1","Wish+1","ClearTheMind","ConjureBlade","Protect+1","LessonLearned+1","BowlingBash+1","TalkToTheHand+1"],"relics":["PureWater","FossilizedHelix","WingedGreaves","TungstenRod","Torii","Empty Cage","Juzu Bracelet","Vajra","StoneCalendar"],"acts_visited":["Exordium","TheCity"],"potions_floor_usage":[18,21,27,30,33,33,33],"damage_taken":[{"damage":8,"enemies":"Jaw Worm","floor":1,"turns":4},{"damage":0,"enemies":"Small Slimes","floor":2,"turns":2},{"damage":0,"enemies":"Cultist","floor":3,"turns":2},{"damage":26,"enemies":"3 Sentries","floor":7,"turns":6},{"damage":0,"enemies":"Gremlin Nob","floor":12,"turns":3},{"damage":0,"enemies":"3 Louse","floor":14,"turns":4},{"damage":0,"enemies":"Slime Boss","floor":16,"turns":3},{"damage":0,"enemies":"Shell Parasite","floor":18,"turns":4},{"damage":0,"enemies":"3 Byrds","floor":20,"turns":2},{"damage":12,"enemies":"Snake Plant","floor":21,"turns":4},{"damage":33,"enemies":"Centurion and Healer","floor":22,"turns":5},{"damage":16,"enemies":"Sentry and Sphere","floor":27,"turns":5},{"damage":27,"enemies":"Book of Stabbing","floor":30,"turns":8},{"damage":0,"enemies":"Snecko","floor":31,"turns":5},{"damage":70,"enemies":"Champ","floor":33,"turns":8}],"seed_played":"3255860855481654684","potions_obtained":[{"floor":1,"key":"EssenceOfSteel"},{"floor":3,"key":"StancePotion"},{"floor":16,"key":"Fire Potion"},{"floor":22,"key":"Energy Potion"},{"floor":27,"key":"SkillPotion"},{"floor":30,"key":"Swift Potion"},{"floor":31,"key":"LiquidBronze"}],"is_trial":false,"path_per_floor":["M","M","M","$","?","R","E","?","T","R","R","E","$","M","R","B",null,"M","?","M","M","M","R","R","$","T","M","?","R","E","M","R","B"],"character_chosen":"WATCHER","items_purchased":["ForeignInfluence","Torii","Juzu Bracelet","PowerPotion"],"campfire_rested":5,"item_purchase_floors":[4,13,25,25],"current_hp_per_floor":[64,64,64,64,64,64,38,38,38,59,59,59,59,59,72,72,72,72,72,72,60,27,48,48,48,48,32,32,53,26,26,47,0,0],"gold":194,"neow_bonus":"HUNDRED_GOLD","is_daily":false,"chose_seed":false,"campfire_upgraded":3,"win_rate":0.0,"timestamp":1607981630,"path_taken":["M","M","M","$","?","R","E","?","T","R","R","E","$","M","R","BOSS","M","?","M","?","M","R","R","$","T","M","?","R","E","M","R","BOSS"],"items_purchased_type":["Card","Relic","Relic","Potion"],"build_version":"2020-12-13","purchased_purges":1,"victory":false,"max_hp_per_floor":[72,72,72,72,72,72,72,72,72,72,72,72,72,72,72,72,72,72,72,72,72,72,72,72,72,72,72,72,72,72,72,72,72,72],"relic_stats":{"Torii":12,"counters":[15,65],"StoneCalendar":[52],"Juzu Bracelet":0,"obtain_stats":[{"Torii":13,"Vajra":26,"StoneCalendar":30,"WingedGreaves":9,"Juzu Bracelet":25,"PureWater":0,"Empty Cage":17,"FossilizedHelix":7,"TungstenRod":12},{"Torii":5,"Vajra":11,"StoneCalendar":13,"WingedGreaves":4,"Juzu Bracelet":11,"PureWater":0,"Empty Cage":7,"FossilizedHelix":4,"TungstenRod":5},{"Torii":17,"Vajra":39,"StoneCalendar":52,"WingedGreaves":14,"Juzu Bracelet":39,"PureWater":0,"Empty Cage":24,"FossilizedHelix":14,"TungstenRod":17}],"TungstenRod":23},"card_choices":[{"not_picked":["Study","JustLucky"],"picked":"Tantrum","floor":1},{"not_picked":["SashWhip","BowlingBash"],"picked":"Consecrate","floor":2},{"not_picked":["Nirvana","CutThroughFate"],"picked":"FollowUp","floor":3},{"not_picked":["PathToVictory","EmptyFist"],"picked":"Wish","floor":7},{"not_picked":["Prostrate","BattleHymn","InnerPeace"],"picked":"SKIP","floor":12},{"not_picked":["DeceiveReality","PathToVictory"],"picked":"ClearTheMind","floor":14},{"not_picked":["Omniscience","Vault"],"picked":"ConjureBlade","floor":16},{"not_picked":["ClearTheMind","ThirdEye"],"picked":"Protect+1","floor":18},{"not_picked":["Prostrate","ClearTheMind+1"],"picked":"BowlingBash","floor":20},{"not_picked":["WreathOfFlame","Crescendo","Halt"],"picked":"SKIP","floor":21},{"not_picked":["ThirdEye","CrushJoints"],"picked":"TalkToTheHand","floor":22},{"not_picked":["ReachHeaven+1","SashWhip","FollowUp"],"picked":"SKIP","floor":27},{"not_picked":["Protect+1","ThirdEye","FlurryOfBlows"],"picked":"SKIP","floor":30},{"not_picked":["CarveReality","FlyingSleeves+1","WreathOfFlame"],"picked":"SKIP","floor":31}],"player_experience":320693,"relics_obtained":[{"floor":7,"key":"FossilizedHelix"},{"floor":9,"key":"WingedGreaves"},{"floor":12,"key":"TungstenRod"},{"floor":26,"key":"Vajra"},{"floor":30,"key":"StoneCalendar"}],"event_choices":[{"damage_healed":0,"gold_gain":175,"player_choice":"AGREE","damage_taken":100,"max_hp_gain":0,"max_hp_loss":0,"event_name":"betterThird:BetterSerpent","floor":5,"gold_loss":0},{"damage_healed":0,"gold_gain":0,"player_choice":"Grow","damage_taken":0,"max_hp_gain":0,"max_hp_loss":0,"event_name":"Living Wall","floor":8,"gold_loss":0,"cards_upgraded":["Eruption"]},{"cards_removed":["FollowUp"],"damage_healed":0,"gold_gain":0,"player_choice":"Take \u0026 Give","damage_taken":0,"max_hp_gain":0,"max_hp_loss":0,"event_name":"betterNote:BetterNote","floor":19,"gold_loss":0,"cards_obtained":["LessonLearned"]},{"damage_healed":0,"gold_gain":100,"player_choice":"Pray","damage_taken":0,"max_hp_gain":0,"max_hp_loss":0,"event_name":"Golden Shrine","floor":28,"gold_loss":0}],"is_beta":false,"boss_relics":[{"not_picked":["Fusion Hammer","energizedSpire:SpiderWeb"],"picked":"Empty Cage"}],"items_purged_floors":[4],"is_endless":false,"potions_floor_spawned":[1,3,16,22,27,30,31],"killed_by":"Champ","ascension_level":0}}