{"host":"xt8a2gaayqxupton","time":1607937231,"event":{"mods":["2.2 Compatiblity","Abigail Mod","AchievementEnabler","Act Like it!","Arknights The Spire","BaseMod","CapriCore","Chen","Colored Map","Dota2Spire","Gensokyo","GungeonMod","Hallownest","Koishi","KomeijiMod","Lobotomy","Marisa£¨Ùöéë¡¡Øª×âÞÞ£©","Minty Spire (QoL Compilation)","Reimu£¨ÚÏ???£©","StSLib","The Administrix","The Animator","The Bug Knight","The Immortal","Yuyuko","¡¼?Û°ì£ó­?íÂ¡½ø¢éöí¹mod"],"gold_per_floor":[112,123,138,151,151,151,151],"floor_reached":6,"playtime":270,"items_purged":[],"score":38,"play_id":"5542aef2-579c-4c05-a3ad-4db3b7947342","local_time":"20201214181351","is_ascension_mode":false,"campfire_choices":[],"circlet_count":0,"master_deck":["Strike_G","Strike_G","Strike_G","Strike_G","Defend_G","Defend_G","Defend_G","Defend_G","Survivor","Neutralize","Distraction","Cloak And Dagger","Cloak And Dagger","Poisoned Stab"],"relics":["Ring of the Snake","Gensokyo:OccultBall"],"acts_visited":["Gensokyo:Gensokyo"],"potions_floor_usage":[],"damage_taken":[{"damage":4,"enemies":"Gensokyo:Python","floor":1,"turns":5},{"damage":0,"enemies":"Gensokyo:3_Fairies","floor":2,"turns":4},{"damage":5,"enemies":"Gensokyo:Gryphon","floor":3,"turns":5},{"damage":5,"enemies":"Gensokyo:3_Kodama","floor":4,"turns":5},{"damage":41,"enemies":"Gensokyo:Mamizou","floor":6,"turns":10}],"seed_played":"-8190203324823482938","potions_obtained":[{"floor":2,"key":"Strength Potion"},{"floor":3,"key":"Energy Potion"}],"is_trial":false,"path_per_floor":["M","M","M","M","?","E"],"character_chosen":"THE_SILENT","items_purchased":[],"campfire_rested":0,"item_purchase_floors":[],"current_hp_per_floor":[45,45,40,35,35,0,0],"gold":151,"neow_bonus":"TRANSFORM_TWO_CARDS","is_daily":false,"chose_seed":false,"campfire_upgraded":0,"win_rate":0.0,"timestamp":1607937231,"path_taken":["M","M","M","M","?","E"],"items_purchased_type":[],"build_version":"2020-12-13","purchased_purges":0,"victory":false,"max_hp_per_floor":[70,70,70,70,70,70,70],"card_choices":[{"not_picked":["Escape Plan","Crippling Poison"],"picked":"Cloak And Dagger","floor":1},{"not_picked":["Acrobatics","Sucker Punch"],"picked":"Cloak And Dagger","floor":2},{"not_picked":["Sucker Punch","Backstab"],"picked":"Poisoned Stab","floor":3},{"not_picked":["Finisher","Flying Knee","Outmaneuver"],"picked":"SKIP","floor":4}],"player_experience":584134,"relics_obtained":[],"event_choices":[],"is_beta":false,"boss_relics":[],"items_purged_floors":[],"is_endless":false,"potions_floor_spawned":[2,3],"killed_by":"Gensokyo:Mamizou","ascension_level":0}}