{"host":"11728qvdvolffudn","time":1607951973,"event":{"mods":["BaseMod","Block Reminder","Colored Powertips","Custom Start","Displayed Cursed Tome","Highlight Path","Minty Spire (QoL Compilation)","Permanent Neow","Quick Restart","Rare Cards Sparkle","Relic Stats"],"gold_per_floor":[112,37,37,50,0,0,0,0,25,48,48,66,66,80,80,80,80],"floor_reached":16,"playtime":288,"items_purged":["Strike_R"],"score":90,"play_id":"8f408512-e0bc-4195-978a-a50edb9f5c4e","local_time":"20201214131933","is_ascension_mode":false,"campfire_choices":[{"data":"Inflame","floor":6,"key":"SMITH"},{"data":"Bash","floor":8,"key":"SMITH"},{"data":"Defend_R","floor":11,"key":"SMITH"},{"data":"Defend_R","floor":13,"key":"SMITH"},{"floor":15,"key":"REST"}],"circlet_count":0,"master_deck":["Strike_R","Strike_R","Strike_R","Defend_R+1","Defend_R+1","Defend_R","Defend_R","Bash+1","Inflame+1","Pain"],"relics":["Burning Blood","Golden Idol","WarpedTongs","Nunchaku"],"acts_visited":["Exordium"],"potions_floor_usage":[],"damage_taken":[{"damage":6,"enemies":"Jaw Worm","floor":1,"turns":3},{"damage":8,"enemies":"Small Slimes","floor":4,"turns":4},{"damage":4,"enemies":"2 Louse","floor":10,"turns":3},{"damage":32,"enemies":"Exordium Thugs","floor":12,"turns":5},{"damage":8,"enemies":"Looter","floor":14,"turns":3},{"damage":52,"enemies":"The Guardian","floor":16,"turns":7}],"seed_played":"-5085078722014843156","potions_obtained":[{"floor":1,"key":"Block Potion"},{"floor":14,"key":"CultistPotion"}],"is_trial":false,"path_per_floor":["M","$","?","M","?","R","?","R","T","M","R","M","R","M","R","B"],"character_chosen":"IRONCLAD","items_purchased":[],"campfire_rested":1,"item_purchase_floors":[],"current_hp_per_floor":[80,80,60,58,58,58,58,58,58,60,60,34,34,32,56,4,4],"gold":80,"neow_bonus":"THREE_CARDS","is_daily":false,"chose_seed":false,"campfire_upgraded":4,"win_rate":0.0,"timestamp":1607951973,"path_taken":["M","$","?","M","?","R","?","R","T","M","R","?","R","M","R","BOSS"],"items_purchased_type":[],"build_version":"2020-12-13","purchased_purges":1,"victory":false,"max_hp_per_floor":[80,80,80,80,80,80,80,80,80,80,80,80,80,80,80,80,80],"relic_stats":{"Nunchaku":[2],"counters":[6,25],"Golden Idol":15,"obtain_stats":[{"Nunchaku":9,"Golden Idol":3,"Burning Blood":0,"WarpedTongs":7},{"Nunchaku":2,"Golden Idol":1,"Burning Blood":0,"WarpedTongs":2},{"Nunchaku":7,"Golden Idol":3,"Burning Blood":0,"WarpedTongs":7}],"Burning Blood":30,"WarpedTongs":[16]},"card_choices":[{"not_picked":["Sword Boomerang","Warcry"],"picked":"Inflame","floor":0},{"not_picked":["Reckless Charge","Feel No Pain","Flame Barrier"],"picked":"SKIP","floor":1},{"not_picked":["Flame Barrier","Armaments","Evolve"],"picked":"SKIP","floor":4},{"not_picked":["Wild Strike","Metallicize","Twin Strike"],"picked":"SKIP","floor":10},{"not_picked":["Sword Boomerang","True Grit","Sentinel"],"picked":"SKIP","floor":12},{"not_picked":["Body Slam","Reckless Charge","Anger"],"picked":"SKIP","floor":14}],"player_experience":124963,"relics_obtained":[{"floor":9,"key":"Nunchaku"}],"event_choices":[{"damage_healed":0,"gold_gain":0,"player_choice":"Take Damage","damage_taken":20,"relics_obtained":["Golden Idol"],"max_hp_gain":0,"max_hp_loss":0,"event_name":"Golden Idol","floor":3,"gold_loss":0},{"cards_removed":["Strike_R"],"damage_healed":0,"gold_gain":0,"player_choice":"Card Removal","damage_taken":0,"max_hp_gain":0,"max_hp_loss":0,"event_name":"The Cleric","floor":5,"gold_loss":50},{"damage_healed":0,"gold_gain":0,"player_choice":"Rummage","damage_taken":0,"relics_obtained":["WarpedTongs"],"max_hp_gain":0,"max_hp_loss":0,"event_name":"Accursed Blacksmith","floor":7,"gold_loss":0,"cards_obtained":["Pain"]}],"is_beta":false,"boss_relics":[],"items_purged_floors":[2],"is_endless":false,"potions_floor_spawned":[1,14],"killed_by":"The Guardian","ascension_level":0}}