{"host":"fflyk188z5ncxlup","time":1607924222,"event":{"mods":["AchievementEnabler","BaseMod","Bestiary","Better Third Choice","Block Reminder","Colored Map","Colored Powertips","DeckTracker","Googly Eyes","Minty Spire (QoL Compilation)","StSLib","SuperFastMode"],"gold_per_floor":[117,34,84,99,99,99,117,117,144,160,160,177,207,218,218,218,218],"floor_reached":16,"playtime":306,"items_purged":[],"score":194,"play_id":"b9789e36-063b-4717-91c8-a61c3a389165","local_time":"20201214143702","is_ascension_mode":true,"campfire_choices":[{"data":"Whirlwind","floor":6,"key":"SMITH"},{"data":"Flame Barrier","floor":8,"key":"SMITH"},{"floor":11,"key":"REST"},{"floor":15,"key":"REST"}],"circlet_count":0,"master_deck":["AscendersBane","Strike_R","Strike_R","Strike_R","Defend_R","Defend_R","Defend_R","Defend_R","Bash","Thunderclap","Bludgeon","Flame Barrier+1","Whirlwind+1","Shrug It Off","Shrug It Off","Barricade"],"relics":["Burning Blood","Smiling Mask","Du-Vu Doll"],"acts_visited":["Exordium"],"potions_floor_usage":[10,13],"damage_taken":[{"damage":8,"enemies":"2 Louse","floor":1,"turns":3},{"damage":6,"enemies":"Cultist","floor":4,"turns":3},{"damage":6,"enemies":"Jaw Worm","floor":7,"turns":5},{"damage":10,"enemies":"3 Louse","floor":10,"turns":3},{"damage":16,"enemies":"Exordium Thugs","floor":12,"turns":6},{"damage":17,"enemies":"Gremlin Nob","floor":13,"turns":4},{"damage":12,"enemies":"Large Slime","floor":14,"turns":3},{"damage":84,"enemies":"The Guardian","floor":16,"turns":8}],"seed_played":"-7502583445778687005","potions_obtained":[{"floor":4,"key":"FearPotion"},{"floor":7,"key":"SkillPotion"}],"is_trial":false,"path_per_floor":["M","$","?","M","$","R","M","R","T","M","R","M","E","M","R","B"],"character_chosen":"IRONCLAD","items_purchased":["Whirlwind"],"campfire_rested":2,"item_purchase_floors":[2],"current_hp_per_floor":[48,48,41,41,41,41,41,41,41,37,59,49,38,32,54,0,0],"gold":218,"neow_bonus":"TRANSFORM_TWO_CARDS","is_daily":false,"chose_seed":false,"campfire_upgraded":2,"win_rate":0.0,"timestamp":1607924222,"path_taken":["M","$","?","M","$","R","M","R","T","?","R","?","E","M","R","BOSS"],"items_purchased_type":["Card"],"build_version":"2020-12-13","purchased_purges":0,"victory":false,"max_hp_per_floor":[75,75,75,75,75,75,75,75,75,75,75,75,75,75,75,75,75],"card_choices":[{"not_picked":["Clothesline","Hemokinesis"],"picked":"Flame Barrier","floor":1},{"not_picked":["Wild Strike","Clothesline"],"picked":"Shrug It Off","floor":4},{"not_picked":["Clothesline","Flex"],"picked":"Shrug It Off","floor":7},{"not_picked":["Havoc","Thunderclap","Feel No Pain"],"picked":"SKIP","floor":10},{"not_picked":["Combust","Body Slam","Cleave"],"picked":"SKIP","floor":12},{"not_picked":["Combust","Body Slam","Cleave"],"picked":"SKIP","floor":12},{"not_picked":["Feed","Dark Embrace"],"picked":"Barricade","floor":13},{"not_picked":["Wild Strike","Perfected Strike","Havoc"],"picked":"SKIP","floor":14}],"player_experience":360453,"relics_obtained":[{"floor":9,"key":"Smiling Mask"},{"floor":13,"key":"Du-Vu Doll"}],"event_choices":[{"damage_healed":0,"gold_gain":50,"player_choice":"Touch","damage_taken":7,"max_hp_gain":0,"max_hp_loss":0,"event_name":"FaceTrader","floor":3,"gold_loss":0}],"is_beta":false,"boss_relics":[],"items_purged_floors":[],"is_endless":false,"potions_floor_spawned":[4,7],"killed_by":"The Guardian","ascension_level":18}}