{"host":"r53pw7z744tg3fxg","time":1607962692,"event":{"mods":["AchievementEnabler","BaseMod","Colored Map","Colored Powertips","Highlight Path","Minty Spire (QoL Compilation)","Quick Restart","Transform Curses"],"gold_per_floor":[115,128,144,219,219,245,255,288,288,253,269,269,288,288,288,386,386,403,4,18,38,54,54,67,67,67,67,77,77,77],"floor_reached":29,"playtime":1278,"items_purged":[],"score":343,"play_id":"92fb786c-8d76-48d1-af73-6b4aba372925","local_time":"20201214091812","is_ascension_mode":true,"campfire_choices":[{"floor":12.0,"key":"REST"},{"data":"MasterReality","floor":15.0,"key":"SMITH"},{"floor":23,"key":"REST"},{"floor":25,"key":"REST"}],"circlet_count":0,"master_deck":["Strike_P","Strike_P","Strike_P","Strike_P","Defend_P","Defend_P","Defend_P","Defend_P","Eruption","Vigilance","PathToVictory","Consecrate","PathToVictory","WheelKick","Swivel","EmptyBody","BowlingBash","MasterReality+1","LessonLearned+1","CurseOfTheBell","SignatureMove+1","Evaluate","CarveReality","WindmillStrike","EmptyFist+1","Indignation","WreathOfFlame+1","ThirdEye"],"relics":["PureWater","Boot","Strawberry","White Beast Statue","Calling Bell","Bag of Marbles","Meat on the Bone","Lizard Tail","Damaru","TheAbacus","HornCleat","Enchiridion"],"acts_visited":["Exordium","TheCity"],"potions_floor_usage":[18,21,21,22,24,24,28,29],"damage_taken":[{"damage":0.0,"enemies":"Small Slimes","floor":1.0,"turns":2.0},{"damage":0.0,"enemies":"2 Louse","floor":2.0,"turns":2.0},{"damage":0.0,"enemies":"Cultist","floor":3.0,"turns":2.0},{"damage":0.0,"enemies":"Gremlin Nob","floor":6.0,"turns":1.0},{"damage":12.0,"enemies":"Gremlin Gang","floor":7.0,"turns":5.0},{"damage":14.0,"enemies":"Lagavulin","floor":8.0,"turns":5.0},{"damage":5.0,"enemies":"Blue Slaver","floor":11.0,"turns":4.0},{"damage":11.0,"enemies":"Exordium Thugs","floor":13.0,"turns":3.0},{"damage":47,"enemies":"Slime Boss","floor":16,"turns":7},{"damage":11,"enemies":"Spheric Guardian","floor":18,"turns":5},{"damage":25,"enemies":"Shell Parasite","floor":20,"turns":6},{"damage":38,"enemies":"Centurion and Healer","floor":21,"turns":5},{"damage":0,"enemies":"Snake Plant","floor":22,"turns":2},{"damage":37,"enemies":"Shelled Parasite and Fungi","floor":24,"turns":4},{"damage":37,"enemies":"Sentry and Sphere","floor":28,"turns":7},{"damage":77,"enemies":"Book of Stabbing","floor":29,"turns":6}],"seed_played":"-4145446319392253718","potions_obtained":[{"floor":2.0,"key":"AttackPotion"},{"floor":6.0,"key":"SkillPotion"},{"floor":7.0,"key":"GamblersBrew"},{"floor":11.0,"key":"SteroidPotion"},{"floor":13.0,"key":"Explosive Potion"},{"floor":16,"key":"SkillPotion"},{"floor":18,"key":"EssenceOfSteel"},{"floor":20,"key":"Fire Potion"},{"floor":21,"key":"Regen Potion"},{"floor":22,"key":"PowerPotion"},{"floor":24,"key":"LiquidBronze"},{"floor":28,"key":"Swift Potion"}],"is_trial":false,"path_per_floor":["M","M","M","?","?","E","M","E","T","?","M","R","M","?","R","B",null,"M","$","M","M","M","R","M","R","T","?","M","E"],"character_chosen":"WATCHER","items_purchased":["Damaru","TheAbacus","Evaluate","CarveReality"],"campfire_rested":3,"item_purchase_floors":[19,19,19,19],"current_hp_per_floor":[72,72,72,61,61,61,49,42,42,63,58,83,72,86,86,39,74,63,63,50,24,41,66,41,66,66,50,25,0,0],"gold":77,"neow_bonus":"TEN_PERCENT_HP_BONUS","is_daily":false,"chose_seed":false,"campfire_upgraded":1,"win_rate":0.0,"timestamp":1607962692,"path_taken":["M","M","M","?","?","E","M","E","T","?","M","R","M","?","R","BOSS","M","$","?","M","?","R","M","R","T","?","M","E"],"items_purchased_type":["Relic","Relic","Card","Card"],"build_version":"2020-12-13","purchased_purges":0,"victory":false,"max_hp_per_floor":[79,79,79,79,79,79,79,86,86,86,86,86,86,86,86,86,86,86,86,86,86,86,86,86,86,86,86,86,86,86],"card_choices":[{"not_picked":["Perseverance","JustLucky"],"picked":"PathToVictory","floor":1.0},{"not_picked":["SashWhip","Halt"],"picked":"Consecrate","floor":2.0},{"not_picked":["MentalFortress","Pray"],"picked":"PathToVictory","floor":3.0},{"not_picked":["SignatureMove","EmptyMind"],"picked":"WheelKick","floor":6.0},{"not_picked":["CrushJoints","Vengeance"],"picked":"Swivel","floor":7.0},{"not_picked":["SignatureMove","Prostrate"],"picked":"EmptyBody","floor":8.0},{"not_picked":["SignatureMove","FollowUp"],"picked":"BowlingBash","floor":11.0},{"not_picked":["FollowUp","FearNoEvil"],"picked":"MasterReality","floor":13.0},{"not_picked":["Vault","Brilliance"],"picked":"LessonLearned","floor":16},{"not_picked":["ThirdEye","Halt"],"picked":"SignatureMove+1","floor":18},{"not_picked":["Collect","Wallop"],"picked":"WindmillStrike","floor":20},{"not_picked":["Protect","CarveReality"],"picked":"EmptyFist+1","floor":21},{"not_picked":["Protect","EmptyBody"],"picked":"Indignation","floor":22},{"not_picked":["DeceiveReality","JustLucky"],"picked":"WreathOfFlame+1","floor":24},{"not_picked":["Blasphemy","SashWhip"],"picked":"ThirdEye","floor":28}],"player_experience":1099463,"relics_obtained":[{"floor":6.0,"key":"Boot"},{"floor":8.0,"key":"Strawberry"},{"floor":9.0,"key":"White Beast Statue"},{"floor":17,"key":"Bag of Marbles"},{"floor":17,"key":"Meat on the Bone"},{"floor":17,"key":"Lizard Tail"},{"floor":26,"key":"HornCleat"},{"floor":27,"key":"Enchiridion"}],"event_choices":[{"damage_healed":0.0,"max_hp_gain":0.0,"max_hp_loss":0.0,"gold_gain":75.0,"event_name":"World of Goop","player_choice":"Gather Gold","floor":4.0,"gold_loss":0.0,"damage_taken":11.0},{"damage_healed":0.0,"max_hp_gain":0.0,"max_hp_loss":0.0,"gold_gain":0.0,"event_name":"Liars Game","player_choice":"Ignored","floor":5.0,"gold_loss":0.0,"damage_taken":0.0},{"damage_healed":21.0,"max_hp_gain":0.0,"max_hp_loss":0.0,"gold_gain":0.0,"event_name":"The Cleric","player_choice":"Healed","floor":10.0,"gold_loss":35.0,"damage_taken":0.0},{"damage_healed":14.0,"max_hp_gain":0.0,"max_hp_loss":0.0,"gold_gain":0.0,"event_name":"Wheel of Change","player_choice":"Full Heal","floor":14.0,"gold_loss":0.0,"damage_taken":0.0},{"damage_healed":0,"gold_gain":0,"player_choice":"Obtained Book","damage_taken":16,"max_hp_gain":0,"max_hp_loss":0,"event_name":"Cursed Tome","floor":27,"gold_loss":0}],"is_beta":false,"boss_relics":[{"not_picked":["SlaversCollar","Runic Dome"],"picked":"Calling Bell"}],"items_purged_floors":[],"is_endless":false,"potions_floor_spawned":[2,6,7,11,13,16,18,20,21,22,24,28],"killed_by":"Book of Stabbing","ascension_level":6}}