{"host":"dpbezu80jg8zk7un","time":1607968639,"event":{"mods":["BaseMod","Colored Map","Colored Powertips","Custom Start","DeckTracker","Minty Spire (QoL Compilation)","Quick Restart","StSLib","SuperFastMode"],"gold_per_floor":[113,263,30,44,44,44,72,103,132,168,196,208,232,244,289,301,313,313],"floor_reached":17,"playtime":289,"items_purged":[],"score":284,"play_id":"0e7e5897-3c12-4f2e-8b5b-01bbf9a0cc3e","local_time":"20201215025719","is_ascension_mode":true,"campfire_choices":[{"data":"Apotheosis","floor":14,"key":"SMITH"},{"data":"MentalFortress","floor":16,"key":"SMITH"}],"circlet_count":0,"master_deck":["AscendersBane","Strike_P","Strike_P","Strike_P","Strike_P","Defend_P","Defend_P","Defend_P","Defend_P","Eruption","Vigilance","Apotheosis+1","FollowUp","MentalFortress+1","CrushJoints","FearNoEvil"],"relics":["PureWater","NeowsBlessing","MawBank","Toy Ornithopter","Pen Nib"],"acts_visited":["Exordium"],"potions_floor_usage":[17],"damage_taken":[{"damage":0.0,"enemies":"Jaw Worm","floor":1.0,"turns":1.0},{"damage":0.0,"enemies":"2 Louse","floor":4.0,"turns":1.0},{"damage":0.0,"enemies":"Lagavulin","floor":7.0,"turns":1.0},{"damage":0.0,"enemies":"Looter","floor":8.0,"turns":2.0},{"damage":10,"enemies":"Large Slime","floor":9,"turns":3},{"damage":0,"enemies":"Exordium Wildlife","floor":11,"turns":5},{"damage":0,"enemies":"Blue Slaver","floor":13,"turns":3},{"damage":11,"enemies":"Gremlin Nob","floor":15,"turns":3},{"damage":48,"enemies":"Slime Boss","floor":17,"turns":8}],"seed_played":"4783760081318608518","potions_obtained":[{"floor":1.0,"key":"PowerPotion"},{"floor":11,"key":"Swift Potion"},{"floor":13,"key":"SteroidPotion"}],"is_trial":false,"path_per_floor":["M","?","$","M","M","?","E","M","M","T","M","?","M","R","E","R","B"],"character_chosen":"WATCHER","items_purchased":["Apotheosis","FollowUp"],"campfire_rested":0,"item_purchase_floors":[3,3],"current_hp_per_floor":[61,61,61,61,61,61,61,61,51,51,51,51,51,51,40,40,0,0],"gold":313,"neow_bonus":"THREE_ENEMY_KILL","is_daily":false,"chose_seed":false,"campfire_upgraded":2,"win_rate":0.0,"timestamp":1607968639,"path_taken":["M","?","$","M","M","?","E","M","M","T","M","?","M","R","E","R","BOSS"],"items_purchased_type":["Card","Card"],"build_version":"2020-12-13","purchased_purges":0,"victory":false,"max_hp_per_floor":[68,68,68,68,68,68,68,68,68,68,68,68,68,68,68,68,68,68],"card_choices":[{"not_picked":["Study","Crescendo","Halt"],"picked":"SKIP","floor":1.0},{"not_picked":["FollowUp","Consecrate"],"picked":"MentalFortress","floor":4.0},{"not_picked":["Perseverance","ForeignInfluence","Prostrate"],"picked":"SKIP","floor":7.0},{"not_picked":["PathToVictory","CutThroughFate","FollowUp"],"picked":"SKIP","floor":8.0},{"not_picked":["FollowUp","Wallop"],"picked":"CrushJoints","floor":9},{"not_picked":["PathToVictory","WaveOfTheHand","Indignation"],"picked":"SKIP","floor":11},{"not_picked":["Collect","Protect"],"picked":"FearNoEvil","floor":13},{"not_picked":["MentalFortress","EmptyFist","DeceiveReality"],"picked":"SKIP","floor":15}],"player_experience":2745963,"relics_obtained":[{"floor":7.0,"key":"MawBank"},{"floor":10,"key":"Toy Ornithopter"},{"floor":15,"key":"Pen Nib"}],"event_choices":[{"damage_healed":0.0,"max_hp_gain":0.0,"max_hp_loss":0.0,"gold_gain":150.0,"event_name":"Liars Game","player_choice":"AGREE","floor":2.0,"gold_loss":0.0,"damage_taken":0.0,"cards_obtained":["Doubt"]},{"damage_healed":0.0,"max_hp_gain":0.0,"max_hp_loss":0.0,"gold_gain":0.0,"event_name":"The Cleric","player_choice":"Leave","floor":6.0,"gold_loss":0.0,"damage_taken":0.0},{"cards_removed":["Doubt"],"damage_healed":0,"gold_gain":0,"player_choice":"Forget","damage_taken":0,"max_hp_gain":0,"max_hp_loss":0,"event_name":"Living Wall","floor":12,"gold_loss":0}],"is_beta":false,"boss_relics":[],"items_purged_floors":[],"is_endless":false,"potions_floor_spawned":[1,11,13,15],"killed_by":"Slime Boss","ascension_level":20}}