{"host":"mvw7i28zi3kj0eu9","time":1607940520,"event":{"mods":["AchievementEnabler","BaseMod","Better Third Choice","BetterRewards","Block Reminder","Conspire","Custom Start","Downfall","Energized Spire","Halation","Hermit","Hubris","Infinite Spire","Jorbs\u0027s Wanderer Trilogy","Minty Spire (QoL Compilation)","Replay The Spire","Shop Mod","Small Relic Pack","Spikes Relics","StSLib","The Blue Laboratory","The Necromancer","The Servant 0.9.4","Virulent Crown"],"gold_per_floor":[119,119,119,119,132,132,149,164,238,238,79,91,116,41,41,145,145,159,174,174,174,187,187,187,201,201,201,215,245,64,163,163,260,260,280,280,280,293,309,36,36,49,76,95,95,95,95],"floor_reached":46,"playtime":1123,"items_purged":["Defend_B","Defend_B","Defend_B","Defend_B"],"score":455,"play_id":"d27a42c3-d8c7-4b41-8dfe-aabd2d333c16","local_time":"20201214110840","is_ascension_mode":false,"campfire_choices":[{"data":"Zap","floor":6.0,"key":"SMITH"},{"data":"FTL","floor":10.0,"key":"SMITH"},{"data":"Biased Cognition","floor":15.0,"key":"SMITH"},{"data":"Barrage","floor":23,"key":"SMITH"},{"floor":32,"key":"REST"},{"data":"Consume","floor":41,"key":"SMITH"},{"data":"Consume","floor":45,"key":"SMITH"}],"circlet_count":0,"master_deck":["Strike_B","Strike_B","Strike_B","Strike_B","Zap+1","Dualcast","Cold Snap","Barrage+1","FTL+1","Zap+1","Biased Cognition+1","FIFO Queue+1","Defragment+1","Capacitor","Consume+1","Consume+1","Coolheaded+1"],"relics":["Cracked Core","Gremlin Horn","LugNut","Orichalcum","Sundial","Odd Mushroom","Black Star","Nloth\u0027s Gift","ReplayTheSpireMod:Ninjato","infinitespire:SolderingIron","infinitespire:BottledMercury","Coffee Dripper","halation:EternalFortune","Lantern","infinitespire:Satchel"],"acts_visited":["Exordium","TheCity","TheBeyond"],"potions_floor_usage":[25,29,42],"damage_taken":[{"damage":0.0,"enemies":"Cultist","floor":1.0,"turns":3.0},{"damage":1.0,"enemies":"Small Slimes","floor":5.0,"turns":2.0},{"damage":9.0,"enemies":"2 Louse","floor":7.0,"turns":2.0},{"damage":3.0,"enemies":"Gremlin Gang","floor":8.0,"turns":2.0},{"damage":0.0,"enemies":"Lots of Slimes","floor":12.0,"turns":1.0},{"damage":12.0,"enemies":"The Mushroom Lair","floor":13.0,"turns":3.0},{"damage":2.0,"enemies":"Fading Forest","floor":16.0,"turns":11.0},{"damage":12.0,"enemies":"conspire:FuzzyDice","floor":18.0,"turns":4.0},{"damage":19.0,"enemies":"2 Thieves","floor":19.0,"turns":3.0},{"damage":14,"enemies":"Centurion and Healer","floor":22,"turns":3},{"damage":9,"enemies":"Chosen and Byrds","floor":25,"turns":4},{"damage":6,"enemies":"Snake Plant","floor":28,"turns":3},{"damage":7,"enemies":"conspire:SneckoGhost","floor":29,"turns":4},{"damage":4,"enemies":"conspire:MysteriousRune","floor":33,"turns":5},{"damage":12,"enemies":"3 Shapes","floor":35,"turns":4},{"damage":32,"enemies":"3 Darklings","floor":38,"turns":3},{"damage":9,"enemies":"Spire Growth","floor":39,"turns":3},{"damage":22,"enemies":"Jaw Worm Horde","floor":42,"turns":3},{"damage":0,"enemies":"Maw","floor":44,"turns":4},{"damage":7,"enemies":"Transient","floor":46,"turns":1}],"seed_played":"8099181421246216907","potions_obtained":[{"floor":5.0,"key":"blueLaboratory:PyrophylliteBrew"},{"floor":7.0,"key":"Strength Potion"},{"floor":12.0,"key":"blueLaboratory:ForbiddenFruitJuice"},{"floor":18.0,"key":"Ancient Potion"},{"floor":25,"key":"Adrenaline Potion"},{"floor":38,"key":"Swift Potion"}],"is_trial":false,"path_per_floor":["M","?","?","?","M","R","M","M","T","R","$","M","?","$","R","B",null,"M","M","AVR","?","M","R","?","M","T","?","M","E","$","?","R","B",null,"M","?","?","M","M","$","R","M","T","M","R","M"],"character_chosen":"DEFECT","items_purchased":["Gremlin Horn","LugNut","Cold Snap","Orichalcum","Barrage","Biased Cognition","Consume","Lantern"],"campfire_rested":1,"item_purchase_floors":[0,0,0,0,0,11,30,40],"current_hp_per_floor":[75,75,75,75,74,74,65,62,62,62,62,62,50,50,50,58,75,63,44,44,44,30,30,30,21,21,21,15,8,8,8,30,26,75,63,66,66,34,25,25,25,3,3,3,3,0,0],"gold":95,"neow_bonus":"","is_daily":false,"chose_seed":false,"campfire_upgraded":6,"win_rate":0.0,"timestamp":1607940520,"path_taken":["M","?","?","?","?","R","M","M","T","R","?","M","?","$","R","BOSS","M","M","AVR","?","M","R","?","?","T","?","?","E","$","?","R","BOSS","M","?","?","M","?","?","R","M","T","?","R","M"],"items_purchased_type":["Relic","Relic","Card","Relic","Card","Card","Card","Relic"],"build_version":"2020-12-13","purchased_purges":4,"victory":false,"max_hp_per_floor":[75,75,75,75,75,75,75,75,75,75,75,75,75,75,75,75,75,75,75,75,75,75,75,75,75,75,75,75,75,75,75,75,75,75,75,78,78,78,78,78,78,78,78,78,78,78,78],"card_choices":[{"not_picked":["Compile Driver","Stack"],"picked":"FTL","floor":1.0},{"not_picked":["Sweeping Beam","Rebound","Coolheaded"],"picked":"SKIP","floor":5.0},{"not_picked":["Turbo","Go for the Eyes","Blizzard"],"picked":"SKIP","floor":7.0},{"not_picked":["Redo","Go for the Eyes","Rip and Tear"],"picked":"SKIP","floor":8.0},{"not_picked":["Steam","Rebound"],"picked":"FIFO Queue","floor":12.0},{"not_picked":["Hello World+1","Coolheaded","Genetic Algorithm"],"picked":"SKIP","floor":18.0},{"not_picked":["Aggregate","Beam Cell","Hologram"],"picked":"SKIP","floor":19.0},{"not_picked":["hubris:Ukulele","Consume"],"picked":"Defragment+1","floor":22},{"not_picked":["Coolheaded","Sweeping Beam"],"picked":"Capacitor","floor":25},{"not_picked":["Self Repair","hubris:SpecializedCircuitry","BasicCrystalCard"],"picked":"SKIP","floor":28},{"not_picked":["ReplayTheSpireMod:Omega Cannon","Self Repair"],"picked":"Consume","floor":29},{"not_picked":["hubris:PowerSurge+1","Conserve Battery+1","ReplaySolidLightProjector"],"picked":"SKIP","floor":35},{"not_picked":["RefreshScreen+1","ReplayTheSpireMod:Dual Polarity","Sweeping Beam+1"],"picked":"SKIP","floor":38},{"not_picked":["Sweeping Beam+1","Turbo"],"picked":"Coolheaded+1","floor":39},{"not_picked":["Conserve Battery+1","Consume+1","Stack+1"],"picked":"SKIP","floor":42},{"not_picked":["Go for the Eyes","ReplayTheSpireMod:Reroute Power","Conserve Battery+1"],"picked":"SKIP","floor":44}],"player_experience":836855,"relics_obtained":[{"floor":9.0,"key":"Sundial"},{"floor":13.0,"key":"Odd Mushroom"},{"floor":26,"key":"ReplayTheSpireMod:Ninjato"},{"floor":29,"key":"infinitespire:SolderingIron"},{"floor":29,"key":"infinitespire:BottledMercury"},{"floor":43,"key":"infinitespire:Satchel"}],"event_choices":[{"damage_healed":0.0,"max_hp_gain":0.0,"max_hp_loss":0.0,"gold_gain":0.0,"event_name":"conspire:Investor","player_choice":"Leave","floor":2.0,"gold_loss":0.0,"damage_taken":0.0},{"damage_healed":0.0,"max_hp_gain":0.0,"max_hp_loss":0.0,"gold_gain":0.0,"event_name":"Match and Keep!","player_choice":"1 cards matched","floor":4.0,"gold_loss":0.0,"damage_taken":0.0,"cards_obtained":["Zap"]},{"damage_healed":0.0,"max_hp_gain":0.0,"max_hp_loss":0.0,"gold_gain":0.0,"event_name":"Mushrooms","player_choice":"Fought Mushrooms","floor":13.0,"gold_loss":0.0,"damage_taken":0.0},{"damage_healed":0,"gold_gain":0,"player_choice":"Traded Relic","damage_taken":0,"relics_obtained":["Nloth\u0027s Gift"],"max_hp_gain":0,"max_hp_loss":0,"event_name":"N\u0027loth","floor":24,"relics_lost":["Blue Doll"],"gold_loss":0},{"damage_healed":0,"gold_gain":0,"player_choice":"Forge","damage_taken":0,"max_hp_gain":0,"max_hp_loss":0,"event_name":"Accursed Blacksmith","floor":27,"gold_loss":0,"cards_upgraded":["FIFO Queue"]},{"damage_healed":0,"gold_gain":99,"player_choice":"Steal","damage_taken":0,"max_hp_gain":0,"max_hp_loss":0,"event_name":"betterThird:BetterNest","floor":31,"gold_loss":0},{"damage_healed":0,"gold_gain":0,"player_choice":"Bought 0 Potions","damage_taken":0,"max_hp_gain":0,"max_hp_loss":0,"event_name":"The Woman in Blue","floor":37,"gold_loss":0}],"is_beta":false,"boss_relics":[{"not_picked":["energizedSpire:MagnifyingGlass","Sandwich"],"picked":"Black Star"},{"not_picked":["Nuclear Battery","Calling Bell"],"picked":"Coffee Dripper"}],"items_purged_floors":[14,20,30,40],"is_endless":false,"potions_floor_spawned":[1,5,7,12,18,25,29,38],"killed_by":"Transient","ascension_level":0}}