{"host":"hyrsuayny3efwwum","time":1607919295,"event":{"mods":["BaseMod","Bestiary","Colored Map","Highlight Path","Minty Spire (QoL Compilation)","Relic Stats","StSLib"],"gold_per_floor":[111,111,186,186,236,262,2,20,45,57,84,84,111,128,128,201,201,213,213,138,153,165,196,211,211,211],"floor_reached":25,"playtime":1001,"items_purged":["Regret"],"score":532,"play_id":"5480018a-5cae-4b21-abd2-536b5a1d41bf","local_time":"20201213231455","is_ascension_mode":true,"campfire_choices":[{"data":"Flex","floor":12.0,"key":"SMITH"},{"data":"Shockwave","floor":15,"key":"SMITH"}],"circlet_count":0,"master_deck":["AscendersBane","Strike_R+1","Strike_R","Defend_R","Defend_R","Defend_R","Defend_R","Bash","Heavy Blade+1","Twin Strike","Iron Wave","Feed","Flex+1","Shockwave+1","Combust","Anger","Fiend Fire","CurseOfTheBell","Inflame","Reckless Charge","Flame Barrier","Armaments","Thunderclap+1","Disarm"],"relics":["Burning Blood","NeowsBlessing","InkBottle","Smiling Mask","ClockworkSouvenir","Anchor","Ice Cream","Tiny Chest","Calling Bell","Dream Catcher","Letter Opener","Torii","Bottled Flame"],"acts_visited":["Exordium","TheCity"],"potions_floor_usage":[22,23,24],"damage_taken":[{"damage":0.0,"enemies":"Cultist","floor":1.0,"turns":1.0},{"damage":0.0,"enemies":"3 Sentries","floor":6.0,"turns":1.0},{"damage":0.0,"enemies":"2 Louse","floor":8.0,"turns":1.0},{"damage":5.0,"enemies":"Small Slimes","floor":10.0,"turns":3.0},{"damage":8.0,"enemies":"Gremlin Nob","floor":11.0,"turns":3.0},{"damage":5,"enemies":"Lagavulin","floor":13,"turns":4},{"damage":6,"enemies":"Exordium Thugs","floor":14,"turns":3},{"damage":26,"enemies":"Hexaghost","floor":16,"turns":7},{"damage":22,"enemies":"2 Thieves","floor":18,"turns":4},{"damage":14,"enemies":"Chosen","floor":21,"turns":4},{"damage":21,"enemies":"Shelled Parasite and Fungi","floor":22,"turns":4},{"damage":36,"enemies":"Book of Stabbing","floor":23,"turns":5},{"damage":14,"enemies":"Snecko","floor":24,"turns":5},{"damage":27,"enemies":"Slavers","floor":25,"turns":3}],"seed_played":"-8595010610964290344","potions_obtained":[{"floor":1.0,"key":"Strength Potion"},{"floor":6.0,"key":"Explosive Potion"},{"floor":16,"key":"LiquidBronze"},{"floor":22,"key":"FairyPotion"},{"floor":23,"key":"DistilledChaos"}],"is_trial":false,"path_per_floor":["M","?","?","?","?","E","$","M","T","M","E","R","E","M","R","B",null,"M","?","?","M","M","E","M","E"],"character_chosen":"IRONCLAD","items_purchased":["ClockworkSouvenir","Iron Wave"],"campfire_rested":0,"item_purchase_floors":[7,7],"current_hp_per_floor":[74,51,40,40,33,39,39,45,45,49,47,47,48,51,51,31,69,56,56,56,48,36,32,27,0,0],"gold":211,"neow_bonus":"THREE_ENEMY_KILL","is_daily":false,"chose_seed":false,"campfire_upgraded":2,"win_rate":0.0,"timestamp":1607919295,"path_taken":["M","?","?","?","?","E","$","M","T","M","E","R","E","?","R","BOSS","M","?","?","M","M","E","M","E"],"items_purchased_type":["Relic","Card"],"build_version":"2020-12-13","purchased_purges":1,"victory":false,"max_hp_per_floor":[75,75,75,75,75,75,75,75,75,78,78,78,78,81,81,81,81,84,84,84,84,87,87,90,90,90],"relic_stats":{"Dream Catcher":0,"Torii":52,"counters":[14,48],"Tiny Chest":0,"Letter Opener":[0],"Smiling Mask":25,"obtain_stats":[{"Ice Cream":11,"NeowsBlessing":0,"Torii":17,"Letter Opener":17,"Smiling Mask":6,"Burning Blood":0,"ClockworkSouvenir":7,"Calling Bell":17,"Anchor":9,"Dream Catcher":17,"Bottled Flame":23,"Tiny Chest":13,"InkBottle":4},{"Ice Cream":5,"NeowsBlessing":0,"Torii":8,"Letter Opener":8,"Smiling Mask":2,"Burning Blood":0,"ClockworkSouvenir":2,"Calling Bell":8,"Anchor":3,"Dream Catcher":8,"Bottled Flame":12,"Tiny Chest":6,"InkBottle":1},{"Ice Cream":9,"NeowsBlessing":0,"Torii":23,"Letter Opener":23,"Smiling Mask":2,"Burning Blood":0,"ClockworkSouvenir":2,"Calling Bell":23,"Anchor":3,"Dream Catcher":23,"Bottled Flame":40,"Tiny Chest":13,"InkBottle":1}],"Burning Blood":78,"InkBottle":[10]},"card_choices":[{"not_picked":["Rupture","Clash"],"picked":"Heavy Blade","floor":1.0},{"not_picked":["Havoc","Headbutt"],"picked":"Twin Strike","floor":6.0},{"not_picked":["Flame Barrier","Evolve"],"picked":"Feed","floor":8.0},{"not_picked":["Whirlwind","Thunderclap"],"picked":"Flex","floor":10.0},{"not_picked":["Clash","Warcry"],"picked":"Shockwave","floor":11.0},{"not_picked":["Rampage","Dark Embrace"],"picked":"Combust","floor":13},{"not_picked":["Armaments","Perfected Strike"],"picked":"Anger","floor":14},{"not_picked":["Corruption","Offering"],"picked":"Fiend Fire","floor":16},{"not_picked":["Iron Wave","Sever Soul","Clash"],"picked":"SKIP","floor":18},{"not_picked":["Heavy Blade","Pommel Strike"],"picked":"Flame Barrier","floor":21},{"not_picked":["True Grit","Entrench"],"picked":"Armaments","floor":22},{"not_picked":["Fire Breathing","Juggernaut"],"picked":"Thunderclap+1","floor":23},{"not_picked":["Thunderclap","Dropkick"],"picked":"Disarm","floor":24}],"player_experience":743806,"relics_obtained":[{"floor":6.0,"key":"Smiling Mask"},{"floor":9.0,"key":"Anchor"},{"floor":11.0,"key":"Ice Cream"},{"floor":13,"key":"Tiny Chest"},{"floor":17,"key":"Dream Catcher"},{"floor":17,"key":"Letter Opener"},{"floor":17,"key":"Torii"},{"floor":23,"key":"Bottled Flame"}],"event_choices":[{"damage_healed":0.0,"max_hp_gain":0.0,"max_hp_loss":0.0,"gold_gain":0.0,"event_name":"Shining Light","player_choice":"Entered Light","floor":2.0,"gold_loss":0.0,"damage_taken":23.0,"cards_upgraded":["Strike_R","Heavy Blade"]},{"damage_healed":0.0,"max_hp_gain":0.0,"max_hp_loss":0.0,"gold_gain":75.0,"event_name":"World of Goop","player_choice":"Gather Gold","floor":3.0,"gold_loss":0.0,"damage_taken":11.0},{"damage_healed":0.0,"max_hp_gain":0.0,"max_hp_loss":0.0,"gold_gain":0.0,"event_name":"Big Fish","player_choice":"Box","floor":4.0,"gold_loss":0.0,"damage_taken":0.0,"relics_obtained":["InkBottle"],"cards_obtained":["Regret"]},{"damage_healed":0.0,"max_hp_gain":0.0,"max_hp_loss":0.0,"gold_gain":50.0,"event_name":"FaceTrader","player_choice":"Touch","floor":5.0,"gold_loss":0.0,"damage_taken":7.0},{"damage_healed":0,"gold_gain":0,"cards_transformed":["Strike_R","Strike_R"],"player_choice":"Became Test Subject","damage_taken":0,"max_hp_gain":0,"max_hp_loss":0,"event_name":"Drug Dealer","floor":19,"gold_loss":0,"cards_obtained":["Inflame","Reckless Charge"]},{"cards_removed":["Strike_R"],"damage_healed":0,"gold_gain":0,"player_choice":"Gave Gold","damage_taken":0,"max_hp_gain":0,"max_hp_loss":0,"event_name":"Beggar","floor":20,"gold_loss":75}],"is_beta":false,"boss_relics":[{"not_picked":["Busted Crown","SacredBark"],"picked":"Calling Bell"}],"items_purged_floors":[7],"is_endless":false,"potions_floor_spawned":[1,6,16,18,22,23],"killed_by":"Slavers","ascension_level":20}}