{"host":"z60ck2mpr6goyib8","time":1607981695,"event":{"mods":["BaseMod","Best Route Mod","Bestiary","Better Third Choice","Block Reminder","Colored Map","Colored Powertips","Googly Eyes","Minty Spire (QoL Compilation)","Quick Restart","Relic Stats","Slay-I","StSLib","everything is the same but u backflip on backflip"],"gold_per_floor":[116,116,132,132,148,148,50,75,75,75,88,100,12,47,47,143,143,158,158,173,173,193,193,193,228,300,300,313,330,355,369,369,468,468,488,488,64,84,7,36,0,32,32,60,80,80,80],"floor_reached":46,"playtime":1852,"items_purged":["Study"],"score":943,"play_id":"1f60e194-13ac-438e-b116-bc01af05f9d3","local_time":"20201214213455","is_ascension_mode":true,"campfire_choices":[{"data":"Adaptation","floor":6.0,"key":"SMITH"},{"data":"ForeignInfluence","floor":15.0,"key":"SMITH"},{"data":"Judgement","floor":23.0,"key":"SMITH"},{"data":"Ragnarok","floor":27.0,"key":"SMITH"},{"data":"SpiritShield","floor":32.0,"key":"SMITH"}],"circlet_count":0,"master_deck":["Eruption+1","Vigilance","Establishment","Judgement+1","LikeWater","ForeignInfluence+1","Ragnarok+1","Perseverance","Adaptation+1","CutThroughFate","EmptyBody","Indignation","Halt","JustLucky+1","SignatureMove+1","ConjureBlade","SpiritShield+1","Weave+1","TalkToTheHand+1","Halt+1","Wallop+1","Panache","Perseverance+1","Sanctity","Tantrum+1","ClearTheMind+1","Omniscience"],"relics":["Pandora\u0027s Box","Molten Egg 2","White Beast Statue","PreservedInsect","Philosopher\u0027s Stone","Strawberry","Gremlin Horn","Bird Faced Urn","Black Star","Shuriken","GoldenEye","Orichalcum","Bottled Tornado","Pear","Mercury Hourglass","Dead Branch","Akabeko"],"acts_visited":["TheBeyond"],"potions_floor_usage":[46],"damage_taken":[{"damage":7.0,"enemies":"Jaw Worm","floor":1.0,"turns":3.0},{"damage":0.0,"enemies":"Small Slimes","floor":3.0,"turns":2.0},{"damage":0.0,"enemies":"Cultist","floor":5.0,"turns":3.0},{"damage":34.0,"enemies":"Lagavulin","floor":8.0,"turns":8.0},{"damage":1.0,"enemies":"Blue Slaver","floor":11.0,"turns":3.0},{"damage":5.0,"enemies":"Lots of Slimes","floor":12.0,"turns":2.0},{"damage":0.0,"enemies":"Gremlin Nob","floor":14.0,"turns":2.0},{"damage":13.0,"enemies":"The Guardian","floor":16.0,"turns":9.0},{"damage":2.0,"enemies":"3 Byrds","floor":18.0,"turns":3.0},{"damage":0.0,"enemies":"Spheric Guardian","floor":20.0,"turns":2.0},{"damage":0.0,"enemies":"Centurion and Healer","floor":22.0,"turns":3.0},{"damage":0.0,"enemies":"Gremlin Leader","floor":25.0,"turns":2.0},{"damage":0.0,"enemies":"3 Cultists","floor":28.0,"turns":2.0},{"damage":5.0,"enemies":"Cultist and Chosen","floor":29.0,"turns":3.0},{"damage":22.0,"enemies":"Book of Stabbing","floor":30.0,"turns":6.0},{"damage":0.0,"enemies":"Centurion and Healer","floor":31.0,"turns":1.0},{"damage":1.0,"enemies":"Automaton","floor":33.0,"turns":7.0},{"damage":0.0,"enemies":"Orb Walker","floor":35.0,"turns":3.0},{"damage":0.0,"enemies":"3 Darklings","floor":38.0,"turns":4.0},{"damage":9.0,"enemies":"Giant Head","floor":40.0,"turns":6.0},{"damage":0.0,"enemies":"Reptomancer","floor":42.0,"turns":2.0},{"damage":29.0,"enemies":"Nemesis","floor":44.0,"turns":5.0},{"damage":6.0,"enemies":"Maw","floor":45.0,"turns":4.0},{"damage":90,"enemies":"Writhing Mass","floor":46,"turns":2}],"seed_played":"-3063964345986955624","potions_obtained":[{"floor":1.0,"key":"Explosive Potion"},{"floor":3.0,"key":"LiquidMemories"},{"floor":8.0,"key":"Weak Potion"},{"floor":12.0,"key":"Regen Potion"},{"floor":14.0,"key":"GamblersBrew"},{"floor":16.0,"key":"Regen Potion"},{"floor":18.0,"key":"Fire Potion"},{"floor":22.0,"key":"Fire Potion"},{"floor":24.0,"key":"AttackPotion"},{"floor":24.0,"key":"StancePotion"},{"floor":25.0,"key":"SkillPotion"},{"floor":28.0,"key":"Explosive Potion"},{"floor":29.0,"key":"Strength Potion"},{"floor":30.0,"key":"LiquidMemories"},{"floor":31.0,"key":"SkillPotion"},{"floor":33.0,"key":"BottledMiracle"},{"floor":35.0,"key":"Strength Potion"},{"floor":38.0,"key":"Explosive Potion"},{"floor":40.0,"key":"BottledMiracle"},{"floor":42.0,"key":"FearPotion"},{"floor":44.0,"key":"Swift Potion"},{"floor":45.0,"key":"CultistPotion"}],"is_trial":false,"path_per_floor":["M","?","M","?","M","R","$","E","T","?","M","M","$","E","R","B",null,"M","?","M","?","M","R","?","E","T","R","M","M","E","M","R","B",null,"M","?","$","M","$","E","$","E","T","E","M","M"],"character_chosen":"WATCHER","items_purchased":["EmptyBody","SignatureMove+1","AttackPotion","Panache","Shuriken","Sanctity","Tantrum+1"],"campfire_rested":0,"item_purchase_floors":[7,13,13,37,37,39,41],"current_hp_per_floor":[58,58,58,58,58,58,58,24,24,24,23,18,18,18,18,5,55,53,53,53,40,40,40,40,52,52,52,52,47,25,25,25,30,71,75,75,75,77,77,75,75,87,87,66,64,0,0],"gold":80,"neow_bonus":"BOSS_RELIC","is_daily":false,"chose_seed":false,"campfire_upgraded":5,"win_rate":0.0,"timestamp":1607981695,"path_taken":["M","?","M","?","?","R","$","E","T","?","?","M","?","E","R","BOSS","M","?","M","?","M","R","?","E","T","R","M","M","E","?","R","BOSS","M","?","$","M","$","E","?","E","T","E","M","M"],"items_purchased_type":["Card","Card","Potion","Card","Relic","Card","Card"],"build_version":"2020-12-13","purchased_purges":1,"victory":false,"max_hp_per_floor":[72,72,72,72,72,72,72,72,72,72,72,72,72,72,72,72,72,72,72,72,77,77,77,77,84,84,84,84,84,84,84,84,84,84,84,84,84,84,84,84,84,94,94,94,94,94,94],"relic_stats":{"Gremlin Horn":[12,12],"counters":[13,47],"Shuriken":[9],"Bird Faced Urn":[35],"Dead Branch":[2],"Pandora\u0027s Box":[],"PreservedInsect":331,"Black Star":3,"Orichalcum":[24],"GoldenEye":[8],"obtain_stats":[{"Pear":42,"Gremlin Horn":26,"Dead Branch":44,"PreservedInsect":0,"Orichalcum":40,"Bottled Tornado":42,"GoldenEye":40,"White Beast Statue":0,"Akabeko":44,"Mercury Hourglass":43,"Shuriken":37,"Strawberry":25,"Bird Faced Urn":30,"Pandora\u0027s Box":0,"Molten Egg 2":0,"Philosopher\u0027s Stone":0,"Black Star":34},{"Pear":10,"Gremlin Horn":1,"Dead Branch":11,"PreservedInsect":0,"Orichalcum":9,"Bottled Tornado":10,"GoldenEye":9,"White Beast Statue":0,"Akabeko":11,"Mercury Hourglass":10,"Shuriken":7,"Strawberry":1,"Bird Faced Urn":4,"Pandora\u0027s Box":0,"Molten Egg 2":0,"Philosopher\u0027s Stone":0,"Black Star":6},{"Pear":36,"Gremlin Horn":2,"Dead Branch":41,"PreservedInsect":0,"Orichalcum":34,"Bottled Tornado":36,"GoldenEye":34,"White Beast Statue":0,"Akabeko":41,"Mercury Hourglass":36,"Shuriken":24,"Strawberry":2,"Bird Faced Urn":13,"Pandora\u0027s Box":0,"Molten Egg 2":0,"Philosopher\u0027s Stone":0,"Black Star":21}],"Mercury Hourglass":[29]},"card_choices":[{"not_picked":["FlyingSleeves","WheelKick"],"picked":"Adaptation","floor":1.0},{"not_picked":["FlurryOfBlows","ClearTheMind"],"picked":"BowlingBash","floor":3.0},{"not_picked":["CrushJoints","Protect"],"picked":"CutThroughFate","floor":5.0},{"not_picked":["BowlingBash+1","EmptyMind"],"picked":"Indignation","floor":8.0},{"not_picked":["DeceiveReality","EmptyFist+1"],"picked":"Halt","floor":11.0},{"not_picked":["CutThroughFate+1","Prostrate"],"picked":"JustLucky+1","floor":12.0},{"not_picked":["Evaluate","EmptyFist+1"],"picked":"ConjureBlade","floor":14.0},{"not_picked":["Scrawl","Blasphemy"],"picked":"SpiritShield","floor":16.0},{"not_picked":["CrushJoints+1","Crescendo","BowlingBash+1"],"picked":"SKIP","floor":18.0},{"not_picked":["InnerPeace","Crescendo"],"picked":"Weave+1","floor":20.0},{"not_picked":["Meditate","BattleHymn"],"picked":"TalkToTheHand+1","floor":22.0},{"not_picked":["SashWhip+1","EmptyMind","Prostrate"],"picked":"SKIP","floor":25.0},{"not_picked":["Pray","ThirdEye+1","SashWhip+1"],"picked":"SKIP","floor":28.0},{"not_picked":["Evaluate","ThirdEye"],"picked":"Halt+1","floor":29.0},{"not_picked":["TalkToTheHand+1","ConjureBlade"],"picked":"Wallop+1","floor":30.0},{"not_picked":["Protect","BattleHymn","JustLucky+1"],"picked":"SKIP","floor":31.0},{"not_picked":["Perseverance+1","EmptyBody","Crescendo"],"picked":"SKIP","floor":35.0},{"not_picked":["EmptyBody+1","ThirdEye"],"picked":"Perseverance+1","floor":38.0},{"not_picked":["EmptyBody+1","Pray+1","ClearTheMind+1"],"picked":"SKIP","floor":40.0},{"not_picked":["Vengeance+1","Protect"],"picked":"ClearTheMind+1","floor":42.0},{"not_picked":["CutThroughFate+1","Pray+1","Perseverance"],"picked":"SKIP","floor":44.0},{"not_picked":["CrushJoints+1","TalkToTheHand+1"],"picked":"Omniscience","floor":45.0}],"player_experience":479869,"relics_obtained":[{"floor":8.0,"key":"Molten Egg 2"},{"floor":9.0,"key":"White Beast Statue"},{"floor":14.0,"key":"PreservedInsect"},{"floor":25.0,"key":"Strawberry"},{"floor":26.0,"key":"Gremlin Horn"},{"floor":30.0,"key":"Bird Faced Urn"},{"floor":40.0,"key":"GoldenEye"},{"floor":40.0,"key":"Orichalcum"},{"floor":42.0,"key":"Bottled Tornado"},{"floor":42.0,"key":"Pear"},{"floor":43.0,"key":"Mercury Hourglass"},{"floor":44.0,"key":"Dead Branch"},{"floor":44.0,"key":"Akabeko"}],"event_choices":[{"cards_removed":["Study"],"damage_healed":0.0,"max_hp_gain":0.0,"max_hp_loss":0.0,"gold_gain":0.0,"event_name":"Living Wall","player_choice":"Forget","floor":2.0,"gold_loss":0.0,"damage_taken":0.0},{"damage_healed":0.0,"max_hp_gain":0.0,"max_hp_loss":0.0,"gold_gain":0.0,"event_name":"The Woman in Blue","player_choice":"Bought 0 Potions","floor":4.0,"gold_loss":0.0,"damage_taken":0.0},{"damage_healed":0.0,"max_hp_gain":0.0,"max_hp_loss":0.0,"gold_gain":0.0,"event_name":"Upgrade Shrine","player_choice":"Upgraded","floor":10.0,"gold_loss":0.0,"damage_taken":0.0,"cards_upgraded":["Eruption"]},{"damage_healed":0.0,"max_hp_gain":0.0,"max_hp_loss":0.0,"gold_gain":0.0,"event_name":"Vampires","player_choice":"Ignored","floor":19.0,"gold_loss":0.0,"damage_taken":0.0},{"damage_healed":0.0,"max_hp_gain":5.0,"max_hp_loss":0.0,"gold_gain":0.0,"event_name":"Forgotten Altar","player_choice":"Shed Blood","floor":21.0,"gold_loss":0.0,"damage_taken":18.0},{"damage_healed":0.0,"max_hp_gain":0.0,"max_hp_loss":0.0,"gold_gain":0.0,"event_name":"Lab","player_choice":"Got Potions","floor":24.0,"gold_loss":0.0,"damage_taken":0.0},{"cards_removed":["BowlingBash"],"damage_healed":0.0,"max_hp_gain":0.0,"max_hp_loss":0.0,"gold_gain":0.0,"event_name":"Purifier","player_choice":"Purged","floor":36.0,"gold_loss":0.0,"damage_taken":0.0}],"is_beta":false,"boss_relics":[{"not_picked":["Astrolabe","Sozu"],"picked":"Philosopher\u0027s Stone"},{"not_picked":["Coffee Dripper","Fusion Hammer"],"picked":"Black Star"}],"items_purged_floors":[7],"is_endless":false,"potions_floor_spawned":[1,3,8,11,12,14,16,18,20,22,25,28,29,30,31,33,35,38,40,42,44,45],"killed_by":"Writhing Mass","ascension_level":9}}