{"host":"2r9c5djnwa59pg08","time":1607928630,"event":{"mods":["AchievementEnabler","Aspiration","BaseMod","Better Note","BetterRewards","Card Forge","Conspire","Energized Spire","Halation","Hermit","Infinite Spire","Marked Mod","Minty Spire (QoL Compilation)","Permanent Neow","Replay The Spire","StSLib","Transform Curses"],"gold_per_floor":[115,153,153,153,6,6,40,40,40,55,55,72,20,31,31,31,31],"floor_reached":16,"playtime":588,"items_purged":["infinitespire:Pacifist"],"score":98,"play_id":"fe40e4c1-444d-4e3c-8ac5-48804d5bd8e8","local_time":"20201214145030","is_ascension_mode":false,"campfire_choices":[{"data":"hermit:Showdown","floor":6.0,"key":"SMITH"},{"floor":15.0,"key":"REST"}],"circlet_count":0,"master_deck":["hermit:Strike_Hermit","hermit:Strike_Hermit","hermit:Strike_Hermit","hermit:Strike_Hermit","hermit:Defend_Hermit","hermit:Defend_Hermit","hermit:Defend_Hermit","hermit:Defend_Hermit","hermit:Snapshot","hermit:Covet","Panacea","hermit:Quickdraw","hermit:HoleUp","hermit:Glare","hermit:Showdown+1","hermit:Quickdraw","hermit:FlashPowder","hermit:Coalescence","hermit:OverwhelmingPower"],"relics":["hermit:Momento","Hammer of Thor","Seething Fire","Anvil of the Gods","Ginger","aspiration:StickyExplosives_weak","ReplayTheSpireMod:Ring of Challenge","Ring of Fangs","HornCleat","Shuriken","Oddly Smooth Stone"],"acts_visited":["Exordium"],"potions_floor_usage":[16,16],"damage_taken":[{"damage":0.0,"enemies":"Small Slimes","floor":1.0,"turns":3.0},{"damage":30.0,"enemies":"Gremlin Nob","floor":7.0,"turns":5.0},{"damage":10.0,"enemies":"2 Louse","floor":10.0,"turns":3.0},{"damage":0.0,"enemies":"Jaw Worm","floor":12.0,"turns":3.0},{"damage":0.0,"enemies":"Red Slaver","floor":14.0,"turns":4.0},{"damage":40,"enemies":"Slime Boss","floor":16,"turns":9}],"seed_played":"8600761593668364715","potions_obtained":[{"floor":1.0,"key":"Weak Potion"},{"floor":2.0,"key":"DuplicationPotion"},{"floor":2.0,"key":"Adrenaline Potion"},{"floor":10.0,"key":"SpeedPotion"},{"floor":12.0,"key":"Languid Potion"}],"is_trial":false,"path_per_floor":["M","?","?","?","$","R","E","T","T","M","$","M","$","M","R","B"],"character_chosen":"HERMIT","items_purchased":["Ginger","hermit:Quickdraw","hermit:Showdown","Fire Potion"],"campfire_rested":1,"item_purchase_floors":[0,0,5,13],"current_hp_per_floor":[53,53,53,53,53,53,23,23,23,13,13,13,13,13,35,0,0],"gold":31,"neow_bonus":"","is_daily":false,"chose_seed":false,"campfire_upgraded":1,"win_rate":0.0,"timestamp":1607928630,"path_taken":["M","?","?","?","$","R","E","?","T","M","$","M","?","M","R","BOSS"],"items_purchased_type":["Relic","Card","Card","Potion"],"build_version":"2020-12-13","purchased_purges":1,"victory":false,"max_hp_per_floor":[75,75,75,75,75,75,75,75,75,75,75,75,75,75,75,75,75],"card_choices":[{"not_picked":["hermit:WideOpen","hermit:Headshot"],"picked":"hermit:HoleUp","floor":1.0},{"not_picked":["hermit:Vantage","hermit:CalledShot"],"picked":"hermit:Glare","floor":2.0},{"not_picked":["hermit:FullyLoaded","hermit:Cheat"],"picked":"hermit:Quickdraw","floor":7.0},{"not_picked":["hermit:Vantage","hermit:WideOpen"],"picked":"hermit:FlashPowder","floor":10.0},{"not_picked":["hermit:Misfire","hermit:BodyArmor"],"picked":"hermit:Coalescence","floor":12.0},{"not_picked":["hermit:LoneWolf","hermit:HoleUp"],"picked":"hermit:OverwhelmingPower","floor":14.0}],"player_experience":379816,"relics_obtained":[{"floor":4.0,"key":"ReplayTheSpireMod:Ring of Challenge"},{"floor":4.0,"key":"Ring of Fangs"},{"floor":7.0,"key":"HornCleat"},{"floor":8.0,"key":"Shuriken"},{"floor":9.0,"key":"Oddly Smooth Stone"}],"event_choices":[{"cards_removed":["ReplayTheSpireMod:Splinters"],"damage_healed":0.0,"max_hp_gain":0.0,"max_hp_loss":0.0,"gold_gain":0.0,"event_name":"Living Wall","player_choice":"Forget","floor":3.0,"gold_loss":0.0,"damage_taken":0.0}],"is_beta":false,"boss_relics":[],"items_purged_floors":[5],"is_endless":false,"potions_floor_spawned":[1,10,12],"killed_by":"Slime Boss","ascension_level":0}}