{"host":"g9y2ptialarrkhtq","time":1607944310,"event":{"mods":["Act Like it!","BaseMod","Conspire","Jedi Mod","Minty Spire (QoL Compilation)","Replay The Spire","StSLib","The Gatherer"],"gold_per_floor":[118,149,220,234,247,262,262,42,42,42,55,9,41,59,59,160,160,177,177,191,116,134,169,169,185,185,100,40,40,83,112,121,235,235,262,282,320,344,363,392,425,108,163,163,206,250,294,322,331,343,343,352,4,64,80],"floor_reached":56,"playtime":4755,"items_purged":["Gatherer:Strike_Gatherer","Gatherer:Strike_Gatherer","Gatherer:Defend_Gatherer"],"score":1125,"play_id":"ca6c97e0-b0fd-4c25-b492-c9a752f0ba96","local_time":"20201214191150","is_ascension_mode":false,"metric_token":533,"campfire_choices":[{"data":"Gatherer:FinishingStrike","floor":7.0,"key":"SMITH"},{"data":"Gatherer:FlowerBeam","floor":15.0,"key":"SMITH"},{"data":"Gatherer:FlowerBeam+1","floor":24.0,"key":"SMITH"},{"data":"Gatherer:Strike_Gatherer","floor":32,"key":"PURGE"},{"floor":49,"key":"RECALL"},{"data":"Gatherer:BomberForm","floor":52,"key":"SMITH"}],"circlet_count":0,"master_deck":["Gatherer:Defend_Gatherer","Gatherer:Defend_Gatherer","Gatherer:Centralize","Gatherer:FlowerWhip","Gatherer:Duality","Gatherer:Misfortune","Gatherer:BambuSword","Gatherer:AcidicSpray","Gatherer:QuickSynthesis","Gatherer:FlowerFalling","Gatherer:FinishingStrike+1","Gatherer:HeartToFruit","Gatherer:QuickSynthesis","Gatherer:Snatch","Gatherer:Photoscythe","Gatherer:FlowerBeam+2","Gatherer:SpareBottle","Gatherer:RecoveryHerb","Gatherer:FlowerBeam","Gatherer:ScherryThrow","Gatherer:Photoscythe","Replay:BasicMightCard","Gatherer:FlowerFalling","Gatherer:FlowerShield","Gatherer:Examine+1","Gatherer:BomberForm+1","Gatherer:VenomBarrier+1","Gatherer:Snatch+1","Gatherer:Convert","Gatherer:AlchemyTrial","Gatherer:FruitForce+1","Gatherer:OddSpoils+1","Gatherer:FlamingBottle","Gatherer:ScrollOfWall","Gatherer:UpgradeBag","Gatherer:UpgradeBag","Gatherer:MindSearch","Gatherer:Photoscythe","Gatherer:AromaProtection","Gatherer:Snatch"],"relics":["Gatherer:MiracleBag","NeowsBlessing","ReplayTheSpireMod:Lightbulb","jedi:archwizardhat","ReplayTheSpireMod:Shallot","Replay:Towering Pillar of Hats","Bronze Scales","Gremlin Horn","CeramicFish","Replay:PocketPolymizer","ChewingGum","FossilizedHelix","Replay:Bandana","Blue Doll","Pocketwatch"],"acts_visited":["Exordium","TheCity","TheBeyond","TheEnding"],"potions_floor_usage":[30,31,31,33,33,36,38,39,39,40,40,41,46,48,50,54,54],"damage_taken":[{"damage":0.0,"enemies":"Jaw Worm","floor":1.0,"turns":1.0},{"damage":0.0,"enemies":"conspire:MimicChest","floor":2.0,"turns":1.0},{"damage":2.0,"enemies":"conspire:RoseBush","floor":4.0,"turns":1.0},{"damage":0.0,"enemies":"Cultist","floor":5.0,"turns":3.0},{"damage":0.0,"enemies":"2 Fungi Beasts","floor":6.0,"turns":3.0},{"damage":0.0,"enemies":"Exordium Thugs","floor":11.0,"turns":2.0},{"damage":6.0,"enemies":"3 Sentries","floor":13.0,"turns":4.0},{"damage":8.0,"enemies":"Looter","floor":14.0,"turns":3.0},{"damage":38.0,"enemies":"Fading Forest","floor":16.0,"turns":11.0},{"damage":4.0,"enemies":"Shell Parasite","floor":18.0,"turns":3.0},{"damage":3.0,"enemies":"3 Byrds","floor":20.0,"turns":4.0},{"damage":6.0,"enemies":"Centurion and Healer","floor":22.0,"turns":4.0},{"damage":31.0,"enemies":"Book of Stabbing","floor":23.0,"turns":5.0},{"damage":9,"enemies":"Shelled Parasite and Fungi","floor":25,"turns":3},{"damage":0,"enemies":"conspire:SneckoGhost","floor":30,"turns":4},{"damage":0,"enemies":"3 Cultists","floor":31,"turns":4},{"damage":10,"enemies":"conspire:MysteriousRune","floor":33,"turns":6},{"damage":4,"enemies":"3 Shapes","floor":35,"turns":2},{"damage":0,"enemies":"3 Darklings","floor":36,"turns":3},{"damage":0,"enemies":"4 Shapes","floor":38,"turns":1},{"damage":0,"enemies":"Maw","floor":39,"turns":4},{"damage":0,"enemies":"Reptomancer","floor":40,"turns":5},{"damage":0,"enemies":"3 Darklings","floor":41,"turns":2},{"damage":0,"enemies":"4 Shapes","floor":45,"turns":2},{"damage":0,"enemies":"Sphere and 2 Shapes","floor":46,"turns":3},{"damage":0,"enemies":"Jaw Worm Horde","floor":47,"turns":3},{"damage":12,"enemies":"Maw","floor":48,"turns":6},{"damage":47,"enemies":"Replay:Hell Engine","floor":50,"turns":10},{"damage":37,"enemies":"Shield and Spear","floor":54,"turns":6},{"damage":150,"enemies":"The Heart","floor":55,"turns":9}],"seed_played":"-2426918865906677398","potions_obtained":[{"floor":1.0,"key":"jedi:hoardpotion"},{"floor":4.0,"key":"FearPotion"},{"floor":13.0,"key":"Elixir"},{"floor":16.0,"key":"BloodPotion"},{"floor":20.0,"key":"Toxic Potion"},{"floor":22.0,"key":"PowerPotion"},{"floor":25,"key":"AttackPotion"},{"floor":31,"key":"jedi:tentaclejuice"},{"floor":35,"key":"FearPotion"},{"floor":38,"key":"FearPotion"},{"floor":39,"key":"BlessingOfTheForge"}],"is_trial":false,"path_per_floor":["M","?","T","M","M","M","R","$","T","?","M","$","E","M","R","B",null,"M","?","M","?","M","E","R","M","T","$","?","?","E","M","R","B",null,"M","M","?","M","M","E","M","$","T","?","M","M","M","M","R","B",null,"R","$","E","B",null],"character_chosen":"THE_GATHERER","items_purchased":["Gatherer:HeartToFruit","Gatherer:Snatch","Replay:BasicMightCard","Gatherer:AlchemyTrial","Blue Doll","Gatherer:UpgradeBag","Gatherer:MindSearch","PowerPotion"],"campfire_rested":0,"item_purchase_floors":[8,12,27,42,42,53,53,53],"current_hp_per_floor":[72,72,72,70,70,70,70,70,70,70,70,70,64,59,59,31,75,71,71,68,75,73,47,47,38,38,38,38,38,42,47,47,42,88,84,84,49,52,56,60,60,60,60,60,67,71,77,77,77,33,101,101,101,71,6],"gold":80,"neow_bonus":"THREE_ENEMY_KILL","is_daily":false,"chose_seed":false,"campfire_upgraded":4,"win_rate":0.0,"timestamp":1607944310,"path_taken":["M","?","?","?","M","M","R","$","T","?","M","?","E","?","R","BOSS","M","?","?","?","M","E","R","M","T","$","?","?","E","?","R","BOSS","M","M","?","M","?","E","M","$","T","?","M","?","?","M","R","BOSS","R","$","E","BOSS"],"items_purchased_type":["Card","Card","Card","Card","Relic","Card","Card","Potion"],"build_version":"2020-12-13","purchased_purges":3,"victory":true,"max_hp_per_floor":[72,72,72,72,72,72,72,72,72,72,72,72,72,75,75,75,75,75,75,75,75,78,83,83,83,83,83,83,83,83,88,88,88,88,88,88,88,91,91,91,91,91,91,91,98,98,101,101,101,101,101,101,101,104,104],"card_choices":[{"not_picked":["Gatherer:ScherryThrow","Gatherer:FlowerShield"],"picked":"Gatherer:AcidicSpray","floor":2.0},{"not_picked":["Gatherer:TacticalStrike","Gatherer:AcidicSpray"],"picked":"Gatherer:QuickSynthesis","floor":4.0},{"not_picked":["Gatherer:Misfortune","Gatherer:AcidicSpray"],"picked":"Gatherer:FlowerFalling","floor":5.0},{"not_picked":["Gatherer:GlowingPlant","Gatherer:BigPouch"],"picked":"Gatherer:FinishingStrike","floor":6.0},{"not_picked":["Gatherer:AcidicSpray","Gatherer:RecipeChange"],"picked":"Gatherer:QuickSynthesis","floor":11.0},{"not_picked":["Gatherer:TreeGrowth","Gatherer:UpgradeBag"],"picked":"Gatherer:Photoscythe","floor":13.0},{"not_picked":["Gatherer:QuickSynthesis","Gatherer:FlowerShield"],"picked":"Gatherer:FlowerBeam","floor":14.0},{"not_picked":["Gatherer:FinishingStrike","Gatherer:Examine"],"picked":"Gatherer:BlackTea","floor":16.0},{"not_picked":["Gatherer:Frenzy","Gatherer:FragileHammer","Gatherer:GatherMaterial"],"picked":"SKIP","floor":18.0},{"not_picked":["Gatherer:WitheringStrike","Gatherer:BambuSword"],"picked":"Gatherer:RecoveryHerb","floor":20.0},{"not_picked":["Gatherer:CarefulStrike","Gatherer:DrugPower"],"picked":"Gatherer:FlowerBeam","floor":22.0},{"not_picked":["Gatherer:Herbalism","Gatherer:FeelingFine+1"],"picked":"Gatherer:ScherryThrow","floor":23.0},{"not_picked":["Gatherer:Herbalism+1","Gatherer:Frenzy"],"picked":"Gatherer:Photoscythe","floor":25},{"not_picked":["Gatherer:TreeGrowth","Gatherer:SaveValuables+1"],"picked":"Gatherer:FlowerFalling","floor":30},{"not_picked":["Gatherer:BambuSword","Gatherer:RecoveryHerb"],"picked":"Gatherer:FlowerShield","floor":31},{"not_picked":["Gatherer:StoneFence","Gatherer:CursedBlade"],"picked":"Gatherer:BomberForm","floor":33},{"not_picked":["Gatherer:AcidicSpray+1","Gatherer:FlowerBeam"],"picked":"Gatherer:VenomBarrier+1","floor":35},{"not_picked":["Gatherer:VenomBarrier+1","Gatherer:FlowerShield","Gatherer:ScrollOfWall"],"picked":"SKIP","floor":36},{"not_picked":["Gatherer:FlowerShield+1","Gatherer:ScherryThrow"],"picked":"Gatherer:Snatch+1","floor":38},{"not_picked":["Gatherer:TreeGrowth+1","Gatherer:Frenzy+1"],"picked":"Gatherer:Convert","floor":39},{"not_picked":["Gatherer:AromaProtection+1","Gatherer:Snatch+1","Gatherer:DrugPower"],"picked":"SKIP","floor":40},{"not_picked":["Gatherer:AromaProtection+1","Gatherer:FinishingStrike","Gatherer:BambuSword"],"picked":"SKIP","floor":41},{"not_picked":["Gatherer:RottenStipe","Gatherer:FlowerFalling"],"picked":"Gatherer:FruitForce+1","floor":45},{"not_picked":["Gatherer:RottenStipe+1","Gatherer:Duality+1"],"picked":"Gatherer:OddSpoils+1","floor":46},{"not_picked":["Gatherer:BambuSword","Gatherer:WoolGloves","Gatherer:TacticalStrike"],"picked":"SKIP","floor":47},{"not_picked":["Gatherer:FragileHammer+1","Gatherer:WoolGloves+1","Gatherer:Frenzy"],"picked":"SKIP","floor":48}],"player_experience":91356,"relics_obtained":[{"floor":2.0,"key":"ReplayTheSpireMod:Lightbulb"},{"floor":3.0,"key":"jedi:archwizardhat"},{"floor":9.0,"key":"ReplayTheSpireMod:Shallot"},{"floor":13.0,"key":"Replay:Towering Pillar of Hats"},{"floor":23.0,"key":"Bronze Scales"},{"floor":26,"key":"Gremlin Horn"},{"floor":29,"key":"CeramicFish"},{"floor":30,"key":"Replay:PocketPolymizer"},{"floor":37,"key":"FossilizedHelix"},{"floor":40,"key":"Replay:Bandana"},{"floor":54,"key":"Pocketwatch"}],"event_choices":[{"damage_healed":0.0,"max_hp_gain":0.0,"max_hp_loss":0.0,"gold_gain":0.0,"event_name":"The Cleric","player_choice":"Leave","floor":10.0,"gold_loss":0.0,"damage_taken":0.0},{"cards_removed":["Gatherer:BlackTea"],"damage_healed":0.0,"max_hp_gain":0.0,"max_hp_loss":0.0,"gold_gain":0.0,"event_name":"Gatherer:BottleCollector","player_choice":"Got a Spare Bottle","floor":19.0,"gold_loss":0.0,"damage_taken":0.0,"cards_obtained":["Gatherer:SpareBottle"]},{"cards_removed":["Gatherer:Strike_Gatherer"],"damage_healed":0.0,"max_hp_gain":0.0,"max_hp_loss":0.0,"gold_gain":0.0,"event_name":"Beggar","player_choice":"Gave Gold","floor":21.0,"gold_loss":75.0,"damage_taken":0.0},{"damage_healed":0,"gold_gain":0,"player_choice":"Upgraded","damage_taken":0,"max_hp_gain":0,"max_hp_loss":0,"event_name":"Upgrade Shrine","floor":44,"gold_loss":0,"cards_upgraded":["Gatherer:Examine"]}],"is_beta":false,"boss_relics":[{"not_picked":["Ectoplasm","Replay:Drink Me"],"picked":"Gatherer:MiracleBag"},{"not_picked":["Fusion Hammer","conspire:RunicOctahedron"],"picked":"ChewingGum"}],"items_purged_floors":[8,42,53],"is_endless":false,"potions_floor_spawned":[1,4,13,16,20,22,25,31,35,38,39,47],"ascension_level":0}}