{"host":"3kvzrqphghcx5kvo","time":1607921926,"event":{"mods":["AchievementEnabler","BaseMod","Colored Map","Colored Powertips","Downfall","GifTheSpireLib","Minty Spire (QoL Compilation)","Quick Restart","Rare Cards Sparkle","Relic Stats","StSLib","Unceasing Turn Reminder","everything is the same but u backflip on backflip"],"gold_per_floor":[18,18,31,44,44,44,55,55,126,126,51,91,114,12,12,12,12],"floor_reached":16,"playtime":1098,"items_purged":["Injury"],"score":200,"play_id":"dcee59cd-6d1d-4253-ae94-88fcc97eed98","local_time":"20201213205846","is_ascension_mode":true,"campfire_choices":[{"data":"Choke","floor":6,"key":"SMITH"},{"data":"Neutralize","floor":10,"key":"SMITH"},{"data":"Cloak And Dagger","floor":15,"key":"SMITH"}],"circlet_count":0,"master_deck":["AscendersBane","Strike_G","Strike_G+1","Strike_G+1","Defend_G","Defend_G","Defend_G","Defend_G","Survivor","Neutralize+1","Choke+1","Infinite Blades","PiercingWail","Endless Agony","Cloak And Dagger+1","Trip"],"relics":["Ring of the Snake","Golden Idol","Eternal Feather","Whetstone"],"acts_visited":["Exordium"],"potions_floor_usage":[12],"damage_taken":[{"damage":0.0,"enemies":"Small Slimes","floor":1.0,"turns":6.0},{"damage":8.0,"enemies":"Cultist","floor":3.0,"turns":4.0},{"damage":0.0,"enemies":"2 Louse","floor":4.0,"turns":4.0},{"damage":6,"enemies":"2 Fungi Beasts","floor":7,"turns":4},{"damage":17,"enemies":"Lagavulin","floor":12,"turns":5},{"damage":5,"enemies":"Exordium Wildlife","floor":13,"turns":3},{"damage":43,"enemies":"The Guardian","floor":16,"turns":8}],"seed_played":"-570879417007629634","potions_obtained":[{"floor":1.0,"key":"hexamod:EctoCoolerPotion"},{"floor":4.0,"key":"SmokeBomb"}],"is_trial":false,"path_per_floor":["M","?","M","M","?","R","M","?","T","R","$","E","M","$","R","B"],"character_chosen":"THE_SILENT","items_purchased":["Trip"],"campfire_rested":0,"item_purchase_floors":[14],"current_hp_per_floor":[59,59,51,51,51,51,45,45,45,51,51,34,29,29,38,0,0],"gold":12,"neow_bonus":"REMOVE_TWO","is_daily":false,"chose_seed":false,"campfire_upgraded":3,"win_rate":0.0,"timestamp":1607921926,"path_taken":["M","?","M","?","?","R","M","?","T","R","$","E","M","?","R","BOSS"],"items_purchased_type":["Card"],"build_version":"2020-12-13","purchased_purges":1,"victory":false,"max_hp_per_floor":[66,66,66,66,66,66,66,66,66,66,66,66,66,66,66,66,66],"relic_stats":{"counters":[7,34],"Golden Idol":13,"Eternal Feather":15,"Whetstone":["Strike_G","Strike_G"],"obtain_stats":[{"Golden Idol":8,"Eternal Feather":9,"Whetstone":12,"Ring of the Snake":0},{"Golden Idol":4,"Eternal Feather":4,"Whetstone":5,"Ring of the Snake":0},{"Golden Idol":18,"Eternal Feather":18,"Whetstone":23,"Ring of the Snake":0}],"Ring of the Snake":[14]},"card_choices":[{"not_picked":["Underhanded Strike","Poisoned Stab"],"picked":"Choke","floor":1.0},{"not_picked":["Setup","Flying Knee"],"picked":"Infinite Blades","floor":3.0},{"not_picked":["Sucker Punch","Underhanded Strike"],"picked":"PiercingWail","floor":4.0},{"not_picked":["Flying Knee","Outmaneuver","Quick Slash"],"picked":"SKIP","floor":7},{"not_picked":["Catalyst","Slice"],"picked":"Endless Agony","floor":12},{"not_picked":["PiercingWail","Catalyst"],"picked":"Cloak And Dagger","floor":13}],"player_experience":1259440,"relics_obtained":[{"floor":9,"key":"Eternal Feather"},{"floor":12,"key":"Whetstone"}],"event_choices":[{"cards_removed":["Strike_G"],"damage_healed":0.0,"max_hp_gain":0.0,"max_hp_loss":0.0,"gold_gain":0.0,"event_name":"Purifier","player_choice":"Purged","floor":2.0,"gold_loss":0.0,"damage_taken":0.0},{"damage_healed":0,"gold_gain":0,"player_choice":"Fled","damage_taken":0,"max_hp_gain":0,"max_hp_loss":0,"event_name":"Scrap Ooze","floor":5,"gold_loss":0},{"damage_healed":0,"gold_gain":0,"player_choice":"Take Wound","damage_taken":0,"relics_obtained":["Golden Idol"],"max_hp_gain":0,"max_hp_loss":0,"event_name":"Golden Idol","floor":8,"gold_loss":0,"cards_obtained":["Injury"]}],"is_beta":false,"boss_relics":[],"items_purged_floors":[11],"is_endless":false,"potions_floor_spawned":[1,4],"killed_by":"The Guardian","ascension_level":20}}