{"host":"g8p1igbuk1omubcb","time":1607944387,"event":{"mods":["BaseMod","Better Vampires","Colored Powertips","Duelist Mod","KinomotoSakuraMod(Ä¾Ö®±¾Ó£)","Minty Spire (QoL Compilation)","Quick Restart","Replay The Spire","Say the Spire","StSLib","The Bug Knight","Yuri Mod"],"gold_per_floor":[110,130,146,162,14,49,49,64,64,64,64,64,64,81,95,95,95,218,218,231,251,251,251,251],"floor_reached":23,"playtime":1192,"items_purged":[],"score":193,"play_id":"f5d93f56-c9e5-4d82-83c5-209e5314838f","local_time":"20201214191307","is_ascension_mode":false,"campfire_choices":[{"data":"HollowMod:SoulSplash","floor":7.0,"key":"SMITH"},{"data":"HollowMod:DesolateDive","floor":13.0,"key":"SMITH"},{"data":"HollowMod:FocusHealStart","floor":17.0,"key":"SMITH"}],"circlet_count":0,"master_deck":["HollowMod:FocusHealStart+1","HollowMod:PogoStrike","HollowMod:QuirrelsAssistance","HollowMod:CornifersMapStart","HollowMod:CycloneSlash","HollowMod:SoulSplash+1","HollowMod:DesolateDive+1","HollowMod:FastStrike","HollowMod:PerfectDash","HollowMod:AwokenDreamNail+1","HollowMod:NewInfectedGuardian+1","HollowMod:SharpenedNail","HollowMod:Grubsong","HollowMod:SoulSplash","HollowMod:HeavyBlow","HollowMod:SiblingsSouls","HollowMod:DungDefenderAura","HollowMod:SiblingsSouls+1"],"relics":["HollowMod:VesselMask","NeowsBlessing","Blue Doll","Golden Egg","Onion Ring","Golden Idol","Pandora\u0027s Box"],"acts_visited":["Exordium","TheCity"],"potions_floor_usage":[21,23],"damage_taken":[{"damage":0.0,"enemies":"Cultist","floor":1.0,"turns":1.0},{"damage":0.0,"enemies":"Small Slimes","floor":2.0,"turns":1.0},{"damage":0.0,"enemies":"2 Louse","floor":3.0,"turns":1.0},{"damage":0.0,"enemies":"Lots of Slimes","floor":4.0,"turns":1.0},{"damage":9.0,"enemies":"HollowMod:MossKnight","floor":6.0,"turns":7.0},{"damage":0.0,"enemies":"2 Fungi Beasts","floor":8.0,"turns":2.0},{"damage":8.0,"enemies":"Exordium Wildlife","floor":14.0,"turns":2.0},{"damage":0.0,"enemies":"Looter","floor":15.0,"turns":2.0},{"damage":23.0,"enemies":"HollowMod:FalseKnight","floor":18.0,"turns":10.0},{"damage":34,"enemies":"Shell Parasite","floor":20,"turns":6},{"damage":36,"enemies":"2 Thieves","floor":21,"turns":4},{"damage":9,"enemies":"Snake Plant","floor":23,"turns":1}],"seed_played":"6988980698803290164","potions_obtained":[{"floor":2.0,"key":"Toxic Potion"},{"floor":3.0,"key":"AttackPotion"},{"floor":6.0,"key":"LifebloodPotion"},{"floor":21,"key":"Strength Potion"}],"is_trial":false,"path_per_floor":["M","M","M","M","$","E","R","M","PTL","PTL","T","?","R","M","M","?","R","B",null,"M","M","?","M"],"character_chosen":"THE_BUGKNIGHT","items_purchased":["Blue Doll"],"campfire_rested":0,"item_purchase_floors":[5],"current_hp_per_floor":[75,75,75,75,75,66,66,66,66,66,66,66,66,58,58,58,58,45,69,45,9,9,0,0],"gold":251,"neow_bonus":"THREE_ENEMY_KILL","is_daily":false,"chose_seed":false,"campfire_upgraded":3,"win_rate":0.0,"timestamp":1607944387,"path_taken":["M","M","M","M","$","E","R","?","PTL","PTL","T","?","R","M","M","?","R","BOSS","M","M","?","M"],"items_purchased_type":["Relic"],"build_version":"2020-12-13","purchased_purges":0,"victory":false,"max_hp_per_floor":[75,75,75,75,75,75,75,75,75,75,75,75,75,75,75,69,69,69,69,69,69,69,69,69],"card_choices":[{"not_picked":["HollowMod:NewLittleFool","HollowMod:DashSlash"],"picked":"HollowMod:QuirrelsAssistance","floor":1.0},{"not_picked":["HollowMod:ShadowDash","HollowMod:Grubsong"],"picked":"HollowMod:CornifersMapStart","floor":2.0},{"not_picked":["HollowMod:TaintedHusks","HollowMod:ShadowDash"],"picked":"HollowMod:CycloneSlash","floor":3.0},{"not_picked":["HollowMod:DashSlash","HollowMod:SiblingsSouls"],"picked":"HollowMod:SoulSplash","floor":4.0},{"not_picked":["HollowMod:QuirrelsAssistance","HollowMod:HeavyBlow","HollowMod:TaintedHusks"],"picked":"SKIP","floor":6.0},{"not_picked":["HollowMod:VengefulSpirit","HollowMod:HowlingWraiths"],"picked":"HollowMod:DesolateDive","floor":8.0},{"not_picked":["HollowMod:SoulSplash","HollowMod:MothsMistake"],"picked":"HollowMod:FastStrike","floor":14.0},{"not_picked":["HollowMod:SiblingsSouls","HollowMod:InfectedCysts"],"picked":"HollowMod:PerfectDash","floor":15.0},{"not_picked":["HollowMod:ZotesMagnificence","HollowMod:LifebloodCore"],"picked":"HollowMod:AwokenDreamNail","floor":18.0},{"not_picked":["HollowMod:ShapeofUnn","HollowMod:InfectedCysts","HollowMod:NewJinnsSoul+1"],"picked":"SKIP","floor":20},{"not_picked":["HollowMod:SharpenedNail","HollowMod:InfectedAttack+1"],"picked":"HollowMod:SiblingsSouls+1","floor":21}],"player_experience":703937,"relics_obtained":[{"floor":6.0,"key":"Golden Egg"},{"floor":11.0,"key":"Onion Ring"}],"event_choices":[{"damage_healed":0.0,"max_hp_gain":0.0,"max_hp_loss":0.0,"gold_gain":0.0,"event_name":"Liars Game","player_choice":"Ignored","floor":12.0,"gold_loss":0.0,"damage_taken":0.0},{"damage_healed":0.0,"max_hp_gain":0.0,"max_hp_loss":6.0,"gold_gain":0.0,"event_name":"Golden Idol","player_choice":"Lose Max HP","floor":16.0,"gold_loss":0.0,"damage_taken":0.0,"relics_obtained":["Golden Idol"]},{"cards_removed":["HollowMod:WraithStrike"],"damage_healed":0,"gold_gain":0,"player_choice":"Elegance","damage_taken":0,"max_hp_gain":0,"max_hp_loss":0,"event_name":"Back to Basics","floor":22,"gold_loss":0}],"is_beta":false,"boss_relics":[{"not_picked":["SacredBark","Fusion Hammer"],"picked":"Pandora\u0027s Box"}],"items_purged_floors":[],"is_endless":false,"potions_floor_spawned":[2,3,6,21],"killed_by":"Snake Plant","ascension_level":0}}