{"host":"4e7ld00gewa6mlu4","time":1607971467,"event":{"mods":["2.2 Compatiblity","Act Like it!","BaseMod","Conspire","Downfall","Hubris","Infinite Spire","Jedi Mod","Minty Spire (QoL Compilation)","Practice Mode","Quick Restart","Random Character Button","Random Character Mod","Replay The Spire","Shop Mod","StSLib"],"gold_per_floor":[99,131,146,146,159,159,159,193,24,24,34,44,44,54,69,69,69],"floor_reached":16,"playtime":1597,"items_purged":["champ:Strike"],"score":112,"play_id":"fe502fda-56c8-4667-b3d2-71194bcd2f3b","local_time":"20201214134427","is_ascension_mode":false,"campfire_choices":[{"data":"champ:StanceDance","floor":1,"key":"SMITH"},{"data":"champ:AdrenalArmor","floor":4,"key":"SMITH"},{"data":"champ:FocusedBerserking","floor":6,"key":"SMITH"},{"data":"champ:RisingSlash","floor":10,"key":"SMITH"}],"circlet_count":0,"master_deck":["champ:Strike","champ:Strike","champ:Defend","champ:Defend","champ:Defend","champ:Defend","champ:Execute","champ:Taunt","champ:StanceDance+1","champ:AdrenalArmor+1","champ:BerserkersShout","champ:FocusedBerserking+1","champ:RisingSlash+1","champ:RecklessLeap","champ:Lariat"],"relics":["champ:ChampionCrown","ReplayFunnel","hubris:GlazedTorus","hubris:ToyBattleship"],"acts_visited":["Exordium"],"potions_floor_usage":[14],"damage_taken":[{"damage":38,"enemies":"3 Sentries","floor":2,"turns":10},{"damage":10,"enemies":"Cultist","floor":3,"turns":4},{"damage":20,"enemies":"Jaw Worm","floor":5,"turns":5},{"damage":55,"enemies":"Lagavulin","floor":8,"turns":6},{"damage":27,"enemies":"downfall:FleeingMerchant","floor":9,"turns":4},{"damage":15,"enemies":"Small Slimes","floor":11,"turns":2},{"damage":24,"enemies":"Blue Slaver","floor":12,"turns":3},{"damage":28,"enemies":"Exordium Wildlife","floor":14,"turns":5},{"damage":71,"enemies":"Large Slime","floor":15,"turns":5},{"damage":89,"enemies":"downfall:Defect","floor":16,"turns":6}],"seed_played":"-7932913351299862118","potions_obtained":[{"floor":2,"key":"Block Potion"},{"floor":3,"key":"hexamod:EctoCoolerPotion"},{"floor":12,"key":"Reflective Coating"},{"floor":15,"key":"DuplicationPotion"}],"is_trial":false,"path_per_floor":["R","E","M","R","M","R","T","E","$","R","M","M","?","M","M","B"],"character_chosen":"THE_CHAMP","items_purchased":["champ:RecklessLeap"],"campfire_rested":0,"item_purchase_floors":[9],"current_hp_per_floor":[90,67,66,66,66,66,66,59,65,65,65,65,65,63,83,0,0],"gold":69,"neow_bonus":"THREE_CARDS","is_daily":false,"chose_seed":false,"campfire_upgraded":4,"win_rate":0.0,"timestamp":1607971467,"path_taken":["R","E","M","R","M","R","T","E","$","R","M","M","?","M","M","BOSS"],"items_purchased_type":["Card"],"build_version":"2020-12-13","purchased_purges":1,"victory":false,"max_hp_per_floor":[90,90,90,90,90,90,90,90,90,90,90,90,90,90,90,90,90],"card_choices":[{"not_picked":["champ:Encircle","champ:CrookedStrike"],"picked":"champ:StanceDance","floor":0},{"not_picked":["champ:FanOfKnives","champ:Encircle"],"picked":"champ:AdrenalArmor","floor":2},{"not_picked":["champ:CalledShot","champ:BladeFlurry"],"picked":"champ:BerserkersShout","floor":3},{"not_picked":["champ:AdrenalArmor","champ:CalledShot"],"picked":"champ:FocusedBerserking","floor":5},{"not_picked":["champ:Circumvent","champ:CrookedStrike"],"picked":"champ:RisingSlash","floor":8},{"not_picked":["champ:SkillfulDodge","champ:BerserkersShout","champ:Riposte"],"picked":"SKIP","floor":9},{"not_picked":["champ:DefensiveShout","champ:BladeFlurry","champ:CalledShot"],"picked":"SKIP","floor":11},{"not_picked":["champ:Shatter","champ:FalseCounter","champ:Circumvent"],"picked":"SKIP","floor":12},{"not_picked":["champ:Encircle","champ:BladeFlurry"],"picked":"champ:Lariat","floor":14},{"not_picked":["champ:FocusedDefense","champ:PerfectForm","champ:StanceDance"],"picked":"SKIP","floor":15}],"player_experience":932301,"relics_obtained":[{"floor":2,"key":"ReplayFunnel"},{"floor":7,"key":"hubris:GlazedTorus"},{"floor":8,"key":"hubris:ToyBattleship"}],"event_choices":[{"cards_removed":["champ:Strike"],"damage_healed":0,"gold_gain":0,"player_choice":"Card Removal","damage_taken":0,"max_hp_gain":0,"max_hp_loss":0,"event_name":"The Cleric","floor":13,"gold_loss":0}],"is_beta":false,"boss_relics":[],"items_purged_floors":[9],"is_endless":false,"potions_floor_spawned":[2,3,12,15],"killed_by":"downfall:Defect","ascension_level":0}}