{"host":"wonp23fsqqcu31ie","time":1607907927,"event":{"mods":["2.2 Compatiblity","AchievementEnabler","Aspiration","BaseMod","Better Altar","Better Match","Better Sensory Stone","Better Skull","Better Third Choice","BetterRewards","Block Reminder","Colored Map","Colored Powertips","Conspire","DeckTracker","Displayed Cursed Tome","Downfall","Hermit","Highlight Path","Hubris","Minty Spire (QoL Compilation)","Permanent Neow","Quick Restart","Rare Cards Sparkle","Relic Stats","Replay The Spire","Shade Mod","Shop Mod","StSLib","SuperFastMode","The Animator","The Cursed","The Gatherer","The Necromancer","The Runesmith","The Servant 0.9.4"],"gold_per_floor":[123,123,175,51,71,71,102,102,102,66,92,92,106,134,134,232,232,249,299,316,316,341,366,379,385,385],"floor_reached":25,"playtime":761,"items_purged":[],"score":353,"play_id":"dc2350e8-780d-4f29-b3d8-0022ba4b7c9a","local_time":"20201214120527","is_ascension_mode":true,"campfire_choices":[{"floor":6,"key":"REST"},{"data":"animator:FeridBathory","floor":12,"key":"SMITH"},{"data":"animator:Defend_Fate","floor":12,"key":"SMITH"},{"floor":15,"key":"REST"}],"circlet_count":0,"master_deck":["animator:Strike_Fate","animator:Defend_Fate+1","animator:Defend","animator:Defend","animator:Defend","animator:Alexander","animator:Rider","animator:Alexander","animator:RoyMustang","animator:Archer","animator:Illya","animator:FeridBathory+1","animator:RinTohsaka","animator:FeridBathory","animator:Tatsumaki+1","animator:Sloth+1","animator:MetalKnight+1","animator:Mitsuba+1","animator:Chris+1"],"relics":["animator:LivingPicture","animator:TheMissingPiece","Sling","Thread and Needle","MerchantsRug","Replay:Arrowhead","animator:WornHelmet","Akabeko","animator:CerealBox","ReplayTheSpireMod:Lightbulb","betterThird:SlimedRelic","animator:Mistletoe","Astrolabe","Boot","PreservedInsect"],"acts_visited":["Exordium","TheCity"],"potions_floor_usage":[13,16,16,25,25],"damage_taken":[{"damage":0,"enemies":"2 Louse","floor":1,"turns":3},{"damage":18,"enemies":"conspire:MimicChest","floor":3,"turns":7},{"damage":0,"enemies":"conspire:RoseBush","floor":5,"turns":3},{"damage":0,"enemies":"Jaw Worm","floor":7,"turns":3},{"damage":9,"enemies":"Looter","floor":11,"turns":5},{"damage":3,"enemies":"Exordium Wildlife","floor":13,"turns":2},{"damage":25,"enemies":"Lagavulin","floor":14,"turns":7},{"damage":30,"enemies":"Slime Boss","floor":16,"turns":11},{"damage":0,"enemies":"Chosen","floor":18,"turns":6},{"damage":16,"enemies":"Shell Parasite","floor":20,"turns":9},{"damage":28,"enemies":"conspire:Head Lice","floor":23,"turns":7},{"damage":19,"enemies":"Snake Plant","floor":24,"turns":5},{"damage":5,"enemies":"Gremlin Leader","floor":25,"turns":3}],"seed_played":"2916004678866854515","potions_obtained":[{"floor":7,"key":"champ:CounterPotion"},{"floor":11,"key":"SpeedPotion"},{"floor":14,"key":"sneckomod:MuddlingPotion"},{"floor":18,"key":"Venom Potion"},{"floor":24,"key":"Swift Potion"}],"is_trial":false,"path_per_floor":["M","?","?","$","M","R","M","$","T","?","M","R","M","E","R","B",null,"M","?","M","?","T","E","M","E"],"character_chosen":"THE_ANIMATOR","items_purchased":["Sling","Thread and Needle","MerchantsRug","animator:WornHelmet","animator:Alexander","animator:CerealBox"],"campfire_rested":2,"item_purchase_floors":[0,0,0,0,0,4],"current_hp_per_floor":[32,32,14,14,15,35,55,55,55,44,35,35,32,7,27,5,67,68,68,52,52,52,24,5,0,0],"gold":385,"neow_bonus":"","is_daily":false,"chose_seed":false,"campfire_upgraded":2,"win_rate":0.0,"timestamp":1607907927,"path_taken":["M","?","?","$","M","R","M","?","T","?","M","R","?","E","R","BOSS","M","?","?","?","?","E","M","E"],"items_purchased_type":["Relic","Relic","Relic","Relic","Card","Relic"],"build_version":"2020-12-13","purchased_purges":0,"victory":false,"max_hp_per_floor":[66,66,66,66,67,67,67,67,67,67,67,67,67,67,67,67,67,68,68,68,68,68,68,68,68,68],"relic_stats":{"counters":[144,767],"Astrolabe":["animator:Tatsumaki","animator:Sloth","animator:MetalKnight"],"PreservedInsect":49,"Boot":[15],"obtain_stats":[{"construct:FoamFinger":9,"aspiration:PoetsPen_weak":34,"Whetstone":48,"Boot":10,"Sling":12,"aspiration:RitualStick":19,"Blood Vial":3,"Fusion Hammer":34,"HandDrill":4,"Replay:Wax Seal":0,"hubris:TinFlute":24,"MerchantsRug":0,"Eternal Feather":6,"aspiration:IroncladSkillbook":0,"Akabeko":3,"animator:CerealBox":4,"animator:HolyGrailRelic":34,"MutagenicStrength":21,"aspiration:ServantSkillbook":34,"hubris:TenFootPole":9,"animator:HeavyHalberd":9,"aspiration:Lifesprig":53,"Regal Pillow":25,"Lantern":53,"hubris:Metronome":10,"Torii":42,"Singing Bowl":3,"animator:TheMissingPiece":0,"Blue Doll":6,"Bag of Preparation":26,"Pet Ghost":40,"Replay:Rubber Ducky":12,"hubris:Backtick":17,"Matryoshka":39,"Ring of Peace":2,"Chemical X":37,"Ring of the Snake":0,"Potion Belt":46,"Lee\u0027s Waffle":20,"construct:WeddingRing":34,"Golden Idol":2,"Thread and Needle":0,"PreservedInsect":23,"Omamori":40,"Frozen Egg 2":23,"hubris:Towel":37,"Replay:Arrowhead":0,"Busted Crown":34,"Ornamental Fan":46,"betterThird:SlimedRelic":10,"animator:LivingPicture":0,"Garlic":8,"ReplayTheSpireMod:Lightbulb":9,"Toy Ornithopter":20,"hubris:BottledRain":43,"Ice Cream":17,"Tiny House":17,"Nilry\u0027s Codex":21,"CeramicFish":23,"Uniform":0,"aspiration:Stabinomicon":31,"aspiration:MobileForge":17,"DollysMirror":0,"Strawberry":40,"Toxic Egg 2":46,"Happy Flower":54,"Ring of Hypnosis":36,"hubris:DuctTape":54,"aspiration:Nostalgia":0,"Replay:Grab Bag":34,"Astrolabe":17,"Oddly Smooth Stone":42,"Ring of Chaos":34,"conspire:SlowCooker":53,"aspiration:SeaSaltIceCream":0,"War Paint":8,"hubris:Zylophone":0,"Replay:Baseball":26,"ReplayTheSpireMod:Shallot":9,"Brimstone":48,"Bronze Scales":48,"Simple Rune":26,"Molten Egg 2":7,"Black Star":17,"ReplayTheSpireMod:TigerMarble":13,"animator:Mistletoe":14,"Darkstone Periapt":10,"ReplayTheSpireMod:Ring of Exchange":2,"Shade:YorickSkull":0,"Mango":42,"Juzu Bracelet":43,"Incense Burner":23,"Replay:Mystery Machine":54,"PrismaticShard":27,"Dream Catcher":43,"Chameleon Ring":40,"Red Skull":21,"Gremlin Food":38,"animator:Buoy":40,"ReplayTheSpireMod:Ninjato":43,"Orichalcum":14,"animator:WornHelmet":0,"Medical Kit":0,"Peace Pipe":0,"Pondfish Scales":22,"Runesmith:UraniumAnvil":17,"hubris:BundleOfHerbs":36,"Bag of Marbles":37,"TungstenRod":0,"ReplayTheSpireMod:ShopPack":36,"m_BurningSludge":28},{"construct:FoamFinger":6,"aspiration:PoetsPen_weak":44,"Whetstone":27,"Boot":32,"Sling":32,"aspiration:RitualStick":68,"Blood Vial":1,"Fusion Hammer":44,"HandDrill":57,"Replay:Wax Seal":56,"hubris:TinFlute":118,"MerchantsRug":28,"Eternal Feather":4,"aspiration:IroncladSkillbook":28,"Akabeko":133,"animator:CerealBox":133,"animator:HolyGrailRelic":73,"MutagenicStrength":37,"aspiration:ServantSkillbook":122,"hubris:TenFootPole":110,"animator:HeavyHalberd":83,"aspiration:Lifesprig":54,"Regal Pillow":92,"Lantern":104,"hubris:Metronome":111,"Torii":24,"Singing Bowl":79,"animator:TheMissingPiece":56,"Blue Doll":59,"Bag of Preparation":13,"Pet Ghost":98,"Replay:Rubber Ducky":85,"hubris:Backtick":67,"Matryoshka":97,"Ring of Peace":79,"Chemical X":20,"Ring of the Snake":56,"Potion Belt":25,"Lee\u0027s Waffle":10,"construct:WeddingRing":18,"Golden Idol":57,"Thread and Needle":131,"PreservedInsect":142,"Omamori":22,"Frozen Egg 2":12,"hubris:Towel":123,"Replay:Arrowhead":106,"Busted Crown":44,"Ornamental Fan":25,"betterThird:SlimedRelic":135,"animator:LivingPicture":56,"Garlic":31,"ReplayTheSpireMod:Lightbulb":135,"Toy Ornithopter":116,"hubris:BottledRain":49,"Ice Cream":67,"Tiny House":115,"Nilry\u0027s Codex":10,"CeramicFish":12,"Uniform":28,"aspiration:Stabinomicon":72,"aspiration:MobileForge":34,"DollysMirror":78,"Strawberry":22,"Toxic Egg 2":51,"Happy Flower":105,"Ring of Hypnosis":123,"hubris:DuctTape":130,"aspiration:Nostalgia":28,"Replay:Grab Bag":44,"Astrolabe":139,"Oddly Smooth Stone":77,"Ring of Chaos":44,"conspire:SlowCooker":129,"aspiration:SeaSaltIceCream":28,"War Paint":83,"hubris:Zylophone":56,"Replay:Baseball":118,"ReplayTheSpireMod:Shallot":64,"Brimstone":128,"Bronze Scales":27,"Simple Rune":39,"Molten Egg 2":109,"Black Star":9,"ReplayTheSpireMod:TigerMarble":86,"animator:Mistletoe":138,"Darkstone Periapt":65,"ReplayTheSpireMod:Ring of Exchange":79,"Shade:YorickSkull":0,"Mango":99,"Juzu Bracelet":24,"Incense Burner":91,"Replay:Mystery Machine":55,"PrismaticShard":39,"Dream Catcher":99,"Chameleon Ring":126,"Red Skull":90,"Gremlin Food":47,"animator:Buoy":77,"ReplayTheSpireMod:Ninjato":99,"Orichalcum":33,"animator:WornHelmet":131,"Medical Kit":56,"Peace Pipe":78,"Pondfish Scales":90,"Runesmith:UraniumAnvil":88,"hubris:BundleOfHerbs":74,"Bag of Marbles":20,"TungstenRod":28,"ReplayTheSpireMod:ShopPack":74,"m_BurningSludge":119},{"construct:FoamFinger":22,"aspiration:PoetsPen_weak":234,"Whetstone":127,"Boot":156,"Sling":156,"aspiration:RitualStick":361,"Blood Vial":3,"Fusion Hammer":234,"HandDrill":302,"Replay:Wax Seal":298,"hubris:TinFlute":644,"MerchantsRug":140,"Eternal Feather":16,"aspiration:IroncladSkillbook":140,"Akabeko":706,"animator:CerealBox":706,"animator:HolyGrailRelic":398,"MutagenicStrength":192,"aspiration:ServantSkillbook":660,"hubris:TenFootPole":616,"animator:HeavyHalberd":453,"aspiration:Lifesprig":287,"Regal Pillow":506,"Lantern":593,"hubris:Metronome":621,"Torii":107,"Singing Bowl":432,"animator:TheMissingPiece":298,"Blue Doll":310,"Bag of Preparation":53,"Pet Ghost":548,"Replay:Rubber Ducky":464,"hubris:Backtick":354,"Matryoshka":539,"Ring of Peace":432,"Chemical X":91,"Ring of the Snake":298,"Potion Belt":115,"Lee\u0027s Waffle":38,"construct:WeddingRing":85,"Golden Idol":302,"Thread and Needle":696,"PreservedInsect":759,"Omamori":99,"Frozen Egg 2":50,"hubris:Towel":663,"Replay:Arrowhead":606,"Busted Crown":234,"Ornamental Fan":115,"betterThird:SlimedRelic":712,"animator:LivingPicture":298,"Garlic":151,"ReplayTheSpireMod:Lightbulb":712,"Toy Ornithopter":636,"hubris:BottledRain":256,"Ice Cream":354,"Tiny House":633,"Nilry\u0027s Codex":38,"CeramicFish":50,"Uniform":140,"aspiration:Stabinomicon":386,"aspiration:MobileForge":173,"DollysMirror":428,"Strawberry":99,"Toxic Egg 2":263,"Happy Flower":600,"Ring of Hypnosis":663,"hubris:DuctTape":693,"aspiration:Nostalgia":140,"Replay:Grab Bag":234,"Astrolabe":737,"Oddly Smooth Stone":423,"Ring of Chaos":234,"conspire:SlowCooker":689,"aspiration:SeaSaltIceCream":140,"War Paint":453,"hubris:Zylophone":298,"Replay:Baseball":644,"ReplayTheSpireMod:Shallot":330,"Brimstone":683,"Bronze Scales":127,"Simple Rune":203,"Molten Egg 2":613,"Black Star":35,"ReplayTheSpireMod:TigerMarble":470,"animator:Mistletoe":726,"Darkstone Periapt":338,"ReplayTheSpireMod:Ring of Exchange":432,"Shade:YorickSkull":0,"Mango":558,"Juzu Bracelet":107,"Incense Burner":499,"Replay:Mystery Machine":295,"PrismaticShard":203,"Dream Catcher":558,"Chameleon Ring":673,"Red Skull":492,"Gremlin Food":246,"animator:Buoy":423,"ReplayTheSpireMod:Ninjato":558,"Orichalcum":161,"animator:WornHelmet":696,"Medical Kit":298,"Peace Pipe":428,"Pondfish Scales":492,"Runesmith:UraniumAnvil":483,"hubris:BundleOfHerbs":405,"Bag of Marbles":91,"TungstenRod":140,"ReplayTheSpireMod:ShopPack":405,"m_BurningSludge":647}]},"card_choices":[{"not_picked":["animator:MaesHughes","animator:Yuuichirou"],"picked":"animator:RoyMustang","floor":1},{"not_picked":["animator:Megumin","animator:Alexander"],"picked":"animator:Archer","floor":3},{"not_picked":["animator:ChlammyZell","animator:DolaRiku"],"picked":"animator:Illya","floor":5},{"not_picked":["animator:Kazuma","animator:ChlammyZell"],"picked":"animator:FeridBathory","floor":7},{"not_picked":["animator:Rider","animator:Alexander"],"picked":"animator:RinTohsaka","floor":11},{"not_picked":["animator:MaesHughes","animator:DolaStephanie","animator:MumenRider"],"picked":"SKIP","floor":13},{"not_picked":["animator:Kazuma","animator:Hitei","animator:Hans"],"picked":"SKIP","floor":14},{"not_picked":["animator:Boros","animator:Eris"],"picked":"animator:FeridBathory","floor":16},{"not_picked":["animator:Illya","animator:Konayuki"],"picked":"animator:Mitsuba+1","floor":18},{"not_picked":["animator:Shinoa+1","animator:MumenRider","animator:UneriGinkaku"],"picked":"SKIP","floor":23},{"not_picked":["animator:Archer","animator:Verdia"],"picked":"animator:Chris+1","floor":24}],"player_experience":604480,"relics_obtained":[{"floor":3,"key":"Akabeko"},{"floor":9,"key":"ReplayTheSpireMod:Lightbulb"},{"floor":14,"key":"animator:Mistletoe"},{"floor":22,"key":"Boot"},{"floor":23,"key":"PreservedInsect"}],"event_choices":[{"damage_healed":0,"gold_gain":0,"player_choice":"Ignored","damage_taken":0,"max_hp_gain":0,"max_hp_loss":0,"event_name":"Golden Wing","floor":2,"gold_loss":0},{"damage_healed":0,"gold_gain":0,"player_choice":"Slimed","damage_taken":11,"max_hp_gain":0,"max_hp_loss":0,"event_name":"betterThird:BetterGoop","floor":10,"gold_loss":36},{"damage_healed":0,"gold_gain":100,"player_choice":"Bet on Murderer","damage_taken":0,"max_hp_gain":0,"max_hp_loss":0,"event_name":"The Joust","floor":19,"gold_loss":50},{"damage_healed":0,"gold_gain":0,"player_choice":"Leave","damage_taken":0,"max_hp_gain":0,"max_hp_loss":0,"event_name":"conspire:Investor","floor":21,"gold_loss":0}],"is_beta":false,"boss_relics":[{"not_picked":["Coffee Dripper","ReplayTheSpireMod:DimensionalGlitch"],"picked":"Astrolabe"}],"items_purged_floors":[],"is_endless":false,"potions_floor_spawned":[7,11,14,18,24],"killed_by":"Gremlin Leader","ascension_level":2}}