{"host":"4par9lyhj7bf4dsa","time":1607954654,"event":{"mods":["AchievementEnabler","BaseMod","Colored Map","Minty Spire (QoL Compilation)","Relic Stats","StSLib"],"gold_per_floor":[111,128,140,28,48,48,73,73,73,90,115,128,140,90,90,163,163,181,181,196,224,224,224],"floor_reached":22,"playtime":1661,"items_purged":["Strike_G"],"score":393,"play_id":"6318a7d5-f692-4b2e-954c-231b02524d38","local_time":"20201215010414","is_ascension_mode":true,"campfire_choices":[{"data":"Finisher","floor":6,"key":"SMITH"},{"data":"Dash","floor":8,"key":"SMITH"},{"data":"Deadly Poison","floor":15,"key":"SMITH"}],"circlet_count":0,"master_deck":["AscendersBane","Defend_G","Defend_G","Defend_G","Defend_G","Defend_G","Survivor","Neutralize","Poisoned Stab","Dagger Throw","Finisher+1","Dash+1","Well Laid Plans","Deadly Poison+1","Bane","Venomology","Bite","Bite","Bite","Bite","Bite"],"relics":["Snecko Eye","Akabeko","Bird Faced Urn","Mummified Hand","Smiling Mask","Cursed Key","Red Mask"],"acts_visited":["Exordium","TheCity"],"potions_floor_usage":[3,7,7,16,18,21],"damage_taken":[{"damage":14,"enemies":"Jaw Worm","floor":1,"turns":7},{"damage":1,"enemies":"Cultist","floor":2,"turns":5},{"damage":0,"enemies":"2 Louse","floor":3,"turns":3},{"damage":0,"enemies":"2 Fungi Beasts","floor":5,"turns":3},{"damage":17,"enemies":"Gremlin Nob","floor":7,"turns":5},{"damage":1,"enemies":"Blue Slaver","floor":10,"turns":4},{"damage":0,"enemies":"Lagavulin","floor":11,"turns":4},{"damage":0,"enemies":"3 Louse","floor":12,"turns":2},{"damage":1,"enemies":"Large Slime","floor":13,"turns":5},{"damage":17,"enemies":"The Guardian","floor":16,"turns":9},{"damage":15,"enemies":"2 Thieves","floor":18,"turns":5},{"damage":14,"enemies":"Shell Parasite","floor":20,"turns":3},{"damage":49,"enemies":"Masked Bandits","floor":21,"turns":7},{"damage":0,"enemies":"Snake Plant","floor":22,"turns":2}],"seed_played":"5662181312910516324","potions_obtained":[{"floor":1,"key":"SkillPotion"},{"floor":5,"key":"EntropicBrew"},{"floor":7,"key":"FearPotion"}],"is_trial":false,"path_per_floor":["M","M","M","?","M","R","E","R","T","M","E","M","M","$","R","B",null,"M","?","M","?","M"],"character_chosen":"THE_SILENT","items_purchased":[],"campfire_rested":0,"item_purchase_floors":[],"current_hp_per_floor":[49,48,48,48,48,48,31,31,31,30,32,32,33,33,33,18,57,44,44,40,5,5,5],"gold":224,"neow_bonus":"BOSS_RELIC","is_daily":false,"chose_seed":false,"campfire_upgraded":3,"win_rate":0.0,"timestamp":1607954654,"path_taken":["M","M","M","?","?","R","E","R","T","M","E","M","?","?","R","BOSS","M","?","M","?","M"],"items_purchased_type":[],"build_version":"2020-12-13","purchased_purges":1,"victory":false,"max_hp_per_floor":[70,70,70,70,70,70,70,70,70,70,70,70,70,70,70,70,70,70,49,49,49,49,49],"relic_stats":{"counters":[14,64],"Mummified Hand":[12],"Bird Faced Urn":[12],"Snecko Eye":[108,118,109,117],"Smiling Mask":25,"Cursed Key":0,"obtain_stats":[{"Mummified Hand":9,"Bird Faced Urn":7,"Snecko Eye":0,"Red Mask":21,"Smiling Mask":11,"Cursed Key":17,"Akabeko":4,"Ring of the Snake":0},{"Mummified Hand":5,"Bird Faced Urn":5,"Snecko Eye":0,"Red Mask":13,"Smiling Mask":7,"Cursed Key":10,"Akabeko":3,"Ring of the Snake":0},{"Mummified Hand":23,"Bird Faced Urn":23,"Snecko Eye":0,"Red Mask":62,"Smiling Mask":31,"Cursed Key":47,"Akabeko":15,"Ring of the Snake":0}]},"card_choices":[{"not_picked":["Blur","Dagger Throw"],"picked":"Poisoned Stab","floor":1},{"not_picked":["Escape Plan","Backflip"],"picked":"Dagger Throw","floor":2},{"not_picked":["Dagger Throw","Cloak And Dagger","Quick Slash"],"picked":"SKIP","floor":3},{"not_picked":["Dagger Throw","Calculated Gamble"],"picked":"Finisher","floor":5},{"not_picked":["Caltrops","Prepared"],"picked":"Dash","floor":7},{"not_picked":["Cloak And Dagger","Underhanded Strike"],"picked":"Well Laid Plans","floor":10},{"not_picked":["Underhanded Strike","Endless Agony"],"picked":"Deadly Poison","floor":11},{"not_picked":["PiercingWail","Well Laid Plans","Cloak And Dagger"],"picked":"SKIP","floor":12},{"not_picked":["Deflect","Dodge and Roll"],"picked":"Bane","floor":13},{"not_picked":["Storm of Steel","Phantasmal Killer"],"picked":"Venomology","floor":16},{"not_picked":["Endless Agony","Terror","Choke"],"picked":"SKIP","floor":18},{"not_picked":["Backstab","Bane","Dodge and Roll"],"picked":"SKIP","floor":20}],"player_experience":868471,"relics_obtained":[{"floor":7,"key":"Bird Faced Urn"},{"floor":9,"key":"Mummified Hand"},{"floor":11,"key":"Smiling Mask"},{"floor":21,"key":"Red Mask"}],"event_choices":[{"damage_healed":0,"gold_gain":0,"player_choice":"Paid Gold","damage_taken":0,"relics_obtained":["Akabeko"],"max_hp_gain":0,"max_hp_loss":0,"event_name":"WeMeetAgain","floor":4,"gold_loss":112},{"damage_healed":0,"gold_gain":0,"player_choice":"Became a vampire","damage_taken":0,"max_hp_gain":0,"max_hp_loss":21,"event_name":"Vampires","floor":19,"gold_loss":0,"cards_obtained":["Bite","Bite","Bite","Bite","Bite"]},{"damage_healed":0,"gold_gain":0,"player_choice":"Fought Bandits","damage_taken":0,"max_hp_gain":0,"max_hp_loss":0,"event_name":"Masked Bandits","floor":21,"gold_loss":0}],"is_beta":false,"boss_relics":[{"not_picked":["Astrolabe","Sozu"],"picked":"Cursed Key"}],"items_purged_floors":[14],"is_endless":false,"potions_floor_spawned":[1,5,7,10,13],"killed_by":"Snake Plant","ascension_level":13}}