{"host":"kda2p2afd6bvz6qo","time":1607916425,"event":{"mods":["BaseMod","Colored Map","Minty Spire (QoL Compilation)","Relic Stats"],"gold_per_floor":[113,130,205,218,236,270,270,300,350,381,381,392,392,410,410,410,410],"floor_reached":16,"playtime":1021,"items_purged":[],"score":159,"play_id":"974aa115-0d3e-4717-841b-2836dc8aaf06","local_time":"20201214032705","is_ascension_mode":true,"campfire_choices":[{"data":"Poisoned Stab","floor":7,"key":"SMITH"},{"floor":11,"key":"REST"},{"data":"Eviscerate","floor":15,"key":"SMITH"}],"circlet_count":0,"master_deck":["Strike_G","Strike_G","Strike_G","Strike_G","Strike_G","Defend_G","Defend_G","Defend_G","Defend_G","Defend_G","Survivor","Neutralize","Poisoned Stab+1","Cloak And Dagger","Prepared","Outmaneuver","Eviscerate+1","Venomology"],"relics":["Busted Crown","Pen Nib","Pear","Potion Belt","Juzu Bracelet","Sundial"],"acts_visited":["Exordium"],"potions_floor_usage":[6,8,10,16,16,16],"damage_taken":[{"damage":0,"enemies":"Cultist","floor":1,"turns":5},{"damage":0,"enemies":"2 Louse","floor":2,"turns":4},{"damage":2,"enemies":"Jaw Worm","floor":4,"turns":3},{"damage":1,"enemies":"Looter","floor":5,"turns":4},{"damage":25,"enemies":"3 Sentries","floor":6,"turns":12},{"damage":17,"enemies":"Gremlin Nob","floor":8,"turns":4},{"damage":11,"enemies":"3 Sentries","floor":10,"turns":11},{"damage":11,"enemies":"Large Slime","floor":12,"turns":6},{"damage":11,"enemies":"Gremlin Gang","floor":14,"turns":6},{"damage":5,"enemies":"Hexaghost","floor":16,"turns":9}],"seed_played":"-6880921569519303478","potions_obtained":[{"floor":2,"key":"Swift Potion"},{"floor":4,"key":"Dexterity Potion"},{"floor":6,"key":"FearPotion"},{"floor":10,"key":"DuplicationPotion"},{"floor":14,"key":"ColorlessPotion"}],"is_trial":false,"path_per_floor":["M","M","?","M","M","E","R","E","T","E","R","M","?","M","R","B"],"character_chosen":"THE_SILENT","items_purchased":[],"campfire_rested":1,"item_purchase_floors":[],"current_hp_per_floor":[63,63,52,50,49,24,24,17,17,6,30,19,16,5,5,0,0],"gold":410,"neow_bonus":"BOSS_RELIC","is_daily":false,"chose_seed":false,"campfire_upgraded":2,"win_rate":0.0,"timestamp":1607916425,"path_taken":["M","?","?","M","M","E","R","E","T","E","R","M","?","M","R","BOSS"],"items_purchased_type":[],"build_version":"2020-12-13","purchased_purges":0,"victory":false,"max_hp_per_floor":[70,70,70,70,70,70,70,80,80,80,80,80,80,80,80,80,80],"relic_stats":{"Busted Crown":18,"counters":[10,64],"Sundial":[2],"Pen Nib":[7],"Juzu Bracelet":0,"obtain_stats":[{"Potion Belt":9,"Busted Crown":0,"Pear":8,"Sundial":13,"Pen Nib":6,"Juzu Bracelet":10,"Ring of the Snake":0},{"Potion Belt":6,"Busted Crown":0,"Pear":6,"Sundial":8,"Pen Nib":5,"Juzu Bracelet":7,"Ring of the Snake":0},{"Potion Belt":32,"Busted Crown":0,"Pear":32,"Sundial":49,"Pen Nib":28,"Juzu Bracelet":43,"Ring of the Snake":0}]},"card_choices":[{"not_picked":["Deflect"],"picked":"SKIP","floor":1},{"not_picked":[],"picked":"Poisoned Stab","floor":2},{"not_picked":[],"picked":"Cloak And Dagger","floor":4},{"not_picked":[],"picked":"Prepared","floor":5},{"not_picked":["Deflect"],"picked":"SKIP","floor":6},{"not_picked":[],"picked":"Outmaneuver","floor":8},{"not_picked":[],"picked":"Eviscerate","floor":10},{"not_picked":["Deflect"],"picked":"SKIP","floor":12},{"not_picked":[],"picked":"Venomology","floor":14}],"player_experience":43596,"relics_obtained":[{"floor":6,"key":"Pen Nib"},{"floor":8,"key":"Pear"},{"floor":9,"key":"Potion Belt"},{"floor":10,"key":"Juzu Bracelet"}],"event_choices":[{"damage_healed":0,"gold_gain":75,"player_choice":"Gather Gold","damage_taken":11,"max_hp_gain":0,"max_hp_loss":0,"event_name":"World of Goop","floor":3,"gold_loss":0},{"damage_healed":0,"gold_gain":0,"player_choice":"Success","damage_taken":3,"relics_obtained":["Sundial"],"max_hp_gain":0,"max_hp_loss":0,"event_name":"Scrap Ooze","floor":13,"gold_loss":0}],"is_beta":false,"boss_relics":[],"items_purged_floors":[],"is_endless":false,"potions_floor_spawned":[2,4,6,10,14],"killed_by":"Hexaghost","ascension_level":6}}