{"host":"jxajaf4sdikd2b60","time":1607928917,"event":{"mods":["2.2 Compatiblity","AchievementEnabler","BaseMod","Better Altar","Better Match","Better Note","Better Sensory Stone","Better Skull","Better Third Choice","Better Vampires","BetterRewards","Colored Powertips","Minty Spire (QoL Compilation)","Permanent Neow","Quick Restart","Relic Stats","Slay-I","Spicy Shops","StSLib","Transform Curses"],"gold_per_floor":[118,36,56,69,82,82,82,115,191,191,205,170,188,35,35,159,159,178,103,103,116,116,450,450,36,36,61,61,80,80,103,103,223,223,238,238,238,252,585,585,605,638,638,673,673,701,711,484,484,484],"floor_reached":51,"playtime":1874,"items_purged":["Strike_B","Melter+1","Storm","Writhe"],"score":1278,"play_id":"feb3bd72-e44c-4723-a0f2-a7e748ffa756","local_time":"20201214015517","is_ascension_mode":true,"campfire_choices":[{"data":"Zap","floor":6,"key":"SMITH"},{"data":"Defragment","floor":15,"key":"SMITH"},{"data":"Dualcast","floor":24,"key":"SMITH"},{"data":"Loop","floor":28,"key":"SMITH"},{"data":"Defragment","floor":32,"key":"SMITH"},{"data":"Capacitor","floor":40,"key":"SMITH"},{"data":"White Noise","floor":45,"key":"SMITH"},{"data":"Capacitor","floor":49,"key":"SMITH"}],"circlet_count":0,"master_deck":["Defend_B","Defend_B","Zap+1","Dualcast+1","Defragment+1","Coolheaded","Cold Snap","Redo","Fusion","Ball Lightning","Consume+1","Force Field","Self Repair","Thunder Strike","Go for the Eyes+1","Rainbow+1","Glacier+1","Coolheaded+1","Capacitor+1","White Noise+1","Defragment+1","Loop+1","Consume+1","Rainbow","Defragment+1","Loop+1","BootSequence+1","Capacitor+1","Defragment+1"],"relics":["Cracked Core","Cables","Membership Card","DataDisk","Thread and Needle","Vajra","Pantograph","Spirit Poop","Runic Capacitor","Astrolabe","Old Coin","DollysMirror","Medical Kit","Art of War","Darkstone Periapt","Sozu","Lantern","Gremlin Horn","Oddly Smooth Stone","Ginger","Orrery","Ancient Tea Set"],"acts_visited":["Exordium","TheCity","TheBeyond"],"potions_floor_usage":[5,5,11,21,50,50],"damage_taken":[{"damage":2,"enemies":"Jaw Worm","floor":1,"turns":4},{"damage":0,"enemies":"Cultist","floor":3,"turns":3},{"damage":0,"enemies":"Small Slimes","floor":4,"turns":3},{"damage":0,"enemies":"3 Louse","floor":5,"turns":2},{"damage":6,"enemies":"Gremlin Nob","floor":8,"turns":4},{"damage":5,"enemies":"Lots of Slimes","floor":11,"turns":3},{"damage":0,"enemies":"2 Fungi Beasts","floor":13,"turns":3},{"damage":0,"enemies":"The Guardian","floor":16,"turns":6},{"damage":0,"enemies":"3 Byrds","floor":18,"turns":5},{"damage":21,"enemies":"2 Thieves","floor":21,"turns":3},{"damage":4,"enemies":"Book of Stabbing","floor":23,"turns":5},{"damage":2,"enemies":"Cultist and Chosen","floor":27,"turns":6},{"damage":19,"enemies":"Centurion and Healer","floor":29,"turns":6},{"damage":0,"enemies":"Shelled Parasite and Fungi","floor":31,"turns":6},{"damage":34,"enemies":"Collector","floor":33,"turns":7},{"damage":9,"enemies":"3 Shapes","floor":35,"turns":3},{"damage":18,"enemies":"Orb Walker","floor":38,"turns":3},{"damage":5,"enemies":"Jaw Worm Horde","floor":41,"turns":5},{"damage":41,"enemies":"Reptomancer","floor":42,"turns":6},{"damage":0,"enemies":"Nemesis","floor":44,"turns":11},{"damage":17,"enemies":"Giant Head","floor":46,"turns":8},{"damage":24,"enemies":"Transient","floor":47,"turns":5},{"damage":0,"enemies":"Time Eater","floor":50,"turns":11}],"seed_played":"555155846251719977","potions_obtained":[{"floor":3,"key":"Swift Potion"},{"floor":4,"key":"DistilledChaos"},{"floor":5,"key":"Fire Potion"},{"floor":11,"key":"Explosive Potion"},{"floor":23,"key":"Dexterity Potion"},{"floor":27,"key":"Ancient Potion"}],"is_trial":false,"path_per_floor":["M","?","M","M","M","R","?","E","T","?","M","?","M","$","R","B",null,"M","?","?","M","?","E","R","$","T","M","R","M","?","M","R","B",null,"M","?","?","M","?","R","M","E","T","E","R","E","M","$","R","B",null],"character_chosen":"DEFECT","items_purchased":["Cables","Defragment","Cold Snap","Storm","Coolheaded","Cold Snap","Membership Card","DataDisk","Runic Capacitor","Self Repair","Capacitor","White Noise","DollysMirror","Medical Kit","Art of War","Orrery","Ancient Tea Set"],"campfire_rested":0,"item_purchase_floors":[0,0,0,0,0,0,0,0,14,14,25,25,25,25,25,48,48],"current_hp_per_floor":[31,31,31,31,31,31,31,25,25,25,20,38,38,38,38,75,75,75,75,75,68,68,64,64,64,64,62,62,57,57,57,57,55,70,61,61,81,77,77,77,72,45,45,59,59,56,46,46,46,81],"gold":484,"neow_bonus":"","is_daily":false,"chose_seed":false,"campfire_upgraded":8,"win_rate":0.0,"timestamp":1607928917,"path_taken":["M","?","?","M","?","R","?","E","T","?","?","?","M","$","R","BOSS","M","?","?","?","?","E","R","$","T","M","R","M","?","M","R","BOSS","M","?","?","M","?","R","?","E","T","E","R","E","M","$","R","BOSS"],"items_purchased_type":["Relic","Card","Card","Card","Card","Card","Relic","Relic","Relic","Card","Card","Card","Relic","Relic","Relic","Relic","Relic"],"build_version":"2020-12-13","purchased_purges":4,"victory":true,"max_hp_per_floor":[75,75,75,75,75,75,75,75,75,75,75,75,75,75,75,75,75,75,75,75,75,75,75,75,75,75,75,75,75,75,75,75,75,75,75,75,81,81,81,81,81,81,81,81,81,81,81,81,81,81],"relic_stats":{"Darkstone Periapt":6,"Sozu":4,"Gremlin Horn":[0,0],"counters":[24,119],"Pantograph":68,"Astrolabe":["Go for the Eyes","Melter","Rainbow"],"Art of War":[37],"Ginger":[3],"Medical Kit":[9],"obtain_stats":[{"Darkstone Periapt":26,"Lantern":42,"Gremlin Horn":43,"Golden Idol":7,"Astrolabe":17,"Vajra":8,"Spirit Poop":10,"Oddly Smooth Stone":44,"Thread and Needle":2,"Runic Capacitor":14,"Ginger":46,"Medical Kit":25,"Ancient Tea Set":48,"Cables":0,"Old Coin":23,"Sozu":34,"DataDisk":0,"DollysMirror":25,"Pantograph":9,"Orrery":48,"Necronomicon":0,"Art of War":25,"Membership Card":0,"Cracked Core":0},{"Darkstone Periapt":12,"Lantern":20,"Gremlin Horn":20,"Golden Idol":5,"Astrolabe":9,"Vajra":6,"Spirit Poop":6,"Oddly Smooth Stone":21,"Thread and Needle":2,"Runic Capacitor":8,"Ginger":22,"Medical Kit":12,"Ancient Tea Set":23,"Cables":1,"Old Coin":12,"Sozu":16,"DataDisk":1,"DollysMirror":12,"Pantograph":6,"Orrery":23,"Necronomicon":0,"Art of War":12,"Membership Card":1,"Cracked Core":0},{"Darkstone Periapt":44,"Lantern":84,"Gremlin Horn":84,"Golden Idol":15,"Astrolabe":31,"Vajra":19,"Spirit Poop":19,"Oddly Smooth Stone":95,"Thread and Needle":7,"Runic Capacitor":25,"Ginger":103,"Medical Kit":44,"Ancient Tea Set":108,"Cables":3,"Old Coin":44,"Sozu":68,"DataDisk":3,"DollysMirror":44,"Pantograph":19,"Orrery":108,"Necronomicon":0,"Art of War":44,"Membership Card":3,"Cracked Core":0}],"Cables":[95,52,32,7,4]},"card_choices":[{"not_picked":["Heatsinks","Gash"],"picked":"Redo","floor":1},{"not_picked":["BootSequence","Barrage"],"picked":"Fusion","floor":3},{"not_picked":["Compile Driver","Leap"],"picked":"Ball Lightning","floor":4},{"not_picked":["Melter","Stack"],"picked":"Consume","floor":5},{"not_picked":["Steam","Compile Driver"],"picked":"Force Field","floor":8},{"not_picked":["Beam Cell","Hyperbeam","Gash"],"picked":"SKIP","floor":11},{"not_picked":["Stack","Leap","Barrage"],"picked":"SKIP","floor":13},{"not_picked":["Hyperbeam","Meteor Strike"],"picked":"Thunder Strike","floor":16},{"not_picked":["Aggregate+1","Doom and Gloom"],"picked":"Glacier+1","floor":18},{"not_picked":["FTL","Leap"],"picked":"Coolheaded+1","floor":21},{"not_picked":["Reprogram","Heatsinks","Melter+1"],"picked":"SKIP","floor":23},{"not_picked":["Reinforced Body","Scrape"],"picked":"Loop","floor":27},{"not_picked":["Streamline","Cold Snap"],"picked":"Consume+1","floor":29},{"not_picked":["Barrage","Go for the Eyes"],"picked":"Defragment","floor":31},{"not_picked":["Sunder+1","Ball Lightning"],"picked":"Loop+1","floor":35},{"not_picked":["Reprogram","Consume"],"picked":"BootSequence+1","floor":38},{"not_picked":["Go for the Eyes+1","Coolheaded+1","Rip and Tear"],"picked":"SKIP","floor":41},{"not_picked":["Melter","Genetic Algorithm","Reprogram+1"],"picked":"SKIP","floor":42},{"not_picked":["Auto Shields","Conserve Battery+1","Skim"],"picked":"SKIP","floor":44},{"not_picked":["Cold Snap","Seek","Rebound"],"picked":"SKIP","floor":46},{"not_picked":["Go for the Eyes+1","Sweeping Beam","Cold Snap+1"],"picked":"SKIP","floor":47},{"not_picked":["Meteor Strike","Ball Lightning+1"],"picked":"Capacitor","floor":48},{"not_picked":["Recycle+1","Hologram+1"],"picked":"Defragment+1","floor":48}],"player_experience":583663,"relics_obtained":[{"floor":8,"key":"Vajra"},{"floor":9,"key":"Pantograph"},{"floor":23,"key":"Old Coin"},{"floor":26,"key":"Darkstone Periapt"},{"floor":42,"key":"Lantern"},{"floor":43,"key":"Gremlin Horn"},{"floor":44,"key":"Oddly Smooth Stone"},{"floor":46,"key":"Ginger"}],"event_choices":[{"damage_healed":0,"gold_gain":0,"player_choice":"Paid Gold","damage_taken":0,"relics_obtained":["Thread and Needle"],"max_hp_gain":0,"max_hp_loss":0,"event_name":"WeMeetAgain","floor":2,"gold_loss":82},{"damage_healed":0,"gold_gain":0,"player_choice":"Take Wound","damage_taken":0,"relics_obtained":["Golden Idol"],"max_hp_gain":0,"max_hp_loss":0,"event_name":"Golden Idol","floor":7,"gold_loss":0,"cards_obtained":["Injury"]},{"cards_removed":["Injury"],"damage_healed":0,"gold_gain":0,"player_choice":"Offered Curse","damage_taken":0,"relics_obtained":["Spirit Poop"],"max_hp_gain":0,"max_hp_loss":0,"event_name":"Bonfire Elementals","floor":10,"gold_loss":0},{"damage_healed":18,"gold_gain":0,"player_choice":"Healed","damage_taken":0,"max_hp_gain":0,"max_hp_loss":0,"event_name":"The Cleric","floor":12,"gold_loss":35},{"cards_removed":["Strike_B"],"damage_healed":0,"gold_gain":0,"player_choice":"Gave Gold","damage_taken":0,"max_hp_gain":0,"max_hp_loss":0,"event_name":"Beggar","floor":19,"gold_loss":75},{"damage_healed":0,"gold_gain":0,"player_choice":"Upgraded","damage_taken":0,"max_hp_gain":0,"max_hp_loss":0,"event_name":"Upgrade Shrine","floor":20,"gold_loss":0,"cards_upgraded":["Consume"]},{"damage_healed":0,"gold_gain":0,"player_choice":"Became a vampire","damage_taken":0,"max_hp_gain":0,"max_hp_loss":0,"event_name":"Vampires","floor":22,"gold_loss":0,"cards_obtained":[]},{"damage_healed":0,"gold_gain":0,"cards_transformed":["Defend_B"],"player_choice":"Transformed","damage_taken":0,"max_hp_gain":0,"max_hp_loss":0,"event_name":"Transmorgrifier","floor":30,"gold_loss":0,"cards_obtained":["Rainbow"]},{"damage_healed":0,"gold_gain":0,"player_choice":"Ignored","damage_taken":0,"max_hp_gain":0,"max_hp_loss":0,"event_name":"Tomb of Lord Red Mask","floor":36,"gold_loss":0},{"damage_healed":19,"gold_gain":0,"player_choice":"Writhe","damage_taken":0,"max_hp_gain":0,"max_hp_loss":0,"event_name":"Winding Halls","floor":37,"gold_loss":0,"cards_obtained":["Writhe"]},{"damage_healed":0,"gold_gain":333,"player_choice":"Gave Idol","damage_taken":0,"max_hp_gain":0,"max_hp_loss":0,"event_name":"The Moai Head","floor":39,"relics_lost":["Golden Idol"],"gold_loss":0}],"is_beta":false,"boss_relics":[{"not_picked":["Fusion Hammer","FrozenCore"],"picked":"Astrolabe"},{"not_picked":["SacredBark","Philosopher\u0027s Stone"],"picked":"Sozu"}],"items_purged_floors":[0,25,25,48],"is_endless":false,"potions_floor_spawned":[3,4,5,11,23,27,38,42,44,47],"ascension_level":7}}