{"host":"0tiuc76yumknr6qf","time":1607971591,"event":{"mods":["BaseMod","Highlight Path","Jedi Mod","Minty Spire (QoL Compilation)","StSLib"],"gold_per_floor":[17,17,31,54,54,54,54,54,54,68,68,92,112,126,126,225,225,240,190,203,203,222,222,222],"floor_reached":23,"playtime":1072,"items_purged":[],"score":390,"play_id":"ca4c3136-9f80-478c-bb40-284e5304df83","local_time":"20201214124631","is_ascension_mode":true,"campfire_choices":[{"data":"jedi:studyfrost","floor":7,"key":"SMITH"},{"data":"Sunder","floor":11,"key":"SMITH"},{"data":"Darkness","floor":15,"key":"SMITH"}],"circlet_count":0,"master_deck":["AscendersBane","Zap","Dualcast","Self Repair","jedi:studyfrost+1","Sweeping Beam","Darkness+1","BootSequence","Sunder+1","Cold Snap","Barrage","Conserve Battery","jedi:gatheringstorm","Leap+1","Compile Driver","Echo Form","Machine Learning","Barrage","Leap+1","Go for the Eyes","Genetic Algorithm"],"relics":["Cracked Core","Golden Idol","Pear","Pandora\u0027s Box","jedi:zontanonomicon"],"acts_visited":["Exordium","TheCity"],"potions_floor_usage":[6],"damage_taken":[{"damage":4,"enemies":"2 Louse","floor":1,"turns":3},{"damage":10,"enemies":"Small Slimes","floor":3,"turns":2},{"damage":1,"enemies":"Cultist","floor":4,"turns":3},{"damage":11,"enemies":"Gremlin Nob","floor":6,"turns":3},{"damage":16,"enemies":"3 Louse","floor":10,"turns":3},{"damage":3,"enemies":"Lots of Slimes","floor":12,"turns":3},{"damage":0,"enemies":"Looter","floor":13,"turns":2},{"damage":0,"enemies":"Gremlin Gang","floor":14,"turns":3},{"damage":42,"enemies":"The Guardian","floor":16,"turns":11},{"damage":16,"enemies":"Shell Parasite","floor":18,"turns":5},{"damage":2,"enemies":"3 Byrds","floor":20,"turns":4},{"damage":26,"enemies":"Shelled Parasite and Fungi","floor":22,"turns":4},{"damage":15,"enemies":"Slavers","floor":23,"turns":1}],"seed_played":"-1039933228111812206","potions_obtained":[{"floor":1,"key":"SpeedPotion"},{"floor":4,"key":"SmokeBomb"},{"floor":14,"key":"FocusPotion"},{"floor":18,"key":"PotionOfCapacity"}],"is_trial":false,"path_per_floor":["M","?","M","M","?","E","R","?","T","M","R","M","M","M","R","B",null,"M","?","M","?","M","E"],"character_chosen":"DEFECT","items_purchased":[],"campfire_rested":0,"item_purchase_floors":[],"current_hp_per_floor":[67,64,61,64,64,60,60,60,70,61,61,65,65,65,65,30,63,54,54,59,38,12,0,0],"gold":222,"neow_bonus":"TRANSFORM_TWO_CARDS","is_daily":false,"chose_seed":false,"campfire_upgraded":3,"win_rate":0.0,"timestamp":1607971591,"path_taken":["M","?","M","M","?","E","R","?","T","M","R","M","?","M","R","BOSS","M","?","?","?","M","E"],"items_purchased_type":[],"build_version":"2020-12-13","purchased_purges":0,"victory":false,"max_hp_per_floor":[71,64,64,64,64,64,64,64,74,74,74,74,74,74,74,74,74,74,74,74,74,74,74,74],"card_choices":[{"not_picked":["Barrage","Go for the Eyes"],"picked":"Sweeping Beam","floor":1},{"not_picked":["Stack","jedi:sharpshooter"],"picked":"Darkness","floor":3},{"not_picked":["Leap","Skim"],"picked":"BootSequence","floor":4},{"not_picked":["Melter","Rebound"],"picked":"Sunder","floor":10},{"not_picked":["Doom and Gloom","Coolheaded"],"picked":"Cold Snap","floor":12},{"not_picked":["Rip and Tear","Steam Power"],"picked":"Barrage","floor":13},{"not_picked":["Barrage","Static Discharge"],"picked":"Conserve Battery","floor":14},{"not_picked":["jedi:darknesscall","Buffer"],"picked":"jedi:gatheringstorm","floor":16},{"not_picked":["Ball Lightning","Sweeping Beam"],"picked":"Leap","floor":18},{"not_picked":["Doom and Gloom","Barrage+1"],"picked":"Go for the Eyes","floor":20},{"not_picked":["jedi:blockon+1","Aggregate"],"picked":"Genetic Algorithm","floor":22}],"player_experience":1805264,"relics_obtained":[{"floor":9,"key":"Pear"},{"floor":21,"key":"jedi:zontanonomicon"}],"event_choices":[{"damage_healed":0,"gold_gain":0,"player_choice":"Lose Max HP","damage_taken":0,"relics_obtained":["Golden Idol"],"max_hp_gain":0,"max_hp_loss":7,"event_name":"Golden Idol","floor":2,"gold_loss":0},{"damage_healed":0,"gold_gain":0,"player_choice":"Fled","damage_taken":0,"max_hp_gain":0,"max_hp_loss":0,"event_name":"Scrap Ooze","floor":5,"gold_loss":0},{"cards_removed":["Strike_B"],"damage_healed":0,"gold_gain":0,"player_choice":"Purged","damage_taken":0,"max_hp_gain":0,"max_hp_loss":0,"event_name":"Purifier","floor":8,"gold_loss":0},{"damage_healed":0,"gold_gain":0,"player_choice":"Upgraded Two","damage_taken":0,"max_hp_gain":0,"max_hp_loss":0,"event_name":"Designer","floor":19,"gold_loss":50,"cards_upgraded":["Leap","Leap"]},{"damage_healed":0,"gold_gain":0,"player_choice":"Obtained Book","damage_taken":21,"max_hp_gain":0,"max_hp_loss":0,"event_name":"Cursed Tome","floor":21,"gold_loss":0}],"is_beta":false,"boss_relics":[{"not_picked":["SacredBark","Busted Crown"],"picked":"Pandora\u0027s Box"}],"items_purged_floors":[],"is_endless":false,"potions_floor_spawned":[1,4,14,18,20],"killed_by":"Slavers","ascension_level":20}}