{"host":"oihpulxxofncj7su","time":1607917634,"event":{"mods":["AchievementEnabler","BaseMod","Bestiary","BetterRewards","Colored Powertips","Highlight Path","Minty Spire (QoL Compilation)","Quick Restart","Spicy Shops","StSLib","The Cursed","The Servant 0.9.4"],"gold_per_floor":[118,118,42,62,76,76,87,87,87],"floor_reached":8,"playtime":878,"items_purged":[],"score":48,"play_id":"dbf0d9b2-f7d8-48ad-8a9e-4fe1d53a75af","local_time":"20201213224714","is_ascension_mode":false,"campfire_choices":[{"data":"Rewind","floor":6,"key":"SMITH"}],"circlet_count":0,"master_deck":["Strike_S","Strike_S","Strike_S","Strike_S","Defend_S","Defend_S","Defend_S","Defend_S","KidneyShot","Exchange","FastForward","KidneyShot","Rewind+1","Ricochet"],"relics":["Uniform","NeowsBlessing","Incense Burner"],"acts_visited":["Exordium"],"potions_floor_usage":[],"damage_taken":[{"damage":0,"enemies":"Jaw Worm","floor":1,"turns":1},{"damage":0,"enemies":"Cultist","floor":4,"turns":1},{"damage":0,"enemies":"Small Slimes","floor":5,"turns":2},{"damage":4,"enemies":"3 Louse","floor":7,"turns":4},{"damage":61,"enemies":"Lagavulin","floor":8,"turns":6}],"seed_played":"493102818166866327","potions_obtained":[{"floor":7,"key":"Block Potion"}],"is_trial":false,"path_per_floor":["M","?","$","M","M","R","M","E"],"character_chosen":"THE_SERVANT","items_purchased":["Incense Burner"],"campfire_rested":0,"item_purchase_floors":[3],"current_hp_per_floor":[65,65,65,65,65,65,61,0,0],"gold":87,"neow_bonus":"THREE_ENEMY_KILL","is_daily":false,"chose_seed":false,"campfire_upgraded":1,"win_rate":0.0,"timestamp":1607917634,"path_taken":["M","?","$","M","M","R","?","E"],"items_purchased_type":["Relic"],"build_version":"2020-12-13","purchased_purges":0,"victory":false,"max_hp_per_floor":[65,65,65,65,65,65,65,65,65],"card_choices":[{"not_picked":["Starlight","Rewind"],"picked":"FastForward","floor":1},{"not_picked":["Potential","Advance"],"picked":"Rewind","floor":4},{"not_picked":["Rewind","FastForward","Sabotage"],"picked":"SKIP","floor":5},{"not_picked":["Potential","Rewind"],"picked":"Ricochet","floor":7}],"player_experience":391670,"relics_obtained":[],"event_choices":[{"damage_healed":0,"gold_gain":0,"player_choice":"1 cards matched","damage_taken":0,"max_hp_gain":0,"max_hp_loss":0,"event_name":"Match and Keep!","floor":2,"gold_loss":0,"cards_obtained":["KidneyShot"]}],"is_beta":false,"boss_relics":[],"items_purged_floors":[],"is_endless":false,"potions_floor_spawned":[7],"killed_by":"Lagavulin","ascension_level":0}}