{"host":"ilxricga2547gmyy","time":1607963491,"event":{"mods":["AchievementEnabler","BaseMod","Minty Spire (QoL Compilation)","Quick Restart","Replay The Spire","StSLib"],"gold_per_floor":[118,128,144,74,61,89,89,124,150,179,179,179,179,220,220,346,409,432,149,149,149,164,164,199,199,199,243,243,266,289,242,242,367,367,390,350,39,53,53,88,106,139,139,152,166,200,200,224,224,224,224,224,120,160,160,160],"floor_reached":55,"playtime":2786,"items_purged":["Cloak And Dagger","ReplayTheSpireMod:Restless Dread","Strike_G+1","Strike_G+1"],"score":930,"play_id":"16e03fcf-5dd0-4cc3-9012-59923b783832","local_time":"20201214173131","is_ascension_mode":true,"campfire_choices":[{"floor":11,"key":"REST"},{"floor":13,"key":"REST"},{"data":"Adrenaline","floor":23,"key":"SMITH"},{"data":"Adrenaline","floor":25,"key":"SMITH"},{"data":"Pot Of Greed","floor":28,"key":"SMITH"},{"data":"Pot Of Greed","floor":32,"key":"SMITH"},{"floor":47,"key":"REST"},{"floor":49,"key":"RECALL"},{"data":"Pot Of Greed","floor":52,"key":"SMITH"}],"circlet_count":0,"master_deck":["Strike_G+1","Strike_G+1","Strike_G+1","Defend_G+1","Defend_G+1","Defend_G+1","Defend_G+2","Defend_G+2","Survivor+1","Neutralize","Backflip","Crippling Poison","Prepared+1","Noxious Fumes","Pot Of Greed+1","Pot Of Greed+1","Deadly Poison","Adrenaline+1","Deadly Poison","Adrenaline+1","Noxious Fumes","PiercingWail+1","Pot Of Greed+1","Crippling Poison","Poison Darts","Deadly Poison+1","Poisoned Stab+1","After Image","A Thousand Cuts","Bouncing Flask+1","Acrobatics+1"],"relics":["Ring of the Snake","Eternal Feather","Lantern","Grinning Jar","Smiling Mask","Golden Idol","ReplayTheSpireMod:Lightbulb","Tiny House","Snake Skull","Vajra","Letter Opener","Question Card","ReplayTheSpireMod:CursedCoin","ReplayTheSpireMod:TigerMarble","SacredBark","Bottled Lightning","Toxic Egg 2","Akabeko","Simple Rune","Tingsha"],"acts_visited":["Exordium","TheCity","TheBeyond","TheEnding"],"potions_floor_usage":[14,33,45,55],"damage_taken":[{"damage":1,"enemies":"2 Louse","floor":1,"turns":3},{"damage":1,"enemies":"Jaw Worm","floor":2,"turns":4},{"damage":0,"enemies":"Cultist","floor":3,"turns":5},{"damage":6,"enemies":"Exordium Thugs","floor":5,"turns":4},{"damage":37,"enemies":"Gremlin Nob","floor":6,"turns":6},{"damage":19,"enemies":"Lagavulin","floor":8,"turns":11},{"damage":5,"enemies":"Replay:BlueRogue","floor":10,"turns":8},{"damage":15,"enemies":"Gremlin Nob","floor":14,"turns":6},{"damage":34,"enemies":"Hexaghost","floor":16,"turns":11},{"damage":9,"enemies":"Shell Parasite","floor":18,"turns":5},{"damage":0,"enemies":"3 Byrds","floor":22,"turns":3},{"damage":1,"enemies":"Replay:Snechameleon","floor":24,"turns":5},{"damage":19,"enemies":"Slavers","floor":27,"turns":4},{"damage":3,"enemies":"Snake Plant","floor":29,"turns":3},{"damage":0,"enemies":"Sentry and Sphere","floor":30,"turns":3},{"damage":2,"enemies":"Collector","floor":33,"turns":6},{"damage":29,"enemies":"3 Darklings","floor":35,"turns":3},{"damage":4,"enemies":"Orb Walker","floor":38,"turns":3},{"damage":0,"enemies":"R_Hoarder","floor":40,"turns":7},{"damage":0,"enemies":"Sphere and 2 Shapes","floor":41,"turns":3},{"damage":28,"enemies":"Reptomancer","floor":42,"turns":5},{"damage":0,"enemies":"4 Shapes","floor":44,"turns":2},{"damage":2,"enemies":"Jaw Worm Horde","floor":45,"turns":3},{"damage":0,"enemies":"R_Hoarder","floor":46,"turns":5},{"damage":3,"enemies":"Transient","floor":48,"turns":5},{"damage":123,"enemies":"Donu and Deca","floor":50,"turns":8},{"damage":68,"enemies":"Shield and Spear","floor":54,"turns":6},{"damage":39,"enemies":"The Heart","floor":55,"turns":2}],"seed_played":"6899612216861402328","potions_obtained":[{"floor":3,"key":"GamblersBrew"},{"floor":10,"key":"Block Potion"},{"floor":15,"key":"SmokeBomb"},{"floor":15,"key":"FairyPotion"},{"floor":16,"key":"FearPotion"},{"floor":18,"key":"Adrenaline Potion"},{"floor":30,"key":"FairyPotion"},{"floor":35,"key":"PowerPotion"},{"floor":46,"key":"LiquidBronze"}],"is_trial":false,"path_per_floor":["M","M","M","$","M","E","?","E","T","E","R","?","R","E","R","B",null,"M","$","?","?","M","R","E","R","T","E","R","M","M","$","R","B",null,"M","?","$","M","$","E","M","E","T","M","M","E","R","M","R","B",null,"R","$","E","B"],"character_chosen":"THE_SILENT","items_purchased":["Noxious Fumes","Snake Skull","Noxious Fumes","ReplayTheSpireMod:CursedCoin","ReplayTheSpireMod:TigerMarble","Bottled Lightning","Acrobatics+1"],"campfire_rested":3,"item_purchase_floors":[4,19,19,31,31,37,53],"current_hp_per_floor":[76,75,75,75,69,32,32,13,13,8,43,43,71,56,68,34,76,67,67,67,67,67,76,75,76,76,57,72,69,69,69,76,74,76,47,47,47,43,43,43,43,15,15,15,13,13,53,50,68,45,76,76,76,8,0,0],"gold":160,"neow_bonus":"TEN_PERCENT_HP_BONUS","is_daily":false,"chose_seed":false,"campfire_upgraded":5,"win_rate":0.0,"timestamp":1607963491,"path_taken":["M","M","M","$","M","E","?","E","T","E","R","?","R","E","R","BOSS","M","$","?","?","M","R","E","R","T","E","R","M","M","$","R","BOSS","M","?","?","M","?","E","M","E","T","M","M","E","R","M","R","BOSS","R","$","E","BOSS"],"items_purchased_type":["Card","Relic","Card","Relic","Relic","Relic","Card"],"build_version":"2020-12-13","purchased_purges":4,"victory":false,"max_hp_per_floor":[77,77,77,77,77,77,77,77,77,77,77,71,71,71,71,71,76,76,76,76,76,76,76,76,76,76,76,76,76,76,76,76,76,76,76,76,76,76,76,76,76,76,76,76,76,76,76,76,76,76,76,76,76,76,76,76],"card_choices":[{"not_picked":["Prepared","Riddle With Holes"],"picked":"Backflip","floor":1},{"not_picked":["Deflect","Finisher"],"picked":"Crippling Poison","floor":2},{"not_picked":["Masterful Stab","Dagger Spray"],"picked":"Prepared","floor":3},{"not_picked":["ReplayTheSpireMod:Exploit Weakness","Dagger Spray","Predator"],"picked":"SKIP","floor":5},{"not_picked":["Underhanded Strike","Flying Knee"],"picked":"Cloak And Dagger","floor":6},{"not_picked":["Flying Knee","Backflip"],"picked":"Dodge and Roll","floor":8},{"not_picked":["Expertise","Backstab"],"picked":"Deadly Poison","floor":10},{"not_picked":["Doppelganger","Bane","Caltrops"],"picked":"SKIP","floor":14},{"not_picked":["Phantasmal Killer","Corpse Explosion"],"picked":"Adrenaline","floor":16},{"not_picked":["Bane","Sucker Punch"],"picked":"Deadly Poison","floor":17},{"not_picked":["Sucker Punch","Slice"],"picked":"Adrenaline","floor":18},{"not_picked":["Sucker Punch","Quick Slash","Underhanded Strike"],"picked":"SKIP","floor":22},{"not_picked":["Quick Slash","Bane","Setup"],"picked":"SKIP","floor":24},{"not_picked":["Deflect+1","Bullet Time"],"picked":"PiercingWail","floor":27},{"not_picked":["Concentrate","Hidden Blade","PiercingWail"],"picked":"Crippling Poison","floor":29},{"not_picked":["Dodge and Roll+1","Slice","Well Laid Plans","Blade Dance"],"picked":"SKIP","floor":30},{"not_picked":["Unload","Malaise","Glass Knife"],"picked":"Poison Darts","floor":33},{"not_picked":["ReplayTheSpireMod:Scrap Shanks","Slice","Underhanded Strike+1","Accuracy"],"picked":"SKIP","floor":35},{"not_picked":["Skewer+1","Blade Dance","Dagger Throw"],"picked":"Deadly Poison+1","floor":38},{"not_picked":["ReplayTheSpireMod:Tripwire+1","Blade Dance+1","Terror+1","Riddle With Holes+1"],"picked":"SKIP","floor":40},{"not_picked":["Deflect+1","PiercingWail+1","Deadly Poison+1"],"picked":"Poisoned Stab+1","floor":41},{"not_picked":["Dodge and Roll+1","Deflect+1","Caltrops+1"],"picked":"After Image","floor":42},{"not_picked":["Leg Sweep+1","Flechettes","Sneak Up+1","Eviscerate+1"],"picked":"SKIP","floor":44},{"not_picked":["Cloak And Dagger+1","Tactician+1","Terror+1","Flechettes"],"picked":"SKIP","floor":45},{"not_picked":["Fluid Movement+1","Deflect+1","Slice+1"],"picked":"A Thousand Cuts","floor":46},{"not_picked":["Slice+1","PiercingWail+1","Backstab"],"picked":"Bouncing Flask+1","floor":48},{"not_picked":["Cloak And Dagger+1","Expertise+1","Outmaneuver+1","Sneak Up+1"],"picked":"SKIP","floor":54}],"player_experience":221733,"relics_obtained":[{"floor":6,"key":"Eternal Feather"},{"floor":8,"key":"Lantern"},{"floor":9,"key":"Grinning Jar"},{"floor":10,"key":"Smiling Mask"},{"floor":14,"key":"ReplayTheSpireMod:Lightbulb"},{"floor":24,"key":"Vajra"},{"floor":26,"key":"Letter Opener"},{"floor":27,"key":"Question Card"},{"floor":40,"key":"Toxic Egg 2"},{"floor":42,"key":"Akabeko"},{"floor":46,"key":"Simple Rune"},{"floor":54,"key":"Tingsha"}],"event_choices":[{"damage_healed":0,"gold_gain":0,"player_choice":"Ignored","damage_taken":0,"max_hp_gain":0,"max_hp_loss":0,"event_name":"Liars Game","floor":7,"gold_loss":0},{"damage_healed":0,"gold_gain":0,"player_choice":"Lose Max HP","damage_taken":0,"relics_obtained":["Golden Idol"],"max_hp_gain":0,"max_hp_loss":6,"event_name":"Golden Idol","floor":12,"gold_loss":0},{"damage_healed":0,"gold_gain":0,"player_choice":"Simplicity","damage_taken":0,"max_hp_gain":0,"max_hp_loss":0,"event_name":"Back to Basics","floor":20,"gold_loss":0,"cards_upgraded":["Strike_G","Strike_G","Strike_G","Strike_G","Strike_G","Defend_G","Defend_G","Defend_G","Defend_G","Defend_G"]},{"cards_removed":["Dodge and Roll"],"damage_healed":0,"gold_gain":0,"player_choice":"Card Removal","damage_taken":0,"max_hp_gain":0,"max_hp_loss":0,"event_name":"Wheel of Change","floor":21,"gold_loss":0},{"damage_healed":0,"gold_gain":0,"player_choice":"Upgraded Two","damage_taken":0,"max_hp_gain":0,"max_hp_loss":0,"event_name":"Designer","floor":36,"gold_loss":40,"cards_upgraded":["PiercingWail","Prepared"]}],"is_beta":false,"boss_relics":[{"not_picked":["Runic Pyramid","Replay:Wanted Poster"],"picked":"Tiny House"},{"not_picked":["Ring of Chaos","Ring of the Serpent"],"picked":"SacredBark"}],"items_purged_floors":[19,31,37,53],"is_endless":false,"potions_floor_spawned":[3,10,16,18,22,24,30,35,46],"killed_by":"The Heart","ascension_level":2}}