{"host":"h0xw20cia6ppa69g","time":1607925273,"event":{"mods":["AchievementEnabler","BaseMod","Colored Map","Googly Eyes","Minty Spire (QoL Compilation)","Relic Stats","StSLib","The Awakened One except there are too many feathers","everything is the same but u backflip on backflip"],"gold_per_floor":[10,24,35,35,35,64,64,98,98,98,128,53,87,106,106,203,203,215,215,228,245,260,260,260,260],"floor_reached":24,"playtime":880,"items_purged":["Strike_R"],"score":237,"play_id":"80eb1151-1bc3-47d8-a97d-2827d48ab58d","local_time":"20201213235433","is_ascension_mode":true,"campfire_choices":[{"data":"Dual Wield","floor":7,"key":"SMITH"},{"data":"Sadistic Nature","floor":10,"key":"SMITH"},{"data":"True Grit","floor":15,"key":"SMITH"},{"data":"Dual Wield","floor":23,"key":"SMITH"}],"circlet_count":0,"master_deck":["Strike_R","Strike_R","Strike_R","Strike_R","Defend_R","Defend_R","Defend_R","Defend_R","Bash","Sadistic Nature+1","Inflame","Thunderclap","Clothesline","Dual Wield+1","Thunderclap","Dual Wield+1","True Grit+1","Reaper","Entrench+1","Uppercut","Shrug It Off","Metallicize+1"],"relics":["Burning Blood","Pantograph","White Beast Statue","Letter Opener","Tiny Chest","Potion Belt","Runic Dome"],"acts_visited":["Exordium","TheCity"],"potions_floor_usage":[13,21,22,22,24,24],"damage_taken":[{"damage":6,"enemies":"Jaw Worm","floor":1,"turns":3},{"damage":5,"enemies":"2 Louse","floor":2,"turns":3},{"damage":1,"enemies":"Cultist","floor":3,"turns":3},{"damage":41,"enemies":"3 Sentries","floor":6,"turns":10},{"damage":26,"enemies":"Lagavulin","floor":8,"turns":7},{"damage":8,"enemies":"Gremlin Nob","floor":11,"turns":3},{"damage":26,"enemies":"Lagavulin","floor":13,"turns":6},{"damage":0,"enemies":"Looter","floor":14,"turns":3},{"damage":27,"enemies":"The Guardian","floor":16,"turns":11},{"damage":5,"enemies":"3 Byrds","floor":18,"turns":2},{"damage":51,"enemies":"Chosen","floor":20,"turns":7},{"damage":40,"enemies":"Snake Plant","floor":21,"turns":6},{"damage":6,"enemies":"Snecko","floor":22,"turns":3},{"damage":35,"enemies":"Slavers","floor":24,"turns":2}],"seed_played":"4802165892658870168","potions_obtained":[{"floor":1,"key":"ColorlessPotion"},{"floor":8,"key":"SkillPotion"},{"floor":11,"key":"CultistPotion"},{"floor":13,"key":"BloodPotion"},{"floor":14,"key":"LiquidBronze"},{"floor":16,"key":"DuplicationPotion"},{"floor":18,"key":"BlessingOfTheForge"},{"floor":21,"key":"FearPotion"},{"floor":22,"key":"LiquidBronze"}],"is_trial":false,"path_per_floor":["M","M","M","?","?","E","R","E","T","R","E","$","E","M","R","B",null,"M","?","M","M","M","R","E"],"character_chosen":"IRONCLAD","items_purchased":[],"campfire_rested":0,"item_purchase_floors":[],"current_hp_per_floor":[80,80,80,80,85,50,50,30,30,30,28,28,8,14,14,18,85,85,69,30,14,32,32,0,0],"gold":260,"neow_bonus":"RANDOM_COLORLESS_2","is_daily":false,"chose_seed":false,"campfire_upgraded":4,"win_rate":0.0,"timestamp":1607925273,"path_taken":["M","M","M","?","?","E","R","E","T","R","E","?","E","M","R","BOSS","M","?","M","M","M","R","E"],"items_purchased_type":[],"build_version":"2020-12-13","purchased_purges":1,"victory":false,"max_hp_per_floor":[80,80,80,80,85,85,85,85,85,85,85,85,85,85,85,85,85,85,90,90,90,90,90,90,90],"relic_stats":{"counters":[14,69],"Pantograph":25,"Tiny Chest":0,"Letter Opener":[25],"obtain_stats":[{"Potion Belt":13,"Runic Dome":17,"Pantograph":6,"Tiny Chest":11,"Letter Opener":9,"Burning Blood":0,"White Beast Statue":8},{"Potion Belt":7,"Runic Dome":9,"Pantograph":4,"Tiny Chest":6,"Letter Opener":5,"Burning Blood":0,"White Beast Statue":5},{"Potion Belt":35,"Runic Dome":49,"Pantograph":19,"Tiny Chest":29,"Letter Opener":26,"Burning Blood":0,"White Beast Statue":26}],"Burning Blood":71},"card_choices":[{"not_picked":["Chrysalis","Master of Strategy"],"picked":"Sadistic Nature","floor":0},{"not_picked":["Pommel Strike","Second Wind"],"picked":"Inflame","floor":1},{"not_picked":["Clash","Hemokinesis"],"picked":"Thunderclap","floor":2},{"not_picked":["Iron Wave","Havoc"],"picked":"Clothesline","floor":3},{"not_picked":["Warcry","Anger"],"picked":"Dual Wield","floor":6},{"not_picked":["Combust","Bloodletting"],"picked":"Thunderclap","floor":8},{"not_picked":["Shrug It Off","Impervious"],"picked":"Dual Wield","floor":11},{"not_picked":["Headbutt","Immolate"],"picked":"True Grit","floor":13},{"not_picked":["Wild Strike","Blood for Blood","Body Slam"],"picked":"SKIP","floor":14},{"not_picked":["Fiend Fire","Barricade"],"picked":"Reaper","floor":16},{"not_picked":["Iron Wave","Anger"],"picked":"Entrench+1","floor":18},{"not_picked":["Thunderclap","Armaments"],"picked":"Uppercut","floor":20},{"not_picked":["Sword Boomerang","Body Slam"],"picked":"Shrug It Off","floor":21},{"not_picked":["Seeing Red","Feel No Pain"],"picked":"Metallicize+1","floor":22}],"player_experience":3494047,"relics_obtained":[{"floor":6,"key":"Pantograph"},{"floor":8,"key":"White Beast Statue"},{"floor":9,"key":"Letter Opener"},{"floor":11,"key":"Tiny Chest"},{"floor":13,"key":"Potion Belt"}],"event_choices":[{"damage_healed":0,"gold_gain":0,"player_choice":"Ignored","damage_taken":0,"max_hp_gain":0,"max_hp_loss":0,"event_name":"Liars Game","floor":4,"gold_loss":0},{"damage_healed":0,"gold_gain":0,"player_choice":"Donut","damage_taken":0,"max_hp_gain":5,"max_hp_loss":0,"event_name":"Big Fish","floor":5,"gold_loss":0},{"damage_healed":0,"gold_gain":0,"player_choice":"Shed Blood","damage_taken":21,"max_hp_gain":5,"max_hp_loss":0,"event_name":"Forgotten Altar","floor":19,"gold_loss":0}],"is_beta":false,"boss_relics":[{"not_picked":["Sozu","Ectoplasm"],"picked":"Runic Dome"}],"items_purged_floors":[12],"is_endless":false,"potions_floor_spawned":[1,8,11,13,14,16,18,20,21,22],"killed_by":"Slavers","ascension_level":1}}