{"host":"1","time":1607954731,"event":{"mods":["Act Like it!","BaseMod","Better Third Choice","Hubris","Jorbs\u0027s Wanderer Trilogy","Minty Spire (QoL Compilation)","Replay The Spire","Shade Mod","StSLib","The Cursed","The Mystic","Wandering Minibosses"],"gold_per_floor":[110,20,36,36,54,83,83,114,126,152,38,56,56,70,70,170,170,185,185,202,214,265,265,290,308,334,30,30,30],"floor_reached":28,"playtime":1179,"items_purged":["Pain"],"score":315,"play_id":"8f7cf4aa-7566-4d2c-a33e-05396282aec8","local_time":"20201214170531","is_ascension_mode":true,"campfire_choices":[{"floor":7,"key":"REST"},{"floor":15,"key":"REST"},{"floor":23,"key":"REST"}],"circlet_count":0,"master_deck":["Strike_P","Strike_P","Strike_P","Strike_P","Defend_P","Defend_P","Defend_P","Defend_P","Eruption","Vigilance","Wallop","Finesse","Prostrate","FlurryOfBlows","Prostrate","FollowUp","CutThroughFate+1","Replay:Vibes","Die Die Die+1","Vault","CurseOfTheBell","Replay:ManipulateFuture+1","Replay:Cycle","Worship+1","Alpha","FlyingSleeves","Pray+1","Devotion"],"relics":["Counterbalance","WarpedTongs","Juzu Bracelet","MawBank","Replay:M_StaffOfTheSnake","Calling Bell","Omamori","Replay:Bottled Snecko","Durian","Snack Pack","ReplayTheSpireMod:Lightbulb","Whetstone","Regal Pillow"],"acts_visited":["Exordium","TheCity"],"potions_floor_usage":[6,10,16,18,25,28],"damage_taken":[{"damage":0,"enemies":"Cultist","floor":1,"turns":4},{"damage":2,"enemies":"Jaw Worm","floor":3,"turns":2},{"damage":5,"enemies":"2 Louse","floor":5,"turns":1},{"damage":19,"enemies":"Replay:BlueRogue","floor":6,"turns":5},{"damage":33,"enemies":"Lagavulin","floor":8,"turns":5},{"damage":1,"enemies":"Gremlin Gang","floor":10,"turns":3},{"damage":1,"enemies":"Blue Slaver","floor":12,"turns":4},{"damage":0,"enemies":"2 Fungi Beasts","floor":14,"turns":2},{"damage":0,"enemies":"Slime Boss","floor":16,"turns":4},{"damage":18,"enemies":"2 Thieves","floor":18,"turns":3},{"damage":20,"enemies":"3 Byrds","floor":20,"turns":3},{"damage":30,"enemies":"Sentry and Sphere","floor":21,"turns":6},{"damage":32,"enemies":"Gremlin Leader","floor":24,"turns":6},{"damage":7,"enemies":"Centurion and Healer","floor":25,"turns":7},{"damage":11,"enemies":"Snecko","floor":28,"turns":3}],"seed_played":"8842792610138204554","potions_obtained":[{"floor":1,"key":"Strength Potion"},{"floor":5,"key":"BottledMiracle"},{"floor":8,"key":"AttackPotion"},{"floor":12,"key":"Elixir"},{"floor":14,"key":"Energy Potion"},{"floor":22,"key":"SteroidPotion"},{"floor":24,"key":"Weak Potion"},{"floor":25,"key":"PowerPotion"}],"is_trial":false,"path_per_floor":["M","$","M","?","M","E","R","E","T","M","$","M","?","M","R","B",null,"M","?","M","M","?","R","E","M","T","$","M"],"character_chosen":"WATCHER","items_purchased":["Finesse","CutThroughFate","Devotion","Regal Pillow"],"campfire_rested":3,"item_purchase_floors":[2,11,27,27],"current_hp_per_floor":[51,51,49,49,44,25,46,13,13,12,12,11,11,11,32,32,77,59,59,39,9,9,32,4,3,3,3,0,0],"gold":30,"neow_bonus":"ONE_RARE_RELIC","is_daily":false,"chose_seed":false,"campfire_upgraded":0,"win_rate":0.0,"timestamp":1607954731,"path_taken":["M","?","M","?","M","E","R","E","T","M","$","M","?","M","R","BOSS","M","?","M","M","?","R","E","M","T","$","M"],"items_purchased_type":["Card","Card","Card","Relic"],"build_version":"2020-11-17","purchased_purges":1,"victory":false,"max_hp_per_floor":[72,72,72,72,72,72,72,72,72,72,72,72,72,72,72,72,77,77,77,77,77,77,77,77,77,77,77,77,77],"card_choices":[{"not_picked":["ReachHeaven","BowlingBash"],"picked":"Wallop","floor":1},{"not_picked":["FearNoEvil","CrushJoints","Nirvana"],"picked":"SKIP","floor":3},{"not_picked":["Wireheading","Replay:AtTheReady"],"picked":"Prostrate","floor":5},{"not_picked":["Replay:BluntJabs","Replay:Battleflow"],"picked":"FlurryOfBlows","floor":6},{"not_picked":["SashWhip","Wallop"],"picked":"Prostrate","floor":8},{"not_picked":["ThirdEye","Crescendo"],"picked":"FollowUp","floor":10},{"not_picked":["SashWhip","WaveOfTheHand"],"picked":"Replay:Vibes","floor":12},{"not_picked":["BattleHymn","Flying Knee"],"picked":"Die Die Die","floor":14},{"not_picked":["Night Terror","Doppelganger"],"picked":"Vault","floor":16},{"not_picked":["Halt+1","ThirdEye"],"picked":"Replay:ManipulateFuture+1","floor":18},{"not_picked":["TalkToTheHand","FlyingSleeves"],"picked":"Worship+1","floor":20},{"not_picked":["FollowUp+1","Sanctity"],"picked":"Alpha","floor":21},{"not_picked":["JustLucky","CutThroughFate"],"picked":"FlyingSleeves","floor":22},{"not_picked":["Replay:ManipulateFuture","Swivel"],"picked":"Pray+1","floor":24},{"not_picked":["EmptyFist","Crescendo","CutThroughFate"],"picked":"SKIP","floor":25}],"player_experience":70078,"relics_obtained":[{"floor":6,"key":"Juzu Bracelet"},{"floor":8,"key":"MawBank"},{"floor":17,"key":"Omamori"},{"floor":17,"key":"Replay:Bottled Snecko"},{"floor":17,"key":"Durian"},{"floor":22,"key":"Snack Pack"},{"floor":24,"key":"ReplayTheSpireMod:Lightbulb"},{"floor":26,"key":"Whetstone"}],"event_choices":[{"damage_healed":0,"gold_gain":0,"player_choice":"Rummage","damage_taken":0,"relics_obtained":["WarpedTongs"],"max_hp_gain":0,"max_hp_loss":0,"event_name":"Accursed Blacksmith","floor":4,"gold_loss":0,"cards_obtained":["Pain"]},{"damage_healed":0,"gold_gain":0,"player_choice":"Read","damage_taken":0,"max_hp_gain":0,"max_hp_loss":0,"event_name":"The Library","floor":19,"gold_loss":0,"cards_obtained":["Replay:Cycle"]}],"is_beta":true,"boss_relics":[{"not_picked":["Runic Dome","Replay:Ancient Bell"],"picked":"Calling Bell"}],"items_purged_floors":[11],"is_endless":false,"potions_floor_spawned":[1,5,8,12,14,24,25],"killed_by":"Snecko","ascension_level":1}}