{"host":"49c2zf0lajbcs427","time":1607930859,"event":{"mods":["AchievementEnabler","BaseMod","Colored Map","Colored Powertips","Highlight Path","Minty Spire (QoL Compilation)","Relic Stats","StSLib"],"gold_per_floor":[113,188,33,52,52,63,28,28,78,78,103,103,120,145,145,221,221,238,238,268,16,29,58,58,89,89,122,136,165,80,80,80,155,155,175,175,188,213,213,242,242,276,288,300,252,306,18,28,28,28],"floor_reached":51,"playtime":3075,"items_purged":["Defend_P","Defend_P"],"score":1804,"play_id":"71414d46-f361-47fa-aa96-2b9bbc48969f","local_time":"20201214202739","is_ascension_mode":true,"campfire_choices":[{"data":"Eruption","floor":8.0,"key":"SMITH"},{"data":"TalkToTheHand","floor":10.0,"key":"SMITH"},{"floor":12.0,"key":"REST"},{"data":"SandsOfTime","floor":15.0,"key":"SMITH"},{"floor":24,"key":"REST"},{"floor":32,"key":"REST"},{"floor":41,"key":"REST"},{"floor":44,"key":"RECALL"},{"floor":49,"key":"REST"}],"circlet_count":0,"master_deck":["AscendersBane","Strike_P+1","Strike_P+1","Strike_P","Defend_P+1","Defend_P","Eruption+1","Vigilance","SandsOfTime+1","TalkToTheHand+1","EmptyBody","FlurryOfBlows+1","Tantrum+1","LessonLearned","FlyingSleeves+1","FearNoEvil+1","FearNoEvil","Scrawl","WheelKick","Prostrate+1","Protect+1","MentalFortress+1","Tantrum+1","ClearTheMind","InnerPeace","Omniscience+1","FlurryOfBlows","Worship","Vault","Blasphemy","Wish","DevaForm+1"],"relics":["Black Star","Happy Flower","Torii","StrikeDummy","Pantograph","FossilizedHelix","Fusion Hammer","Red Mask","Damaru","Frozen Egg 2","Akabeko","Tiny Chest","Ornamental Fan","Darkstone Periapt","Question Card","Gremlin Horn","Bottled Lightning","Strawberry","Enchiridion","VioletLotus","Lantern","Pen Nib","Meat on the Bone","MawBank","Ancient Tea Set","The Courier","Lizard Tail"],"acts_visited":["Exordium","TheCity","TheBeyond"],"potions_floor_usage":[23,50],"damage_taken":[{"damage":9.0,"enemies":"Cultist","floor":1.0,"turns":5.0},{"damage":6.0,"enemies":"2 Louse","floor":4.0,"turns":3.0},{"damage":0.0,"enemies":"Small Slimes","floor":6.0,"turns":3.0},{"damage":34.0,"enemies":"3 Sentries","floor":11.0,"turns":9.0},{"damage":2.0,"enemies":"Looter","floor":13.0,"turns":3.0},{"damage":1.0,"enemies":"Lagavulin","floor":14.0,"turns":6.0},{"damage":4.0,"enemies":"The Guardian","floor":16.0,"turns":10.0},{"damage":0.0,"enemies":"Chosen","floor":18.0,"turns":2.0},{"damage":36.0,"enemies":"Masked Bandits","floor":20.0,"turns":3.0},{"damage":2.0,"enemies":"Shell Parasite","floor":22.0,"turns":5.0},{"damage":0,"enemies":"Book of Stabbing","floor":23,"turns":4},{"damage":1,"enemies":"Gremlin Leader","floor":25,"turns":5},{"damage":0,"enemies":"Slavers","floor":27,"turns":5},{"damage":0,"enemies":"Sentry and Sphere","floor":28,"turns":3},{"damage":11,"enemies":"Gremlin Leader","floor":29,"turns":8},{"damage":0,"enemies":"Champ","floor":33,"turns":6},{"damage":0,"enemies":"3 Darklings","floor":35,"turns":1},{"damage":1,"enemies":"Orb Walker","floor":37,"turns":4},{"damage":1,"enemies":"Nemesis","floor":40,"turns":4},{"damage":0,"enemies":"Reptomancer","floor":42,"turns":6},{"damage":0,"enemies":"2 Orb Walkers","floor":46,"turns":2},{"damage":0,"enemies":"Writhing Mass","floor":48,"turns":4},{"damage":43,"enemies":"Time Eater","floor":50,"turns":7}],"seed_played":"-5127877741422539762","potions_obtained":[{"floor":1.0,"key":"BottledMiracle"},{"floor":14.0,"key":"Explosive Potion"},{"floor":16.0,"key":"Regen Potion"},{"floor":18.0,"key":"DuplicationPotion"},{"floor":27,"key":"BlessingOfTheForge"},{"floor":29,"key":"Fire Potion"},{"floor":42,"key":"BottledMiracle"}],"is_trial":false,"path_per_floor":["M","?","$","M","?","M","?","R","T","R","E","R","M","E","R","B",null,"M","?","?","$","M","E","R","E","T","E","M","E","?","?","R","B",null,"M","?","M","T","?","E","R","E","T","R","$","?","$","M","R","B",null],"character_chosen":"WATCHER","items_purchased":["TalkToTheHand","GamblersBrew","Scrawl","WheelKick","CultistPotion","Wish"],"campfire_rested":5,"item_purchase_floors":[3,3,21,21,47,47],"current_hp_per_floor":[52,41,41,35,35,35,52,52,52,52,18,38,36,35,35,56,65,65,65,29,29,41,41,61,60,60,60,60,49,56,35,57,75,75,75,75,74,74,64,63,75,75,75,75,75,75,75,75,75,44],"gold":28,"neow_bonus":"BOSS_RELIC","is_daily":false,"chose_seed":false,"campfire_upgraded":3,"win_rate":0.0,"timestamp":1607930859,"path_taken":["M","?","$","M","?","?","?","R","T","R","E","R","M","E","R","BOSS","M","?","?","$","M","E","R","E","T","E","M","E","?","?","R","BOSS","M","?","M","?","?","E","R","E","T","R","$","?","$","M","R","BOSS"],"items_purchased_type":["Card","Potion","Card","Card","Potion","Card"],"build_version":"2020-12-13","purchased_purges":2,"victory":true,"max_hp_per_floor":[68,68,68,68,68,68,68,68,68,68,68,68,68,68,68,68,68,68,68,68,68,68,68,68,68,68,68,68,68,75,75,75,75,75,75,75,75,75,75,75,75,75,75,75,75,75,75,75,75,75],"relic_stats":{"Darkstone Periapt":0,"Happy Flower":[32],"Torii":30,"Gremlin Horn":[7,7],"counters":[23,108],"Pen Nib":[6],"Question Card":12,"MawBank":36,"Lizard Tail":0,"Ornamental Fan":[164],"Pantograph":43,"Tiny Chest":1,"VioletLotus":[12],"Black Star":8,"obtain_stats":[{"Darkstone Periapt":27,"Lantern":38,"Torii":11,"Gremlin Horn":29,"Enchiridion":31,"Ancient Tea Set":42,"Lizard Tail":46,"Pantograph":14,"Strawberry":30,"Tiny Chest":25,"Fusion Hammer":17,"VioletLotus":34,"Red Mask":20,"Happy Flower":9,"Damaru":23,"Pen Nib":40,"The Courier":43,"Frozen Egg 2":23,"Question Card":27,"MawBank":42,"Akabeko":25,"Ornamental Fan":26,"Black Star":0,"Bottled Lightning":29,"PureWater":0,"StrikeDummy":11,"FossilizedHelix":14,"Meat on the Bone":40},{"Darkstone Periapt":13,"Lantern":18,"Torii":4,"Gremlin Horn":15,"Enchiridion":15,"Ancient Tea Set":20,"Lizard Tail":21,"Pantograph":6,"Strawberry":15,"Tiny Chest":12,"Fusion Hammer":7,"VioletLotus":16,"Red Mask":9,"Happy Flower":3,"Damaru":11,"Pen Nib":19,"The Courier":20,"Frozen Egg 2":11,"Question Card":13,"MawBank":20,"Akabeko":12,"Ornamental Fan":12,"Black Star":0,"Bottled Lightning":15,"PureWater":0,"StrikeDummy":4,"FossilizedHelix":6,"Meat on the Bone":19},{"Darkstone Periapt":63,"Lantern":85,"Torii":20,"Gremlin Horn":74,"Enchiridion":74,"Ancient Tea Set":95,"Lizard Tail":97,"Pantograph":29,"Strawberry":74,"Tiny Chest":58,"Fusion Hammer":39,"VioletLotus":80,"Red Mask":44,"Happy Flower":11,"Damaru":53,"Pen Nib":89,"The Courier":95,"Frozen Egg 2":53,"Question Card":63,"MawBank":95,"Akabeko":58,"Ornamental Fan":58,"Black Star":0,"Bottled Lightning":74,"PureWater":0,"StrikeDummy":20,"FossilizedHelix":29,"Meat on the Bone":89}],"Meat on the Bone":12},"card_choices":[{"not_picked":["CarveReality","EmptyMind"],"picked":"SandsOfTime","floor":1.0},{"not_picked":["InnerPeace","Collect"],"picked":"EmptyBody","floor":4.0},{"not_picked":["Protect","EmptyBody"],"picked":"FlurryOfBlows","floor":6.0},{"not_picked":["Halt","Study","Weave"],"picked":"SKIP","floor":11.0},{"not_picked":["Evaluate","PathToVictory","SashWhip"],"picked":"SKIP","floor":13.0},{"not_picked":["DevaForm","EmptyFist"],"picked":"Tantrum","floor":14.0},{"not_picked":["Establishment","MasterReality"],"picked":"LessonLearned","floor":16.0},{"not_picked":["Halt","Nirvana"],"picked":"FlyingSleeves","floor":18.0},{"not_picked":["Prostrate","FlurryOfBlows"],"picked":"FearNoEvil","floor":20.0},{"not_picked":["CutThroughFate","Protect"],"picked":"Prostrate+1","floor":22.0},{"not_picked":["SashWhip","BattleHymn+1"],"picked":"Protect+1","floor":23},{"not_picked":["ClearTheMind+1","Consecrate"],"picked":"MentalFortress+1","floor":25},{"not_picked":["Consecrate+1","SpiritShield"],"picked":"Tantrum+1","floor":27},{"not_picked":["JustLucky","Perseverance","SashWhip"],"picked":"ClearTheMind","floor":28},{"not_picked":["FlyingSleeves","CrushJoints","EmptyFist+1"],"picked":"InnerPeace","floor":29},{"not_picked":["Wish","SpiritShield","ConjureBlade"],"picked":"Omniscience","floor":33},{"not_picked":["WreathOfFlame","BowlingBash","EmptyBody+1"],"picked":"FlurryOfBlows","floor":35},{"not_picked":["CrushJoints","Pray","TalkToTheHand"],"picked":"Worship","floor":37},{"not_picked":["DeceiveReality","Prostrate+1","JustLucky"],"picked":"Vault","floor":40},{"not_picked":["CrushJoints","Vengeance","FlurryOfBlows"],"picked":"Blasphemy","floor":42},{"not_picked":["EmptyFist","CutThroughFate","Crescendo"],"picked":"DevaForm+1","floor":48}],"player_experience":2089009,"relics_obtained":[{"floor":9.0,"key":"Happy Flower"},{"floor":11.0,"key":"Torii"},{"floor":11.0,"key":"StrikeDummy"},{"floor":14.0,"key":"Pantograph"},{"floor":14.0,"key":"FossilizedHelix"},{"floor":20.0,"key":"Red Mask"},{"floor":23,"key":"Damaru"},{"floor":23,"key":"Frozen Egg 2"},{"floor":25,"key":"Akabeko"},{"floor":25,"key":"Tiny Chest"},{"floor":26,"key":"Ornamental Fan"},{"floor":27,"key":"Darkstone Periapt"},{"floor":27,"key":"Question Card"},{"floor":29,"key":"Gremlin Horn"},{"floor":29,"key":"Bottled Lightning"},{"floor":31,"key":"Enchiridion"},{"floor":38,"key":"Lantern"},{"floor":40,"key":"Pen Nib"},{"floor":40,"key":"Meat on the Bone"},{"floor":42,"key":"MawBank"},{"floor":42,"key":"Ancient Tea Set"},{"floor":43,"key":"The Courier"},{"floor":46,"key":"Lizard Tail"}],"event_choices":[{"damage_healed":0.0,"max_hp_gain":0.0,"max_hp_loss":0.0,"gold_gain":75.0,"event_name":"World of Goop","player_choice":"Gather Gold","floor":2.0,"gold_loss":0.0,"damage_taken":11.0},{"damage_healed":0.0,"max_hp_gain":0.0,"max_hp_loss":0.0,"gold_gain":0.0,"event_name":"Lab","player_choice":"Got Potions","floor":5.0,"gold_loss":0.0,"damage_taken":0.0},{"damage_healed":17.0,"max_hp_gain":0.0,"max_hp_loss":0.0,"gold_gain":0.0,"event_name":"The Cleric","player_choice":"Healed","floor":7.0,"gold_loss":35.0,"damage_taken":0.0},{"damage_healed":0.0,"max_hp_gain":0.0,"max_hp_loss":0.0,"gold_gain":0.0,"event_name":"The Library","player_choice":"Read","floor":19.0,"gold_loss":0.0,"damage_taken":0.0,"cards_obtained":["FearNoEvil"]},{"damage_healed":0.0,"max_hp_gain":0.0,"max_hp_loss":0.0,"gold_gain":0.0,"event_name":"Masked Bandits","player_choice":"Fought Bandits","floor":20.0,"gold_loss":0.0,"damage_taken":0.0},{"damage_healed":0,"gold_gain":0,"player_choice":"Obtained Relic","damage_taken":0,"relics_obtained":["Strawberry"],"max_hp_gain":0,"max_hp_loss":0,"event_name":"Addict","floor":30,"gold_loss":85},{"damage_healed":0,"gold_gain":0,"player_choice":"Obtained Book","damage_taken":21,"max_hp_gain":0,"max_hp_loss":0,"event_name":"Cursed Tome","floor":31,"gold_loss":0},{"cards_removed":["Strike_P"],"damage_healed":0,"gold_gain":0,"player_choice":"Removed Attack","damage_taken":0,"max_hp_gain":0,"max_hp_loss":0,"event_name":"Falling","floor":36,"gold_loss":0},{"damage_healed":0,"gold_gain":0,"player_choice":"Memory 3","damage_taken":10,"max_hp_gain":0,"max_hp_loss":0,"event_name":"SensoryStone","floor":39,"gold_loss":0},{"damage_healed":0,"gold_gain":0,"player_choice":"Fight","damage_taken":0,"max_hp_gain":0,"max_hp_loss":0,"event_name":"Mysterious Sphere","floor":46,"gold_loss":0}],"is_beta":false,"boss_relics":[{"not_picked":["Ectoplasm","Empty Cage"],"picked":"Fusion Hammer"},{"not_picked":["Philosopher\u0027s Stone","Pandora\u0027s Box"],"picked":"VioletLotus"}],"items_purged_floors":[45,47],"is_endless":false,"potions_floor_spawned":[1,4,6,14,16,18,27,29,33,40,42,46],"ascension_level":18}}