{"host":"126yiuos2nq86se7","time":1607920816,"event":{"mods":["AchievementEnabler","Act Like it!","BaseMod","Colored Map","Colored Powertips","Friendly Minions","Highlight Path","Minty Spire (QoL Compilation)","StSLib","SuperFastMode","The Hierophant"],"gold_per_floor":[116,142,162,182,193,193,227,302,302,302,302,6,25,25,25,126,126,141,141,141,5,25,25,42,42,42,42,53,63,63,75,75,178,178,190,190,90,100,112,112,129,129,182,202,17,17,17,17,17,17],"floor_reached":51,"playtime":1634,"items_purged":["Zap","Strike_B","Decay","Parasite"],"score":697,"play_id":"1adf138c-9192-44b5-9567-9513fb9df230","local_time":"20201214154016","is_ascension_mode":false,"campfire_choices":[{"data":"White Noise","floor":6,"key":"SMITH"},{"floor":11,"key":"REST"},{"data":"Loop","floor":15,"key":"SMITH"},{"floor":23,"key":"REST"},{"floor":25,"key":"REST"},{"floor":30,"key":"RECALL"},{"floor":32,"key":"REST"},{"floor":40,"key":"REST"},{"floor":42,"key":"REST"},{"floor":46,"key":"REST"},{"floor":49,"key":"REST"}],"circlet_count":0,"master_deck":["Strike_B","Strike_B","Defend_B","Defend_B","Defend_B","Defend_B","Glacier","Blizzard","Glacier","White Noise+1","Loop+1","Glacier","Machine Learning","Defragment+1","Necronomicurse","Loop","Cold Snap","Core Surge","Capacitor","White Noise","Machine Learning","Blizzard","Madness","Madness"],"relics":["Cracked Core","PreservedInsect","The Courier","Ornamental Fan","Shuriken","Fusion Hammer","Necronomicon","Bag of Preparation","Busted Crown","Vajra","Darkstone Periapt"],"acts_visited":["Exordium","TheCity","TheBeyond"],"potions_floor_usage":[7,16,33,33,44,50],"damage_taken":[{"damage":6,"enemies":"Cultist","floor":1,"turns":3},{"damage":1,"enemies":"Small Slimes","floor":3,"turns":5},{"damage":1,"enemies":"Jaw Worm","floor":4,"turns":4},{"damage":4,"enemies":"Large Slime","floor":5,"turns":6},{"damage":21,"enemies":"Lagavulin","floor":7,"turns":5},{"damage":0,"enemies":"3 Louse","floor":13,"turns":5},{"damage":35,"enemies":"The Guardian","floor":16,"turns":16},{"damage":4,"enemies":"Shell Parasite","floor":18,"turns":8},{"damage":0,"enemies":"2 Thieves","floor":22,"turns":4},{"damage":4,"enemies":"Shelled Parasite and Fungi","floor":24,"turns":9},{"damage":0,"enemies":"Snake Plant","floor":28,"turns":9},{"damage":0,"enemies":"Sentry and Sphere","floor":29,"turns":11},{"damage":12,"enemies":"Centurion and Healer","floor":31,"turns":11},{"damage":0,"enemies":"Automaton","floor":33,"turns":12},{"damage":36,"enemies":"3 Darklings","floor":35,"turns":6},{"damage":8,"enemies":"3 Shapes","floor":38,"turns":11},{"damage":15,"enemies":"Writhing Mass","floor":39,"turns":10},{"damage":43,"enemies":"4 Shapes","floor":41,"turns":5},{"damage":0,"enemies":"Sphere and 2 Shapes","floor":44,"turns":8},{"damage":21,"enemies":"Donu and Deca","floor":50,"turns":10}],"seed_played":"-4986306239905856375","potions_obtained":[{"floor":3,"key":"SteroidPotion"},{"floor":13,"key":"FocusPotion"},{"floor":24,"key":"BlessingOfTheForge"},{"floor":31,"key":"Block Potion"},{"floor":33,"key":"Swift Potion"},{"floor":35,"key":"SkillPotion"},{"floor":41,"key":"SneckoOil"},{"floor":44,"key":"Fruit Juice"}],"is_trial":false,"path_per_floor":["M","T","M","M","M","R","E","?","T","?","R","$","M","$","R","B",null,"M","?","?","$","M","R","M","R","T","?","M","M","R","M","R","B",null,"M","?","$","M","M","R","M","R","T","M","$","R","?","?","R","B",null],"character_chosen":"DEFECT","items_purchased":["Glacier","Shuriken","Loop","Blizzard"],"campfire_rested":8,"item_purchase_floors":[12,12,21,45],"current_hp_per_floor":[76,76,75,74,70,70,49,38,38,38,62,62,62,62,62,27,82,78,62,62,62,62,82,78,82,82,82,82,82,82,70,82,82,82,46,46,46,38,23,47,4,28,28,33,33,58,47,47,72,51],"gold":17,"neow_bonus":"TEN_PERCENT_HP_BONUS","is_daily":false,"chose_seed":false,"campfire_upgraded":2,"win_rate":0.0,"timestamp":1607920816,"path_taken":["M","?","M","M","M","R","E","?","T","?","R","$","M","$","R","BOSS","M","?","?","$","?","R","M","R","T","?","M","M","R","M","R","BOSS","M","?","$","M","M","R","M","R","T","?","$","R","?","?","R","BOSS"],"items_purchased_type":["Card","Relic","Card","Card"],"build_version":"2020-12-13","purchased_purges":4,"victory":true,"max_hp_per_floor":[82,82,82,82,82,82,82,82,82,82,82,82,82,82,82,82,82,82,82,82,82,82,82,82,82,82,82,82,82,82,82,82,82,82,82,82,82,82,82,82,82,82,82,87,84,84,84,84,84,84],"card_choices":[{"not_picked":["Go for the Eyes","Coolheaded"],"picked":"Glacier","floor":1},{"not_picked":["Ball Lightning","Steam"],"picked":"Blizzard","floor":3},{"not_picked":["Leap","Redo"],"picked":"Glacier","floor":4},{"not_picked":["Rebound","Doom and Gloom"],"picked":"White Noise","floor":5},{"not_picked":["Leap","Hello World"],"picked":"Loop","floor":7},{"not_picked":["Chaos","Barrage","Undo"],"picked":"SKIP","floor":13},{"not_picked":["Multi-Cast","Buffer"],"picked":"Machine Learning","floor":16},{"not_picked":["Recycle","Redo"],"picked":"Defragment","floor":18},{"not_picked":["Steam","Go for the Eyes"],"picked":"Cold Snap","floor":22},{"not_picked":["Turbo","Sunder+1"],"picked":"Core Surge","floor":24},{"not_picked":["Melter","Fusion+1","Aggregate"],"picked":"SKIP","floor":28},{"not_picked":["Conserve Battery","Go for the Eyes+1"],"picked":"Capacitor","floor":29},{"not_picked":["Beam Cell+1","Go for the Eyes"],"picked":"White Noise","floor":31},{"not_picked":["Electrodynamics","Seek"],"picked":"Machine Learning","floor":33},{"not_picked":["Chaos+1"],"picked":"SKIP","floor":35},{"not_picked":["Go for the Eyes"],"picked":"SKIP","floor":38},{"not_picked":["Fusion"],"picked":"SKIP","floor":39},{"not_picked":["Rebound"],"picked":"SKIP","floor":41},{"not_picked":["Hello World+1"],"picked":"SKIP","floor":44}],"player_experience":1427442,"relics_obtained":[{"floor":2,"key":"PreservedInsect"},{"floor":7,"key":"The Courier"},{"floor":9,"key":"Ornamental Fan"},{"floor":19,"key":"Necronomicon"},{"floor":26,"key":"Bag of Preparation"},{"floor":43,"key":"Vajra"}],"event_choices":[{"damage_healed":0,"gold_gain":75,"player_choice":"Gather Gold","damage_taken":11,"max_hp_gain":0,"max_hp_loss":0,"event_name":"World of Goop","floor":8,"gold_loss":0},{"cards_removed":["Dualcast"],"damage_healed":0,"gold_gain":0,"player_choice":"Forget","damage_taken":0,"max_hp_gain":0,"max_hp_loss":0,"event_name":"Living Wall","floor":10,"gold_loss":0},{"damage_healed":0,"gold_gain":0,"player_choice":"Obtained Book","damage_taken":16,"max_hp_gain":0,"max_hp_loss":0,"event_name":"Cursed Tome","floor":19,"gold_loss":0},{"cards_removed":["Strike_B"],"damage_healed":0,"gold_gain":0,"player_choice":"Offered Basic","damage_taken":0,"max_hp_gain":0,"max_hp_loss":0,"event_name":"Bonfire Elementals","floor":20,"gold_loss":0},{"damage_healed":0,"gold_gain":0,"player_choice":"Upgraded","damage_taken":0,"max_hp_gain":0,"max_hp_loss":0,"event_name":"Upgrade Shrine","floor":27,"gold_loss":0,"cards_upgraded":["Defragment"]},{"damage_healed":0,"gold_gain":0,"player_choice":"Cursed","damage_taken":0,"max_hp_gain":0,"max_hp_loss":0,"event_name":"Wheel of Change","floor":36,"gold_loss":0,"cards_obtained":["Decay"]},{"damage_healed":0,"gold_gain":0,"player_choice":"Embrace Madness","damage_taken":11,"max_hp_gain":0,"max_hp_loss":0,"event_name":"Winding Halls","floor":47,"gold_loss":0,"cards_obtained":["Madness","Madness"]},{"damage_healed":0,"gold_gain":0,"player_choice":"Gave Potion","damage_taken":0,"relics_obtained":["Darkstone Periapt"],"max_hp_gain":0,"max_hp_loss":0,"event_name":"WeMeetAgain","floor":48,"gold_loss":0}],"is_beta":false,"boss_relics":[{"not_picked":["SlaversCollar","Inserter"],"picked":"Fusion Hammer"},{"not_picked":["Snecko Eye","Astrolabe"],"picked":"Busted Crown"}],"items_purged_floors":[12,21,37,45],"is_endless":false,"potions_floor_spawned":[3,13,24,31,33,35,41,44],"ascension_level":0}}