{"host":"y76clbnovzmw9ubx","time":1607913098,"event":{"mods":["AchievementEnabler","BaseMod","Minty Spire (QoL Compilation)","Permanent Neow","Relic Stats"],"gold_per_floor":[109,129,139,151,166,166,196,33,82,93,93,93,93],"floor_reached":12,"playtime":530,"items_purged":["Strike_B"],"score":164,"play_id":"c63c8fc4-5e48-4790-9801-12eb6e70a792","local_time":"20201213213138","is_ascension_mode":true,"campfire_choices":[{"data":"Melter","floor":6,"key":"SMITH"},{"floor":11,"key":"REST"}],"circlet_count":0,"master_deck":["AscendersBane","Strike_B","Strike_B","Strike_B","Defend_B","Defend_B","Defend_B","Defend_B","Zap","Dualcast","Lockon","Melter+1","Streamline","Hyperbeam","Defragment"],"relics":["Cracked Core","Blood Vial","Bronze Scales"],"acts_visited":["Exordium"],"potions_floor_usage":[5,7],"damage_taken":[{"damage":2,"enemies":"2 Louse","floor":1,"turns":2},{"damage":0,"enemies":"Small Slimes","floor":2,"turns":2},{"damage":7,"enemies":"Jaw Worm","floor":3,"turns":3},{"damage":1,"enemies":"Exordium Wildlife","floor":4,"turns":2},{"damage":0,"enemies":"Red Slaver","floor":5,"turns":2},{"damage":33,"enemies":"3 Sentries","floor":7,"turns":8},{"damage":8,"enemies":"Blue Slaver","floor":10,"turns":3},{"damage":41,"enemies":"Gremlin Nob","floor":12,"turns":3}],"seed_played":"8094864578526537293","potions_obtained":[{"floor":1,"key":"SkillPotion"},{"floor":5,"key":"Block Potion"},{"floor":7,"key":"DistilledChaos"}],"is_trial":false,"path_per_floor":["M","M","M","M","M","R","E","$","T","M","R","E"],"character_chosen":"DEFECT","items_purchased":["Hyperbeam"],"campfire_rested":1,"item_purchase_floors":[8],"current_hp_per_floor":[62,62,55,54,54,54,21,21,21,15,36,0,0],"gold":93,"neow_bonus":"THREE_CARDS","is_daily":false,"chose_seed":false,"campfire_upgraded":1,"win_rate":0.0,"timestamp":1607913098,"path_taken":["M","M","M","M","M","R","E","$","T","M","R","E"],"items_purchased_type":["Card"],"build_version":"2020-12-13","purchased_purges":1,"victory":false,"max_hp_per_floor":[71,71,71,71,71,71,71,71,71,71,71,71,71],"relic_stats":{"Blood Vial":4,"counters":[8,25],"Bronze Scales":[9],"obtain_stats":[{"Blood Vial":7,"Bronze Scales":9,"Cracked Core":0},{"Blood Vial":6,"Bronze Scales":6,"Cracked Core":0},{"Blood Vial":19,"Bronze Scales":19,"Cracked Core":0}]},"card_choices":[{"not_picked":["Conserve Battery","Streamline"],"picked":"Lockon","floor":0},{"not_picked":["Lockon","Streamline"],"picked":"Melter","floor":1},{"not_picked":["Blizzard","Rebound"],"picked":"Streamline","floor":2},{"not_picked":["Darkness","Skim","Redo"],"picked":"SKIP","floor":3},{"not_picked":["Skim","FTL","Force Field"],"picked":"SKIP","floor":4},{"not_picked":["Gash","Barrage","Turbo"],"picked":"SKIP","floor":5},{"not_picked":["Tempest","Blizzard","Streamline"],"picked":"SKIP","floor":7},{"not_picked":["Thunder Strike","Redo"],"picked":"Defragment","floor":10}],"player_experience":2859134,"relics_obtained":[{"floor":7,"key":"Blood Vial"},{"floor":9,"key":"Bronze Scales"}],"event_choices":[],"is_beta":false,"boss_relics":[],"items_purged_floors":[8],"is_endless":false,"potions_floor_spawned":[1,5,7],"killed_by":"Gremlin Nob","ascension_level":20}}