{"host":"cxizwatl5v7zq6a5","time":1607923289,"event":{"mods":["AchievementEnabler","Act Like it!","BaseMod","Colored Map","Colored Powertips","Downfall","Friendly Minions","Gensokyo","Hermit","HololiveMod","Hubris","Infinite Spire","Marisa????????","Minty Spire (QoL Compilation)","Quick Restart","READ ME - Guardian Mod","Rare Cards Sparkle","Remilia??????","Replay The Spire","StSLib","The Cursed","The Jungle","The Servant 0.9.4"],"gold_per_floor":[112,112,166,182,192,192,203,232,232,232,232,232,232,244,244,345,395,411,426,437,437,127,127,159,159,159],"floor_reached":25,"playtime":968,"items_purged":[],"score":246,"play_id":"d70e1fe1-00ec-4028-a326-e3fcf6fc722b","local_time":"20201214132129","is_ascension_mode":false,"campfire_choices":[{"data":"hermit:Deadeye","floor":6.0,"key":"SMITH"},{"data":"infinitespire:DeathsTouch","floor":11.0,"key":"SMITH"},{"floor":15.0,"key":"REST"}],"circlet_count":0,"master_deck":["hermit:Strike_Hermit","hermit:Strike_Hermit","hermit:Strike_Hermit+1","hermit:Strike_Hermit","hermit:Defend_Hermit","hermit:Defend_Hermit","hermit:Defend_Hermit","hermit:Defend_Hermit","hermit:Snapshot","hermit:Covet","hermit:Glare+1","hermit:Roughhouse","hermit:ItchyTrigger","hermit:Deadeye+1","hermit:HighCaliber","hermit:ShadowCloak","hermit:FatalDesire","ReplayTheSpireMod:Restless Dread","Doubt","infinitespire:DeathsTouch+1","hermit:Deadeye","hermit:Magnum","hermit:Quickdraw","hermit:Dive+1","hermit:FullyLoaded+1","hermit:Determination+1","hermit:PistolWhip"],"relics":["hermit:Momento","Toy Ornithopter","Chameleon Ring","hubris:TinFlute","Potion Belt","hubris:Icosahedron","Tiny House","Mango","Nloth\u0027s Gift","Smiling Mask"],"acts_visited":["Exordium","TheCity"],"potions_floor_usage":[],"damage_taken":[{"damage":0.0,"enemies":"2 Louse","floor":1.0,"turns":1.0},{"damage":0.0,"enemies":"Jaw Worm","floor":4.0,"turns":1.0},{"damage":0.0,"enemies":"Small Slimes","floor":5.0,"turns":1.0},{"damage":21.0,"enemies":"Exordium Thugs","floor":7.0,"turns":3.0},{"damage":27.0,"enemies":"3 Sentries","floor":8.0,"turns":7.0},{"damage":8.0,"enemies":"Exordium Wildlife","floor":14.0,"turns":2.0},{"damage":14.0,"enemies":"Hexaghost","floor":16.0,"turns":7.0},{"damage":21.0,"enemies":"2 Thieves","floor":18.0,"turns":5.0},{"damage":44.0,"enemies":"Spheric Guardian","floor":19.0,"turns":6.0},{"damage":16.0,"enemies":"Centurion and Healer","floor":20.0,"turns":5.0},{"damage":40.0,"enemies":"Slavers","floor":24.0,"turns":6.0},{"damage":0,"enemies":"Shelled Parasite and Fungi","floor":25,"turns":1}],"seed_played":"-1795915447270798375","potions_obtained":[{"floor":1.0,"key":"DistilledChaos"},{"floor":3.0,"key":"BlessingOfTheForge"},{"floor":7.0,"key":"SpeedPotion"},{"floor":14.0,"key":"hermit:Tonic"},{"floor":16.0,"key":"Explosive Potion"},{"floor":17.0,"key":"DuplicationPotion"},{"floor":24,"key":"Death Potion"}],"is_trial":false,"path_per_floor":["M","?","?","M","M","R","M","E","T","?","R","$","?","M","R","B",null,"M","M","M","?","$","?","E","M"],"character_chosen":"HERMIT","items_purchased":["Potion Belt","Mango"],"campfire_rested":1,"item_purchase_floors":[12,22],"current_hp_per_floor":[75,75,75,75,75,75,54,27,27,27,27,17,17,9,31,27,80,59,15,4,30,44,44,19,19,19],"gold":159,"neow_bonus":"THREE_ENEMY_KILL","is_daily":false,"chose_seed":false,"campfire_upgraded":2,"win_rate":0.0,"timestamp":1607923289,"path_taken":["M","?","?","?","M","R","M","E","T","?","R","?","?","M","R","BOSS","M","M","M","?","$","?","E","M"],"items_purchased_type":["Relic","Relic"],"build_version":"2020-12-13","purchased_purges":0,"victory":false,"max_hp_per_floor":[75,75,75,75,75,75,75,75,75,75,75,75,75,75,75,75,80,80,80,80,80,94,94,94,94,94],"card_choices":[{"not_picked":["hermit:TakeAim","hermit:TrackingShot"],"picked":"hermit:Glare","floor":1.0},{"not_picked":["hermit:Manifest","hermit:Dive"],"picked":"hermit:Roughhouse","floor":3.0},{"not_picked":["hermit:Manifest","hermit:BodyArmor"],"picked":"hermit:ItchyTrigger","floor":3.0},{"not_picked":["hermit:Grudge","hermit:Dive"],"picked":"hermit:Deadeye","floor":4.0},{"not_picked":["hermit:Roulette","hermit:Spite"],"picked":"hermit:HighCaliber","floor":5.0},{"not_picked":["hermit:Virtue","hermit:Dive"],"picked":"hermit:ShadowCloak","floor":7.0},{"not_picked":["hermit:FromBeyond","hermit:SprayPray"],"picked":"hermit:FatalDesire","floor":8.0},{"not_picked":["infinitespire:Menacing","ReplayTheSpireMod:Black Plague"],"picked":"infinitespire:DeathsTouch","floor":10.0},{"not_picked":["hermit:EyeOfTheStorm","hermit:Manifest"],"picked":"hermit:Deadeye","floor":14.0},{"not_picked":["hermit:RoundhouseKick","hermit:FinalCanter"],"picked":"hermit:Magnum","floor":16.0},{"not_picked":["hermit:PistolWhip","hermit:Midnight"],"picked":"hermit:Quickdraw","floor":17.0},{"not_picked":["hermit:SprayPray","hermit:Glare"],"picked":"hermit:Dive+1","floor":18.0},{"not_picked":["hermit:GhostlyPresence","hermit:PistolWhip"],"picked":"hermit:FullyLoaded+1","floor":19.0},{"not_picked":["hermit:DeadMansHand","hermit:Glare"],"picked":"hermit:Determination+1","floor":20.0},{"not_picked":["hermit:Horror","hermit:ShadowCloak"],"picked":"hermit:PistolWhip","floor":24}],"player_experience":105728,"relics_obtained":[{"floor":3.0,"key":"Toy Ornithopter"},{"floor":8.0,"key":"Chameleon Ring"},{"floor":9.0,"key":"hubris:TinFlute"},{"floor":24,"key":"Smiling Mask"}],"event_choices":[{"damage_healed":26.0,"max_hp_gain":0.0,"max_hp_loss":0.0,"gold_gain":0.0,"event_name":"The Library","player_choice":"Heal","floor":21.0,"gold_loss":0.0,"damage_taken":0.0},{"damage_healed":0.0,"max_hp_gain":0.0,"max_hp_loss":0.0,"gold_gain":0.0,"event_name":"N\u0027loth","player_choice":"Traded Relic","floor":23.0,"relics_lost":["NeowsBlessing"],"gold_loss":0.0,"damage_taken":0.0,"relics_obtained":["Nloth\u0027s Gift"]}],"is_beta":false,"boss_relics":[{"not_picked":["Painkiller Herb","hubris:BlackHole"],"picked":"Tiny House"}],"items_purged_floors":[],"is_endless":false,"potions_floor_spawned":[1,7,8,14,16,24],"killed_by":"Shelled Parasite and Fungi","ascension_level":0}}