{"host":"mvw7i28zi3kj0eu9","time":1607962811,"event":{"mods":["AchievementEnabler","BaseMod","Better Third Choice","BetterRewards","Block Reminder","Conspire","Custom Start","Downfall","Energized Spire","Halation","Hermit","Hubris","Infinite Spire","Jorbs\u0027s Wanderer Trilogy","Minty Spire (QoL Compilation)","Replay The Spire","Shop Mod","Small Relic Pack","Spikes Relics","StSLib","The Blue Laboratory","The Necromancer","The Servant 0.9.4","Virulent Crown"],"gold_per_floor":[113,113,288,213,231,231,264,281,281,309,319,419,431,431,431,533,533,552,552,565,565,565,565,596,596,596,596,596,596,79,94,94,189,189,189],"floor_reached":34,"playtime":644,"items_purged":["Doubt","Strike_B"],"score":426,"play_id":"96d2a367-9f1a-4c25-9819-19243e54a0dd","local_time":"20201214172011","is_ascension_mode":false,"campfire_choices":[{"data":"Barrage","floor":6,"key":"SMITH"},{"data":"Zap","floor":15,"key":"SMITH"},{"data":"Ball Lightning","floor":23,"key":"SMITH"},{"floor":25,"key":"REST"},{"floor":28,"key":"REST"},{"data":"1","floor":32,"key":"LIFT"}],"circlet_count":0,"master_deck":["hubris:PowerSurge+1","Strike_B","Strike_B","Strike_B","Defend_B","Defend_B","Defend_B","Defend_B","Zap+1","Dualcast","Barrage+1","Cold Snap","Ball Lightning+1","Cold Snap+1","Creative AI","Auto Shields","Auto Shields","Biased Cognition"],"relics":["Cracked Core","NeowsBlessing","hubris:CrystalStatue","RoseTintedShades","energizedSpire:MagnifyingGlass","hubris:TerracottaHorce","Blue Doll","halation:PrussianBluePaint","Onion Ring","hubris:GlazedTorus","Girya","energizedSpire:NeverEndingSparkler"],"acts_visited":["Exordium","TheCity","TheBeyond"],"potions_floor_usage":[10,11,24],"damage_taken":[{"damage":0,"enemies":"2 Louse","floor":1,"turns":1},{"damage":0,"enemies":"Small Slimes","floor":5,"turns":1},{"damage":0,"enemies":"Lagavulin","floor":7,"turns":1},{"damage":0,"enemies":"Cultist","floor":8,"turns":2},{"damage":0,"enemies":"3 Sentries","floor":10,"turns":4},{"damage":0,"enemies":"Exordium Wildlife","floor":11,"turns":1},{"damage":0,"enemies":"2 Fungi Beasts","floor":13,"turns":2},{"damage":58,"enemies":"Fading Forest","floor":16,"turns":11},{"damage":0,"enemies":"Spheric Guardian","floor":18,"turns":3},{"damage":13,"enemies":"2 Thieves","floor":20,"turns":4},{"damage":29,"enemies":"Replay:Snechameleon","floor":24,"turns":6},{"damage":7,"enemies":"Snake Plant","floor":31,"turns":4},{"damage":61,"enemies":"conspire:MysteriousRune","floor":33,"turns":7}],"seed_played":"-746220168768127463","potions_obtained":[{"floor":1,"key":"blueLaboratory:RememoryPotion"},{"floor":5,"key":"Venom Potion"},{"floor":8,"key":"Block Potion"},{"floor":10,"key":"Fire Potion"},{"floor":16,"key":"blueLaboratory:BottleOfVodka"},{"floor":24,"key":"Block Potion"}],"is_trial":false,"path_per_floor":["M","?","?","$","M","R","E","M","T","E","M","?","M","?","R","B",null,"M","AVR","M","?","?","R","E","R","T","?","R","T","$","M","R","B",null],"character_chosen":"DEFECT","items_purchased":["Girya","Creative AI","Auto Shields"],"campfire_rested":2,"item_purchase_floors":[30,30,30],"current_hp_per_floor":[75,75,75,75,75,75,75,75,75,75,75,75,75,75,75,25,75,75,75,62,62,62,62,33,55,55,55,75,75,75,68,68,7,58,58],"gold":189,"neow_bonus":"THREE_ENEMY_KILL","is_daily":false,"chose_seed":false,"campfire_upgraded":3,"win_rate":0.0,"timestamp":1607962811,"path_taken":["M","?","?","$","M","R","E","M","T","E","M","?","?","?","R","BOSS","M","AVR","M","?","?","R","E","R","T","?","R","?","$","?","R","BOSS"],"items_purchased_type":["Relic","Card","Card"],"build_version":"2020-12-13","purchased_purges":2,"victory":false,"max_hp_per_floor":[75,75,75,75,75,75,75,75,75,75,75,75,75,75,75,75,75,75,75,75,75,75,75,75,75,75,75,75,75,75,75,75,75,75,75],"card_choices":[{"not_picked":["Hello World","Coolheaded"],"picked":"Barrage","floor":1},{"not_picked":["Stack","Hello World"],"picked":"Cold Snap","floor":5},{"not_picked":["Streamline","Stack"],"picked":"Ball Lightning","floor":7},{"not_picked":["Turbo","Streamline","Conserve Battery"],"picked":"SKIP","floor":8},{"not_picked":["Sweeping Beam","Gash","Barrage"],"picked":"SKIP","floor":10},{"not_picked":["Turbo","Gash","ReplayTheSpireMod:Omega Cannon"],"picked":"SKIP","floor":11},{"not_picked":["Beam Cell","Gash","Panic Button"],"picked":"SKIP","floor":13},{"not_picked":["FTL","DiskWipe","Redo"],"picked":"SKIP","floor":18},{"not_picked":["Steam Power","Beam Cell"],"picked":"Cold Snap+1","floor":20},{"not_picked":["conspire:Rain","Chaos","Rebound"],"picked":"SKIP","floor":24},{"not_picked":["BasicCrystalCard","Leap","Aggregate+1"],"picked":"SKIP","floor":31},{"not_picked":["Reboot","ReplayTheSpireMod:Omega Cannon"],"picked":"Biased Cognition","floor":33}],"player_experience":855988,"relics_obtained":[{"floor":7,"key":"hubris:CrystalStatue"},{"floor":10,"key":"RoseTintedShades"},{"floor":24,"key":"halation:PrussianBluePaint"},{"floor":26,"key":"Onion Ring"},{"floor":29,"key":"hubris:GlazedTorus"}],"event_choices":[{"damage_healed":0,"gold_gain":175,"player_choice":"AGREE","damage_taken":113,"max_hp_gain":0,"max_hp_loss":0,"event_name":"betterThird:BetterSerpent","floor":3,"gold_loss":0},{"damage_healed":0,"gold_gain":100,"player_choice":"Pray","damage_taken":0,"max_hp_gain":0,"max_hp_loss":0,"event_name":"Golden Shrine","floor":12,"gold_loss":0},{"damage_healed":0,"gold_gain":0,"player_choice":"Disagree","damage_taken":0,"max_hp_gain":0,"max_hp_loss":0,"event_name":"conspire:LoneGhost","floor":14,"gold_loss":0},{"damage_healed":0,"gold_gain":0,"player_choice":"Ignored","damage_taken":0,"max_hp_gain":0,"max_hp_loss":0,"event_name":"Ghosts","floor":22,"gold_loss":0},{"damage_healed":0,"gold_gain":0,"player_choice":"Ignored","damage_taken":0,"max_hp_gain":0,"max_hp_loss":0,"event_name":"Vampires","floor":27,"gold_loss":0}],"is_beta":false,"boss_relics":[{"not_picked":["Pandora\u0027s Box","energizedSpire:HugeHouse"],"picked":"energizedSpire:MagnifyingGlass"},{"not_picked":["hubris:Stopwatch","Velvet Choker"],"picked":"energizedSpire:NeverEndingSparkler"}],"items_purged_floors":[4,19],"is_endless":false,"potions_floor_spawned":[1,5,8,10,16,20,24],"ascension_level":0}}