{"host":"79x1xq0joessh4ki","time":1607954656,"event":{"mods":["BaseMod","Hermit","Minty Spire (QoL Compilation)","Relic Stats","StSLib"],"gold_per_floor":[112,123,10,10,27,27,55,55,80,80,106,106,123,48,48,121,121,140,157,23,42,42,42],"floor_reached":22,"playtime":709,"items_purged":["Pain"],"score":438,"play_id":"c6df4937-d776-4880-bdf3-cca9a84b125c","local_time":"20201214150416","is_ascension_mode":true,"campfire_choices":[{"data":"FlurryOfBlows","floor":6,"key":"SMITH"},{"data":"EmptyFist","floor":8,"key":"SMITH"},{"floor":10,"key":"REST"},{"data":"CarveReality","floor":15,"key":"SMITH"}],"circlet_count":0,"master_deck":["AscendersBane","Eruption","Vigilance","FollowUp","FlurryOfBlows+1","MentalFortress","EmptyFist+1","CarveReality+1","DevaForm","Halt","Wallop","WaveOfTheHand","Evaluate","Sanctity","InnerPeace","WindmillStrike","Consecrate","Wireheading","Conclude"],"relics":["Busted Crown","Akabeko","Toy Ornithopter","Thread and Needle","WarpedTongs","Pandora\u0027s Box"],"acts_visited":["Exordium","TheCity"],"potions_floor_usage":[16,16],"damage_taken":[{"damage":0,"enemies":"2 Louse","floor":1,"turns":2},{"damage":0,"enemies":"Cultist","floor":2,"turns":2},{"damage":7,"enemies":"Jaw Worm","floor":5,"turns":4},{"damage":51,"enemies":"Gremlin Nob","floor":7,"turns":5},{"damage":0,"enemies":"Lagavulin","floor":11,"turns":3},{"damage":8,"enemies":"Large Slime","floor":13,"turns":3},{"damage":18,"enemies":"Slime Boss","floor":16,"turns":8},{"damage":0,"enemies":"Shell Parasite","floor":18,"turns":4},{"damage":4,"enemies":"Chosen","floor":19,"turns":4},{"damage":14,"enemies":"Sentry and Sphere","floor":21,"turns":4},{"damage":0,"enemies":"Centurion and Healer","floor":22,"turns":1}],"seed_played":"-8675858401959272817","potions_obtained":[{"floor":7,"key":"SteroidPotion"},{"floor":11,"key":"DuplicationPotion"},{"floor":21,"key":"DuplicationPotion"}],"is_trial":false,"path_per_floor":["M","M","$","?","M","R","E","R","T","R","E","?","M","$","R","B",null,"M","M","$","M","M"],"character_chosen":"WATCHER","items_purchased":["FlurryOfBlows","MentalFortress","Wireheading","BottledMiracle"],"campfire_rested":1,"item_purchase_floors":[3,3,20,20],"current_hp_per_floor":[61,61,61,66,59,59,8,8,8,29,29,29,21,21,21,13,58,58,54,54,40,40,40],"gold":42,"neow_bonus":"BOSS_RELIC","is_daily":false,"chose_seed":false,"campfire_upgraded":3,"win_rate":0.0,"timestamp":1607954656,"path_taken":["M","M","$","?","M","R","E","R","T","R","E","?","M","$","R","BOSS","M","M","$","?","M"],"items_purchased_type":["Card","Card","Card","Potion"],"build_version":"2020-12-13","purchased_purges":1,"victory":false,"max_hp_per_floor":[68,68,68,73,73,73,73,73,73,73,73,73,73,73,73,73,73,73,73,73,73,73,73],"relic_stats":{"Busted Crown":20,"counters":[11,40],"Pandora\u0027s Box":["Halt","Wallop","WaveOfTheHand","Evaluate","Sanctity","InnerPeace","WindmillStrike","Consecrate"],"obtain_stats":[{"Busted Crown":0,"Thread and Needle":11,"Pandora\u0027s Box":17,"PureWater":0,"Akabeko":7,"Toy Ornithopter":9,"WarpedTongs":12},{"Busted Crown":0,"Thread and Needle":5,"Pandora\u0027s Box":7,"PureWater":0,"Akabeko":4,"Toy Ornithopter":4,"WarpedTongs":5},{"Busted Crown":0,"Thread and Needle":16,"Pandora\u0027s Box":27,"PureWater":0,"Akabeko":13,"Toy Ornithopter":13,"WarpedTongs":16}],"Toy Ornithopter":10,"WarpedTongs":[24]},"card_choices":[{"not_picked":["ClearTheMind"],"picked":"SKIP","floor":1},{"not_picked":[],"picked":"FollowUp","floor":2},{"not_picked":["Vengeance"],"picked":"SKIP","floor":5},{"not_picked":[],"picked":"EmptyFist","floor":7},{"not_picked":["SashWhip"],"picked":"SKIP","floor":11},{"not_picked":[],"picked":"CarveReality","floor":13},{"not_picked":[],"picked":"DevaForm","floor":16},{"not_picked":["Study"],"picked":"SKIP","floor":18},{"not_picked":["Evaluate"],"picked":"SKIP","floor":19},{"not_picked":[],"picked":"Conclude","floor":21}],"player_experience":690796,"relics_obtained":[{"floor":7,"key":"Akabeko"},{"floor":9,"key":"Toy Ornithopter"},{"floor":11,"key":"Thread and Needle"}],"event_choices":[{"damage_healed":0,"gold_gain":0,"player_choice":"Donut","damage_taken":0,"max_hp_gain":5,"max_hp_loss":0,"event_name":"Big Fish","floor":4,"gold_loss":0},{"damage_healed":0,"gold_gain":0,"player_choice":"Rummage","damage_taken":0,"relics_obtained":["WarpedTongs"],"max_hp_gain":0,"max_hp_loss":0,"event_name":"Accursed Blacksmith","floor":12,"gold_loss":0,"cards_obtained":["Pain"]}],"is_beta":false,"boss_relics":[{"not_picked":["Empty Cage","Runic Dome"],"picked":"Pandora\u0027s Box"}],"items_purged_floors":[14],"is_endless":false,"potions_floor_spawned":[7,11,13,21],"killed_by":"Centurion and Healer","ascension_level":20}}