{"host":"ktoxvvst1mwxww91","time":1607962726,"event":{"mods":["BaseMod","Downfall","Minty Spire (QoL Compilation)","StSLib"],"gold_per_floor":[0,32,45,70,70,89,143,177,177,203,213,123,123,139,153,250,250,175,227,112,97,130,143,143,154,181,31,31,44,44,58,78,181,181,181,197,158,184,196,196,196,237,237,272,272,272,300,400,429,429,429,473,8,8,8,8],"floor_reached":55,"playtime":3800,"items_purged":["champ:Strike","champ:Strike","champ:Defend"],"score":1222,"play_id":"b019ab54-719f-4f2e-854f-82d4de2a64cf","local_time":"20201214171846","is_ascension_mode":true,"campfire_choices":[{"data":"champ:Execute","floor":1,"key":"SMITH"},{"data":"champ:RisingSlash","floor":5,"key":"SMITH"},{"floor":18,"key":"RECALL"},{"data":"champ:RisingSlash","floor":27,"key":"SMITH"},{"data":"champ:SteelEdge","floor":35,"key":"SMITH"},{"data":"champ:ShieldWall","floor":43,"key":"SMITH"},{"data":"champ:BladeFlurry","floor":54,"key":"SMITH"}],"circlet_count":0,"master_deck":["champ:Defend","champ:Defend","champ:Defend","champ:Execute+1","champ:Taunt","champ:RisingSlash+1","champ:RisingSlash+1","champ:BringItOn+1","champ:BringItOn+1","champ:ArenaPreparation+1","champ:Backstep+1","champ:Circumvent+1","champ:Backstep+1","champ:Backstep+1","champ:Circumvent+1","champ:CheapShot+1","champ:StanceDance+1","champ:BladeFlurry","champ:IronFortress+1","champ:FalseCounter+1","champ:FocusedDefense+1","champ:FanOfKnives+1","champ:BladeFlurry+1","Ghostly+1","Ghostly+1","Ghostly+1","Ghostly+1","Ghostly+1","champ:AdrenalArmor+1","champ:SteelEdge+1","champ:BladeFlurry","champ:GladiatorStyle+1","champ:Backstep+1","champ:ShieldWall+1","champ:DefensiveShout+1","champ:BringItOn+1","champ:BringItOn+1","champ:BringItOn+1","champ:FalseCounter+1","champ:Haymaker+1","champ:BladeFlurry+1","champ:ShieldWall+1","champ:Riposte+1","Ghostly+1","champ:DefensiveStyle+1"],"relics":["champ:ChampionCrown","Akabeko","Toxic Egg 2","Tiny Chest","MealTicket","champ:LiftRelic","CaptainsWheel","Orichalcum","Sozu","downfall:HeartBlessingGreen","Art of War","Matryoshka","Bag of Marbles","downfall:HeartBlessingRed","downfall:HeartBlessingBlue","Snecko Eye","Orrery","Mercury Hourglass","hexamod:BolsterEngine","Ornamental Fan","CeramicFish","Happy Flower","Bottled Flame","Frozen Egg 2","DollysMirror","Whetstone","Pen Nib","HornCleat"],"acts_visited":["Exordium","TheCity","TheBeyond","TheEnding"],"potions_floor_usage":[8,16,20],"damage_taken":[{"damage":42,"enemies":"Lagavulin","floor":2,"turns":6},{"damage":5,"enemies":"Cultist","floor":3,"turns":2},{"damage":36,"enemies":"3 Sentries","floor":4,"turns":6},{"damage":9,"enemies":"Small Slimes","floor":6,"turns":2},{"damage":29,"enemies":"Lagavulin","floor":8,"turns":4},{"damage":10,"enemies":"Gremlin Nob","floor":10,"turns":2},{"damage":10,"enemies":"Jaw Worm","floor":11,"turns":2},{"damage":18,"enemies":"downfall:FleeingMerchant","floor":12,"turns":4},{"damage":10,"enemies":"Large Slime","floor":14,"turns":3},{"damage":5,"enemies":"2 Fungi Beasts","floor":15,"turns":2},{"damage":41,"enemies":"downfall:Silent","floor":16,"turns":6},{"damage":24,"enemies":"downfall:FleeingMerchant","floor":20,"turns":5},{"damage":8,"enemies":"downfall:FleeingMerchant","floor":21,"turns":5},{"damage":43,"enemies":"Gremlin Leader","floor":22,"turns":6},{"damage":18,"enemies":"3 Byrds","floor":23,"turns":6},{"damage":22,"enemies":"Snecko","floor":25,"turns":4},{"damage":46,"enemies":"Book of Stabbing","floor":26,"turns":4},{"damage":16,"enemies":"Shelled Parasite and Fungi","floor":29,"turns":2},{"damage":6,"enemies":"3 Cultists","floor":31,"turns":4},{"damage":2,"enemies":"Sentry and Sphere","floor":32,"turns":3},{"damage":10,"enemies":"downfall:Ironclad","floor":33,"turns":7},{"damage":20,"enemies":"3 Darklings","floor":36,"turns":5},{"damage":0,"enemies":"downfall:FleeingMerchant","floor":37,"turns":1},{"damage":10,"enemies":"Nemesis","floor":38,"turns":5},{"damage":0,"enemies":"Orb Walker","floor":39,"turns":1},{"damage":24,"enemies":"Giant Head","floor":42,"turns":7},{"damage":38,"enemies":"Reptomancer","floor":44,"turns":5},{"damage":2,"enemies":"3 Darklings","floor":47,"turns":4},{"damage":2,"enemies":"Transient","floor":49,"turns":5},{"damage":6,"enemies":"downfall:Defect","floor":50,"turns":7},{"damage":28,"enemies":"downfall:CharBossMerchant","floor":52,"turns":8},{"damage":58,"enemies":"downfall:NeowBoss","floor":55,"turns":13}],"seed_played":"-6871526511587450870","potions_obtained":[{"floor":3,"key":"BlessingOfTheForge"},{"floor":6,"key":"Regen Potion"},{"floor":8,"key":"champ:CounterPotion"},{"floor":11,"key":"champ:UltimateStancePotion"}],"is_trial":false,"path_per_floor":["R","E","M","E","R","M","T","E","?","E","M","$","?","M","M","B",null,"R","T","$","$","E","M","T","M","E","R","?","M","?","M","M","B",null,"R","M","$","E","M","T","T","E","R","E","?","?","M","?","M","B",null,"E","$","R","B"],"character_chosen":"THE_CHAMP","items_purchased":["champ:Backstep+1","champ:ShieldWall","Orrery","Pen Nib","champ:DefensiveStyle+1","HornCleat"],"campfire_rested":0,"item_purchase_floors":[37,37,37,53,53,53],"current_hp_per_floor":[90,63,63,46,46,46,46,40,40,40,40,55,55,55,55,48,90,90,90,90,90,84,84,84,84,81,91,91,91,50,50,50,50,50,50,42,50,50,50,50,50,50,50,24,44,44,44,44,44,44,44,44,44,44,0,0],"gold":8,"neow_bonus":"REMOVE_TWO","is_daily":false,"chose_seed":false,"campfire_upgraded":6,"win_rate":0.0,"timestamp":1607962726,"path_taken":["R","E","M","E","R","?","T","E","?","E","M","$","?","?","M","BOSS","R","?","$","$","E","?","T","M","E","R","?","M","?","M","M","BOSS","R","M","$","E","M","?","T","E","R","E","?","?","M","?","M","BOSS","E","$","R","BOSS"],"items_purchased_type":["Card","Card","Relic","Relic","Card","Relic"],"build_version":"2020-12-13","purchased_purges":3,"victory":false,"max_hp_per_floor":[90,90,90,90,90,90,90,90,90,90,90,90,90,90,90,90,90,90,90,90,90,90,90,90,90,90,100,100,100,50,50,50,50,50,50,50,50,50,50,50,50,50,50,50,44,44,44,44,44,44,44,44,44,44,44,44],"card_choices":[{"not_picked":["champ:StanceDance","champ:FocusedGladiator"],"picked":"champ:RisingSlash","floor":2},{"not_picked":["champ:Shatter","champ:Haymaker"],"picked":"champ:RisingSlash","floor":3},{"not_picked":["champ:DancingMaster","champ:FlashCut"],"picked":"champ:BringItOn+1","floor":4},{"not_picked":["champ:FanOfKnives","champ:Aggression+1"],"picked":"champ:BringItOn+1","floor":6},{"not_picked":["champ:GladiatorsShout+1","champ:StanceDance+1"],"picked":"champ:ArenaPreparation+1","floor":8},{"not_picked":["champ:FaceSlap","champ:FlashCut"],"picked":"champ:Backstep+1","floor":10},{"not_picked":["champ:CrookedStrike","champ:TornadoPunch"],"picked":"champ:Circumvent+1","floor":11},{"not_picked":["champ:Riposte+1","champ:Encircle"],"picked":"champ:Backstep+1","floor":12},{"not_picked":["champ:FanOfKnives","champ:PreciseThrust"],"picked":"champ:Backstep+1","floor":14},{"not_picked":["champ:DancingMaster","champ:CrookedStrike"],"picked":"champ:Circumvent+1","floor":15},{"not_picked":["champ:Improvising","champ:SwordThrow"],"picked":"champ:CheapShot","floor":16},{"not_picked":["champ:PerfectedStrike","champ:Circumvent+1"],"picked":"champ:StanceDance+1","floor":20},{"not_picked":["champ:HeartStrike","champ:BerserkerStyle+1"],"picked":"champ:BladeFlurry","floor":21},{"not_picked":["champ:ArenaPreparation+1","champ:RapidStrikes+1"],"picked":"champ:IronFortress+1","floor":22},{"not_picked":["champ:EnGarde+1","champ:Haymaker"],"picked":"champ:FalseCounter+1","floor":23},{"not_picked":["champ:StanceDance+1","champ:FightOn"],"picked":"champ:FocusedDefense+1","floor":25},{"not_picked":["champ:HeartStrike","champ:GladiatorsShout+1"],"picked":"champ:FanOfKnives+1","floor":26},{"not_picked":["champ:CrookedStrike+1","champ:FocusedBerserking+1"],"picked":"champ:BladeFlurry","floor":29},{"not_picked":["champ:ViciousMockery+1","champ:Backstep+1","champ:DefensiveStyle"],"picked":"SKIP","floor":31},{"not_picked":["champ:DeathBlow","champ:PerfectedStrike"],"picked":"champ:AdrenalArmor+1","floor":32},{"not_picked":["champ:HeavySlash","champ:SwordThrow"],"picked":"champ:SteelEdge","floor":33},{"not_picked":["champ:FlashCut+1","champ:TornadoPunch"],"picked":"champ:BladeFlurry","floor":36},{"not_picked":["champ:BringItOn+1","champ:Improvising"],"picked":"champ:GladiatorStyle+1","floor":37},{"not_picked":["champ:FanOfKnives+1","champ:Aggression+1"],"picked":"champ:DefensiveShout+1","floor":37},{"not_picked":["champ:FightOn","champ:ViciousMockery+1"],"picked":"champ:BringItOn+1","floor":37},{"not_picked":["champ:CrookedStrike","champ:BerserkersShout+1"],"picked":"champ:BringItOn+1","floor":37},{"not_picked":["champ:GladiatorsShout+1","champ:Haymaker+1"],"picked":"champ:BringItOn+1","floor":37},{"not_picked":["champ:DefensiveStyle","champ:Haymaker"],"picked":"champ:GutPunch","floor":37},{"not_picked":["champ:Haymaker+1","champ:SteelEdge"],"picked":"champ:FalseCounter+1","floor":38},{"not_picked":["champ:FightOn","champ:DefensiveStyle+1","champ:Backstep+1"],"picked":"SKIP","floor":39},{"not_picked":["champ:EnragedBash","champ:FaceSlap"],"picked":"champ:Haymaker+1","floor":42},{"not_picked":["champ:FocusedBerserking+1","champ:Circumvent+1"],"picked":"champ:BladeFlurry","floor":44},{"not_picked":["champ:CrookedStrike","champ:StanceDance+1"],"picked":"champ:ShieldWall+1","floor":47},{"not_picked":["champ:Backstep+1","champ:BerserkersShout+1"],"picked":"champ:Riposte+1","floor":49},{"not_picked":["champ:Haymaker+1","champ:RapidStrikes+1","champ:HeartStrike+1"],"picked":"SKIP","floor":52}],"player_experience":733582,"relics_obtained":[{"floor":2,"key":"Akabeko"},{"floor":4,"key":"Toxic Egg 2"},{"floor":7,"key":"Tiny Chest"},{"floor":8,"key":"MealTicket"},{"floor":10,"key":"CaptainsWheel"},{"floor":13,"key":"Orichalcum"},{"floor":22,"key":"Art of War"},{"floor":24,"key":"Matryoshka"},{"floor":26,"key":"Bag of Marbles"},{"floor":38,"key":"Mercury Hourglass"},{"floor":40,"key":"hexamod:BolsterEngine"},{"floor":40,"key":"Ornamental Fan"},{"floor":41,"key":"CeramicFish"},{"floor":41,"key":"Happy Flower"},{"floor":42,"key":"Bottled Flame"},{"floor":44,"key":"Frozen Egg 2"},{"floor":52,"key":"DollysMirror"},{"floor":52,"key":"Whetstone"}],"event_choices":[{"damage_healed":0,"gold_gain":0,"player_choice":"Relic","damage_taken":0,"max_hp_gain":0,"max_hp_loss":0,"event_name":"Wheel of Change","floor":13,"gold_loss":0},{"damage_healed":0,"gold_gain":0,"player_choice":"Became a Ghost","damage_taken":0,"max_hp_gain":0,"max_hp_loss":50,"event_name":"Ghosts","floor":30,"gold_loss":0,"cards_obtained":["Ghostly","Ghostly","Ghostly","Ghostly","Ghostly"]},{"cards_removed":["champ:GutPunch"],"damage_healed":0,"gold_gain":0,"player_choice":"Removed Attack","damage_taken":0,"max_hp_gain":0,"max_hp_loss":0,"event_name":"Falling","floor":46,"gold_loss":0}],"is_beta":false,"boss_relics":[{"not_picked":["Tiny House","Pandora\u0027s Box"],"picked":"Sozu"},{"not_picked":["Runic Pyramid","Astrolabe"],"picked":"Snecko Eye"}],"items_purged_floors":[12,20,37],"is_endless":false,"potions_floor_spawned":[3,6,8,11,15,22,29,32,33,42,47,49,52],"killed_by":"downfall:NeowBoss","ascension_level":1}}