{"host":"e8rlfedn69rz2s07","time":1607965208,"event":{"mods":["BaseMod","Challenge The Spire","Hubris","Infinite Spire","Minty Spire (QoL Compilation)","Permanent Neow","Relic Stats","Replay The Spire","Shop Mod","StSLib"],"gold_per_floor":[630,282,309,340,365,365,365,63,96,129,129,129],"floor_reached":11,"playtime":461,"items_purged":["Strike_R","Strike_R"],"score":228,"play_id":"6e74f90a-5c8f-4b34-9cda-c4d70da7a300","local_time":"20201214190008","daily_mods":["challengethespire:Gold Difficulty","challengethespire:Elite Rush","Uncertain Future"],"is_ascension_mode":true,"campfire_choices":[{"data":"hubris:StunningStrike","floor":7,"key":"SMITH"}],"circlet_count":0,"master_deck":["AscendersBane","Strike_R","Strike_R","Strike_R","Defend_R","Defend_R","Defend_R","Defend_R","Bash","hubris:ReadiedAction","Shrug It Off","Run Through","Disarm","hubris:StunningStrike+1","hubris:CleavingFinish","True Grit","Double Tap","Flame Barrier"],"relics":["Burning Blood","Black Star","Sling","PreservedInsect","BargainBundle","Pen Nib","Boot","hubris:GlazedTorus","Calipers","Strawberry","hubris:SlimyHat","Potion Belt","Replay:Bronze Core","Chemical X","Quantum Egg","Happy Flower","Girya","Replay:Arrowhead"],"acts_visited":["Exordium"],"potions_floor_usage":[4,9,9,10],"damage_taken":[{"damage":18,"enemies":"Gremlin Nob","floor":3,"turns":3},{"damage":13,"enemies":"3 Sentries","floor":4,"turns":5},{"damage":0,"enemies":"Lagavulin","floor":5,"turns":4},{"damage":24,"enemies":"Slavers","floor":9,"turns":8},{"damage":24,"enemies":"Gremlin Leader","floor":10,"turns":6},{"damage":26,"enemies":"Book of Stabbing","floor":11,"turns":3}],"seed_played":"7664446518593863629","potions_obtained":[{"floor":5,"key":"Fire Potion"}],"is_trial":true,"path_per_floor":["$","$","E","E","E","T","R","$","E","E","E"],"character_chosen":"IRONCLAD","items_purchased":["hubris:ReadiedAction","BargainBundle","SkillPotion","Explosive Potion","Fire Potion","Shrug It Off","Run Through","Pen Nib","Chemical X","AttackPotion","BlessingOfTheForge","True Grit"],"campfire_rested":0,"item_purchase_floors":[1,2,2,2,2,2,2,2,8,8,8,8],"current_hp_per_floor":[68,68,56,56,62,62,62,62,44,26,0,0],"gold":129,"neow_bonus":"","is_daily":false,"chose_seed":false,"campfire_upgraded":1,"win_rate":0.0,"timestamp":1607965208,"path_taken":["$","$","E","E","E","T","R","$","E","E","E"],"items_purchased_type":["Card","Relic","Potion","Potion","Potion","Card","Card","Relic","Relic","Potion","Potion","Card"],"build_version":"2020-12-13","purchased_purges":2,"victory":false,"max_hp_per_floor":[75,75,75,82,82,82,82,82,82,82,82,82],"relic_stats":{"Happy Flower":[3],"counters":[6,29],"PreservedInsect":263,"Pen Nib":[5],"Black Star":5,"Chemical X":[1],"Boot":[6],"obtain_stats":[{"Potion Belt":5,"Girya":10,"BargainBundle":2,"Calipers":4,"Happy Flower":9,"Quantum Egg":9,"PreservedInsect":0,"Pen Nib":2,"hubris:SlimyHat":5,"Sling":0,"Boot":3,"Burning Blood":0,"Replay:Arrowhead":10,"Strawberry":4,"Replay:Bronze Core":6,"Black Star":0,"Chemical X":8,"hubris:GlazedTorus":3},{"Potion Belt":3,"Girya":5,"BargainBundle":0,"Calipers":2,"Happy Flower":4,"Quantum Egg":4,"PreservedInsect":0,"Pen Nib":0,"hubris:SlimyHat":3,"Sling":0,"Boot":1,"Burning Blood":0,"Replay:Arrowhead":5,"Strawberry":2,"Replay:Bronze Core":3,"Black Star":0,"Chemical X":3,"hubris:GlazedTorus":1},{"Potion Belt":12,"Girya":26,"BargainBundle":0,"Calipers":8,"Happy Flower":20,"Quantum Egg":20,"PreservedInsect":0,"Pen Nib":0,"hubris:SlimyHat":12,"Sling":0,"Boot":3,"Burning Blood":0,"Replay:Arrowhead":26,"Strawberry":8,"Replay:Bronze Core":12,"Black Star":0,"Chemical X":12,"hubris:GlazedTorus":3}],"Burning Blood":30},"card_choices":[],"player_experience":705036,"relics_obtained":[{"floor":3,"key":"Boot"},{"floor":3,"key":"hubris:GlazedTorus"},{"floor":4,"key":"Calipers"},{"floor":4,"key":"Strawberry"},{"floor":5,"key":"hubris:SlimyHat"},{"floor":5,"key":"Potion Belt"},{"floor":9,"key":"Quantum Egg"},{"floor":9,"key":"Happy Flower"},{"floor":10,"key":"Girya"},{"floor":10,"key":"Replay:Arrowhead"}],"event_choices":[],"is_beta":false,"boss_relics":[{"not_picked":["infinitespire:Cupcake","hubris:ScarierMask"],"picked":"Replay:Bronze Core"}],"items_purged_floors":[1,2],"is_endless":false,"potions_floor_spawned":[5],"killed_by":"Book of Stabbing","ascension_level":15}}