{"host":"x2bb8tnu3h3a650h","time":1607978597,"event":{"mods":["AchievementEnabler","Aspiration","BaseMod","BetterRewards","Colored Map","Conspire","Defuse TimeMaze Blight","Downfall","Energized Spire","Halation","Hubris","Infinite Spire","Mimic Mod","Minty Spire (QoL Compilation)","Rare Cards Sparkle","Replay The Spire","Shop Mod","Spicy Shops","StSLib","The Jungle","The Servant 0.9.4","Wandering Minibosses","vexMod"],"gold_per_floor":[99,99,99,24,49,49,49,34,34,34,44,57,57,42,58,58,58],"floor_reached":16,"playtime":610,"items_purged":[],"score":121,"play_id":"ac2998ca-8558-4af8-89a6-5d48212dfd66","local_time":"20201214204317","is_ascension_mode":false,"campfire_choices":[{"floor":1,"key":"RECALL"},{"data":"Guardian:CurlUp","floor":4,"key":"SMITH"},{"data":"Guardian:FloatingOrbs","floor":10,"key":"SMITH"}],"circlet_count":0,"master_deck":["Guardian:Strike_Guardian","Guardian:Strike_Guardian","Guardian:Strike_Guardian","Guardian:Defend_Guardian","Guardian:Defend_Guardian","Guardian:Defend_Guardian","Guardian:Defend_Guardian","Guardian:CurlUp+1","Guardian:TwinSlam","Guardian:WalkerClaw","Guardian:Incinerate","Guardian:FloatingOrbs+1","Guardian:Gem_Cyan","Pain","Guardian:ArmoredProtocol"],"relics":["Guardian:ModeShifter","downfall:HeartsMalice","downfall:HeartBlessingRed","Simple Rune","WarpedTongs"],"acts_visited":["Exordium"],"potions_floor_usage":[14,16],"damage_taken":[{"damage":0,"enemies":"Jaw Worm","floor":2,"turns":1},{"damage":0,"enemies":"Lagavulin","floor":5,"turns":1},{"damage":0,"enemies":"Small Slimes","floor":6,"turns":1},{"damage":2,"enemies":"downfall:FleeingMerchant","floor":8,"turns":4},{"damage":13,"enemies":"infinitespire:Voidling","floor":11,"turns":3},{"damage":2,"enemies":"2 Fungi Beasts","floor":12,"turns":2},{"damage":8,"enemies":"downfall:FleeingMerchant","floor":14,"turns":4},{"damage":16,"enemies":"Exordium Thugs","floor":15,"turns":4},{"damage":52,"enemies":"downfall:Defect","floor":16,"turns":6}],"seed_played":"-7506329198617326687","potions_obtained":[{"floor":5,"key":"DistilledChaos"},{"floor":11,"key":"Toxic Potion"}],"is_trial":false,"path_per_floor":["R","M","?","R","E","M","T","$","?","R","M","M","?","$","M","B"],"character_chosen":"GUARDIAN","items_purchased":[],"campfire_rested":0,"item_purchase_floors":[],"current_hp_per_floor":[80,80,85,85,85,85,85,83,83,83,70,68,68,60,44,0,0],"gold":58,"neow_bonus":"THREE_ENEMY_KILL","is_daily":false,"chose_seed":false,"campfire_upgraded":2,"win_rate":0.0,"timestamp":1607978597,"path_taken":["R","M","?","R","E","M","T","$","?","R","M","?","?","$","M","BOSS"],"items_purchased_type":[],"build_version":"2020-12-13","purchased_purges":0,"victory":false,"max_hp_per_floor":[80,80,85,85,85,85,85,85,85,85,85,85,85,85,85,85,85],"card_choices":[{"not_picked":["Guardian:PolyBeam","Guardian:Gem_Lightblue"],"picked":"Guardian:WalkerClaw","floor":2},{"not_picked":["Guardian:PrimingBeam","Guardian:PiercingHide"],"picked":"Guardian:Gem_Green","floor":5},{"not_picked":["Guardian:ChargeCore","Guardian:PrimingBeam"],"picked":"Guardian:Incinerate","floor":6},{"not_picked":["Guardian:ShieldSpikes","Guardian:PiercingHide"],"picked":"Guardian:FloatingOrbs","floor":8},{"not_picked":["Guardian:Reroute","Guardian:Recover","Guardian:ExploitGems"],"picked":"SKIP","floor":11},{"not_picked":["Guardian:ChargeCore","Guardian:ShieldCharger"],"picked":"Guardian:Gem_Cyan","floor":12},{"not_picked":["Guardian:Repulse","Guardian:Harden"],"picked":"Guardian:ArmoredProtocol","floor":14},{"not_picked":["Guardian:ExploitGems","Guardian:PiercingHide","Guardian:ChargeCore"],"picked":"SKIP","floor":15}],"player_experience":586387,"relics_obtained":[{"floor":5,"key":"Simple Rune"}],"event_choices":[{"damage_healed":0,"gold_gain":0,"player_choice":"Donut","damage_taken":0,"max_hp_gain":5,"max_hp_loss":0,"event_name":"Big Fish","floor":3,"gold_loss":0},{"cards_removed":["Guardian:Strike_Guardian"],"damage_healed":0,"gold_gain":0,"player_choice":"Purged","damage_taken":0,"max_hp_gain":0,"max_hp_loss":0,"event_name":"Purifier","floor":9,"gold_loss":0}],"is_beta":false,"boss_relics":[],"items_purged_floors":[],"is_endless":false,"potions_floor_spawned":[5,11],"killed_by":"downfall:Defect","ascension_level":0}}