{"host":"i9wanet4r0ff4t9y","time":1607948787,"event":{"mods":["2.2 Compatiblity","Act Like it!","BaseMod","Better Altar","Better Match","Better Note","Better Sensory Stone","Better Skull","Better Third Choice","Better Vampires","BetterRewards","CapriCore","Downfall","Minty Spire (QoL Compilation)","READ ME - Guardian Mod","READ ME - Snecko Mod","Relic Stats","Replay The Spire","Spicy Shops","StSLib","The Disciple","Waifu the Spire"],"gold_per_floor":[116,116,126,145,164,164,194,91,91,102,116,0,0,10,10,111,111,123,123,27,43,59,59,78,78,78,78,95,95,95],"floor_reached":29,"playtime":845,"items_purged":[],"score":354,"play_id":"772f4642-c694-4232-9fa3-bfa8bc80207f","local_time":"20201214132627","is_ascension_mode":false,"campfire_choices":[{"data":"Apotheosis","floor":6,"key":"SMITH"},{"floor":15,"key":"REST"},{"data":"Distraction","floor":23,"key":"SMITH"},{"floor":27,"key":"DIG"}],"circlet_count":0,"master_deck":["Strike_G","Strike_G","Strike_G","Strike_G","Strike_G","Defend_G","Defend_G","Defend_G","Defend_G","Defend_G","Survivor","Neutralize","Apotheosis+1","Sucker Punch+1","Distraction+1","Poisoned Stab","Blade Dance","Flying Knee","Outmaneuver","Bouncing Flask","Noxious Fumes","Backflip+1","Toxin Wave","Die Die Die","Enlightenment","Crippling Poison","Bullet Time","Leg Sweep","Apotheosis+1","Cloak And Dagger","Blade Dance","Slice+1","Backstab","Leg Sweep","expansioncontent:BronzeBeam","Replay:SS_hec_1","Dodge and Roll"],"relics":["Ring of the Snake","Replay:Bottled Steam","Replay:Multitool","Philosopher\u0027s Stone","Ornamental Fan","Tiny Chest"],"acts_visited":["Exordium","TheCity"],"potions_floor_usage":[10,14,24,29],"damage_taken":[{"damage":0,"enemies":"2 Louse","floor":1,"turns":1},{"damage":0,"enemies":"Cultist","floor":3,"turns":3},{"damage":0,"enemies":"Small Slimes","floor":4,"turns":3},{"damage":3,"enemies":"Blue Slaver","floor":5,"turns":4},{"damage":2,"enemies":"Lagavulin","floor":7,"turns":8},{"damage":11,"enemies":"Exordium Thugs","floor":10,"turns":5},{"damage":5,"enemies":"3 Louse","floor":11,"turns":2},{"damage":24,"enemies":"Exordium Wildlife","floor":14,"turns":4},{"damage":4,"enemies":"Hexaghost","floor":16,"turns":8},{"damage":10,"enemies":"3 Byrds","floor":18,"turns":3},{"damage":0,"enemies":"Spheric Guardian","floor":21,"turns":3},{"damage":6,"enemies":"Shelled Parasite and Fungi","floor":22,"turns":4},{"damage":25,"enemies":"Snecko","floor":24,"turns":6},{"damage":27,"enemies":"Centurion and Healer","floor":28,"turns":6},{"damage":12,"enemies":"Shelled Parasite and Fungi","floor":29,"turns":4}],"seed_played":"620366719203061253","potions_obtained":[{"floor":4,"key":"LiquidMemories"},{"floor":5,"key":"Weak Potion"},{"floor":11,"key":"Energy Potion"},{"floor":21,"key":"sneckomod:MuddlingPotion"},{"floor":22,"key":"SteroidPotion"}],"is_trial":false,"path_per_floor":["M","?","M","M","M","R","E","$","T","M","M","?","$","M","R","B",null,"M","?","$","M","M","R","M","?","T","R","M","M"],"character_chosen":"THE_SILENT","items_purchased":["Apotheosis","Vampiric Spirits","Sucker Punch+1","Distraction","Noxious Fumes","Backflip+1","Cloak And Dagger","Blade Dance"],"campfire_rested":1,"item_purchase_floors":[0,0,0,0,8,8,20,20],"current_hp_per_floor":[56,56,56,56,53,53,51,51,51,40,35,41,41,17,39,35,76,66,66,66,66,60,60,35,35,35,35,8,0,0],"gold":95,"neow_bonus":"","is_daily":false,"chose_seed":false,"campfire_upgraded":2,"win_rate":0.0,"timestamp":1607948787,"path_taken":["M","?","M","M","M","R","E","?","T","M","M","?","?","M","R","BOSS","M","?","$","M","M","R","M","?","T","R","M","M"],"items_purchased_type":["Card","Relic","Card","Card","Card","Card","Card","Card"],"build_version":"2020-12-13","purchased_purges":0,"victory":false,"max_hp_per_floor":[70,70,70,70,70,70,70,70,70,70,70,76,76,76,76,76,76,76,76,76,76,76,76,76,76,76,76,76,76,76],"relic_stats":{"counters":[185,680],"Ornamental Fan":[80],"Tiny Chest":0,"obtain_stats":[{"TwistedFunnel":0,"Replay:Accelerometer":42,"Vampiric Spirits":0,"Whetstone":24,"Sling":0,"Boot":23,"Replay:Wanted Poster":17,"Sundial":43,"Replay:Bronze Core":17,"MealTicket":7,"Replay:Bottled Flurry":27,"HandDrill":30,"Replay:Bottled Steam":7,"Pear":44,"ReplayTheSpireMod:Ring of Addiction":46,"Counterbalance":47,"Pen Nib":37,"Akabeko":13,"Ring of the Serpent":17,"Singing Bowl":9,"Painkiller Herb":34,"StoneCalendar":53,"Blue Doll":25,"Bag of Preparation":6,"Replay:Multitool":27,"Ancient Tea Set":25,"Cursed Key":34,"Smiling Mask":45,"Pet Ghost":9,"BranchBurnRelic":15,"Ring of Fangs":46,"Matryoshka":27,"WristBlade":17,"Ninja Scroll":21,"Chemical X":37,"Ring of Panic":5,"InkBottle":44,"Ring of the Snake":0,"Lee\u0027s Waffle":0,"NeowsBlessing":0,"Circlet":0,"Thread and Needle":26,"betterThird:NestCultRelic":21,"The Courier":45,"PreservedInsect":0,"Omamori":9,"Frozen Egg 2":26,"MawBank":2,"Ornamental Fan":36,"betterThird:SlimedRelic":2,"Turnip":7,"Art of War":26,"Garlic":29,"ReplayTheSpireMod:Onyx Gauntlets":17,"Toy Ornithopter":46,"Divine Protection":9,"Tiny House":34,"Gremlin Horn":6,"CeramicFish":8,"Vajra":22,"Centennial Puzzle":43,"Lizard Tail":47,"Strawberry":37,"Honey Jar":34,"Philosopher\u0027s Stone":17,"Prayer Wheel":0,"Toxic Egg 2":26,"Happy Flower":43,"ReplayTheSpireMod:CursedCoin":24,"Dead Branch":0,"Replay:Grab Bag":17,"Oddly Smooth Stone":20,"Ring of Chaos":34,"Replay:Kaleidoscope":0,"War Paint":26,"WarpedTongs":29,"Replay:Baseball":11,"Bottled Flame":30,"ReplayTheSpireMod:Shallot":11,"Shuriken":9,"Onion Ring":40,"Simple Rune":24,"Black Star":17,"ReplayTheSpireMod:TigerMarble":0,"Pocketwatch":44,"Darkstone Periapt":0,"Replay:PocketPolymizer":17,"SacredBark":46,"Snake Skull":25,"Juzu Bracelet":0,"Incense Burner":28,"ClockworkSouvenir":25,"Nunchaku":9,"Replay:Bandana":43,"Tough Bandages":0,"Dream Catcher":8,"Chameleon Ring":0,"Mummified Hand":37,"Pantograph":37,"Gambling Chip":36,"Tiny Chest":0,"Red Mask":19,"Gremlin Food":30,"BargainBundle":53,"ReplayTheSpireMod:Ninjato":7,"Guide Book":37,"Quantum Egg":30,"Replay:WaspNest":37,"Orichalcum":5,"Odd Mushroom":10,"Medical Kit":47,"Calling Bell":17,"Anchor":23,"CaptainsWheel":37,"Pondfish Scales":54,"Bag of Marbles":44,"Membership Card":0,"ReplayTheSpireMod:ShopPack":0},{"TwistedFunnel":76,"Replay:Accelerometer":122,"Vampiric Spirits":170,"Whetstone":61,"Sling":26,"Boot":113,"Replay:Wanted Poster":84,"Sundial":70,"Replay:Bronze Core":34,"MealTicket":53,"Replay:Bottled Flurry":39,"HandDrill":41,"Replay:Bottled Steam":175,"Pear":71,"ReplayTheSpireMod:Ring of Addiction":48,"Counterbalance":150,"Pen Nib":66,"Akabeko":7,"Ring of the Serpent":132,"Singing Bowl":128,"Painkiller Herb":140,"StoneCalendar":152,"Blue Doll":166,"Bag of Preparation":3,"Replay:Multitool":39,"Ancient Tea Set":15,"Cursed Key":18,"Smiling Mask":97,"Pet Ghost":105,"BranchBurnRelic":33,"Ring of Fangs":48,"Matryoshka":89,"WristBlade":58,"Ninja Scroll":59,"Chemical X":66,"Ring of Panic":104,"InkBottle":71,"Ring of the Snake":0,"Lee\u0027s Waffle":49,"NeowsBlessing":0,"Circlet":0,"Thread and Needle":37,"betterThird:NestCultRelic":36,"The Courier":48,"PreservedInsect":154,"Omamori":4,"Frozen Egg 2":88,"MawBank":1,"Ornamental Fan":93,"betterThird:SlimedRelic":102,"Turnip":128,"Art of War":15,"Garlic":137,"ReplayTheSpireMod:Onyx Gauntlets":58,"Toy Ornithopter":48,"Divine Protection":159,"Tiny House":43,"Gremlin Horn":158,"CeramicFish":80,"Vajra":12,"Centennial Puzzle":22,"Lizard Tail":24,"Strawberry":45,"Honey Jar":117,"Philosopher\u0027s Stone":9,"Prayer Wheel":49,"Toxic Egg 2":113,"Happy Flower":122,"ReplayTheSpireMod:CursedCoin":113,"Dead Branch":26,"Replay:Grab Bag":58,"Oddly Smooth Stone":110,"Ring of Chaos":92,"Replay:Kaleidoscope":26,"War Paint":135,"WarpedTongs":62,"Replay:Baseball":31,"Bottled Flame":90,"ReplayTheSpireMod:Shallot":31,"Shuriken":80,"Onion Ring":69,"Simple Rune":165,"Black Star":58,"ReplayTheSpireMod:TigerMarble":101,"Pocketwatch":23,"Darkstone Periapt":49,"Replay:PocketPolymizer":162,"SacredBark":48,"Snake Skull":37,"Juzu Bracelet":26,"Incense Burner":40,"ClockworkSouvenir":37,"Nunchaku":30,"Replay:Bandana":97,"Tough Bandages":126,"Dream Catcher":159,"Chameleon Ring":76,"Mummified Hand":66,"Pantograph":66,"Gambling Chip":119,"Tiny Chest":76,"Red Mask":11,"Gremlin Food":41,"BargainBundle":75,"ReplayTheSpireMod:Ninjato":80,"Guide Book":45,"Quantum Egg":63,"Replay:WaspNest":119,"Orichalcum":28,"Odd Mushroom":31,"Medical Kit":150,"Calling Bell":162,"Anchor":13,"CaptainsWheel":20,"Pondfish Scales":76,"Bag of Marbles":148,"Membership Card":26,"ReplayTheSpireMod:ShopPack":101},{"TwistedFunnel":283,"Replay:Accelerometer":422,"Vampiric Spirits":616,"Whetstone":237,"Sling":101,"Boot":394,"Replay:Wanted Poster":313,"Sundial":265,"Replay:Bronze Core":127,"MealTicket":209,"Replay:Bottled Flurry":144,"HandDrill":153,"Replay:Bottled Steam":635,"Pear":268,"ReplayTheSpireMod:Ring of Addiction":186,"Counterbalance":534,"Pen Nib":253,"Akabeko":19,"Ring of the Serpent":465,"Singing Bowl":446,"Painkiller Herb":500,"StoneCalendar":544,"Blue Doll":600,"Bag of Preparation":3,"Replay:Multitool":144,"Ancient Tea Set":54,"Cursed Key":66,"Smiling Mask":346,"Pet Ghost":367,"BranchBurnRelic":118,"Ring of Fangs":186,"Matryoshka":324,"WristBlade":230,"Ninja Scroll":232,"Chemical X":253,"Ring of Panic":365,"InkBottle":268,"Ring of the Snake":0,"Lee\u0027s Waffle":194,"NeowsBlessing":0,"Circlet":0,"Thread and Needle":137,"betterThird:NestCultRelic":133,"The Courier":186,"PreservedInsect":556,"Omamori":7,"Frozen Egg 2":320,"MawBank":1,"Ornamental Fan":335,"betterThird:SlimedRelic":361,"Turnip":446,"Art of War":54,"Garlic":486,"ReplayTheSpireMod:Onyx Gauntlets":230,"Toy Ornithopter":186,"Divine Protection":573,"Tiny House":164,"Gremlin Horn":570,"CeramicFish":298,"Vajra":42,"Centennial Puzzle":78,"Lizard Tail":88,"Strawberry":173,"Honey Jar":408,"Philosopher\u0027s Stone":30,"Prayer Wheel":194,"Toxic Egg 2":394,"Happy Flower":422,"ReplayTheSpireMod:CursedCoin":394,"Dead Branch":101,"Replay:Grab Bag":230,"Oddly Smooth Stone":381,"Ring of Chaos":332,"Replay:Kaleidoscope":101,"War Paint":477,"WarpedTongs":240,"Replay:Baseball":114,"Bottled Flame":326,"ReplayTheSpireMod:Shallot":114,"Shuriken":298,"Onion Ring":262,"Simple Rune":598,"Black Star":230,"ReplayTheSpireMod:TigerMarble":360,"Pocketwatch":83,"Darkstone Periapt":194,"Replay:PocketPolymizer":589,"SacredBark":186,"Snake Skull":137,"Juzu Bracelet":101,"Incense Burner":148,"ClockworkSouvenir":137,"Nunchaku":111,"Replay:Bandana":346,"Tough Bandages":437,"Dream Catcher":573,"Chameleon Ring":283,"Mummified Hand":253,"Pantograph":253,"Gambling Chip":415,"Tiny Chest":283,"Red Mask":38,"Gremlin Food":153,"BargainBundle":280,"ReplayTheSpireMod:Ninjato":298,"Guide Book":173,"Quantum Egg":243,"Replay:WaspNest":415,"Orichalcum":106,"Odd Mushroom":114,"Medical Kit":534,"Calling Bell":589,"Anchor":46,"CaptainsWheel":72,"Pondfish Scales":283,"Bag of Marbles":526,"Membership Card":101,"ReplayTheSpireMod:ShopPack":360}],"Ring of the Snake":[64]},"card_choices":[{"not_picked":["ReplayTheSpireMod:The Works","PiercingWail"],"picked":"Poisoned Stab","floor":1},{"not_picked":["Cloak And Dagger","Quick Slash"],"picked":"Blade Dance","floor":3},{"not_picked":["Backflip","Poisoned Stab"],"picked":"Flying Knee","floor":4},{"not_picked":["Dodge and Roll","Acrobatics"],"picked":"Outmaneuver","floor":5},{"not_picked":["Slice","Dodge and Roll"],"picked":"Bouncing Flask","floor":7},{"not_picked":["Heel Hook","PiercingWail"],"picked":"Toxin Wave","floor":10},{"not_picked":["Predator","Outmaneuver"],"picked":"Die Die Die","floor":11},{"not_picked":["Dagger Spray","Poisoned Stab"],"picked":"Crippling Poison","floor":14},{"not_picked":["Wraith Form v2","Poison Darts"],"picked":"Bullet Time","floor":16},{"not_picked":["Tactician","Slice"],"picked":"Leg Sweep","floor":18},{"not_picked":["Flying Knee","Bane"],"picked":"Slice+1","floor":21},{"not_picked":["Prepared","Underhanded Strike"],"picked":"Backstab","floor":22},{"not_picked":["Dagger Spray","Deadly Poison"],"picked":"Leg Sweep","floor":24},{"not_picked":["Replay:Sssssssssshield","expansioncontent:LastStand"],"picked":"expansioncontent:BronzeBeam","floor":25},{"not_picked":["expansioncontent:TimeRipple","Metamorphosis"],"picked":"Replay:SS_hec_1","floor":25},{"not_picked":["Prepared","Reflex+1"],"picked":"Dodge and Roll","floor":28}],"player_experience":345014,"relics_obtained":[{"floor":7,"key":"Replay:Bottled Steam"},{"floor":9,"key":"Replay:Multitool"},{"floor":26,"key":"Ornamental Fan"},{"floor":27,"key":"Tiny Chest"}],"event_choices":[{"damage_healed":0,"gold_gain":0,"player_choice":"Ignored","damage_taken":0,"max_hp_gain":0,"max_hp_loss":0,"event_name":"Purifier","floor":2,"gold_loss":0},{"damage_healed":0,"gold_gain":0,"player_choice":"RENOUNCE","damage_taken":116,"max_hp_gain":0,"max_hp_loss":0,"event_name":"betterThird:BetterSerpent","floor":12,"gold_loss":116,"cards_obtained":["Enlightenment"]},{"cards_removed":["Apotheosis"],"damage_healed":0,"gold_gain":0,"player_choice":"Take \u0026 Give","damage_taken":0,"max_hp_gain":0,"max_hp_loss":0,"event_name":"betterNote:BetterNote","floor":19,"gold_loss":0,"cards_obtained":["Apotheosis"]},{"damage_healed":0,"gold_gain":2,"player_choice":"1","damage_taken":0,"max_hp_gain":0,"max_hp_loss":0,"event_name":"betterStone:BetterStone","floor":25,"gold_loss":0}],"is_beta":false,"boss_relics":[{"not_picked":["Black Star","Replay:Wanted Poster"],"picked":"Philosopher\u0027s Stone"}],"items_purged_floors":[],"is_endless":false,"potions_floor_spawned":[4,5,11,21,22],"killed_by":"Shelled Parasite and Fungi","ascension_level":0}}