{"host":"yb8bkkdvr1qiclnk","time":1607972517,"event":{"mods":["BaseMod","Colored Map","Colored Powertips","DeckTracker","Faster Ascension Climbing","Highlight Path","Minty Spire (QoL Compilation)","Quick Restart","Relic Stats","UnlockEverythingMod"],"gold_per_floor":[109,119,137,137,154,166,166,199,225,235,235,35,69,88,88,88,88],"floor_reached":16,"playtime":949,"items_purged":[],"score":228,"play_id":"12be195b-e83d-478f-bcf7-4ec31e4f38c2","local_time":"20201214140157","is_ascension_mode":true,"campfire_choices":[{"data":"SashWhip","floor":7,"key":"SMITH"},{"floor":11,"key":"REST"},{"data":"Perseverance","floor":15,"key":"SMITH"}],"circlet_count":0,"master_deck":["AscendersBane","Strike_P","Strike_P","Strike_P","Strike_P","Defend_P","Defend_P","Defend_P","Defend_P","Eruption","Vigilance","Tantrum","EmptyFist","SashWhip+1","Halt","InnerPeace","CutThroughFate","Vault","Wireheading","Perseverance+1","FlurryOfBlows"],"relics":["PureWater","NeowsBlessing","FaceOfCleric","Akabeko","Oddly Smooth Stone","Frozen Eye","MealTicket"],"acts_visited":["Exordium"],"potions_floor_usage":[13,16],"damage_taken":[{"damage":0,"enemies":"2 Louse","floor":1,"turns":1},{"damage":0,"enemies":"Cultist","floor":2,"turns":1},{"damage":0,"enemies":"Small Slimes","floor":3,"turns":1},{"damage":12,"enemies":"Exordium Wildlife","floor":5,"turns":2},{"damage":13,"enemies":"Exordium Thugs","floor":6,"turns":4},{"damage":18,"enemies":"Lagavulin","floor":8,"turns":7},{"damage":0,"enemies":"2 Fungi Beasts","floor":10,"turns":1},{"damage":12,"enemies":"Gremlin Nob","floor":13,"turns":4},{"damage":1,"enemies":"Exordium Wildlife","floor":14,"turns":2},{"damage":42,"enemies":"The Guardian","floor":16,"turns":4}],"seed_played":"3433498495927741451","potions_obtained":[{"floor":3,"key":"Strength Potion"},{"floor":5,"key":"FearPotion"},{"floor":13,"key":"Dexterity Potion"},{"floor":14,"key":"DuplicationPotion"}],"is_trial":false,"path_per_floor":["M","M","M","?","M","M","R","E","T","M","R","$","E","M","R","B"],"character_chosen":"WATCHER","items_purchased":["Frozen Eye","Wireheading"],"campfire_rested":1,"item_purchase_floors":[12,12],"current_hp_per_floor":[61,61,61,61,50,38,38,21,21,22,43,43,32,32,32,0,0],"gold":88,"neow_bonus":"THREE_ENEMY_KILL","is_daily":false,"chose_seed":false,"campfire_upgraded":2,"win_rate":0.0,"timestamp":1607972517,"path_taken":["M","M","M","?","M","M","R","E","T","M","R","?","E","M","R","BOSS"],"items_purchased_type":["Relic","Card"],"build_version":"2020-12-13","purchased_purges":0,"victory":false,"max_hp_per_floor":[68,68,68,68,69,70,70,71,71,72,72,72,73,74,74,74,74],"relic_stats":{"FaceOfCleric":6,"counters":[10,27],"MealTicket":0,"obtain_stats":[{"Frozen Eye":12,"NeowsBlessing":0,"FaceOfCleric":4,"Oddly Smooth Stone":9,"MealTicket":13,"PureWater":0,"Akabeko":8},{"Frozen Eye":7,"NeowsBlessing":0,"FaceOfCleric":3,"Oddly Smooth Stone":6,"MealTicket":8,"PureWater":0,"Akabeko":6},{"Frozen Eye":17,"NeowsBlessing":0,"FaceOfCleric":3,"Oddly Smooth Stone":16,"MealTicket":21,"PureWater":0,"Akabeko":16}]},"card_choices":[{"not_picked":["Prostrate","MentalFortress"],"picked":"Tantrum","floor":1},{"not_picked":["ForeignInfluence","WaveOfTheHand"],"picked":"EmptyFist","floor":2},{"not_picked":["FlyingSleeves","Evaluate"],"picked":"SashWhip","floor":3},{"not_picked":["BattleHymn","Prostrate"],"picked":"Halt","floor":5},{"not_picked":["Halt","JustLucky"],"picked":"InnerPeace","floor":6},{"not_picked":["BattleHymn","Halt"],"picked":"CutThroughFate","floor":8},{"not_picked":["Crescendo","FlyingSleeves"],"picked":"Vault","floor":10},{"not_picked":["SandsOfTime","Crescendo"],"picked":"Perseverance","floor":13},{"not_picked":["ClearTheMind","FlyingSleeves"],"picked":"FlurryOfBlows","floor":14}],"player_experience":15960,"relics_obtained":[{"floor":8,"key":"Akabeko"},{"floor":9,"key":"Oddly Smooth Stone"},{"floor":13,"key":"MealTicket"}],"event_choices":[{"damage_healed":0,"gold_gain":0,"player_choice":"Trade","damage_taken":0,"relics_obtained":["FaceOfCleric"],"max_hp_gain":0,"max_hp_loss":0,"event_name":"FaceTrader","floor":4,"gold_loss":0}],"is_beta":false,"boss_relics":[],"items_purged_floors":[],"is_endless":false,"potions_floor_spawned":[3,5,8,13,14],"killed_by":"The Guardian","ascension_level":20}}