{"host":"avjwtc49fhlk6kym","time":1607904812,"event":{"mods":["AchievementEnabler","BaseMod","Better Match","Better Note","Better Third Choice","Colored Map","Colored Powertips","Displayed Cursed Tome","Highlight Path","Minty Spire (QoL Compilation)","Permanent Neow","Quick Restart","StSLib"],"gold_per_floor":[116,135,147,208,45,64,92,92,92,92,112,112,125,135,135,231,231,250,264,298,223,239,239,268,40,110,125,125,125,125],"floor_reached":29,"playtime":1457,"items_purged":["Defend_P"],"score":327,"play_id":"312d88dd-bfa9-4fa3-be52-8420f0a40bb0","local_time":"20201213191332","is_ascension_mode":true,"campfire_choices":[{"data":"Apotheosis","floor":8.0,"key":"SMITH"},{"data":"Eruption","floor":10.0,"key":"SMITH"},{"data":"FollowUp","floor":15.0,"key":"SMITH"},{"floor":23,"key":"REST"},{"floor":28,"key":"REST"}],"circlet_count":0,"master_deck":["Strike_P","Strike_P","Strike_P","Strike_P","Defend_P","Defend_P","Defend_P","Eruption+1","Vigilance","Apotheosis+1","FlurryOfBlows","FlurryOfBlows","Conclude","The Bomb","WindmillStrike","PathToVictory","Wireheading","FollowUp+1","Establishment","CurseOfTheBell","FearNoEvil","Consecrate","Mind Blast+1","PathToVictory","Protect","Wallop+1"],"relics":["PureWater","Bronze Scales","Dream Catcher","Calling Bell","Potion Belt","Shuriken","Lizard Tail","Red Mask","Gremlin Horn","Damaru"],"acts_visited":["Exordium","TheCity"],"potions_floor_usage":[24,29],"damage_taken":[{"damage":0.0,"enemies":"Cultist","floor":1.0,"turns":2.0},{"damage":0.0,"enemies":"Jaw Worm","floor":2.0,"turns":2.0},{"damage":5.0,"enemies":"Small Slimes","floor":3.0,"turns":3.0},{"damage":10.0,"enemies":"Exordium Thugs","floor":6.0,"turns":5.0},{"damage":8.0,"enemies":"Gremlin Nob","floor":7.0,"turns":3.0},{"damage":10.0,"enemies":"Red Slaver","floor":11.0,"turns":3.0},{"damage":0.0,"enemies":"Gremlin Gang","floor":13.0,"turns":3.0},{"damage":0.0,"enemies":"Lots of Slimes","floor":14.0,"turns":1.0},{"damage":0.0,"enemies":"Slime Boss","floor":16.0,"turns":4.0},{"damage":6.0,"enemies":"Shell Parasite","floor":18.0,"turns":3.0},{"damage":0.0,"enemies":"Chosen","floor":19.0,"turns":3.0},{"damage":35.0,"enemies":"Masked Bandits","floor":20.0,"turns":4.0},{"damage":20.0,"enemies":"Snecko","floor":22.0,"turns":4.0},{"damage":35,"enemies":"Book of Stabbing","floor":24,"turns":4},{"damage":13,"enemies":"Chosen and Byrds","floor":27,"turns":5},{"damage":26,"enemies":"Shelled Parasite and Fungi","floor":29,"turns":2}],"seed_played":"-3889357681601679184","potions_obtained":[{"floor":2.0,"key":"Swift Potion"},{"floor":6.0,"key":"Energy Potion"},{"floor":13.0,"key":"Weak Potion"},{"floor":14.0,"key":"Explosive Potion"},{"floor":16.0,"key":"Energy Potion"},{"floor":19.0,"key":"EssenceOfSteel"},{"floor":27,"key":"Block Potion"}],"is_trial":false,"path_per_floor":["M","M","M","?","$","M","E","R","T","R","M","?","M","M","R","B",null,"M","M","?","?","M","R","E","$","T","M","R","M"],"character_chosen":"WATCHER","items_purchased":["The Bomb","Damaru"],"campfire_rested":2,"item_purchase_floors":[5,25],"current_hp_per_floor":[65,65,60,60,60,50,42,42,42,42,32,53,53,53,53,53,65,59,59,24,24,4,23,20,20,20,7,26,0,0],"gold":125,"neow_bonus":"RANDOM_COLORLESS_2","is_daily":false,"chose_seed":false,"campfire_upgraded":3,"win_rate":0.0,"timestamp":1607904812,"path_taken":["M","M","M","?","$","M","E","R","T","R","M","?","M","M","R","BOSS","M","M","?","?","M","R","E","$","T","?","R","?"],"items_purchased_type":["Card","Relic"],"build_version":"2020-12-13","purchased_purges":1,"victory":false,"max_hp_per_floor":[65,65,65,65,65,65,65,65,65,65,65,65,65,65,65,65,65,65,65,65,65,65,65,65,65,65,65,65,65,65],"card_choices":[{"not_picked":["Master of Strategy","Thinking Ahead"],"picked":"Apotheosis","floor":0.0},{"not_picked":["MentalFortress","Protect"],"picked":"FlurryOfBlows","floor":1.0},{"not_picked":["SashWhip","Crescendo"],"picked":"FlurryOfBlows","floor":2.0},{"not_picked":["Halt","Prostrate"],"picked":"Conclude","floor":3.0},{"not_picked":["Prostrate","EmptyMind"],"picked":"WindmillStrike","floor":6.0},{"not_picked":["Crescendo","Worship"],"picked":"PathToVictory","floor":7.0},{"not_picked":["Nirvana","Evaluate"],"picked":"Wireheading","floor":11.0},{"not_picked":["JustLucky","SashWhip"],"picked":"FollowUp","floor":13.0},{"not_picked":["Crescendo","JustLucky","MentalFortress"],"picked":"SKIP","floor":14.0},{"not_picked":["Omniscience","Brilliance"],"picked":"Establishment","floor":16.0},{"not_picked":["Crescendo","SashWhip","TalkToTheHand"],"picked":"SKIP","floor":18.0},{"not_picked":["ClearTheMind","Study"],"picked":"FearNoEvil","floor":19.0},{"not_picked":["BowlingBash","TalkToTheHand"],"picked":"Consecrate","floor":20.0},{"not_picked":["Blind+1","Purity+1"],"picked":"Mind Blast+1","floor":21.0},{"not_picked":["Protect","EmptyFist"],"picked":"PathToVictory","floor":22.0},{"not_picked":["Tantrum","Vengeance","FlyingSleeves"],"picked":"SKIP","floor":24},{"not_picked":["Brilliance","EmptyFist+1"],"picked":"Protect","floor":27},{"not_picked":["FlyingSleeves","WreathOfFlame+1"],"picked":"Wallop+1","floor":28}],"player_experience":499890,"relics_obtained":[{"floor":7.0,"key":"Bronze Scales"},{"floor":9.0,"key":"Dream Catcher"},{"floor":17.0,"key":"Potion Belt"},{"floor":17.0,"key":"Shuriken"},{"floor":17.0,"key":"Lizard Tail"},{"floor":20.0,"key":"Red Mask"},{"floor":24,"key":"Gremlin Horn"}],"event_choices":[{"damage_healed":0.0,"max_hp_gain":0.0,"max_hp_loss":0.0,"gold_gain":61.0,"event_name":"Golden Wing","player_choice":"Gained Gold","floor":4.0,"gold_loss":0.0,"damage_taken":0.0},{"damage_healed":21.0,"max_hp_gain":0.0,"max_hp_loss":0.0,"gold_gain":0.0,"event_name":"Big Fish","player_choice":"Banana","floor":12.0,"gold_loss":0.0,"damage_taken":0.0},{"damage_healed":0.0,"max_hp_gain":0.0,"max_hp_loss":0.0,"gold_gain":0.0,"event_name":"Masked Bandits","player_choice":"Fought Bandits","floor":20.0,"gold_loss":0.0,"damage_taken":0.0},{"damage_healed":0.0,"max_hp_gain":0.0,"max_hp_loss":0.0,"gold_gain":0.0,"event_name":"betterMatch:BetterMatch","player_choice":"2","floor":21.0,"gold_loss":0.0,"damage_taken":0.0,"cards_obtained":["betterMatch:ColorlessUncommonCard"]}],"is_beta":false,"boss_relics":[{"not_picked":["Astrolabe","HolyWater"],"picked":"Calling Bell"}],"items_purged_floors":[25],"is_endless":false,"potions_floor_spawned":[2,6,13,14,16,19,27],"killed_by":"Shelled Parasite and Fungi","ascension_level":2}}