{"host":"y9jgkjnf95sujozk","time":1607984729,"event":{"mods":["2.2 Compatiblity","AchievementEnabler","BaseMod","Block Reminder","Colored Map","Colored Powertips","Downfall","Friendly Minions","GifTheSpireLib","Hermit","Highlight Path","MarisaÅiñ∂âJÅ@ñÇóùçπÅj","Minty Spire (QoL Compilation)","Random Character Button","Rare Cards Sparkle","Replay The Spire","StSLib","SuperFastMode","The Animator","The Bug Knight","The Cursed","The Servant 0.9.4"],"gold_per_floor":[119,119,129,30,48,48,78,78,101,156,156,9,0,19,19,148,148,162,178,178,193,212,212,235,235,262,281,299,299,299,322,322,322,322],"floor_reached":33,"playtime":875,"items_purged":[],"score":261,"play_id":"1222ce20-f108-40a3-9be8-57b12fe874dc","local_time":"20201214232529","is_ascension_mode":true,"campfire_choices":[{"floor":6,"key":"REST"},{"floor":8,"key":"REST"},{"floor":15,"key":"REST"},{"floor":23,"key":"REST"},{"floor":25,"key":"REST"},{"floor":30,"key":"REST"},{"floor":32,"key":"REST"}],"circlet_count":0,"master_deck":["TheCursedMod:Strike_TheCursed","TheCursedMod:Strike_TheCursed","TheCursedMod:Strike_TheCursed","TheCursedMod:Defend_TheCursed","TheCursedMod:Defend_TheCursed","TheCursedMod:Defend_TheCursed","TheCursedMod:Defend_TheCursed","TheCursedMod:CursedWand","TheCursedMod:CleanUpWorkshop","TheCursedMod:Dregs","TheCursedMod:CursedBlade","TheCursedMod:CursedAmulet","TheCursedMod:CursedBlade","TheCursedMod:CursedAmulet","TheCursedMod:TroublousMinions","TheCursedMod:CursedMace","TheCursedMod:CursedBlade","Injury","TheCursedMod:SoulCrush","TheCursedMod:SpitefulPlan","TheCursedMod:BlessingInDisguise","TheCursedMod:VoidForm","TheCursedMod:WearCloak","TheCursedMod:CursedStaff+1","TheCursedMod:Evocation","TheCursedMod:Grudge","TheCursedMod:CursedShiv","TheCursedMod:Obscuration+1","TheCursedMod:Obscuration+1","TheCursedMod:AbyssShockwave","TheCursedMod:Evocation+1"],"relics":["TheCursedMod:BlackMagic101","Toy Ornithopter","Potion Belt","Blue Doll","ReplayTheSpireMod:Shallot","Golden Idol","Snecko Heart","Nunchaku"],"acts_visited":["Exordium","TheCity"],"potions_floor_usage":[7,10,16,33,33,33],"damage_taken":[{"damage":0,"enemies":"Small Slimes","floor":1,"turns":3},{"damage":4,"enemies":"Cultist","floor":3,"turns":4},{"damage":0,"enemies":"2 Louse","floor":5,"turns":2},{"damage":54,"enemies":"Lagavulin","floor":7,"turns":13},{"damage":26,"enemies":"Lagavulin Event","floor":10,"turns":9},{"damage":0,"enemies":"2 Fungi Beasts","floor":14,"turns":2},{"damage":38,"enemies":"Slime Boss","floor":16,"turns":9},{"damage":0,"enemies":"3 Byrds","floor":18,"turns":5},{"damage":7,"enemies":"Shell Parasite","floor":19,"turns":5},{"damage":20,"enemies":"Sentry and Sphere","floor":21,"turns":6},{"damage":1,"enemies":"Centurion and Healer","floor":22,"turns":7},{"damage":18,"enemies":"Chosen and Byrds","floor":24,"turns":8},{"damage":32,"enemies":"Cultist and Chosen","floor":27,"turns":7},{"damage":0,"enemies":"Snake Plant","floor":28,"turns":4},{"damage":0,"enemies":"3 Cultists","floor":31,"turns":5},{"damage":84,"enemies":"Champ","floor":33,"turns":13}],"seed_played":"-6178400013230399910","potions_obtained":[{"floor":3,"key":"SpeedPotion"},{"floor":7,"key":"Energy Potion"},{"floor":14,"key":"Fire Potion"},{"floor":22,"key":"Weak Potion"},{"floor":24,"key":"GamblersBrew"},{"floor":28,"key":"champ:CounterPotion"},{"floor":31,"key":"AttackPotion"}],"is_trial":false,"path_per_floor":["M","?","M","$","M","R","E","R","T","?","?","$","?","M","R","B",null,"M","M","?","M","M","R","M","R","T","M","M","?","R","M","R","B"],"character_chosen":"THE_CURSED","items_purchased":["TheCursedMod:CursedBlade","TheCursedMod:CursedAmulet","TheCursedMod:SoulCrush","TheCursedMod:SpitefulPlan"],"campfire_rested":7,"item_purchase_floors":[4,4,12,12],"current_hp_per_floor":[75,75,71,71,71,75,21,43,43,22,22,22,22,22,44,11,75,75,68,68,48,47,69,51,73,73,41,41,41,63,63,75,0,0],"gold":322,"neow_bonus":"RANDOM_COMMON_RELIC","is_daily":false,"chose_seed":false,"campfire_upgraded":0,"win_rate":0.0,"timestamp":1607984729,"path_taken":["M","?","?","$","M","R","E","R","T","?","?","$","?","M","R","BOSS","M","M","?","M","?","R","M","R","T","M","M","?","R","?","R","BOSS"],"items_purchased_type":["Card","Card","Card","Card"],"build_version":"2020-12-13","purchased_purges":0,"victory":false,"max_hp_per_floor":[75,75,75,75,75,75,75,75,75,75,75,75,75,75,75,75,75,75,75,75,75,75,75,75,75,75,75,75,75,75,75,75,75,75],"card_choices":[{"not_picked":["TheCursedMod:Stretching","TheCursedMod:HellsGateOpen"],"picked":"TheCursedMod:CursedBlade","floor":1},{"not_picked":["TheCursedMod:ManaBullet","TheCursedMod:LuckyCharm"],"picked":"TheCursedMod:CursedAmulet","floor":3},{"not_picked":["TheCursedMod:SpitefulStrike","TheCursedMod:HellfireBreathing"],"picked":"TheCursedMod:TroublousMinions","floor":5},{"not_picked":["TheCursedMod:CursedBoomerang","TheCursedMod:Wield"],"picked":"TheCursedMod:CursedMace","floor":7},{"not_picked":["TheCursedMod:TacticalStrike","TheCursedMod:SpitefulPray"],"picked":"TheCursedMod:CursedBlade","floor":10},{"not_picked":["TheCursedMod:Stretching","TheCursedMod:ReleasedStrength"],"picked":"TheCursedMod:BlessingInDisguise","floor":14},{"not_picked":["TheCursedMod:StunningStrike","TheCursedMod:AntiAging"],"picked":"TheCursedMod:VoidForm","floor":16},{"not_picked":["TheCursedMod:CircleOfAmplification","TheCursedMod:HellsGateOpen"],"picked":"TheCursedMod:WearCloak","floor":18},{"not_picked":["TheCursedMod:EmpowerCircles","TheCursedMod:CircleOfBlood"],"picked":"TheCursedMod:CursedStaff+1","floor":19},{"not_picked":["TheCursedMod:CircleOfCorruption","TheCursedMod:TacticalStrike"],"picked":"TheCursedMod:Grudge","floor":21},{"not_picked":["TheCursedMod:FuryStrike","TheCursedMod:SoulReap"],"picked":"TheCursedMod:CursedShiv","floor":22},{"not_picked":["TheCursedMod:BlessingInDisguise+1","TheCursedMod:SaltUponWound"],"picked":"TheCursedMod:Obscuration+1","floor":24},{"not_picked":["TheCursedMod:ShockAndAwe","TheCursedMod:Torture"],"picked":"TheCursedMod:Obscuration+1","floor":27},{"not_picked":["TheCursedMod:CircleOfFlame+1","TheCursedMod:Stigma"],"picked":"TheCursedMod:AbyssShockwave","floor":28},{"not_picked":["TheCursedMod:CircleOfCorruption","TheCursedMod:CursedAmulet"],"picked":"TheCursedMod:Evocation+1","floor":31}],"player_experience":93928,"relics_obtained":[{"floor":7,"key":"Potion Belt"},{"floor":9,"key":"Blue Doll"},{"floor":10,"key":"ReplayTheSpireMod:Shallot"},{"floor":26,"key":"Nunchaku"}],"event_choices":[{"damage_healed":0,"gold_gain":0,"player_choice":"Ignored","damage_taken":0,"max_hp_gain":0,"max_hp_loss":0,"event_name":"Fountain of Cleansing","floor":2,"gold_loss":0},{"damage_healed":0,"gold_gain":30,"player_choice":"Searched \u00272\u0027 times","damage_taken":0,"max_hp_gain":0,"max_hp_loss":0,"event_name":"Dead Adventurer","floor":10,"gold_loss":0},{"damage_healed":0,"gold_gain":0,"player_choice":"Take Wound","damage_taken":0,"relics_obtained":["Golden Idol"],"max_hp_gain":0,"max_hp_loss":0,"event_name":"Golden Idol","floor":11,"gold_loss":0,"cards_obtained":["Injury"]},{"damage_healed":0,"gold_gain":0,"player_choice":"Left Gold","damage_taken":0,"max_hp_gain":0,"max_hp_loss":0,"event_name":"World of Goop","floor":13,"gold_loss":9},{"damage_healed":0,"gold_gain":0,"cards_transformed":["TheCursedMod:Strike_TheCursed"],"player_choice":"Transformed","damage_taken":0,"max_hp_gain":0,"max_hp_loss":0,"event_name":"Transmorgrifier","floor":20,"gold_loss":0,"cards_obtained":["TheCursedMod:Evocation"]},{"damage_healed":0,"gold_gain":0,"player_choice":"Ignored","damage_taken":0,"max_hp_gain":0,"max_hp_loss":0,"event_name":"Purifier","floor":29,"gold_loss":0}],"is_beta":false,"boss_relics":[{"not_picked":["Coffee Dripper","Sozu"],"picked":"Snecko Heart"}],"items_purged_floors":[],"is_endless":false,"potions_floor_spawned":[3,7,14,22,24,28,31],"killed_by":"Champ","ascension_level":1}}