{"host":"b5mzvg96njlg7ry9","time":1607968270,"event":{"mods":["AlwaysNeverKeys","Aspiration","BaseMod","Better Note","Better Third Choice","BetterRewards","Colored Map","Colored Powertips","Downfall","Highlight Path","Hubris","Infinite Spire","Minty Spire (QoL Compilation)","Quick Restart","Relic Sorter","Replay The Spire","Shop Mod","StSLib","SuperFastMode"],"gold_per_floor":[24,51,51,64,64,64,88,118,135,135,45,56,56,784,803,905,905,755,766,766,800,800,536,536,536,556,585,598,612,27,127,145,244,244,244,276,295,311,337,353,353,178,4,36,36,55,71,82,94,94,94,119,156,156,156],"floor_reached":56,"playtime":2503,"items_purged":["champ:Defend","champ:Defend","champ:Defend","champ:Strike+1","champ:Strike+1","CommonCold"],"score":1762,"play_id":"f3b19571-e915-4b43-b2e3-0b5036b1c918","local_time":"20201214185110","is_ascension_mode":false,"campfire_choices":[{"data":"champ:Execute","floor":1.0,"key":"SMITH"},{"data":"champ:CrookedStrike","floor":5.0,"key":"SMITH"},{"data":"champ:Taunt","floor":10.0,"key":"SMITH"},{"data":"champ:Strike","floor":18,"key":"SMITH"},{"floor":25,"key":"REST"},{"data":"champ:Strike+1","floor":35,"key":"PURGE"},{"floor":54,"key":"REST"}],"circlet_count":0,"master_deck":["champ:Defend+1","champ:Execute+1","champ:Taunt+1","champ:CrookedStrike+1","champ:PerfectForm+1","champ:SteelEdge+1","CurseOfTheBell"],"relics":["champ:ChampionCrownUpgraded","hubris:Icosahedron","downfall:HeartBlessingRed","infinitespire:Satchel","infinitespire:Broken Mirror","MerchantsRug","hubris:RunicObelisk","downfall:HeartBlessingBlue","downfall:HeartBlessingGreen","Happy Flower","Lantern","hubris:MedicalManual","hubris:ToyBattleship","Akabeko","infinitespire:EmpoweringShard","TheAbacus","Sundial","ReplayFunnel","Medical Kit","infinitespire:PuzzleCube"],"acts_visited":["Exordium","TheCity","TheBeyond","TheEnding"],"potions_floor_usage":[21,21,39,40,40,50,52,52,55,55,55],"damage_taken":[{"damage":16.0,"enemies":"Replay:BlueRogue","floor":2.0,"turns":2.0},{"damage":10.0,"enemies":"Small Slimes","floor":4.0,"turns":2.0},{"damage":19.0,"enemies":"Lagavulin","floor":8.0,"turns":5.0},{"damage":13.0,"enemies":"Cultist","floor":9.0,"turns":2.0},{"damage":15.0,"enemies":"downfall:FleeingMerchant","floor":11.0,"turns":4.0},{"damage":0.0,"enemies":"Jaw Worm","floor":12.0,"turns":2.0},{"damage":15.0,"enemies":"downfall:FleeingMerchant","floor":14.0,"turns":4.0},{"damage":16.0,"enemies":"Exordium Wildlife","floor":15.0,"turns":3.0},{"damage":18,"enemies":"downfall:Ironclad","floor":16,"turns":4},{"damage":16,"enemies":"Shell Parasite","floor":19,"turns":2},{"damage":24,"enemies":"Gremlin Leader","floor":21,"turns":4},{"damage":13,"enemies":"downfall:FleeingMerchant","floor":23,"turns":4},{"damage":10,"enemies":"Snecko","floor":26,"turns":2},{"damage":16,"enemies":"Replay:Snechameleon","floor":27,"turns":2},{"damage":5,"enemies":"Snake Plant","floor":28,"turns":1},{"damage":10,"enemies":"Shelled Parasite and Fungi","floor":29,"turns":2},{"damage":11,"enemies":"downfall:LadyInBlue","floor":31,"turns":1},{"damage":6,"enemies":"Chosen and Byrds","floor":32,"turns":1},{"damage":9,"enemies":"downfall:Watcher","floor":33,"turns":1},{"damage":9,"enemies":"R_Hoarder","floor":36,"turns":1},{"damage":0,"enemies":"Orb Walker","floor":37,"turns":1},{"damage":9,"enemies":"3 Shapes","floor":38,"turns":1},{"damage":12,"enemies":"Nightmare","floor":39,"turns":1},{"damage":3,"enemies":"Transient","floor":40,"turns":1},{"damage":6,"enemies":"R_Hoarder","floor":44,"turns":1},{"damage":3,"enemies":"Spire Growth","floor":46,"turns":1},{"damage":6,"enemies":"Maw","floor":47,"turns":1},{"damage":6,"enemies":"3 Darklings","floor":48,"turns":1},{"damage":6,"enemies":"Sphere and 2 Shapes","floor":49,"turns":1},{"damage":14,"enemies":"downfall:Defect","floor":50,"turns":2},{"damage":17,"enemies":"downfall:CharBossMerchant","floor":52,"turns":2},{"damage":43,"enemies":"downfall:NeowBoss","floor":55,"turns":16}],"seed_played":"-4746368532372395151","potions_obtained":[{"floor":2.0,"key":"champ:CounterPotion"},{"floor":12.0,"key":"BlessingOfTheForge"},{"floor":15.0,"key":"DistilledChaos"},{"floor":26,"key":"LiquidMemories"},{"floor":27,"key":"sneckomod:MuddlingPotion"},{"floor":31,"key":"LiquidMemories"},{"floor":36,"key":"Adrenaline Potion"},{"floor":38,"key":"infinitespire:BlackPotion"},{"floor":39,"key":"EntropicBrew"},{"floor":40,"key":"AttackPotion"},{"floor":44,"key":"GamblersBrew"},{"floor":48,"key":"DuplicationPotion"},{"floor":52,"key":"Swift Potion"}],"is_trial":false,"path_per_floor":["R","E","?","M","R","?","T","E","M","R","$","M","?","$","M","B",null,"R","M","?","E","?","$","T","R","M","E","M","M","$","?","M","B",null,"R_BF","E","M","M","NM","M","T","$","$","E","?","M","M","M","M","B",null,"E","$","R","B",null],"character_chosen":"THE_CHAMP","items_purchased":["MerchantsRug","champ:PerfectForm+1","champ:SteelEdge","Guide Book","hubris:MedicalManual","hubris:ToyBattleship","TheAbacus","Sundial"],"campfire_rested":2,"item_purchase_floors":[14,23,23,23,30,30,43,43],"current_hp_per_floor":[90,90,90,90,90,90,90,89,89,89,89,89,89,89,89,89,90,100,100,100,100,100,100,100,100,100,94,94,94,94,94,94,94,100,100,100,100,100,100,100,100,100,100,100,100,100,100,100,100,100,100,100,100,100,100],"gold":156,"neow_bonus":"BOSS_RELIC","is_daily":false,"chose_seed":false,"campfire_upgraded":4,"win_rate":0.0,"timestamp":1607968270,"path_taken":["R","E","?","M","R","?","T","E","?","R","$","M","?","?","M","BOSS","R","?","?","E","?","$","T","R","M","E","?","M","$","?","M","BOSS","R_BF","E","M","M","NM","M","T","$","$","E","?","M","M","M","M","BOSS","E","$","R","BOSS"],"items_purchased_type":["Relic","Card","Card","Relic","Relic","Relic","Relic","Relic"],"build_version":"2020-12-13","purchased_purges":6,"victory":true,"max_hp_per_floor":[90,90,90,90,90,90,90,90,90,90,90,90,90,90,90,90,90,100,100,100,100,100,100,100,100,100,100,100,100,100,100,100,100,100,100,100,100,100,100,100,100,100,100,100,100,100,100,100,100,100,100,100,100,100,100],"card_choices":[{"not_picked":["champ:Lariat","champ:StanceDance","champ:SkillfulDodge"],"picked":"SKIP","floor":2.0},{"not_picked":["champ:DefensiveShout","champ:Duel"],"picked":"champ:CrookedStrike","floor":4.0},{"not_picked":["champ:BringItOn","champ:StanceDance","champ:Shatter"],"picked":"SKIP","floor":8.0},{"not_picked":["champ:RecklessLeap","champ:RapidStrikes","champ:Shatter"],"picked":"SKIP","floor":9.0},{"not_picked":["champ:VampiricStrike","champ:RecklessLeap","champ:BerserkersShout"],"picked":"SKIP","floor":11.0},{"not_picked":["champ:AdrenalArmor","champ:GutPunch","champ:DefensiveShout"],"picked":"SKIP","floor":12.0},{"not_picked":["champ:BringItOn","champ:DefensiveShout","champ:AdrenalArmor"],"picked":"SKIP","floor":14.0},{"not_picked":["champ:GladiatorsShout","champ:FanOfKnives","champ:Shatter"],"picked":"SKIP","floor":15.0},{"not_picked":["champ:FocusedBerserking","champ:Shatter","champ:RecklessLeap"],"picked":"SKIP","floor":19},{"not_picked":["champ:FanOfKnives","champ:Encircle","champ:CalledShot+1"],"picked":"SKIP","floor":21},{"not_picked":["champ:BladeFlurry","champ:CrookedStrike","champ:ArenaPreparation"],"picked":"SKIP","floor":23},{"not_picked":["champ:PerfectedStrike","champ:ViciousMockery","champ:IronFortress+1"],"picked":"SKIP","floor":26},{"not_picked":["champ:GutPunch","champ:RecklessLeap+1","champ:GladiatorStyle+1"],"picked":"SKIP","floor":27},{"not_picked":["champ:BladeFlurry","champ:DefensiveShout","champ:BringItOn+1"],"picked":"SKIP","floor":28},{"not_picked":["champ:CrookedStrike","champ:AdrenalArmor","champ:RisingSlash"],"picked":"SKIP","floor":29},{"not_picked":["champ:FlashCut+1","champ:FanOfKnives","champ:Backstep"],"picked":"SKIP","floor":32},{"not_picked":["champ:DefensiveShout","champ:ViciousMockery","champ:GladiatorsShout+1"],"picked":"SKIP","floor":36},{"not_picked":["champ:FlashCut","champ:CalledShot+1","champ:AdrenalArmor+1"],"picked":"SKIP","floor":37},{"not_picked":["champ:GladiatorsShout+1","champ:FanOfKnives","champ:Circumvent+1"],"picked":"SKIP","floor":38},{"not_picked":["champ:Backstep+1","champ:Riposte+1","champ:GladiatorsShout+1"],"picked":"SKIP","floor":39},{"not_picked":["champ:BringItOn+1","champ:BerserkersShout+1","champ:SkillfulDodge+1"],"picked":"SKIP","floor":40},{"not_picked":["champ:Circumvent+1","champ:FocusedDefense+1","champ:CalledShot+1"],"picked":"SKIP","floor":44},{"not_picked":["champ:GutPunch+1","champ:BerserkersShout+1","champ:TornadoPunch"],"picked":"SKIP","floor":46},{"not_picked":["champ:BerserkerStyle+1","champ:ArenaPreparation+1","champ:Backstep+1"],"picked":"SKIP","floor":47},{"not_picked":["champ:FanOfKnives+1","champ:PerfectForm+1","champ:FightOn"],"picked":"SKIP","floor":48},{"not_picked":["champ:StanceDance+1","champ:GutPunch","champ:IronFortress+1"],"picked":"SKIP","floor":49},{"not_picked":["champ:StanceDance+1","champ:Encircle","champ:PerfectedStrike+1"],"picked":"SKIP","floor":52}],"player_experience":777106,"relics_obtained":[{"floor":2.0,"key":"Frozen Egg 2"},{"floor":7.0,"key":"infinitespire:Satchel"},{"floor":8.0,"key":"infinitespire:Broken Mirror"},{"floor":21,"key":"Happy Flower"},{"floor":24,"key":"hubris:MysteriousPyramids"},{"floor":27,"key":"Lantern"},{"floor":31,"key":"White Beast Statue"},{"floor":34,"key":"StoneCalendar"},{"floor":34,"key":"hubris:Reverence"},{"floor":34,"key":"Replay:Wax Seal"},{"floor":36,"key":"Akabeko"},{"floor":39,"key":"Toxic Egg 2"},{"floor":41,"key":"infinitespire:EmpoweringShard"},{"floor":44,"key":"ReplayFunnel"},{"floor":52,"key":"Medical Kit"},{"floor":52,"key":"infinitespire:PuzzleCube"}],"event_choices":[{"cards_removed":["champ:Strike"],"damage_healed":0.0,"max_hp_gain":0.0,"max_hp_loss":0.0,"gold_gain":0.0,"event_name":"The Cleric","player_choice":"Card Removal","floor":3.0,"gold_loss":0.0,"damage_taken":0.0},{"damage_healed":0,"gold_gain":0,"player_choice":"Upgraded","damage_taken":0,"max_hp_gain":0,"max_hp_loss":0,"event_name":"Upgrade Shrine","floor":20,"gold_loss":0,"cards_upgraded":["champ:Strike"]},{"damage_healed":0,"gold_gain":0,"player_choice":"Forge","damage_taken":0,"max_hp_gain":0,"max_hp_loss":0,"event_name":"Accursed Blacksmith","floor":22,"gold_loss":0,"cards_upgraded":["champ:Strike"]}],"is_beta":false,"boss_relics":[{"not_picked":["hubris:BlackHole","aspiration:DefectSkillbook"],"picked":"hubris:RunicObelisk"},{"not_picked":["Abe\u0027s Treasure","Honey Jar"],"picked":"Calling Bell"}],"items_purged_floors":[11,14,23,30,42,53],"is_endless":false,"potions_floor_spawned":[2,12,15,16,19,26,27,29,32,33,36,37,38,39,40,44,46,47,48,49,52],"ascension_level":0}}