{"host":"wfuprrvhjp4xs686","time":1607981095,"event":{"mods":["BaseMod","Better Match","Better Skull","Better Third Choice","Minty Spire (QoL Compilation)","Quick Restart","Replay The Spire","Spicy Shops","StSLib","Uncapped","Unceasing Turn Reminder"],"gold_per_floor":[115,115,115,126,145,145,177,177,177,177,177],"floor_reached":10,"playtime":529,"items_purged":[],"score":132,"play_id":"84c95305-b6b7-41dc-a1d6-b2f87a1e7c50","local_time":"20201214162455","daily_mods":["SealedDeck","DeadlyEvents","Elite Swarm","Uncertain Future"],"is_ascension_mode":true,"campfire_choices":[{"data":"Sentinel","floor":6,"key":"SMITH"},{"data":"Limit Break","floor":8,"key":"SMITH"}],"circlet_count":0,"master_deck":["AscendersBane","Disarm","True Grit+1","Sentinel+1","ReplayTheSpireMod:Muscle Training","ReplayTheSpireMod:Corrosion Curse","Replay:Undeath\u0027s Touch","ReplayTheSpireMod:Strike From Hell","Feel No Pain","Feel No Pain","Fire Breathing","Limit Break+1"],"relics":["Burning Blood","Meat on the Bone","Self Forming Clay"],"acts_visited":["Exordium"],"potions_floor_usage":[10],"damage_taken":[{"damage":7,"enemies":"Small Slimes","floor":1,"turns":5},{"damage":2,"enemies":"Cultist","floor":4,"turns":6},{"damage":8,"enemies":"Jaw Worm","floor":5,"turns":6},{"damage":4,"enemies":"Replay:BlueRogue","floor":7,"turns":9},{"damage":71,"enemies":"Gremlin Nob","floor":10,"turns":5}],"seed_played":"721576387773953403","potions_obtained":[{"floor":5,"key":"Fire Potion"},{"floor":7,"key":"LiquidMemories"}],"is_trial":true,"path_per_floor":["M","?","?","M","M","R","E","R","T","E"],"character_chosen":"IRONCLAD","items_purchased":[],"campfire_rested":0,"item_purchase_floors":[],"current_hp_per_floor":[67,67,67,71,69,69,71,71,71,0,0],"gold":177,"neow_bonus":"","is_daily":false,"chose_seed":false,"campfire_upgraded":2,"win_rate":0.0,"timestamp":1607981095,"path_taken":["M","?","?","M","M","R","E","R","T","E"],"items_purchased_type":[],"build_version":"2020-12-13","purchased_purges":0,"victory":false,"max_hp_per_floor":[75,75,75,75,75,75,75,75,75,75,75],"card_choices":[{"not_picked":["Dark Embrace","Heavy Blade","Clothesline"],"picked":"SKIP","floor":1},{"not_picked":["Iron Wave","Sword Boomerang","True Grit"],"picked":"SKIP","floor":4},{"not_picked":["Body Slam","Clothesline","Pommel Strike"],"picked":"SKIP","floor":5},{"not_picked":["Exhume","Berserk"],"picked":"Limit Break","floor":7}],"player_experience":2293411,"relics_obtained":[{"floor":7,"key":"Meat on the Bone"},{"floor":9,"key":"Self Forming Clay"}],"event_choices":[{"damage_healed":0,"gold_gain":0,"player_choice":"Ignored","damage_taken":115,"max_hp_gain":0,"max_hp_loss":0,"event_name":"betterThird:BetterSerpent","floor":2,"gold_loss":0},{"damage_healed":0,"gold_gain":0,"player_choice":"Upgraded","damage_taken":0,"max_hp_gain":0,"max_hp_loss":0,"event_name":"Upgrade Shrine","floor":3,"gold_loss":0,"cards_upgraded":["True Grit"]}],"is_beta":false,"boss_relics":[],"items_purged_floors":[],"is_endless":true,"potions_floor_spawned":[5,7],"killed_by":"Gremlin Nob","ascension_level":20}}