{"host":"ry95t1gxi682w1un","time":1607982873,"event":{"mods":["BaseMod","Block Reminder","Downfall","Highlight Path","Minty Spire (QoL Compilation)","Random Character Button","StSLib"],"gold_per_floor":[99,549,577,577,577,611,634,193,212,239,251,23,23,40,57,160,160,160,160,193,205,223,235,258,286,299,149,164,164,176,207,231,347,359,296,339,364,92,117,117,195,228,228,253,528,540,553,220,236,236,236,262,15,15,15],"floor_reached":56,"playtime":3747,"items_purged":["Slimebound:Icky","Slimebound:Icky","Writhe","Regret","Slimebound:Icky"],"score":1799,"play_id":"e4a81e99-8ce2-4f4c-85f9-1df6efcaa9c9","local_time":"20201214165433","is_ascension_mode":true,"campfire_choices":[{"data":"hexamod:Sear","floor":1,"key":"SMITH"},{"data":"hexamod:Float","floor":5,"key":"SMITH"},{"data":"expansioncontent:StudyTheSpire","floor":18,"key":"SMITH"},{"floor":27,"key":"RECALL"},{"data":"hexamod:TimeOfNeed","floor":35,"key":"SMITH"},{"data":"Mayhem","floor":43,"key":"SMITH"},{"data":"hexamod:ParanormalForm","floor":54,"key":"SMITH"}],"circlet_count":0,"master_deck":["hexamod:Sear+1","hexamod:Float+1","hexamod:StepThrough","hexamod:StepThrough","hexamod:Hexaguard","hexamod:GhostOfSpirePast","hexamod:TimeWarp+1","hexamod:HauntingEcho+1","hexamod:StepThrough","hexamod:CatchUp","hexamod:RainOfEmbers","hexamod:FastForward","expansioncontent:StudyTheSpire+1","hexamod:HexaLevel","hexamod:GhostLash+1","hexamod:SearingWound","hexamod:ParanormalForm+1","hexamod:EmpoweredFlame","hexamod:EmpoweredFlame","hexamod:TimeOfNeed+1","hexamod:SoulSteal","hexamod:GhostShield","hexamod:TimeWarp+1","hexamod:Hexaguard+1","hexamod:Rewind+1","hexamod:Rewind+1","hexamod:SkipABeat+1","hexamod:GhostShield+1","hexamod:Hexaguard+1","hexamod:FastForward+1","hexamod:FastForward+1","hexamod:ApocalypticArmor","hexamod:FastForward+1","hexamod:SpectralSpark+1","Finesse+1","Mayhem+1","hexamod:Rewind+1","hexamod:RadiantFlame+1","hexamod:BacktrackSmack+1","hexamod:GhostflameBarrier+1","hexamod:GhostOfSpireFuture","Panache","hexamod:AdvancingGuard+1","hexamod:SkipABeat+1","hexamod:Hexaguard+1","hexamod:HexaLevel","expansioncontent:QuickStudy+1"],"relics":["hexamod:SpiritBrand","downfall:HeartsMalice","White Beast Statue","Art of War","Membership Card","hexamod:InflammatoryLetter","Toy Ornithopter","Mummified Hand","Pandora\u0027s Box","Toxic Egg 2","Smiling Mask","Bottled Lightning","downfall:HeartBlessingGreen","downfall:HeartBlessingBlue","MawBank","SacredBark","downfall:HeartBlessingRed","Letter Opener","Bag of Preparation","PreservedInsect","Eternal Feather","Blood Vial","Whetstone","Bag of Marbles","Medical Kit","Bronze Scales","DollysMirror","Chemical X"],"acts_visited":["Exordium","TheCity","TheBeyond","TheEnding"],"potions_floor_usage":[9,10,12,16,20,22,23,25,26,28,31,32,33,33,36,37,39,42,44,47,49,52,55,55,55],"damage_taken":[{"damage":0,"enemies":"Lagavulin","floor":3,"turns":1},{"damage":0,"enemies":"Jaw Worm","floor":4,"turns":1},{"damage":0,"enemies":"Gremlin Nob","floor":6,"turns":1},{"damage":0,"enemies":"downfall:FleeingMerchant","floor":8,"turns":4},{"damage":1,"enemies":"Cultist","floor":9,"turns":3},{"damage":4,"enemies":"3 Sentries","floor":10,"turns":3},{"damage":0,"enemies":"2 Louse","floor":11,"turns":2},{"damage":4,"enemies":"downfall:FleeingMerchant","floor":12,"turns":4},{"damage":8,"enemies":"Red Slaver","floor":14,"turns":3},{"damage":0,"enemies":"2 Fungi Beasts","floor":15,"turns":2},{"damage":18,"enemies":"downfall:Silent","floor":16,"turns":5},{"damage":31,"enemies":"Gremlin Leader","floor":20,"turns":4},{"damage":6,"enemies":"Shell Parasite","floor":21,"turns":3},{"damage":0,"enemies":"Chosen","floor":22,"turns":3},{"damage":5,"enemies":"Snecko","floor":23,"turns":3},{"damage":25,"enemies":"Slavers","floor":25,"turns":3},{"damage":23,"enemies":"Centurion and Healer","floor":26,"turns":3},{"damage":0,"enemies":"Chosen and Byrds","floor":28,"turns":3},{"damage":6,"enemies":"Snake Plant","floor":31,"turns":3},{"damage":0,"enemies":"Sentry and Sphere","floor":32,"turns":3},{"damage":13,"enemies":"downfall:Watcher","floor":33,"turns":6},{"damage":48,"enemies":"Giant Head","floor":36,"turns":7},{"damage":13,"enemies":"3 Darklings","floor":37,"turns":5},{"damage":14,"enemies":"downfall:FleeingMerchant","floor":38,"turns":4},{"damage":0,"enemies":"Reptomancer","floor":39,"turns":3},{"damage":0,"enemies":"Giant Head","floor":42,"turns":5},{"damage":0,"enemies":"Nemesis","floor":44,"turns":3},{"damage":14,"enemies":"downfall:FleeingMerchant","floor":46,"turns":3},{"damage":0,"enemies":"3 Shapes","floor":47,"turns":2},{"damage":8,"enemies":"3 Darklings","floor":49,"turns":3},{"damage":21,"enemies":"downfall:Defect","floor":50,"turns":6},{"damage":34,"enemies":"downfall:CharBossMerchant","floor":52,"turns":4},{"damage":26,"enemies":"downfall:NeowBoss","floor":55,"turns":15}],"seed_played":"8852550188939537746","potions_obtained":[{"floor":4,"key":"Dexterity Potion"},{"floor":6,"key":"champ:CounterPotion"},{"floor":8,"key":"ColorlessPotion"},{"floor":9,"key":"hexamod:DoubleChargePotion"},{"floor":10,"key":"sneckomod:MuddlingPotion"},{"floor":14,"key":"DuplicationPotion"},{"floor":16,"key":"DuplicationPotion"},{"floor":20,"key":"BlessingOfTheForge"},{"floor":22,"key":"Dexterity Potion"},{"floor":23,"key":"Swift Potion"},{"floor":25,"key":"SpeedPotion"},{"floor":26,"key":"Energy Potion"},{"floor":28,"key":"LiquidBronze"},{"floor":31,"key":"hexamod:DoubleChargePotion"},{"floor":32,"key":"Energy Potion"},{"floor":33,"key":"ColorlessPotion"},{"floor":36,"key":"PowerPotion"},{"floor":37,"key":"SpeedPotion"},{"floor":38,"key":"ColorlessPotion"},{"floor":39,"key":"PowerPotion"},{"floor":42,"key":"SmokeBomb"},{"floor":44,"key":"hexamod:DoubleChargePotion"},{"floor":46,"key":"Slimebound:ThreeZeroPotion"},{"floor":47,"key":"Swift Potion"},{"floor":49,"key":"EssenceOfSteel"},{"floor":52,"key":"champ:CounterPotion"}],"is_trial":false,"path_per_floor":["R","?","E","M","R","E","T","$","M","E","M","$","?","M","M","B",null,"R","?","E","M","M","M","T","E","M","R","M","?","?","M","M","B",null,"R","E","M","?","E","?","T","E","R","E","?","$","M","?","M","B",null,"E","$","R","B",null],"character_chosen":"THE_SPIRIT","items_purchased":["Membership Card","hexamod:InflammatoryLetter","hexamod:TimeWarp","Toy Ornithopter","Fruit Juice","hexamod:FastForward","expansioncontent:StudyTheSpire","Bag of Preparation","Finesse+1","Mayhem","hexamod:GhostOfSpireFuture","Panache","Bag of Marbles","Medical Kit","hexamod:AdvancingGuard+1","Chemical X","expansioncontent:QuickStudy+1","DistilledChaos"],"campfire_rested":0,"item_purchase_floors":[8,8,8,8,12,12,12,38,38,38,46,46,46,46,46,53,53,53],"current_hp_per_floor":[70,70,70,70,70,70,70,70,70,66,66,72,72,64,64,51,75,75,75,49,43,48,48,48,38,20,30,35,35,35,34,39,36,85,85,40,32,18,23,23,23,28,49,56,56,44,51,96,93,74,96,62,62,89,80],"gold":15,"neow_bonus":"THREE_ENEMY_KILL","is_daily":false,"chose_seed":false,"campfire_upgraded":6,"win_rate":0.0,"timestamp":1607982873,"path_taken":["R","?","E","M","R","E","T","$","M","E","M","$","?","?","M","BOSS","R","?","E","M","?","M","T","E","M","R","M","?","?","M","M","BOSS","R","E","M","?","E","?","T","E","R","E","?","$","?","?","M","BOSS","E","$","R","BOSS"],"items_purchased_type":["Relic","Relic","Card","Relic","Potion","Card","Card","Relic","Card","Card","Card","Card","Relic","Relic","Card","Relic","Card","Potion"],"build_version":"2020-12-13","purchased_purges":5,"victory":true,"max_hp_per_floor":[70,70,70,70,70,70,70,70,70,70,70,75,75,75,75,75,75,75,75,75,75,75,75,75,75,75,85,85,85,85,85,85,85,85,85,85,85,85,85,85,85,85,85,85,85,85,85,96,96,96,96,96,96,96,96],"card_choices":[{"not_picked":["hexamod:ShieldOfDarkness","hexamod:FastForward"],"picked":"hexamod:StepThrough","floor":3},{"not_picked":["hexamod:BacktrackSmack","hexamod:ThermalTransfer"],"picked":"hexamod:StepThrough","floor":4},{"not_picked":["hexamod:SwordOfDarkness","hexamod:RetreatToShadows"],"picked":"hexamod:Hexaguard","floor":6},{"not_picked":["hexamod:SoulSteal","hexamod:PhantomCloak"],"picked":"hexamod:GhostOfSpirePast","floor":8},{"not_picked":["hexamod:InspiringFlames","hexamod:NightmareStrike"],"picked":"hexamod:HauntingEcho","floor":9},{"not_picked":["hexamod:SpectralAdrenaline","hexamod:GhostShield"],"picked":"hexamod:StepThrough","floor":10},{"not_picked":["hexamod:ParanormalForm","hexamod:PowerFromBeyond"],"picked":"hexamod:CatchUp","floor":11},{"not_picked":["hexamod:ThermalTransfer","hexamod:RetreatToShadows"],"picked":"hexamod:RainOfEmbers","floor":12},{"not_picked":["hexamod:RetreatToShadows","hexamod:Firestarter","hexamod:NecessarySacrifice"],"picked":"SKIP","floor":14},{"not_picked":["hexamod:HauntingEcho","hexamod:SpectralSpark","hexamod:ShieldOfDarkness"],"picked":"SKIP","floor":15},{"not_picked":["hexamod:VolcanoVisage","hexamod:GiftsFromTheDead"],"picked":"hexamod:HexaLevel","floor":16},{"not_picked":["hexamod:Firestarter","hexamod:GhostShield+1"],"picked":"hexamod:Hexaguard+1","floor":20},{"not_picked":["hexamod:HauntingEcho","hexamod:AdvancingGuard+1"],"picked":"hexamod:Rewind+1","floor":21},{"not_picked":["hexamod:SoulSteal+1","hexamod:BacktrackSmack+1"],"picked":"hexamod:Rewind+1","floor":22},{"not_picked":["hexamod:NightmareGuise+1","hexamod:InspiringFlames+1"],"picked":"hexamod:SkipABeat+1","floor":23},{"not_picked":["hexamod:SwordOfDarkness","hexamod:SearingWound+1"],"picked":"hexamod:GhostShield+1","floor":25},{"not_picked":["hexamod:SwordOfDarkness+1","hexamod:InspiringFlames+1"],"picked":"hexamod:Hexaguard+1","floor":26},{"not_picked":["hexamod:ThermalTransfer","hexamod:Hexaguard+1"],"picked":"hexamod:FastForward+1","floor":28},{"not_picked":["hexamod:ThermalTransfer","hexamod:ThirdSeal","hexamod:Again+1"],"picked":"SKIP","floor":31},{"not_picked":["hexamod:PhantomFireball","hexamod:RainOfEmbers"],"picked":"hexamod:FastForward+1","floor":32},{"not_picked":["hexamod:FifthSeal","hexamod:HexaLevel"],"picked":"hexamod:ApocalypticArmor","floor":33},{"not_picked":["hexamod:InspiringFlames+1","hexamod:SpectersWail+1"],"picked":"hexamod:FastForward+1","floor":36},{"not_picked":["hexamod:FourthSeal","hexamod:Again+1","hexamod:SwordOfDarkness+1"],"picked":"SKIP","floor":37},{"not_picked":["hexamod:Hexaguard+1","hexamod:SoulSteal+1"],"picked":"hexamod:SpectralSpark+1","floor":38},{"not_picked":["hexamod:FastForward+1","hexamod:Hexaguard+1"],"picked":"hexamod:Rewind+1","floor":39},{"not_picked":["hexamod:NightmareGuise+1","hexamod:InspiringFlames+1"],"picked":"hexamod:RadiantFlame+1","floor":42},{"not_picked":["hexamod:ChargedBarrage+1","hexamod:RadiantFlame+1"],"picked":"hexamod:BacktrackSmack+1","floor":44},{"not_picked":["hexamod:BurningTouch+1","hexamod:HeatCrush+1"],"picked":"hexamod:GhostflameBarrier+1","floor":46},{"not_picked":["hexamod:Again+1","hexamod:NightmareGuise+1"],"picked":"hexamod:SkipABeat+1","floor":47},{"not_picked":["hexamod:RainOfEmbers+1","hexamod:GhostLash","hexamod:HauntingEcho"],"picked":"SKIP","floor":49},{"not_picked":["hexamod:Firestarter+1","hexamod:FifthSeal"],"picked":"hexamod:Hexaguard+1","floor":52}],"player_experience":508041,"relics_obtained":[{"floor":3,"key":"White Beast Statue"},{"floor":6,"key":"Art of War"},{"floor":10,"key":"Mummified Hand"},{"floor":20,"key":"Toxic Egg 2"},{"floor":24,"key":"Smiling Mask"},{"floor":25,"key":"Bottled Lightning"},{"floor":36,"key":"Letter Opener"},{"floor":39,"key":"PreservedInsect"},{"floor":41,"key":"Eternal Feather"},{"floor":42,"key":"Blood Vial"},{"floor":44,"key":"Whetstone"},{"floor":52,"key":"Bronze Scales"},{"floor":52,"key":"DollysMirror"}],"event_choices":[{"damage_healed":0,"gold_gain":0,"player_choice":"Upgraded","damage_taken":0,"max_hp_gain":0,"max_hp_loss":0,"event_name":"Upgrade Shrine","floor":13,"gold_loss":0,"cards_upgraded":["hexamod:TimeWarp"]},{"damage_healed":0,"gold_gain":0,"player_choice":"Copied","damage_taken":0,"max_hp_gain":0,"max_hp_loss":0,"event_name":"Duplicator","floor":19,"gold_loss":0,"cards_obtained":["hexamod:TimeWarp"]}],"is_beta":false,"boss_relics":[{"not_picked":["Calling Bell","Ectoplasm"],"picked":"Pandora\u0027s Box"},{"not_picked":["Runic Pyramid","Sozu"],"picked":"SacredBark"}],"items_purged_floors":[8,12,38,46,53],"is_endless":false,"potions_floor_spawned":[4,6,8,9,10,11,12,14,15,16,20,21,22,23,25,26,28,31,32,33,36,37,38,39,42,44,46,47,49,52],"ascension_level":3}}