{"host":"kh6fvhxn285ncg0o","time":1607919687,"event":{"mods":["Act Like it!","BaseMod","Colored Map","Friendly Minions","Keyboard Shortcuts","Minty Spire (QoL Compilation)","Quick Restart","Relic Stats","StSLib","SuperFastMode"],"gold_per_floor":[114,39,56,69,81,107,107,136,160,160,186,203,227,244,244,315,315,330,330,43,62,74,107,121,121,121],"floor_reached":25,"playtime":895,"items_purged":[],"score":590,"play_id":"d60b2209-3424-43ae-9118-36783709868a","local_time":"20201214132127","is_ascension_mode":true,"campfire_choices":[{"data":"Fiend Fire","floor":7.0,"key":"SMITH"},{"data":"Battle Trance","floor":10.0,"key":"SMITH"},{"data":"Fire Breathing","floor":15.0,"key":"SMITH"}],"circlet_count":0,"master_deck":["AscendersBane","Strike_R","Defend_R","Defend_R","Defend_R","Defend_R","Bash","CurseOfTheBell","Battle Trance+1","Armaments","Feel No Pain","Fiend Fire+1","Shrug It Off","Fire Breathing+1","Juggernaut","Bloodletting+1","Double Tap+1","Dropkick+1","Decay","Evolve","Dual Wield+1"],"relics":["Calling Bell","Art of War","Darkstone Periapt","WingedGreaves","Dream Catcher","Blood Vial","Orichalcum","Oddly Smooth Stone","Odd Mushroom","Astrolabe","Meat on the Bone","Toy Ornithopter"],"acts_visited":["Exordium","TheCity"],"potions_floor_usage":[],"damage_taken":[{"damage":4.0,"enemies":"Small Slimes","floor":1.0,"turns":4.0},{"damage":2.0,"enemies":"Jaw Worm","floor":3.0,"turns":4.0},{"damage":1.0,"enemies":"2 Louse","floor":4.0,"turns":4.0},{"damage":7.0,"enemies":"Lots of Slimes","floor":5.0,"turns":6.0},{"damage":23.0,"enemies":"3 Sentries","floor":6.0,"turns":14.0},{"damage":0.0,"enemies":"Lagavulin","floor":8.0,"turns":4.0},{"damage":0.0,"enemies":"Gremlin Nob","floor":11.0,"turns":2.0},{"damage":0.0,"enemies":"Red Slaver","floor":12.0,"turns":5.0},{"damage":19.0,"enemies":"The Mushroom Lair","floor":13.0,"turns":5.0},{"damage":18.0,"enemies":"Gremlin Gang","floor":14.0,"turns":5.0},{"damage":3.0,"enemies":"Slime Boss","floor":16.0,"turns":6.0},{"damage":5.0,"enemies":"3 Byrds","floor":18.0,"turns":7.0},{"damage":32.0,"enemies":"2 Thieves","floor":21.0,"turns":4.0},{"damage":22.0,"enemies":"Sentry and Sphere","floor":22.0,"turns":4.0},{"damage":27.0,"enemies":"Book of Stabbing","floor":23.0,"turns":4.0},{"damage":0.0,"enemies":"Chosen and Byrds","floor":24.0,"turns":4.0},{"damage":39,"enemies":"Slavers","floor":25,"turns":4}],"seed_played":"-2428284576123387483","potions_obtained":[{"floor":1.0,"key":"SkillPotion"},{"floor":4.0,"key":"ColorlessPotion"},{"floor":5.0,"key":"Energy Potion"},{"floor":6.0,"key":"Regen Potion"},{"floor":13.0,"key":"Dexterity Potion"}],"is_trial":false,"path_per_floor":["M","?","M","M","M","E","R","E","T","R","E","M","?","M","R","B",null,"M","?","$","M","M","E","M","E"],"character_chosen":"IRONCLAD","items_purchased":["Meat on the Bone"],"campfire_rested":0,"item_purchase_floors":[20],"current_hp_per_floor":[64,64,62,61,54,31,31,40,40,40,42,44,27,11,11,10,59,56,62,62,44,36,23,37,0,0],"gold":121,"neow_bonus":"BOSS_RELIC","is_daily":false,"chose_seed":false,"campfire_upgraded":3,"win_rate":0.0,"timestamp":1607919687,"path_taken":["M","?","M","M","M","E","R","E","T","R","E","M","?","M","R","BOSS","M","?","$","M","M","E","M","E"],"items_purchased_type":["Relic"],"build_version":"2020-12-13","purchased_purges":0,"victory":false,"max_hp_per_floor":[75,75,75,75,75,75,75,75,75,75,75,75,75,75,75,75,75,75,81,81,81,81,81,81,81,81],"relic_stats":{"Darkstone Periapt":6,"Blood Vial":22,"Dream Catcher":0,"counters":[17,86],"Astrolabe":["Bloodletting","Double Tap","Dropkick"],"Art of War":[24],"Orichalcum":[90],"obtain_stats":[{"Darkstone Periapt":0,"Astrolabe":17,"Oddly Smooth Stone":11,"Orichalcum":9,"Odd Mushroom":13,"Burning Blood":0,"Calling Bell":0,"Blood Vial":8,"Dream Catcher":6,"WingedGreaves":0,"Art of War":0,"Toy Ornithopter":23,"Meat on the Bone":20},{"Darkstone Periapt":0,"Astrolabe":11,"Oddly Smooth Stone":7,"Orichalcum":6,"Odd Mushroom":9,"Burning Blood":0,"Calling Bell":0,"Blood Vial":6,"Dream Catcher":5,"WingedGreaves":0,"Art of War":0,"Toy Ornithopter":15,"Meat on the Bone":12},{"Darkstone Periapt":0,"Astrolabe":59,"Oddly Smooth Stone":38,"Orichalcum":36,"Odd Mushroom":48,"Burning Blood":0,"Calling Bell":0,"Blood Vial":36,"Dream Catcher":32,"WingedGreaves":0,"Art of War":0,"Toy Ornithopter":78,"Meat on the Bone":66}],"Toy Ornithopter":0,"Meat on the Bone":48},"card_choices":[{"not_picked":["Searing Blow","Thunderclap"],"picked":"Battle Trance","floor":1.0},{"not_picked":["True Grit","Flex"],"picked":"Armaments","floor":3.0},{"not_picked":["Pommel Strike","Thunderclap"],"picked":"Feel No Pain","floor":4.0},{"not_picked":["Pommel Strike","Twin Strike","Headbutt"],"picked":"SKIP","floor":5.0},{"not_picked":["Cleave","Corruption"],"picked":"Fiend Fire","floor":6.0},{"not_picked":["Clothesline","Pommel Strike","Reaper"],"picked":"SKIP","floor":8.0},{"not_picked":["Reckless Charge","Headbutt"],"picked":"Shrug It Off","floor":11.0},{"not_picked":["Sword Boomerang","Power Through"],"picked":"Fire Breathing","floor":12.0},{"not_picked":["Carnage","Headbutt","Armaments"],"picked":"SKIP","floor":14.0},{"not_picked":["Reaper","Brutality"],"picked":"Juggernaut","floor":16.0},{"not_picked":["True Grit","Headbutt","Anger"],"picked":"SKIP","floor":18.0},{"not_picked":["Thunderclap","Blood for Blood"],"picked":"Evolve","floor":21.0},{"not_picked":["Bloodletting+1","True Grit","Perfected Strike+1"],"picked":"SKIP","floor":22.0},{"not_picked":["Body Slam","Thunderclap"],"picked":"Dual Wield+1","floor":23.0},{"not_picked":["Berserk","Cleave","Pommel Strike+1"],"picked":"SKIP","floor":24.0}],"player_experience":3160244,"relics_obtained":[{"floor":0.0,"key":"Art of War"},{"floor":0.0,"key":"Darkstone Periapt"},{"floor":0.0,"key":"WingedGreaves"},{"floor":6.0,"key":"Dream Catcher"},{"floor":8.0,"key":"Blood Vial"},{"floor":9.0,"key":"Orichalcum"},{"floor":11.0,"key":"Oddly Smooth Stone"},{"floor":13.0,"key":"Odd Mushroom"},{"floor":23.0,"key":"Toy Ornithopter"}],"event_choices":[{"cards_removed":["Strike_R"],"damage_healed":0.0,"max_hp_gain":0.0,"max_hp_loss":0.0,"gold_gain":0.0,"event_name":"The Cleric","player_choice":"Card Removal","floor":2.0,"gold_loss":75.0,"damage_taken":0.0},{"damage_healed":0.0,"max_hp_gain":0.0,"max_hp_loss":0.0,"gold_gain":0.0,"event_name":"Mushrooms","player_choice":"Fought Mushrooms","floor":13.0,"gold_loss":0.0,"damage_taken":0.0},{"damage_healed":0.0,"max_hp_gain":0.0,"max_hp_loss":0.0,"gold_gain":0.0,"event_name":"Forgotten Altar","player_choice":"Smashed Altar","floor":19.0,"gold_loss":0.0,"damage_taken":0.0,"cards_obtained":["Decay"]}],"is_beta":false,"boss_relics":[{"not_picked":["Philosopher\u0027s Stone","Runic Pyramid"],"picked":"Astrolabe"}],"items_purged_floors":[],"is_endless":false,"potions_floor_spawned":[1,4,5,6,13],"killed_by":"Slavers","ascension_level":20}}