{"host":"p9t7qd83igtcp2bh","time":1607925857,"event":{"mods":["2.2 Compatiblity","AchievementEnabler","BaseMod","Colored Map","Colored Powertips","Custom Start","DeckTracker","Keyboard Shortcuts","Minty Spire (QoL Compilation)","Permanent Neow","Spicy Shops","StSLib","SuperFastMode","everything is the same but u backflip on backflip"],"gold_per_floor":[115,130,143,161,161,161,487,501,524,550,550,582,657,657,657,758,758,768,784,112,130,130,130],"floor_reached":22,"playtime":884,"items_purged":[],"score":410,"play_id":"f525d109-a323-448b-9f2a-2510ec03bc8a","local_time":"20201214150417","is_ascension_mode":true,"campfire_choices":[{"data":"ForeignInfluence","floor":6.0,"key":"SMITH"},{"data":"InnerPeace","floor":15.0,"key":"SMITH"}],"circlet_count":0,"master_deck":["AscendersBane","Strike_P","Strike_P","Strike_P","Strike_P","Defend_P","Defend_P","Defend_P+1","Defend_P","Eruption","Vigilance+1","Consecrate","Halt","Study+1","Tantrum","ForeignInfluence+1","MentalFortress","ClearTheMind","InnerPeace+1","EmptyBody","Judgement","Indignation","Evaluate","MasterReality","LessonLearned","DeceiveReality"],"relics":["PureWater","Old Coin","War Paint","Bag of Preparation","Strawberry","Orichalcum","StrikeDummy","VioletLotus","TeardropLocket","Nunchaku"],"acts_visited":["Exordium","TheCity"],"potions_floor_usage":[],"damage_taken":[{"damage":0.0,"enemies":"Cultist","floor":1.0,"turns":3.0},{"damage":3.0,"enemies":"Jaw Worm","floor":2.0,"turns":6.0},{"damage":6.0,"enemies":"2 Louse","floor":3.0,"turns":2.0},{"damage":1.0,"enemies":"Looter","floor":4.0,"turns":4.0},{"damage":7.0,"enemies":"3 Sentries","floor":7.0,"turns":4.0},{"damage":0.0,"enemies":"Large Slime","floor":8.0,"turns":4.0},{"damage":0.0,"enemies":"Lagavulin","floor":10.0,"turns":6.0},{"damage":0.0,"enemies":"3 Sentries","floor":12.0,"turns":4.0},{"damage":21.0,"enemies":"Slime Boss","floor":16.0,"turns":7.0},{"damage":20.0,"enemies":"Chosen","floor":18.0,"turns":4.0},{"damage":10.0,"enemies":"2 Thieves","floor":19.0,"turns":2.0},{"damage":18.0,"enemies":"Shelled Parasite and Fungi","floor":21.0,"turns":5.0},{"damage":0,"enemies":"Snecko","floor":22,"turns":2}],"seed_played":"8641452080039608381","potions_obtained":[{"floor":1.0,"key":"Block Potion"},{"floor":2.0,"key":"FairyPotion"},{"floor":4.0,"key":"BlessingOfTheForge"},{"floor":10.0,"key":"Strength Potion"},{"floor":18.0,"key":"Weak Potion"}],"is_trial":false,"path_per_floor":["M","M","M","M","?","R","E","M","T","E","?","E","?","T","R","B",null,"M","M","$","M","M"],"character_chosen":"WATCHER","items_purchased":["TeardropLocket","Evaluate","MasterReality","LessonLearned","Nunchaku"],"campfire_rested":0,"item_purchase_floors":[20,20,20,20,20],"current_hp_per_floor":[65,62,56,55,55,55,48,48,48,48,43,43,32,32,32,11,62,42,32,32,14,14,14],"gold":130,"neow_bonus":"THREE_CARDS","is_daily":false,"chose_seed":false,"campfire_upgraded":2,"win_rate":0.0,"timestamp":1607925857,"path_taken":["M","M","M","M","?","R","E","M","T","E","?","E","?","?","R","BOSS","M","M","$","M","M"],"items_purchased_type":["Relic","Card","Card","Card","Relic"],"build_version":"2020-12-13","purchased_purges":0,"victory":false,"max_hp_per_floor":[72,72,72,72,72,72,72,72,72,72,79,79,79,79,79,79,79,79,79,79,79,79,79],"card_choices":[{"not_picked":["Weave","Protect"],"picked":"Consecrate","floor":0.0},{"not_picked":["Collect","Crescendo"],"picked":"Halt","floor":1.0},{"not_picked":["Prostrate","WreathOfFlame"],"picked":"Study","floor":2.0},{"not_picked":["SashWhip","Collect"],"picked":"Tantrum","floor":3.0},{"not_picked":["ClearTheMind","JustLucky"],"picked":"ForeignInfluence","floor":4.0},{"not_picked":["CutThroughFate","EmptyMind"],"picked":"MentalFortress","floor":7.0},{"not_picked":["FollowUp","CrushJoints"],"picked":"ClearTheMind","floor":8.0},{"not_picked":["Wireheading","CrushJoints"],"picked":"InnerPeace","floor":10.0},{"not_picked":["FollowUp","CrushJoints"],"picked":"EmptyBody","floor":12.0},{"not_picked":["Establishment","Wish"],"picked":"Judgement","floor":16.0},{"not_picked":["PathToVictory","Prostrate","Indignation"],"picked":"SKIP","floor":18.0},{"not_picked":["PathToVictory","Prostrate"],"picked":"Indignation","floor":18.0},{"not_picked":["Conclude","BowlingBash","InnerPeace+1"],"picked":"SKIP","floor":19.0},{"not_picked":["Vengeance","TalkToTheHand"],"picked":"DeceiveReality","floor":21.0}],"player_experience":548204,"relics_obtained":[{"floor":7.0,"key":"Old Coin"},{"floor":9.0,"key":"War Paint"},{"floor":10.0,"key":"Bag of Preparation"},{"floor":12.0,"key":"Orichalcum"},{"floor":14.0,"key":"StrikeDummy"}],"event_choices":[{"damage_healed":0.0,"max_hp_gain":0.0,"max_hp_loss":0.0,"gold_gain":0.0,"event_name":"Living Wall","player_choice":"Grow","floor":5.0,"gold_loss":0.0,"damage_taken":0.0,"cards_upgraded":["Study"]},{"damage_healed":0.0,"max_hp_gain":0.0,"max_hp_loss":0.0,"gold_gain":0.0,"event_name":"Scrap Ooze","player_choice":"Success","floor":11.0,"gold_loss":0.0,"damage_taken":12.0,"relics_obtained":["Strawberry"]},{"damage_healed":0.0,"max_hp_gain":0.0,"max_hp_loss":0.0,"gold_gain":75.0,"event_name":"World of Goop","player_choice":"Gather Gold","floor":13.0,"gold_loss":0.0,"damage_taken":11.0}],"is_beta":false,"boss_relics":[{"not_picked":["Black Star","Runic Dome"],"picked":"VioletLotus"}],"items_purged_floors":[],"is_endless":false,"potions_floor_spawned":[1,2,4,10,12,18],"killed_by":"Snecko","ascension_level":12}}