{"host":"qwttrqaysb380yri","time":1607979364,"event":{"mods":["BaseMod","Custom Start","Minty Spire (QoL Compilation)","Puzzle Mod","Relic Stats","StSLib","The Cursed","The Hierophant"],"gold_per_floor":[114,131,163,162,188,188,164,164],"floor_reached":7,"playtime":213,"items_purged":[],"score":79,"play_id":"788246f3-439f-4d94-b390-d15634f79809","local_time":"20201214215604","is_ascension_mode":true,"campfire_choices":[{"data":"hierophant:EyeForCoin","floor":6,"key":"SMITH"}],"circlet_count":0,"master_deck":["AscendersBane","hierophant:Strike_Hierophant","hierophant:Strike_Hierophant","hierophant:Strike_Hierophant","hierophant:Strike_Hierophant","hierophant:Punish","hierophant:Defend_Hierophant","hierophant:Defend_Hierophant","hierophant:Defend_Hierophant","hierophant:Defend_Hierophant","hierophant:ChurchCoffers","hierophant:Smite","hierophant:SecretStash","hierophant:Doubloon","hierophant:Remorse","hierophant:EyeForCoin+1","hierophant:Purify","hierophant:Doubloon+1"],"relics":["hierophant:PropheticMaskRelic"],"acts_visited":["Exordium"],"potions_floor_usage":[7],"damage_taken":[{"damage":8.0,"enemies":"Jaw Worm","floor":1.0,"turns":4.0},{"damage":0.0,"enemies":"2 Louse","floor":2.0,"turns":2.0},{"damage":0.0,"enemies":"Small Slimes","floor":3.0,"turns":1.0},{"damage":12,"enemies":"Looter","floor":4,"turns":3},{"damage":28,"enemies":"Large Slime","floor":5,"turns":6},{"damage":16,"enemies":"Gremlin Nob","floor":7,"turns":3}],"seed_played":"-5009032560221798845","potions_obtained":[{"floor":5,"key":"AttackPotion"}],"is_trial":false,"path_per_floor":["M","M","M","M","M","R","E"],"character_chosen":"HIEROPHANT","items_purchased":[],"campfire_rested":0,"item_purchase_floors":[],"current_hp_per_floor":[67,67,67,55,27,27,11,11],"gold":164,"neow_bonus":"TEN_PERCENT_HP_BONUS","is_daily":false,"chose_seed":false,"campfire_upgraded":1,"win_rate":0.0,"timestamp":1607979364,"path_taken":["M","M","M","M","M","R","E"],"items_purchased_type":[],"build_version":"2020-12-13","purchased_purges":0,"victory":false,"max_hp_per_floor":[82,82,82,82,82,82,82,82],"relic_stats":{"counters":[6,19],"obtain_stats":[{"hierophant:PropheticMaskRelic":0},{"hierophant:PropheticMaskRelic":0},{"hierophant:PropheticMaskRelic":0}]},"card_choices":[{"not_picked":["hierophant:SealAway","hierophant:RustyCrate"],"picked":"hierophant:Smite","floor":1.0},{"not_picked":["hierophant:Prophecy","hierophant:OrnateBuckler"],"picked":"hierophant:SecretStash","floor":2.0},{"not_picked":["hierophant:Prophecy","hierophant:RustyCrate"],"picked":"hierophant:Remorse","floor":3},{"not_picked":["hierophant:Empathy","hierophant:TollTheBells"],"picked":"hierophant:EyeForCoin","floor":4},{"not_picked":["hierophant:OrnateBuckler","hierophant:FlamingChariot"],"picked":"hierophant:Purify","floor":5}],"player_experience":1842295,"relics_obtained":[],"event_choices":[],"is_beta":false,"boss_relics":[],"items_purged_floors":[],"is_endless":false,"potions_floor_spawned":[5],"killed_by":"Gremlin Nob","ascension_level":15}}