{"host":"yllrlz30c75z9571","time":1607970795,"event":{"mods":["AchievementEnabler","Aspiration","Bard","BaseMod","Beaked The Cultist","Better Altar","Better Match","Better Note","Better Sensory Stone","Better Skull","Better Third Choice","BetterRewards","CCEM","Clawfect","Colored Map","Conspire","Downfall","GifTheSpireLib","Googly Eyes","Halation","Hermit","Highlight Path","Hubris","Hunter ??","Infinite Spire","Jedi Mod","Jorbs\u0027s Wanderer Trilogy","Mad Scientist","Marisa????????","Mimic Mod","Minty Spire (QoL Compilation)","Permanent Neow","Replay The Spire","Shade Mod","Shop Mod","Spicy Shops","StSLib","Stuff the Spire","The Administrix","The Blackbeard","The Bug Knight","The Construct","The Cursed","The Gatherer","The Hierophant","The IronCluck","The Jungle","The Mystic","The Necromancer","The Problem Sleuth","The Runesmith","The Servant 0.9.4","The Spell Scribe","The Witch","Unceasing Turn Reminder","everything is the same but u backflip on backflip","slay the spire mod where everything is the same but ironclad has a cowboy hat"],"gold_per_floor":[111,57,67,80,3,3,3,47,92,92,92,127,127,170,170,300,300,340,172,222,269,319,319,364,364,364,424,487,487,487,415,450,482,482,512,512,512],"floor_reached":35,"playtime":1899,"items_purged":[],"score":293,"play_id":"3af325f1-633a-41b0-a00c-27e8655b21fb","local_time":"20201214183315","is_ascension_mode":true,"campfire_choices":[{"data":"blackbeard:Spear","floor":6,"key":"SMITH"},{"floor":11,"key":"REST"},{"data":"blackbeard:CloakAndCannonball","floor":15,"key":"SMITH"},{"floor":23,"key":"REST"},{"floor":29,"key":"REST"},{"floor":34,"key":"REST"}],"circlet_count":0,"master_deck":["blackbeard:BlackbeardStrike","blackbeard:BlackbeardStrike","blackbeard:BlackbeardStrike","blackbeard:BlackbeardStrike","blackbeard:IntimidatingStrike","blackbeard:BlackbeardDefend","blackbeard:BlackbeardDefend","blackbeard:BlackbeardDefend","blackbeard:BlackbeardDefend","blackbeard:Cutlass+1","blackbeard:BuriedTreasure","blackbeard:Spear+1","blackbeard:Anchor","blackbeard:FieryDefense+1","blackbeard:CloakAndCannonball+1","blackbeard:GoldenStrike","blackbeard:BuriedTreasure","blackbeard:RearmingStrike","blackbeard:BoostMorale","blackbeard:DoubleCannonball+1","Flash of Steel","blackbeard:Dagger","blackbeard:CloakAndCannonball","blackbeard:Spear+1","blackbeard:ChaoticDefense","blackbeard:Sword","blackbeard:InfiniteBarrage+1","blackbeard:Spear","blackbeard:BeatUp"],"relics":["blackbeard:LoadTheCannons","NeowsBlessing","Membership Card","hubris:OldNail","Strawberry","aspiration:PoetsPen_weak","hubris:PeanutButter","ReplayTheSpireMod:Lightbulb","CCEMRelics:TechnogenicHelmet","CCEMRelics:GrindingGear"],"acts_visited":["Exordium","TheCity"],"potions_floor_usage":[8,16,16,27,27,27],"damage_taken":[{"damage":0,"enemies":"conspire:RoseBush","floor":1,"turns":1},{"damage":0,"enemies":"Cultist","floor":3,"turns":1},{"damage":0,"enemies":"Small Slimes","floor":4,"turns":1},{"damage":17,"enemies":"3 Sentries","floor":8,"turns":8},{"damage":4,"enemies":"Exordium Wildlife","floor":9,"turns":7},{"damage":0,"enemies":"Exordium Wildlife","floor":12,"turns":3},{"damage":1,"enemies":"Large Slime","floor":14,"turns":5},{"damage":54,"enemies":"Hexaghost","floor":16,"turns":13},{"damage":7,"enemies":"Shell Parasite","floor":18,"turns":4},{"damage":9,"enemies":"conspire:FuzzyDice","floor":20,"turns":4},{"damage":17,"enemies":"Snake Plant","floor":21,"turns":4},{"damage":17,"enemies":"Shelled Parasite and Fungi","floor":22,"turns":5},{"damage":0,"enemies":"Cultist and Chosen","floor":24,"turns":4},{"damage":7,"enemies":"conspire:SneckoGhost","floor":27,"turns":5},{"damage":0,"enemies":"Snake Plant","floor":28,"turns":4},{"damage":18,"enemies":"Snake Plant","floor":32,"turns":5},{"damage":0,"enemies":"Snecko","floor":33,"turns":4},{"damage":86,"enemies":"hubris:MusketHawk","floor":35,"turns":9}],"seed_played":"-6561460414871438933","potions_obtained":[{"floor":4,"key":"SteroidPotion"},{"floor":12,"key":"DuplicationPotion"},{"floor":14,"key":"Block Potion"},{"floor":20,"key":"LiquidBronze"},{"floor":22,"key":"SpeedPotion"},{"floor":24,"key":"PowerPotion"},{"floor":32,"key":"Elixir"}],"is_trial":false,"path_per_floor":["M","$","M","M","$","R","?","E","MIM","?","R","M","?","M","R","B",null,"M","$","M","M","M","R","M","PTL","PTL","E","MIM","R","?","$","M","M","R","B"],"character_chosen":"BLACKBEARD_CLASS","items_purchased":["blackbeard:Spear","Membership Card","Flash of Steel","hubris:PeanutButter","CCEMRelics:GrindingGear"],"campfire_rested":4,"item_purchase_floors":[2,5,19,19,31],"current_hp_per_floor":[75,75,75,75,75,75,75,58,61,61,82,82,82,81,81,27,82,75,75,66,49,32,56,56,56,56,49,49,73,73,73,55,55,79,0,0,0],"gold":512,"neow_bonus":"THREE_ENEMY_KILL","is_daily":false,"chose_seed":false,"campfire_upgraded":2,"win_rate":0.0,"timestamp":1607970795,"path_taken":["M","$","M","M","$","R","?","E","MIM","?","R","M","?","?","R","BOSS","M","$","M","M","M","R","M","PTL","PTL","E","MIM","R","?","$","M","M","R","BOSS"],"items_purchased_type":["Card","Relic","Card","Relic","Relic"],"build_version":"2020-12-13","purchased_purges":0,"victory":false,"max_hp_per_floor":[75,75,75,75,75,75,75,75,82,82,82,82,82,82,82,82,82,82,82,82,82,82,82,82,82,82,82,82,82,82,82,82,82,82,82,82,82],"card_choices":[{"not_picked":["blackbeard:CaptainsCabin","blackbeard:BlindAttacks"],"picked":"blackbeard:BuriedTreasure","floor":1},{"not_picked":["blackbeard:Rum","blackbeard:BeatUp"],"picked":"blackbeard:Anchor","floor":3},{"not_picked":["blackbeard:PirateEarring","blackbeard:Toast"],"picked":"blackbeard:FieryDefense","floor":4},{"not_picked":["blackbeard:VengefulSpirit","blackbeard:FishingNets"],"picked":"blackbeard:CloakAndCannonball","floor":8},{"not_picked":["blackbeard:Provisioning","blackbeard:Sharpening"],"picked":"blackbeard:GoldenStrike","floor":9},{"not_picked":["blackbeard:DoubleBottom","blackbeard:Rum"],"picked":"blackbeard:BuriedTreasure","floor":12},{"not_picked":["blackbeard:Upgrade","blackbeard:Boarding"],"picked":"blackbeard:RearmingStrike","floor":14},{"not_picked":["blackbeard:HumongousCannonball","blackbeard:Parrot"],"picked":"blackbeard:BoostMorale","floor":16},{"not_picked":["blackbeard:Anchor+1","blackbeard:BlindAttacks+1"],"picked":"blackbeard:DoubleCannonball+1","floor":18},{"not_picked":["blackbeard:PirateHook+1","blackbeard:BeatUp"],"picked":"blackbeard:Dagger","floor":20},{"not_picked":["blackbeard:Sharpening","blackbeard:PiratesWill"],"picked":"blackbeard:CloakAndCannonball","floor":21},{"not_picked":["blackbeard:PiratesWill","blackbeard:WoodenLeg"],"picked":"blackbeard:Spear+1","floor":22},{"not_picked":["blackbeard:PowderKeg+1","blackbeard:TacticalRetreat"],"picked":"blackbeard:ChaoticDefense","floor":24},{"not_picked":["blackbeard:Intoxication","blackbeard:DeadlyArsenal"],"picked":"blackbeard:Sword","floor":27},{"not_picked":["blackbeard:CannonBarrage+1","blackbeard:Rum"],"picked":"blackbeard:InfiniteBarrage+1","floor":28},{"not_picked":["blackbeard:ArmorUp+1","blackbeard:Upgrade"],"picked":"blackbeard:Spear","floor":32},{"not_picked":["blackbeard:RearmingStrike","blackbeard:GoldenDefense"],"picked":"blackbeard:BeatUp","floor":33}],"player_experience":134742,"relics_obtained":[{"floor":8,"key":"hubris:OldNail"},{"floor":9,"key":"Strawberry"},{"floor":27,"key":"ReplayTheSpireMod:Lightbulb"},{"floor":28,"key":"CCEMRelics:TechnogenicHelmet"}],"event_choices":[{"damage_healed":0,"gold_gain":0,"player_choice":"Upgraded","damage_taken":0,"max_hp_gain":0,"max_hp_loss":0,"event_name":"Upgrade Shrine","floor":7,"gold_loss":0,"cards_upgraded":["blackbeard:Cutlass"]},{"damage_healed":0,"gold_gain":0,"player_choice":"Ignored","damage_taken":0,"max_hp_gain":0,"max_hp_loss":0,"event_name":"Beggar","floor":30,"gold_loss":0}],"is_beta":false,"boss_relics":[{"not_picked":["Empty Cage","jedi:paperlyon"],"picked":"aspiration:PoetsPen_weak"}],"items_purged_floors":[],"is_endless":false,"potions_floor_spawned":[4,12,14,20,22,24,32],"killed_by":"hubris:MusketHawk","ascension_level":1}}