{"host":"6o1vh5lr98s0jjq7","time":1607978969,"event":{"mods":["2.2 Compatiblity","Act Like it!","Aspiration","BaseMod","Better Altar","Better Match","Better Note","Better Third Choice","Conspire","Downfall","Gensokyo","Hallownest","Infinite Spire","Marisa????????","Minty Spire (QoL Compilation)","Replay The Spire","StSLib","The Alterego","WarShipGirlsR/????R mod"],"gold_per_floor":[119,130,130,130,95,95,111,125,125,150,162,56,86,120,120,223,223,235,235,18,18,35,70,70,87,87,113,113,126,126,145,145,145,145],"floor_reached":33,"playtime":1281,"items_purged":[],"score":385,"play_id":"33e25fa9-6632-4951-ae3d-6026643b87dd","local_time":"20201214144929","is_ascension_mode":false,"campfire_choices":[{"floor":6,"key":"RECALL"},{"data":"FinalSpark","floor":24,"key":"SMITH"},{"floor":28,"key":"REST"},{"floor":32,"key":"DIG"}],"circlet_count":0,"master_deck":["Strike_MRS","Strike_MRS","Strike_MRS","Defend_MRS","Defend_MRS","Defend_MRS","MasterSpark","UpSweep","DC+1","MysteriousBeam","Outmaneuver","MysteriousBeam","PowerUp","FinalSpark+1","WitchLeyline","StarDustReverie","TreasureHunter","PulseMagic","GalacticHalo","DoubleSpark","6A","Dodge and Roll","Glass Knife","Flechettes","SuperPerseids","6A","NonDirectionalLaser","AsteroidBelt","ChargeUpSpray","MagicAbsorber"],"relics":["MiniHakkero","aspiration:Nostalgia","m_TsuchinokoRing","Replay:Mystery Machine","PreservedInsect","Replay:Rubber Ducky","infinitespire:Beetle Shell","conspire:RoyalGoblet","Strawberry","MealTicket","StoneCalendar","aspiration:AnachronicSnailShell","Philosopher\u0027s Stone","Peace Pipe","infinitespire:WardingShard"],"acts_visited":["Exordium","TheCity"],"potions_floor_usage":[14,14,22,27,29,33],"damage_taken":[{"damage":2,"enemies":"2 Louse","floor":1,"turns":2},{"damage":1,"enemies":"Jaw Worm","floor":2,"turns":2},{"damage":0,"enemies":"Cultist","floor":7,"turns":2},{"damage":4,"enemies":"Looter","floor":8,"turns":2},{"damage":0,"enemies":"2 Fungi Beasts","floor":11,"turns":2},{"damage":0,"enemies":"Gremlin Nob","floor":13,"turns":2},{"damage":27,"enemies":"conspire:MimicChest","floor":14,"turns":3},{"damage":0,"enemies":"Slime Boss","floor":16,"turns":2},{"damage":0,"enemies":"2 Thieves","floor":18,"turns":1},{"damage":3,"enemies":"Shell Parasite","floor":22,"turns":3},{"damage":0,"enemies":"Gremlin Leader","floor":23,"turns":2},{"damage":18,"enemies":"3 Cultists","floor":25,"turns":4},{"damage":25,"enemies":"Slavers","floor":27,"turns":2},{"damage":2,"enemies":"Snecko","floor":29,"turns":3},{"damage":8,"enemies":"Centurion and Healer","floor":31,"turns":4},{"damage":67,"enemies":"Champ","floor":33,"turns":8}],"seed_played":"5827445513862312035","potions_obtained":[{"floor":1,"key":"Explosive Potion"},{"floor":8,"key":"sneckomod:MuddlingPotion"},{"floor":13,"key":"SpeedPotion"},{"floor":16,"key":"Adrenaline Potion"},{"floor":25,"key":"ColorlessPotion"},{"floor":29,"key":"Fruit Juice"}],"is_trial":false,"path_per_floor":["M","M","?","?","?","R","M","M","T","T","M","$","E","?","R","B",null,"M","?","$","?","M","E","R","M","T","E","R","M","AVR","M","R","B"],"character_chosen":"MARISA","items_purchased":["FinalSpark","Strawberry","DoubleSpark","6A"],"campfire_rested":1,"item_purchase_floors":[12,20,20,20],"current_hp_per_floor":[73,72,47,47,65,65,65,61,61,61,61,61,61,34,56,56,75,75,75,82,82,79,79,79,61,61,36,60,63,63,55,55,0,0],"gold":145,"neow_bonus":"NOSTALGIA","is_daily":false,"chose_seed":false,"campfire_upgraded":1,"win_rate":0.0,"timestamp":1607978969,"path_taken":["M","M","?","?","?","R","M","?","T","?","?","$","E","?","R","BOSS","M","?","?","?","M","E","R","M","T","E","R","M","AVR","M","R","BOSS"],"items_purchased_type":["Card","Relic","Card","Card"],"build_version":"2020-12-13","purchased_purges":0,"victory":false,"max_hp_per_floor":[75,75,75,75,75,75,75,75,75,75,75,75,75,75,75,75,75,75,75,82,82,82,82,82,82,82,82,82,87,87,87,87,87,87],"card_choices":[{"not_picked":["AsteroidBelt","Finisher"],"picked":"DC","floor":1},{"not_picked":["WitchOfGreed","Orbital"],"picked":"MysteriousBeam","floor":2},{"not_picked":["Dagger Throw","GrandCross"],"picked":"Outmaneuver","floor":7},{"not_picked":["ShootingEcho","Slice"],"picked":"MysteriousBeam","floor":8},{"not_picked":["DC","IllusionStar"],"picked":"PowerUp","floor":11},{"not_picked":["SporeBomb","Outmaneuver"],"picked":"WitchLeyline","floor":13},{"not_picked":["WitchOfGreed","PowerUp"],"picked":"StarDustReverie","floor":14},{"not_picked":["FinalSpark","CollectingQuirk"],"picked":"TreasureHunter","floor":16},{"not_picked":["PowerUp","ChargingUp+1"],"picked":"PulseMagic","floor":18},{"not_picked":["GrandCross","6A"],"picked":"SuperPerseids","floor":22},{"not_picked":["GrandCross","EventHorizon"],"picked":"6A","floor":23},{"not_picked":["GrandCross","StarlightTyphoon+1"],"picked":"NonDirectionalLaser","floor":25},{"not_picked":["EscapeVelocity","Robbery+1"],"picked":"AsteroidBelt","floor":27},{"not_picked":["AsteroidBelt+1","IllusionStar"],"picked":"ChargeUpSpray","floor":29},{"not_picked":["DoubleSpark","AsteroidBelt+1"],"picked":"MagicAbsorber","floor":31}],"player_experience":207342,"relics_obtained":[{"floor":9,"key":"PreservedInsect"},{"floor":13,"key":"Replay:Rubber Ducky"},{"floor":14,"key":"infinitespire:Beetle Shell"},{"floor":23,"key":"MealTicket"},{"floor":26,"key":"StoneCalendar"},{"floor":27,"key":"aspiration:AnachronicSnailShell"},{"floor":32,"key":"infinitespire:WardingShard"}],"event_choices":[{"damage_healed":0,"gold_gain":1,"player_choice":"Relic ","damage_taken":25,"max_hp_gain":0,"max_hp_loss":0,"event_name":"betterThird:BetterScrap","floor":3,"gold_loss":0,"cards_obtained":["Weave"]},{"damage_healed":18,"gold_gain":0,"player_choice":"Healed","damage_taken":0,"max_hp_gain":0,"max_hp_loss":0,"event_name":"The Cleric","floor":5,"gold_loss":35},{"cards_removed":["Outmaneuver"],"damage_healed":0,"gold_gain":0,"player_choice":"Take \u0026 Give","damage_taken":0,"max_hp_gain":0,"max_hp_loss":0,"event_name":"betterNote:BetterNote","floor":19,"gold_loss":0,"cards_obtained":["GalacticHalo"]}],"is_beta":false,"boss_relics":[{"not_picked":["Empty Cage","aspiration:DefectSkillbook"],"picked":"conspire:RoyalGoblet"}],"items_purged_floors":[],"is_endless":false,"potions_floor_spawned":[1,8,13,16,25,29],"killed_by":"Champ","ascension_level":0}}