{"host":"8pl220r0zqtv6uof","time":1607929352,"event":{"mods":["BaseMod","Colored Map","DeckTracker","Highlight Path","Keyboard Shortcuts","Minty Spire (QoL Compilation)","Quick Restart","SuperFastMode"],"gold_per_floor":[119,44,60,73,19,54,70,81,126,46,46,46,59,78,78,78,78],"floor_reached":16,"playtime":513,"items_purged":["Strike_G"],"score":140,"play_id":"3372fed7-9d63-4b81-8959-ae898d736788","local_time":"20201214160232","is_ascension_mode":true,"campfire_choices":[{"floor":12,"key":"REST"},{"floor":15,"key":"REST"}],"circlet_count":0,"master_deck":["Strike_G","Strike_G","Strike_G","Defend_G","Defend_G","Defend_G","Defend_G","Defend_G","Survivor","Neutralize","Quick Slash","Dagger Spray","Poisoned Stab","Cloak And Dagger","Blade Dance","Riddle With Holes","Tools of the Trade","Reflex","Adrenaline","Acrobatics","Backstab","Sucker Punch"],"relics":["Ring of the Snake","Dream Catcher","Nunchaku"],"acts_visited":["Exordium"],"potions_floor_usage":[8,13],"damage_taken":[{"damage":5,"enemies":"Jaw Worm","floor":1,"turns":5},{"damage":0,"enemies":"Cultist","floor":3,"turns":3},{"damage":0,"enemies":"Small Slimes","floor":4,"turns":3},{"damage":35,"enemies":"Lagavulin","floor":6,"turns":7},{"damage":0,"enemies":"Red Slaver","floor":7,"turns":4},{"damage":0,"enemies":"3 Louse","floor":8,"turns":2},{"damage":8,"enemies":"Exordium Wildlife","floor":13,"turns":2},{"damage":0,"enemies":"Gremlin Gang","floor":14,"turns":2},{"damage":60,"enemies":"The Guardian","floor":16,"turns":14}],"seed_played":"-507745494816472036","potions_obtained":[{"floor":4,"key":"Explosive Potion"},{"floor":8,"key":"Fire Potion"},{"floor":13,"key":"Explosive Potion"}],"is_trial":false,"path_per_floor":["M","$","M","M","$","E","M","M","T","$","?","R","M","M","R","B"],"character_chosen":"THE_SILENT","items_purchased":["Blade Dance","Adrenaline"],"campfire_rested":2,"item_purchase_floors":[5,10],"current_hp_per_floor":[58,58,58,58,58,23,23,23,23,23,23,44,36,36,57,0,0],"gold":78,"neow_bonus":"THREE_CARDS","is_daily":false,"chose_seed":false,"campfire_upgraded":0,"win_rate":0.0,"timestamp":1607929352,"path_taken":["M","$","M","M","$","E","M","M","T","$","?","R","M","M","R","BOSS"],"items_purchased_type":["Card","Card"],"build_version":"2020-12-13","purchased_purges":1,"victory":false,"max_hp_per_floor":[70,70,70,70,70,70,70,70,70,70,70,70,70,70,70,70,70],"card_choices":[{"not_picked":["Skewer","Prepared"],"picked":"Quick Slash","floor":0},{"not_picked":["PiercingWail","Dagger Throw"],"picked":"Dagger Spray","floor":1},{"not_picked":["Bane","Blade Dance"],"picked":"Poisoned Stab","floor":3},{"not_picked":["Dagger Spray","Flying Knee"],"picked":"Cloak And Dagger","floor":4},{"not_picked":["Leg Sweep","Blade Dance"],"picked":"Riddle With Holes","floor":6},{"not_picked":["Slice","Predator"],"picked":"Tools of the Trade","floor":7},{"not_picked":["Flying Knee","Eviscerate"],"picked":"Reflex","floor":8},{"not_picked":["Dagger Spray","Poisoned Stab"],"picked":"Acrobatics","floor":13},{"not_picked":["Noxious Fumes","Acrobatics"],"picked":"Backstab","floor":14},{"not_picked":["Outmaneuver","Poisoned Stab"],"picked":"Sucker Punch","floor":15}],"player_experience":114730,"relics_obtained":[{"floor":6,"key":"Dream Catcher"},{"floor":9,"key":"Nunchaku"}],"event_choices":[{"cards_removed":["Strike_G"],"damage_healed":0,"gold_gain":0,"player_choice":"Purged","damage_taken":0,"max_hp_gain":0,"max_hp_loss":0,"event_name":"Purifier","floor":11,"gold_loss":0}],"is_beta":false,"boss_relics":[],"items_purged_floors":[2],"is_endless":false,"potions_floor_spawned":[4,8,13],"killed_by":"The Guardian","ascension_level":7}}