{"host":"0u21swshytqr30ym","time":1607977183,"event":{"mods":["Act Like it!","BaseMod","Better Third Choice","ChefMod","Colored Map","Hallownest","Hermit","Hubris","Minty Spire (QoL Compilation)","StSLib","The Bug Knight","The Runesmith"],"gold_per_floor":[112,37,50,50,50,50,80,93,93,93,120,120,120,45,45,146,146,157,172,172,172,172,197,197,212,212,212,240,254,269,302,302,402,402,418,418,418],"floor_reached":36,"playtime":3165,"items_purged":["HollowMod:NailStrikeStart"],"score":523,"play_id":"ebd7cb35-e1ea-4c78-8270-f567f51364e5","local_time":"20201214181943","is_ascension_mode":true,"campfire_choices":[{"data":"Hallownest:skillGreenpathMap","floor":6,"key":"SMITH"},{"data":"HollowMod:FocusHealStart","floor":10,"key":"SMITH"},{"data":"HollowMod:SiblingsSouls","floor":15,"key":"SMITH"},{"data":"HollowMod:SlysStrikes","floor":24,"key":"SMITH"},{"data":"HollowMod:CycloneSlash","floor":32,"key":"SMITH"}],"circlet_count":1,"master_deck":["HollowMod:NailStrikeStart","HollowMod:NailStrikeStart","HollowMod:FocusHealStart+1","HollowMod:PogoStrike","HollowMod:SiblingsSouls+1","Hallownest:skillGreenpathMap+1","HollowMod:ChannelNail","Hallownest:skillSlugHide+1","Hallownest:skillSlugHide","Hallownest:skillSlugHide+1","Hallownest:skillSlugHide","Hallownest:skillSlugHide","HollowMod:SlysStrikes+1","HollowMod:SoulStrike+1","Hallownest:attackFallenFury","hubris:NaturalOne","HollowMod:SoulSplash+1","HollowMod:MonomonsArchive","HollowMod:CycloneSlash+1","HollowMod:VengefulSpirit+1"],"relics":["HollowMod:KingsSoulRelic","NeowsBlessing","Hallownest:DreamNailRelic","hubris:SphereOfDissonance","Matryoshka","Bronze Scales","Circlet","hubris:Icosahedron","War Paint","Orichalcum","Eternal Feather","Nunchaku","Bottled Tornado","Black Star"],"acts_visited":["Hallownest:Greenpath","Hallownest:CityofTears","Hallownest:KingdomsEdge"],"potions_floor_usage":[19,29,33,36],"damage_taken":[{"damage":0,"enemies":"Hallownest:2_Baldur","floor":1,"turns":1},{"damage":0,"enemies":"Hallownest:2_Tiktiks_and_1_Crawlid","floor":3,"turns":1},{"damage":0,"enemies":"Hallownest:eliteCrystalGuardian","floor":7,"turns":1},{"damage":0,"enemies":"Hallownest:2_MossCreeps","floor":8,"turns":4},{"damage":6,"enemies":"Hallownest:eliteMossKnight","floor":11,"turns":9},{"damage":50,"enemies":"Hallownest:BossFalseKnight","floor":16,"turns":13},{"damage":18,"enemies":"Hallownest:2_Mistakes","floor":18,"turns":7},{"damage":18,"enemies":"Hallownest:3_Youths","floor":19,"turns":7},{"damage":36,"enemies":"Hallownest:3_Youths","floor":21,"turns":8},{"damage":29,"enemies":"Hallownest:eliteSoulWarrior","floor":23,"turns":10},{"damage":5,"enemies":"Hallownest:Warrior_and_Youth","floor":25,"turns":5},{"damage":0,"enemies":"Hallownest:Nosk","floor":28,"turns":9},{"damage":8,"enemies":"Hallownest:Master_and_Novice","floor":29,"turns":5},{"damage":0,"enemies":"Hallownest:2_Flukemon","floor":30,"turns":6},{"damage":1,"enemies":"Hallownest:eliteSoulWarrior","floor":31,"turns":7},{"damage":12,"enemies":"Hallownest:BossGrimm","floor":33,"turns":9},{"damage":31,"enemies":"Hallownest:2_Littles","floor":35,"turns":5},{"damage":53,"enemies":"Hallownest:2_Primals","floor":36,"turns":2}],"seed_played":"-7472787192582096404","potions_obtained":[{"floor":7,"key":"FearPotion"},{"floor":8,"key":"Explosive Potion"},{"floor":19,"key":"SkillPotion"},{"floor":23,"key":"Fire Potion"},{"floor":29,"key":"FearPotion"},{"floor":33,"key":"FearPotion"},{"floor":35,"key":"PowerPotion"}],"is_trial":false,"path_per_floor":["M","?","M","?","?","R","E","M","T","R","E","?","?","$","R","B",null,"M","M","?","?","?","E","R","M","T","?","E","M","M","E","R","B",null,"M","?"],"character_chosen":"THE_BUGKNIGHT","items_purchased":[],"campfire_rested":0,"item_purchase_floors":[],"current_hp_per_floor":[75,75,75,75,75,75,75,75,75,75,74,74,74,74,74,36,75,69,57,57,31,31,14,14,15,15,15,27,29,39,48,57,57,75,44,0,0],"gold":418,"neow_bonus":"THREE_ENEMY_KILL","is_daily":false,"chose_seed":false,"campfire_upgraded":5,"win_rate":0.0,"timestamp":1607977183,"path_taken":["M","?","M","?","?","R","E","?","T","R","E","?","?","$","R","BOSS","M","M","?","?","?","E","R","M","T","?","E","?","?","E","R","BOSS","M","?"],"items_purchased_type":[],"build_version":"2020-12-13","purchased_purges":1,"victory":false,"max_hp_per_floor":[75,75,75,75,75,75,75,75,75,75,75,75,75,75,75,75,75,75,75,75,75,75,75,75,75,75,75,75,75,75,75,75,75,75,75,75,75],"card_choices":[{"not_picked":["HollowMod:SoulStrike","HollowMod:MonarchWings"],"picked":"HollowMod:SiblingsSouls","floor":1},{"not_picked":["HollowMod:ShadowDash","HollowMod:SoulShaman","HollowMod:TaintedHusks"],"picked":"SKIP","floor":3},{"not_picked":["HollowMod:MidwifesHunger","HollowMod:Weaversong","HollowMod:PureNailStrike"],"picked":"SKIP","floor":7},{"not_picked":["HollowMod:DesolateDive","HollowMod:NewGlowingWomb"],"picked":"HollowMod:ChannelNail","floor":8},{"not_picked":["HollowMod:CornifersMapStart","HollowMod:PerfectDash","HollowMod:DescendingDark"],"picked":"SKIP","floor":11},{"not_picked":["HollowMod:AwokenDreamNail","HollowMod:MidwifesHunger"],"picked":"HollowMod:SlysStrikes","floor":16},{"not_picked":["HollowMod:InfectionAssault","HollowMod:SiblingsSouls+1","HollowMod:SoulShaman+1"],"picked":"SKIP","floor":18},{"not_picked":["HollowMod:TaintedHusks+1","HollowMod:HeavyBlow"],"picked":"HollowMod:SoulStrike+1","floor":19},{"not_picked":["HollowMod:LordofShades","HollowMod:LifebloodCocoon"],"picked":"HollowMod:SoulSplash+1","floor":23},{"not_picked":["HollowMod:CoiledNail+1","HollowMod:RecoilStrike+1","HollowMod:HeavyBlow"],"picked":"SKIP","floor":25},{"not_picked":["HollowMod:SlysStrikes","HollowMod:DoubleDash+1"],"picked":"HollowMod:MonomonsArchive","floor":28},{"not_picked":["HollowMod:DescendingDark","HollowMod:SoulEater","HollowMod:CrystalDash"],"picked":"SKIP","floor":29},{"not_picked":["HollowMod:SoulStrike","HollowMod:NewGlowingWomb"],"picked":"HollowMod:CycloneSlash","floor":30},{"not_picked":["HollowMod:InfectedAttack","HollowMod:ZotesMagnificence","HollowMod:CrystalDash"],"picked":"SKIP","floor":31},{"not_picked":["HollowMod:HowlingWraiths+1","HollowMod:CornifersMapStart+1"],"picked":"HollowMod:VengefulSpirit+1","floor":35}],"player_experience":335987,"relics_obtained":[{"floor":7,"key":"hubris:SphereOfDissonance"},{"floor":9,"key":"Matryoshka"},{"floor":11,"key":"Bronze Scales"},{"floor":23,"key":"War Paint"},{"floor":26,"key":"Orichalcum"},{"floor":26,"key":"Eternal Feather"},{"floor":28,"key":"Nunchaku"},{"floor":31,"key":"Bottled Tornado"}],"event_choices":[],"is_beta":false,"boss_relics":[{"not_picked":["Snecko Eye","HollowMod:VoidIdolRelic"],"picked":"HollowMod:KingsSoulRelic"},{"not_picked":["Fusion Hammer","SacredBark"],"picked":"Black Star"}],"items_purged_floors":[14],"is_endless":false,"potions_floor_spawned":[7,8,19,23,29,33,35],"killed_by":"Hallownest:2_Primals","ascension_level":1}}