{"host":"j4g6ia6asvpyu2b0","time":1607983087,"event":{"mods":["BaseMod","Colored Map","Minty Spire (QoL Compilation)","Permanent Neow","Quick Restart","Relic Stats","StSLib","Unceasing Turn Reminder"],"gold_per_floor":[361,361,375,385,240,267,267,292,343,378,389,404,420,754,754,857,857,872,872,890,167,181,206,206,234,259,259,290,304,337,42,42,138,138,148,161,161,180,199,199,227,227,275,310,322,355,355,355,355,355,355,355,1,30,30,30],"floor_reached":55,"playtime":1961,"items_purged":["Normality","Strike_G","Strike_G+1"],"score":1294,"play_id":"4fd67e1a-33e2-42b2-8c05-d3586ba40065","local_time":"20201214145807","is_ascension_mode":true,"campfire_choices":[{"data":"Blade Dance","floor":7,"key":"SMITH"},{"data":"Blade Dance","floor":15,"key":"SMITH"},{"data":"Well Laid Plans","floor":24,"key":"SMITH"},{"data":"Neutralize","floor":27,"key":"SMITH"},{"floor":32,"key":"DIG"},{"floor":40,"key":"DIG"},{"floor":49,"key":"RECALL"},{"floor":52,"key":"DIG"}],"circlet_count":0,"master_deck":["Strike_G+1","Strike_G+1","Defend_G+1","Defend_G+1","Defend_G+1","Defend_G+1","Defend_G+1","Survivor+1","Neutralize+1","Dash+1","Blade Dance+1","Acrobatics+1","Predator+1","Infinite Blades+1","Accuracy+1","Infinite Blades+1","Dodge and Roll+1","Masterful Stab+1","Blade Dance+1","Corpse Explosion+1","Outmaneuver+1","Well Laid Plans+1","Blade Dance+1","Acrobatics+1","Cloak And Dagger+1","Wraith Form v2+1","Dagger Throw+1","Blade Dance+1","Blade Dance","Terror+1","Footwork","Footwork","Blade Dance","Poisoned Stab+1"],"relics":["Ring of the Snake","FaceOfCleric","Shuriken","Bag of Preparation","Oddly Smooth Stone","Old Coin","Busted Crown","Matryoshka","Thread and Needle","Bottled Tornado","Meat on the Bone","Orichalcum","Lantern","Smiling Mask","Shovel","Ice Cream","Snake Skull","Fusion Hammer","Mark of the Bloom","Omamori","Bag of Marbles","Pantograph","Juzu Bracelet","Pen Nib","Akabeko","Mummified Hand","Bronze Scales","Strawberry"],"acts_visited":["Exordium","TheCity","TheBeyond","TheEnding"],"potions_floor_usage":[6,8,18,28,28,36,55,55],"damage_taken":[{"damage":0.0,"enemies":"Cultist","floor":1.0,"turns":4.0},{"damage":2.0,"enemies":"Jaw Worm","floor":3.0,"turns":8.0},{"damage":0.0,"enemies":"Small Slimes","floor":4.0,"turns":3.0},{"damage":10,"enemies":"3 Sentries","floor":6,"turns":6},{"damage":0,"enemies":"Gremlin Nob","floor":8,"turns":3},{"damage":10,"enemies":"3 Sentries","floor":10,"turns":6},{"damage":0,"enemies":"Looter","floor":11,"turns":2},{"damage":16,"enemies":"Gremlin Gang","floor":12,"turns":4},{"damage":0,"enemies":"Red Slaver","floor":13,"turns":4},{"damage":12,"enemies":"Gremlin Nob","floor":14,"turns":3},{"damage":7,"enemies":"Slime Boss","floor":16,"turns":7},{"damage":0,"enemies":"2 Thieves","floor":18,"turns":2},{"damage":0,"enemies":"Shell Parasite","floor":20,"turns":3},{"damage":4,"enemies":"Snecko","floor":22,"turns":4},{"damage":24,"enemies":"Book of Stabbing","floor":23,"turns":4},{"damage":28,"enemies":"Gremlin Leader","floor":25,"turns":4},{"damage":2,"enemies":"Book of Stabbing","floor":28,"turns":4},{"damage":0,"enemies":"Centurion and Healer","floor":29,"turns":4},{"damage":0,"enemies":"Gremlin Leader","floor":30,"turns":5},{"damage":0,"enemies":"Automaton","floor":33,"turns":6},{"damage":1,"enemies":"Orb Walker","floor":35,"turns":3},{"damage":0,"enemies":"3 Shapes","floor":36,"turns":4},{"damage":0,"enemies":"Jaw Worm Horde","floor":38,"turns":2},{"damage":0,"enemies":"3 Darklings","floor":39,"turns":3},{"damage":1,"enemies":"Nemesis","floor":41,"turns":5},{"damage":0,"enemies":"Reptomancer","floor":44,"turns":3},{"damage":0,"enemies":"4 Shapes","floor":45,"turns":5},{"damage":0,"enemies":"Nemesis","floor":46,"turns":5},{"damage":49,"enemies":"Time Eater","floor":50,"turns":4},{"damage":0,"enemies":"Shield and Spear","floor":54,"turns":3},{"damage":45,"enemies":"The Heart","floor":55,"turns":2}],"seed_played":"6462393865969210252","potions_obtained":[{"floor":3.0,"key":"DuplicationPotion"},{"floor":4.0,"key":"SteroidPotion"},{"floor":12,"key":"Regen Potion"},{"floor":13,"key":"Regen Potion"},{"floor":16,"key":"DuplicationPotion"},{"floor":22,"key":"FearPotion"},{"floor":28,"key":"BlessingOfTheForge"},{"floor":29,"key":"Energy Potion"},{"floor":39,"key":"Explosive Potion"},{"floor":41,"key":"LiquidBronze"}],"is_trial":false,"path_per_floor":["M","?","M","M","$","E","R","E","T","E","M","M","M","E","R","B",null,"M","?","M","$","M","E","R","E","T","R","E","M","E","$","R","B",null,"M","M","?","M","M","R","E","?","T","E","M","E","?","?","R","B",null,"R","$","E","B"],"character_chosen":"THE_SILENT","items_purchased":["Predator","Well Laid Plans","Matryoshka","Thread and Needle","Ice Cream","Footwork","Bronze Scales","PowerPotion","Blade Dance"],"campfire_rested":0,"item_purchase_floors":[5,21,21,21,31,53,53,53,53],"current_hp_per_floor":[70,70,69,70,70,61,61,62,62,53,54,39,40,29,29,23,80,81,81,82,82,79,56,56,29,29,29,55,56,57,57,57,58,89,89,90,90,90,90,90,89,89,89,89,89,89,89,89,89,40,40,40,40,40,0,0],"gold":30,"neow_bonus":"TWO_FIFTY_GOLD","is_daily":false,"chose_seed":false,"campfire_upgraded":4,"win_rate":0.0,"timestamp":1607983087,"path_taken":["M","?","?","?","$","E","R","E","T","E","M","M","M","E","R","BOSS","M","?","?","$","M","E","R","E","T","R","E","M","E","$","R","BOSS","M","M","?","M","M","R","E","?","T","E","M","E","?","?","R","BOSS","R","$","E","BOSS"],"items_purchased_type":["Card","Card","Relic","Relic","Relic","Card","Relic","Potion","Card"],"build_version":"2020-12-13","purchased_purges":3,"victory":false,"max_hp_per_floor":[70,70,71,72,72,73,73,74,74,75,76,77,78,79,79,80,80,81,81,82,82,83,84,84,85,85,85,86,87,88,88,88,89,89,90,91,91,92,93,93,94,89,89,90,91,92,92,92,92,93,93,93,93,101,101,101],"relic_stats":{"Mark of the Bloom":182,"counters":[31,125],"Snake Skull":[6],"Pen Nib":[10],"Bag of Preparation":[52],"Juzu Bracelet":1,"Orichalcum":[72],"Smiling Mask":75,"Busted Crown":36,"Shovel":3,"FaceOfCleric":29,"Shuriken":[129],"Mummified Hand":[9],"Pantograph":0,"Bronze Scales":[3],"obtain_stats":[{"Ice Cream":31,"Lantern":26,"Mark of the Bloom":37,"Snake Skull":32,"Bag of Preparation":8,"Juzu Bracelet":43,"Bottled Tornado":23,"Smiling Mask":28,"Old Coin":14,"Matryoshka":21,"Shovel":30,"FaceOfCleric":2,"Mummified Hand":52,"Pantograph":43,"Strawberry":54,"Fusion Hammer":34,"Ring of the Snake":0,"Oddly Smooth Stone":10,"Thread and Needle":21,"Pen Nib":44,"Omamori":40,"Orichalcum":26,"Akabeko":46,"Busted Crown":17,"Shuriken":6,"Bronze Scales":53,"Bag of Marbles":41,"Meat on the Bone":25},{"Ice Cream":19,"Lantern":16,"Mark of the Bloom":22,"Snake Skull":19,"Bag of Preparation":5,"Juzu Bracelet":25,"Bottled Tornado":15,"Smiling Mask":17,"Old Coin":10,"Matryoshka":13,"Shovel":19,"FaceOfCleric":1,"Mummified Hand":29,"Pantograph":25,"Strawberry":30,"Fusion Hammer":20,"Ring of the Snake":0,"Oddly Smooth Stone":6,"Thread and Needle":13,"Pen Nib":26,"Omamori":24,"Orichalcum":16,"Akabeko":28,"Busted Crown":11,"Shuriken":4,"Bronze Scales":29,"Bag of Marbles":25,"Meat on the Bone":16},{"Ice Cream":80,"Lantern":67,"Mark of the Bloom":93,"Snake Skull":80,"Bag of Preparation":24,"Juzu Bracelet":103,"Bottled Tornado":63,"Smiling Mask":71,"Old Coin":43,"Matryoshka":55,"Shovel":80,"FaceOfCleric":4,"Mummified Hand":120,"Pantograph":103,"Strawberry":123,"Fusion Hammer":86,"Ring of the Snake":0,"Oddly Smooth Stone":30,"Thread and Needle":55,"Pen Nib":106,"Omamori":98,"Orichalcum":67,"Akabeko":116,"Busted Crown":50,"Shuriken":21,"Bronze Scales":120,"Bag of Marbles":103,"Meat on the Bone":67}],"Ring of the Snake":[62],"Meat on the Bone":0},"card_choices":[{"not_picked":["Crippling Poison","Prepared"],"picked":"Dash","floor":1.0},{"not_picked":["Flying Knee","Unload"],"picked":"Blade Dance","floor":3.0},{"not_picked":["Accuracy","Slice"],"picked":"Acrobatics","floor":4.0},{"not_picked":["Prepared","Cloak And Dagger"],"picked":"Infinite Blades","floor":6},{"not_picked":["Deadly Poison","All Out Attack"],"picked":"Accuracy","floor":8},{"not_picked":["Eviscerate","Bane"],"picked":"Infinite Blades","floor":10},{"not_picked":["Heel Hook","Bane","Catalyst"],"picked":"SKIP","floor":11},{"not_picked":["Reflex","Skewer"],"picked":"Dodge and Roll","floor":12},{"not_picked":["Underhanded Strike","Quick Slash"],"picked":"Masterful Stab","floor":13},{"not_picked":["Predator","Caltrops"],"picked":"Blade Dance","floor":14},{"not_picked":["Burst","Night Terror"],"picked":"Corpse Explosion","floor":16},{"not_picked":["Sucker Punch"],"picked":"SKIP","floor":18},{"not_picked":[],"picked":"Outmaneuver","floor":20},{"not_picked":[],"picked":"Blade Dance","floor":22},{"not_picked":["Deadly Poison"],"picked":"SKIP","floor":23},{"not_picked":[],"picked":"Acrobatics+1","floor":25},{"not_picked":[],"picked":"Cloak And Dagger","floor":28},{"not_picked":[],"picked":"Wraith Form v2","floor":29},{"not_picked":["Wraith Form v2"],"picked":"SKIP","floor":30},{"not_picked":[],"picked":"Dagger Throw","floor":35},{"not_picked":[],"picked":"Blade Dance","floor":36},{"not_picked":[],"picked":"Blade Dance","floor":38},{"not_picked":["Slice"],"picked":"SKIP","floor":39},{"not_picked":[],"picked":"Terror+1","floor":41},{"not_picked":[],"picked":"Footwork","floor":44},{"not_picked":["Terror+1"],"picked":"SKIP","floor":45},{"not_picked":["Bane"],"picked":"SKIP","floor":46},{"not_picked":[],"picked":"Poisoned Stab+1","floor":54}],"player_experience":653500,"relics_obtained":[{"floor":6,"key":"Shuriken"},{"floor":8,"key":"Bag of Preparation"},{"floor":10,"key":"Oddly Smooth Stone"},{"floor":14,"key":"Old Coin"},{"floor":23,"key":"Bottled Tornado"},{"floor":25,"key":"Meat on the Bone"},{"floor":26,"key":"Orichalcum"},{"floor":26,"key":"Lantern"},{"floor":28,"key":"Smiling Mask"},{"floor":30,"key":"Shovel"},{"floor":32,"key":"Snake Skull"},{"floor":40,"key":"Omamori"},{"floor":41,"key":"Bag of Marbles"},{"floor":43,"key":"Pantograph"},{"floor":43,"key":"Juzu Bracelet"},{"floor":44,"key":"Pen Nib"},{"floor":46,"key":"Akabeko"},{"floor":52,"key":"Mummified Hand"},{"floor":54,"key":"Strawberry"}],"event_choices":[{"damage_healed":0.0,"max_hp_gain":0.0,"max_hp_loss":0.0,"gold_gain":0.0,"event_name":"FaceTrader","player_choice":"Trade","floor":2.0,"gold_loss":0.0,"damage_taken":0.0,"relics_obtained":["FaceOfCleric"]},{"cards_removed":["Strike_G"],"damage_healed":0,"gold_gain":0,"player_choice":"Offered Basic","damage_taken":0,"max_hp_gain":0,"max_hp_loss":0,"event_name":"Bonfire Elementals","floor":19,"gold_loss":0},{"damage_healed":0,"gold_gain":0,"player_choice":"Upgrade","damage_taken":0,"relics_obtained":["Mark of the Bloom"],"max_hp_gain":0,"max_hp_loss":0,"event_name":"MindBloom","floor":37,"gold_loss":0,"cards_upgraded":["Strike_G","Strike_G","Strike_G","Defend_G","Defend_G","Defend_G","Defend_G","Defend_G","Survivor","Dash","Acrobatics","Predator","Infinite Blades","Accuracy","Infinite Blades","Dodge and Roll","Masterful Stab","Corpse Explosion","Outmaneuver","Blade Dance","Cloak And Dagger","Wraith Form v2","Dagger Throw","Blade Dance"]},{"damage_healed":0,"gold_gain":0,"player_choice":"Max HP","damage_taken":0,"max_hp_gain":0,"max_hp_loss":5,"event_name":"Winding Halls","floor":42,"gold_loss":0},{"damage_healed":0,"gold_gain":0,"player_choice":"Got Potions","damage_taken":0,"max_hp_gain":0,"max_hp_loss":0,"event_name":"Lab","floor":47,"gold_loss":0},{"damage_healed":0,"gold_gain":0,"player_choice":"Ignored","damage_taken":0,"max_hp_gain":0,"max_hp_loss":0,"event_name":"SecretPortal","floor":48,"gold_loss":0}],"is_beta":false,"boss_relics":[{"not_picked":["Astrolabe","Ectoplasm"],"picked":"Busted Crown"},{"not_picked":["Philosopher\u0027s Stone","Ring of the Serpent"],"picked":"Fusion Hammer"}],"items_purged_floors":[5,21,53],"is_endless":false,"potions_floor_spawned":[3,4,12,13,16,22,25,28,29,35,39,41],"killed_by":"The Heart","ascension_level":2}}