{"host":"eyd8pf3bw1xm0qjv","time":1607908891,"event":{"mods":["AchievementEnabler","Aspiration","Bard","BaseMod","Beaked The Cultist","BetterRewards","CCEM","Challenge The Spire","Clawfect","Colored Map","Conspire","Downfall","Duelist Mod","Ekko","GifTheSpireLib","Glutton Mod","Googly Eyes","Halation","Hermit","Highlight Path","Hubris","Jedi Mod","Jorbs\u0027s Wanderer Trilogy","Mad Scientist","Marisa????????","Mimic Mod","Minty Spire (QoL Compilation)","Permanent Neow","Potionbrewer","Relic Sorter","Replay The Spire","StSLib","Stuff the Spire","The Administrix","The Animator","The Blackbeard","The Bug Knight","The Construct","The Cursed","The Dragon Tamer","The Florist","The Gatherer","The Hierophant","The IronCluck","The Jungle","The Mystic","The Necromancer","The Problem Sleuth","The Runesmith","The Servant 0.9.4","The Spell Scribe","vexMod"],"gold_per_floor":[113,124,155,171,188,213,228,257,257,288,288,288,288,306,306,406,456,472,483,104,118,118,118,118],"floor_reached":23,"playtime":2090,"items_purged":[],"score":238,"play_id":"0a9fc553-fbbc-4951-b538-dec2b47eb4a6","local_time":"20201213202131","is_ascension_mode":false,"campfire_choices":[{"data":"InstantArmor","floor":13,"key":"SMITH"},{"floor":15,"key":"REST"}],"circlet_count":0,"master_deck":["Strike_S","Strike_S+1","Strike_S","Strike_S","Defend_S","Defend_S","Defend_S","Defend_S","KidneyShot","Exchange","Snipe","Starlight","Rearm","Dilation","SpecialFormula","Contraction","Ricochet","Luminosity","InstantArmor+1","Contraction","MurderousAura","StarChef","FastForward+1","Rewind","RealityMarble","KidneyShot","Ricochet"],"relics":["StuffTheSpire:OccultApparatus","jedi:crownofsimplicity","Ice Cream","Bag of Marbles","Letter Opener","Tiny House","hubris:Potato"],"acts_visited":["Exordium","TheCity"],"potions_floor_usage":[6,23],"damage_taken":[{"damage":0,"enemies":"Cultist","floor":1,"turns":4},{"damage":3,"enemies":"Jaw Worm","floor":2,"turns":5},{"damage":7,"enemies":"2 Louse","floor":3,"turns":9},{"damage":0,"enemies":"2 Louse","floor":4,"turns":2},{"damage":18,"enemies":"Gremlin Gang","floor":5,"turns":5},{"damage":4,"enemies":"Gremlin Nob","floor":6,"turns":3},{"damage":3,"enemies":"Red Slaver","floor":7,"turns":4},{"damage":0,"enemies":"HollowMod:MossKnight","floor":8,"turns":8},{"damage":18,"enemies":"3 Sentries","floor":10,"turns":8},{"damage":1,"enemies":"Large Slime","floor":14,"turns":6},{"damage":35,"enemies":"Fading Forest","floor":16,"turns":11},{"damage":0,"enemies":"Chosen","floor":18,"turns":7},{"damage":0,"enemies":"Spheric Guardian","floor":19,"turns":7},{"damage":10,"enemies":"Cultist and Chosen","floor":21,"turns":10},{"damage":74,"enemies":"Gremlin Leader","floor":23,"turns":8}],"seed_played":"-7170445069960601013","potions_obtained":[{"floor":2,"key":"potionbrewer:ToxicPotion"},{"floor":4,"key":"Adrenaline Potion"},{"floor":6,"key":"potionbrewer:AcidPotion"},{"floor":8,"key":"Strength Potion"},{"floor":17,"key":"CultistPotion"}],"is_trial":false,"path_per_floor":["M","M","MIM","M","M","E","M","E","T","E","?","?","R","M","R","B",null,"M","M","$","M","?","E"],"character_chosen":"THE_SERVANT","items_purchased":["hubris:Potato","Rewind","RealityMarble"],"campfire_rested":1,"item_purchase_floors":[20,20,20],"current_hp_per_floor":[71,68,61,61,43,39,41,41,41,28,28,28,28,27,48,42,76,76,76,76,66,66,0,0],"gold":118,"neow_bonus":"TEN_PERCENT_HP_BONUS","is_daily":false,"chose_seed":false,"campfire_upgraded":1,"win_rate":0.0,"timestamp":1607908891,"path_taken":["M","M","?","?","M","E","M","E","T","E","?","?","R","M","R","BOSS","M","?","?","M","?","E"],"items_purchased_type":["Relic","Card","Card"],"build_version":"2020-12-13","purchased_purges":0,"victory":false,"max_hp_per_floor":[71,71,71,71,71,71,71,71,71,71,71,71,71,71,71,71,76,76,76,76,76,76,76,76],"card_choices":[{"not_picked":["Defy","SpecialFormula"],"picked":"Snipe","floor":1},{"not_picked":["Alleviate","ShatteredReality"],"picked":"Starlight","floor":2},{"not_picked":["DoubleEdge","Unruled"],"picked":"Rearm","floor":3},{"not_picked":["SpecialFormula","ShatteredReality"],"picked":"Dilation","floor":4},{"not_picked":["Rearm","Potential"],"picked":"SpecialFormula","floor":5},{"not_picked":["SpecialFormula","Defy"],"picked":"Contraction","floor":6},{"not_picked":["Rewind","FastForward"],"picked":"Ricochet","floor":7},{"not_picked":["BestPractice","Potential"],"picked":"Luminosity","floor":8},{"not_picked":["Ricochet","PendulumOfEternity"],"picked":"InstantArmor","floor":10},{"not_picked":["MoonPhase","Manipulate"],"picked":"Contraction","floor":14},{"not_picked":["Deny","FloweringNight"],"picked":"MurderousAura","floor":16},{"not_picked":["Potential","Unruled"],"picked":"StarChef","floor":17},{"not_picked":["Hightail","Replace"],"picked":"FastForward+1","floor":18},{"not_picked":["FastForward","Revamp","Manipulate"],"picked":"SKIP","floor":19},{"not_picked":["Read+1","BottledTime+1","Alleviate"],"picked":"SKIP","floor":21}],"player_experience":142887,"relics_obtained":[{"floor":3,"key":"jedi:crownofsimplicity"},{"floor":6,"key":"Ice Cream"},{"floor":8,"key":"Bag of Marbles"},{"floor":10,"key":"Letter Opener"}],"event_choices":[{"damage_healed":0,"gold_gain":0,"player_choice":"Ignored","damage_taken":0,"max_hp_gain":0,"max_hp_loss":0,"event_name":"NoteForYourself","floor":12,"gold_loss":0},{"damage_healed":0,"gold_gain":0,"player_choice":"2 cards matched","damage_taken":0,"max_hp_gain":0,"max_hp_loss":0,"event_name":"Match and Keep!","floor":22,"gold_loss":0,"cards_obtained":["KidneyShot","Ricochet"]}],"is_beta":false,"boss_relics":[{"not_picked":["aspiration:RitualDagger","halation:MonkeysPaw"],"picked":"Tiny House"}],"items_purged_floors":[],"is_endless":false,"potions_floor_spawned":[2,4,6,8,18],"killed_by":"Gremlin Leader","ascension_level":0}}