{"host":"0azimyi6n3ugndj4","time":1607952993,"event":{"mods":["BaseMod","Bestiary","Conspire","Curses Come First","Defuse TimeMaze Blight","Hyrulean Relics","Infinite Spire","Minty Spire (QoL Compilation)","Relic Stats","Replay The Spire","StSLib","SuperFastMode","Uncapped","¡¼?Úª?ø«¡½REMEMod"],"gold_per_floor":[99,99,99,141,195,288,300,312,324,336,336],"floor_reached":10,"playtime":117,"items_purged":[],"score":428,"play_id":"5d39c02b-e205-40da-9a10-fb423b0e1c1b","local_time":"20201214223633","daily_mods":["Draft","Hoarder","Insanity","Chimera","Specialized","Vintage","ControlledChaos","Allstar","Diverse","Colorless Cards","Heirloom","Time Dilation","Flight","Binary","Elite Swarm","Lethality","Midas","Night Terrors","Binary"],"is_ascension_mode":true,"campfire_choices":[{"floor":8,"key":"REST"}],"circlet_count":0,"master_deck":["Demon Form","Wraith Form v2","Echo Form","DevaForm","AscendersBane","Bash","Survivor","Zap","Eruption","Strike_R","Strike_G","Strike_B","Defend_R","Defend_G","Defend_P","Compile Driver","Darkness","Bane","Predator","EmptyBody","Outmaneuver","BattleHymn","Streamline","Warcry","Steam","Finisher","EmptyBody","Rage","Perseverance","Armaments","CutThroughFate","Panic Button","Entrench","Hologram","Flechettes","Hidden Blade","Sword Boomerang","REME_Whirling","Anger","REME_FearOfPain","PiercingWail","Specialist","Sneak Up","Crescendo","Defragment","Cleave","Sword Boomerang","Hidden Blade","Body Slam","Underhanded Strike","conspire:Charge","EmptyFist","Melter","CrushJoints","Self Repair","Doom and Gloom","Noxious Fumes","Beam Cell","Flying Knee","Dramatic Entrance","Perfected Strike","Barrage","Hidden Blade","BasicCrystalCard","Deadly Poison","Dark Embrace","Dark Embrace","Dark Embrace","Dark Embrace","Dark Embrace","Dark Embrace","Dark Embrace","Dark Embrace","Dark Embrace","Dark Embrace","Dark Embrace","Dark Embrace","Dark Embrace","Dark Embrace","Dark Embrace","Flying Knee","Flying Knee","Flying Knee","Headbutt","Headbutt","Headbutt","Power Through","Power Through","Power Through","EmptyBody","EmptyBody","EmptyBody","Chaos","Chaos","Chaos","Auto Shields","Auto Shields","Auto Shields","REME_MusicOfDeath","REME_MusicOfDeath","REME_MusicOfDeath","FTL","FTL","FTL","Prostrate","Prostrate","Prostrate","Streamline","Streamline","Streamline","Barrage","Barrage","Barrage","BowlingBash","BowlingBash","BowlingBash","Pommel Strike","Pommel Strike","Pommel Strike","Replay:Bootleg Shield Generator","Replay:Bootleg Shield Generator","Replay:Bootleg Shield Generator","Evaluate","Evaluate","Evaluate","Bloodletting","Bloodletting","Bloodletting","Bloodletting","Bloodletting","Bloodletting","Bloodletting","Bloodletting","Bloodletting","Bloodletting","Bloodletting","Bloodletting","Bloodletting","Bloodletting","Bloodletting","Dramatic Entrance","Dramatic Entrance","Dramatic Entrance","Flame Barrier","Flame Barrier","Flame Barrier","REME_Repentance","REME_Repentance","REME_Repentance","Replay:BluntJabs","Replay:BluntJabs","Replay:BluntJabs","Distraction","Distraction","Distraction","Replay:Sssssssssstrike","Replay:Sssssssssstrike","Replay:Sssssssssstrike","Rupture","Rupture","Rupture","Gash","Gash","Gash","Chill","Chill","Chill","LikeWater","LikeWater","LikeWater","Bouncing Flask","Bouncing Flask","Bouncing Flask","EmptyBody","EmptyBody","EmptyBody","Deadly Poison","Deadly Poison","Deadly Poison","Doom and Gloom","Doom and Gloom","Doom and Gloom","Headbutt","Headbutt","Headbutt","Reaper","Reaper","Reaper"],"relics":["Frozen Eye","Busted Crown","REME_ComplimentaryCards","Du-Vu Doll","The Specimen","Sizzling Blood","Gremlin Horn","MawBank","zeldaRelics:CouragePiece","SsserpentHead"],"acts_visited":["Exordium"],"potions_floor_usage":[],"damage_taken":[{"damage":1,"enemies":"2 Louse","floor":4,"turns":2},{"damage":17,"enemies":"Cultist","floor":5,"turns":5},{"damage":33,"enemies":"3 Sentries","floor":6,"turns":4},{"damage":105,"enemies":"Gremlin Nob","floor":10,"turns":4}],"seed_played":"3286628371554730980","potions_obtained":[],"is_trial":true,"path_per_floor":["WH","$","?","M","M","E","?","R","T","E"],"character_chosen":"THE_SILENT","items_purchased":[],"campfire_rested":1,"item_purchase_floors":[],"current_hp_per_floor":[59,59,63,66,60,31,31,65,65,0,0],"gold":336,"neow_bonus":"","is_daily":false,"chose_seed":false,"campfire_upgraded":0,"win_rate":0.0,"timestamp":1607952993,"path_taken":["WH","$","?","?","M","E","?","R","T","E"],"items_purchased_type":[],"build_version":"2020-12-13","purchased_purges":0,"victory":false,"max_hp_per_floor":[66,66,70,70,70,70,70,65,65,65,65],"relic_stats":{"SsserpentHead":0,"Busted Crown":4,"Gremlin Horn":[2,2],"counters":[4,15],"MawBank":60,"obtain_stats":[{"Du-Vu Doll":0,"Frozen Eye":0,"SsserpentHead":7,"Busted Crown":0,"The Specimen":1,"Gremlin Horn":4,"Sizzling Blood":3,"zeldaRelics:CouragePiece":6,"MawBank":5,"Ring of the Snake":0,"REME_ComplimentaryCards":0},{"Du-Vu Doll":0,"Frozen Eye":0,"SsserpentHead":3,"Busted Crown":0,"The Specimen":0,"Gremlin Horn":1,"Sizzling Blood":0,"zeldaRelics:CouragePiece":3,"MawBank":2,"Ring of the Snake":0,"REME_ComplimentaryCards":0},{"Du-Vu Doll":0,"Frozen Eye":0,"SsserpentHead":11,"Busted Crown":0,"The Specimen":0,"Gremlin Horn":2,"Sizzling Blood":0,"zeldaRelics:CouragePiece":11,"MawBank":7,"Ring of the Snake":0,"REME_ComplimentaryCards":0}]},"card_choices":[{"not_picked":["Prostrate","Panic Button"],"picked":"Flying Knee","floor":0},{"not_picked":["Stack","Leap"],"picked":"Headbutt","floor":0},{"not_picked":["Abandon","Evaluate"],"picked":"Power Through","floor":0},{"not_picked":["LikeWater","Conserve Battery"],"picked":"EmptyBody","floor":0},{"not_picked":["White Noise","FlyingSleeves"],"picked":"Chaos","floor":0},{"not_picked":["Flex","PiercingWail"],"picked":"Auto Shields","floor":0},{"not_picked":["ReplaySort","SignatureMove"],"picked":"REME_MusicOfDeath","floor":0},{"not_picked":["CarveReality","FlyingSleeves"],"picked":"FTL","floor":0},{"not_picked":["Replay:Vibes","Headbutt"],"picked":"Prostrate","floor":0},{"not_picked":["Shrug It Off","Power Through"],"picked":"Streamline","floor":0},{"not_picked":["Indignation","Flex"],"picked":"Barrage","floor":0},{"not_picked":["ReplayTheSpireMod:Limb From Limb","ReplayTheSpireMod:Exploit Weakness"],"picked":"BowlingBash","floor":0},{"not_picked":["ReplaySolidLightProjector","Barrage"],"picked":"Pommel Strike","floor":0},{"not_picked":["Pummel","Sword Boomerang"],"picked":"Replay:Bootleg Shield Generator","floor":0},{"not_picked":["EmptyFist","Bane"],"picked":"Evaluate","floor":0},{"not_picked":["Sneak Up","Consecrate"],"picked":"Dramatic Entrance","floor":1},{"not_picked":["FlyingSleeves","Blade Dance"],"picked":"Flame Barrier","floor":1},{"not_picked":["Perfected Strike","Conserve Battery"],"picked":"REME_Repentance","floor":1},{"not_picked":["Flex","Defy Death"],"picked":"Replay:BluntJabs","floor":1},{"not_picked":["ReplayTheSpireMod:Repulse","Spot Weakness"],"picked":"Distraction","floor":1},{"not_picked":["Panacea","Anger"],"picked":"Replay:Sssssssssstrike","floor":1},{"not_picked":["Hidden Blade","Prostrate"],"picked":"Rupture","floor":1},{"not_picked":["Rebound","ReplayTheSpireMod:The Works"],"picked":"Gash","floor":1},{"not_picked":["FollowUp","Perfected Strike"],"picked":"Chill","floor":1},{"not_picked":["Halt","Blade Dance"],"picked":"LikeWater","floor":1},{"not_picked":["Sucker Punch","Power Through"],"picked":"Bouncing Flask","floor":1},{"not_picked":["Blur","Reckless Charge"],"picked":"EmptyBody","floor":1},{"not_picked":["Bloodletting","Wild Strike"],"picked":"Deadly Poison","floor":1},{"not_picked":["Sweeping Beam","Sever Soul"],"picked":"Doom and Gloom","floor":1},{"not_picked":["Wild Strike","Ball Lightning"],"picked":"Headbutt","floor":1}],"player_experience":1452788,"relics_obtained":[{"floor":4,"key":"Gremlin Horn"},{"floor":5,"key":"MawBank"},{"floor":6,"key":"zeldaRelics:CouragePiece"},{"floor":9,"key":"zeldaRelics:CouragePiece"}],"event_choices":[{"damage_healed":0,"gold_gain":0,"player_choice":"Trade","damage_taken":0,"relics_obtained":["SsserpentHead"],"max_hp_gain":0,"max_hp_loss":0,"event_name":"FaceTrader","floor":7,"gold_loss":0}],"is_beta":false,"boss_relics":[],"items_purged_floors":[],"is_endless":false,"potions_floor_spawned":[],"killed_by":"Gremlin Nob","ascension_level":20}}