{"host":"75dm291x99j0clh1","time":1607926594,"event":{"mods":["BaseMod","CapriCore","Friendly Minions","Lobotomy","Marisa£¨Ùöéë¡¡Øª×âÞÞ£©","Minty Spire (QoL Compilation)","StSLib","Td1madao Mod","The Immortal"],"gold_per_floor":[117,117,134,134,159,159,175,175,224,251,263,263],"floor_reached":11,"playtime":569,"items_purged":[],"score":117,"play_id":"d2e4ed83-0733-4fd8-ab8a-0335d607d2a3","local_time":"20201214151634","is_ascension_mode":true,"campfire_choices":[{"data":"Bash","floor":6,"key":"SMITH"},{"data":"Seeing Red","floor":8,"key":"SMITH"}],"circlet_count":0,"master_deck":["AscendersBane","Strike_R","Strike_R","Strike_R+1","Strike_R","Strike_R+1","Defend_R","Defend_R","Defend_R","Defend_R","Bash+1","GalaxyChild","QueenOfHatred","Battle Trance","Injury","Rudolta","Shrug It Off","SnowQueen","Seeing Red+1","MeatLantern"],"relics":["Burning Blood","CogitoBucket","Golden Idol","MawBank"],"acts_visited":["Exordium"],"potions_floor_usage":[11,11],"damage_taken":[{"damage":0,"enemies":"Small Slimes","floor":1,"turns":3},{"damage":7,"enemies":"Jaw Worm","floor":3,"turns":3},{"damage":1,"enemies":"Cultist","floor":5,"turns":3},{"damage":5,"enemies":"Large Slime","floor":7,"turns":6},{"damage":5,"enemies":"Blue Slaver","floor":10,"turns":3},{"damage":78,"enemies":"3 Sentries","floor":11,"turns":14}],"seed_played":"-2255653745318164349","potions_obtained":[{"floor":1,"key":"PowerPotion"},{"floor":5,"key":"SkillPotion"}],"is_trial":false,"path_per_floor":["M","?","M","?","M","R","M","R","T","M","E"],"character_chosen":"IRONCLAD","items_purchased":[],"campfire_rested":0,"item_purchase_floors":[],"current_hp_per_floor":[74,51,50,50,61,61,71,71,71,75,6,6],"gold":263,"neow_bonus":"","is_daily":false,"chose_seed":false,"campfire_upgraded":2,"win_rate":0.0,"timestamp":1607926594,"path_taken":["M","?","M","?","M","R","M","R","T","M","E"],"items_purchased_type":[],"build_version":"2020-12-13","purchased_purges":0,"victory":false,"max_hp_per_floor":[75,75,75,75,75,75,75,75,75,75,78,78],"card_choices":[{"not_picked":["Laetitia","CrumblingArmor"],"picked":"GalaxyChild","floor":1},{"not_picked":["Shockwave","Wild Strike","Havoc"],"picked":"SKIP","floor":1},{"not_picked":["Bloodbath","Mercenary"],"picked":"QueenOfHatred","floor":3},{"not_picked":["Limit Break","Armaments"],"picked":"Battle Trance","floor":3},{"not_picked":["Woodsman","Scorched","Bloodbath"],"picked":"Singing Bowl","floor":5},{"not_picked":["BeautyBeast","Scorched"],"picked":"Rudolta","floor":5},{"not_picked":["Twin Strike","Iron Wave"],"picked":"Shrug It Off","floor":5},{"not_picked":["Scorched","SingingMachine"],"picked":"SnowQueen","floor":7},{"not_picked":["Pommel Strike","Spot Weakness"],"picked":"Seeing Red","floor":7},{"not_picked":["WallGazer","CrumblingArmor"],"picked":"MeatLantern","floor":10},{"not_picked":["Combust","Twin Strike","Anger"],"picked":"SKIP","floor":10}],"player_experience":565867,"relics_obtained":[{"floor":9,"key":"MawBank"}],"event_choices":[{"damage_healed":0,"gold_gain":0,"player_choice":"Entered Light","damage_taken":23,"max_hp_gain":0,"max_hp_loss":0,"event_name":"Shining Light","floor":2,"gold_loss":0,"cards_upgraded":["Strike_R","Strike_R"]},{"damage_healed":0,"gold_gain":0,"player_choice":"Take Wound","damage_taken":0,"relics_obtained":["Golden Idol"],"max_hp_gain":0,"max_hp_loss":0,"event_name":"Golden Idol","floor":4,"gold_loss":0,"cards_obtained":["Injury"]}],"is_beta":false,"boss_relics":[],"items_purged_floors":[],"is_endless":false,"potions_floor_spawned":[1,5,10],"killed_by":"3 Sentries","ascension_level":16}}