{"host":"9tzam4717zt8ei1o","time":1607947883,"event":{"mods":["BaseMod","Colored Map","Keyboard Shortcuts","Minty Spire (QoL Compilation)","Quick Restart","StSLib","SuperFastMode"],"gold_per_floor":[119,132,19,19,32,32,52,52,79,107,107,120,20,34,34,108,108,123,135,10,10,190,190,190,225,301,301,328,96,112,124,124,201,201,211,211,36,50,61,96,113,139,139,139,139,151,163,163,163,163],"floor_reached":51,"playtime":1483,"items_purged":["Strike_G","Strike_G","Slice","Caltrops","Infinite Blades"],"score":1401,"play_id":"38b6e150-a170-47ff-bfb9-4923f6c38f3f","local_time":"20201214211123","is_ascension_mode":true,"campfire_choices":[{"data":"Bouncing Flask","floor":6.0,"key":"SMITH"},{"data":"Noxious Fumes","floor":8.0,"key":"SMITH"},{"data":"Backflip","floor":11.0,"key":"SMITH"},{"floor":15.0,"key":"REST"},{"data":"Backflip","floor":23.0,"key":"SMITH"},{"data":"Venomology","floor":27.0,"key":"SMITH"},{"floor":32.0,"key":"REST"},{"data":"Reflex","floor":44.0,"key":"SMITH"},{"floor":49.0,"key":"REST"}],"circlet_count":0,"master_deck":["AscendersBane","Survivor","Neutralize","Backflip+1","Backstab","Grand Finale","Grand Finale","After Image","Venomology+1","Backflip+1","Backflip+1","Blur","Blur","Noxious Fumes+1","Outmaneuver+1","Tactician+1","Acrobatics","Reflex+1","Escape Plan+1"],"relics":["Ring of the Snake","Boot","Juzu Bracelet","Pandora\u0027s Box","Art of War","Darkstone Periapt","Centennial Puzzle","Astrolabe","Bronze Scales","Singing Bowl"],"acts_visited":["Exordium","TheCity","TheBeyond"],"potions_floor_usage":[50,50,50],"damage_taken":[{"damage":7.0,"enemies":"Jaw Worm","floor":1.0,"turns":6.0},{"damage":1.0,"enemies":"2 Louse","floor":2.0,"turns":3.0},{"damage":7.0,"enemies":"Small Slimes","floor":5.0,"turns":3.0},{"damage":36.0,"enemies":"Gremlin Gang","floor":7.0,"turns":3.0},{"damage":3.0,"enemies":"3 Sentries","floor":10.0,"turns":6.0},{"damage":0.0,"enemies":"Large Slime","floor":12.0,"turns":5.0},{"damage":2.0,"enemies":"Red Slaver","floor":14.0,"turns":3.0},{"damage":3.0,"enemies":"Hexaghost","floor":16.0,"turns":7.0},{"damage":0.0,"enemies":"Chosen","floor":18.0,"turns":4.0},{"damage":4.0,"enemies":"Shell Parasite","floor":19.0,"turns":4.0},{"damage":0.0,"enemies":"Book of Stabbing","floor":25.0,"turns":4.0},{"damage":0.0,"enemies":"Gremlin Leader","floor":28.0,"turns":6.0},{"damage":16.0,"enemies":"Snake Plant","floor":30.0,"turns":5.0},{"damage":6.0,"enemies":"Shelled Parasite and Fungi","floor":31.0,"turns":3.0},{"damage":11.0,"enemies":"Automaton","floor":33.0,"turns":7.0},{"damage":1.0,"enemies":"3 Darklings","floor":35.0,"turns":3.0},{"damage":9.0,"enemies":"3 Shapes","floor":38.0,"turns":4.0},{"damage":24.0,"enemies":"Transient","floor":39.0,"turns":5.0},{"damage":1.0,"enemies":"Reptomancer","floor":40.0,"turns":3.0},{"damage":17.0,"enemies":"4 Shapes","floor":41.0,"turns":3.0},{"damage":4.0,"enemies":"Nemesis","floor":42.0,"turns":3.0},{"damage":0.0,"enemies":"Maw","floor":46.0,"turns":5.0},{"damage":5.0,"enemies":"Sphere and 2 Shapes","floor":47.0,"turns":2.0},{"damage":14,"enemies":"Time Eater","floor":50,"turns":12}],"seed_played":"8955752335438227840","potions_obtained":[{"floor":1.0,"key":"SteroidPotion"},{"floor":2.0,"key":"PowerPotion"},{"floor":12.0,"key":"AttackPotion"},{"floor":25.0,"key":"EssenceOfSteel"},{"floor":30.0,"key":"SkillPotion"},{"floor":33.0,"key":"PowerPotion"},{"floor":36.0,"key":"EntropicBrew"},{"floor":38.0,"key":"SneckoOil"},{"floor":42.0,"key":"PowerPotion"},{"floor":47.0,"key":"Dexterity Potion"}],"is_trial":false,"path_per_floor":["M","M","$","?","M","R","M","R","T","E","R","M","$","M","R","B",null,"M","M","$","?","?","R","?","E","T","R","E","$","M","M","R","B",null,"M","?","$","M","M","E","M","E","T","R","?","M","M","$","R","B",null],"character_chosen":"THE_SILENT","items_purchased":["Noxious Fumes","Blur"],"campfire_rested":3,"item_purchase_floors":[3,29],"current_hp_per_floor":[52,51,51,56,49,49,13,13,13,10,10,10,10,8,29,26,60,60,56,56,56,37,37,37,37,37,37,37,37,21,15,36,25,60,59,59,59,50,26,25,8,4,4,4,4,4,23,23,44,30],"gold":163,"neow_bonus":"REMOVE_CARD","is_daily":false,"chose_seed":false,"campfire_upgraded":6,"win_rate":0.0,"timestamp":1607947883,"path_taken":["M","M","$","?","M","R","M","R","T","E","R","M","$","M","R","BOSS","M","M","$","?","?","R","?","E","T","R","E","$","M","M","R","BOSS","M","?","$","M","M","E","M","E","T","R","?","M","M","$","R","BOSS"],"items_purchased_type":["Card","Card"],"build_version":"2020-12-13","purchased_purges":5,"victory":true,"max_hp_per_floor":[66,66,66,71,71,71,71,71,71,71,71,71,71,71,71,71,71,71,71,71,71,71,71,71,71,71,71,71,71,71,71,71,71,71,71,71,71,71,71,71,71,71,71,71,71,71,73,73,73,73],"card_choices":[{"not_picked":["Tactician","Well Laid Plans"],"picked":"Dagger Spray","floor":1.0},{"not_picked":["Caltrops","Slice"],"picked":"Bouncing Flask","floor":2.0},{"not_picked":["Blade Dance","Eviscerate"],"picked":"Backflip","floor":5.0},{"not_picked":["Deflect","Quick Slash","Underhanded Strike"],"picked":"SKIP","floor":7.0},{"not_picked":["Bane","Concentrate","Choke"],"picked":"SKIP","floor":10.0},{"not_picked":["Poisoned Stab","Dagger Throw"],"picked":"Backstab","floor":12.0},{"not_picked":["Dagger Spray","Outmaneuver","Dash"],"picked":"SKIP","floor":14.0},{"not_picked":["Wraith Form v2","Burst"],"picked":"Grand Finale","floor":16.0},{"not_picked":["Deadly Poison","Dodge and Roll"],"picked":"Backflip","floor":18.0},{"not_picked":["Die Die Die","Quick Slash","Finisher"],"picked":"SKIP","floor":19.0},{"not_picked":["Flechettes","Deflect+1"],"picked":"Backflip+1","floor":25.0},{"not_picked":["Flying Knee","Finisher","Sucker Punch"],"picked":"SKIP","floor":28.0},{"not_picked":["Blur","Noxious Fumes","All Out Attack"],"picked":"SKIP","floor":30.0},{"not_picked":["Noxious Fumes","All Out Attack"],"picked":"Blur","floor":30.0},{"not_picked":["Deflect","Dagger Throw+1","Skewer"],"picked":"SKIP","floor":31.0},{"not_picked":["Dagger Spray","Caltrops","Well Laid Plans"],"picked":"SKIP","floor":35.0},{"not_picked":["Acrobatics","Cloak And Dagger","Accuracy+1"],"picked":"SKIP","floor":38.0},{"not_picked":["Cloak And Dagger","Accuracy+1"],"picked":"Acrobatics","floor":38.0},{"not_picked":["Accuracy","Underhanded Strike+1","Quick Slash"],"picked":"SKIP","floor":39.0},{"not_picked":["Finisher+1","Crippling Poison","Outmaneuver"],"picked":"SKIP","floor":40.0},{"not_picked":["Bouncing Flask","Blade Dance+1","Leg Sweep"],"picked":"SKIP","floor":41.0},{"not_picked":["Catalyst","Finisher"],"picked":"Reflex","floor":42.0},{"not_picked":["Dagger Throw+1","Dodge and Roll+1"],"picked":"Escape Plan+1","floor":46.0},{"not_picked":["Acrobatics","PiercingWail","Deadly Poison"],"picked":"Singing Bowl","floor":47.0}],"player_experience":76172,"relics_obtained":[{"floor":9.0,"key":"Boot"},{"floor":10.0,"key":"Juzu Bracelet"},{"floor":25.0,"key":"Art of War"},{"floor":26.0,"key":"Darkstone Periapt"},{"floor":28.0,"key":"Centennial Puzzle"},{"floor":40.0,"key":"Bronze Scales"},{"floor":43.0,"key":"Singing Bowl"}],"event_choices":[{"damage_healed":0.0,"max_hp_gain":5.0,"max_hp_loss":0.0,"gold_gain":0.0,"event_name":"Big Fish","player_choice":"Donut","floor":4.0,"gold_loss":0.0,"damage_taken":0.0},{"damage_healed":0.0,"max_hp_gain":0.0,"max_hp_loss":0.0,"gold_gain":0.0,"event_name":"Vampires","player_choice":"Ignored","floor":21.0,"gold_loss":0.0,"damage_taken":0.0},{"damage_healed":0.0,"max_hp_gain":0.0,"max_hp_loss":0.0,"gold_gain":180.0,"event_name":"Knowing Skull","player_choice":"GOLD GOLD ","floor":22.0,"potions_obtained":[],"gold_loss":0.0,"damage_taken":19.0,"cards_obtained":[]},{"damage_healed":0.0,"max_hp_gain":0.0,"max_hp_loss":0.0,"gold_gain":0.0,"event_name":"Cursed Tome","player_choice":"Ignored","floor":24.0,"gold_loss":0.0,"damage_taken":0.0},{"damage_healed":0.0,"max_hp_gain":0.0,"max_hp_loss":0.0,"gold_gain":0.0,"event_name":"Lab","player_choice":"Got Potions","floor":36.0,"gold_loss":0.0,"damage_taken":0.0},{"cards_removed":["Noxious Fumes"],"damage_healed":0.0,"max_hp_gain":0.0,"max_hp_loss":0.0,"gold_gain":0.0,"event_name":"Falling","player_choice":"Removed Power","floor":45.0,"gold_loss":0.0,"damage_taken":0.0}],"is_beta":false,"boss_relics":[{"not_picked":["Busted Crown","Tiny House"],"picked":"Pandora\u0027s Box"},{"not_picked":["WristBlade","Sozu"],"picked":"Astrolabe"}],"items_purged_floors":[3,13,20,29,37],"is_endless":false,"potions_floor_spawned":[1,2,12,14,25,30,33,35,38,40,42,47],"ascension_level":15}}