{"host":"is2s59edl8twrhoj","time":1607986877,"event":{"mods":["BaseMod","Colored Map","Colored Powertips","DeckTracker","Minty Spire (QoL Compilation)","StSLib"],"gold_per_floor":[114,114,114,139,158,158,158,194,494,494,515,538,79,94,94,190,190,190],"floor_reached":17,"playtime":839,"items_purged":["Strike_G"],"score":267,"play_id":"1bd76564-b109-4295-a303-7f190013241e","local_time":"20201214230117","is_ascension_mode":true,"campfire_choices":[{"data":"Neutralize","floor":6,"key":"SMITH"},{"floor":10,"key":"REST"},{"floor":15,"key":"REST"}],"circlet_count":0,"master_deck":["AscendersBane","Strike_G","Strike_G","Strike_G","Strike_G","Defend_G","Defend_G","Defend_G","Defend_G","Defend_G","Survivor","Neutralize+1","Well Laid Plans+1","Neutralize","Flash of Steel","Dagger Throw","Prepared","Blur","Dagger Throw","Die Die Die","CurseOfTheBell"],"relics":["Ring of the Snake","Bronze Scales","Golden Idol","WingedGreaves","Old Coin","Ginger","Calling Bell","Potion Belt","HornCleat","Lizard Tail"],"acts_visited":["Exordium","TheCity"],"potions_floor_usage":[14],"damage_taken":[{"damage":0,"enemies":"2 Louse","floor":1,"turns":2},{"damage":0,"enemies":"Small Slimes","floor":4,"turns":4},{"damage":0,"enemies":"Cultist","floor":5,"turns":3},{"damage":33,"enemies":"Lagavulin","floor":8,"turns":7},{"damage":16,"enemies":"Large Slime","floor":11,"turns":7},{"damage":5,"enemies":"Exordium Thugs","floor":12,"turns":6},{"damage":12,"enemies":"Gremlin Gang","floor":14,"turns":7},{"damage":27,"enemies":"The Guardian","floor":16,"turns":18}],"seed_played":"6167915992796865206","potions_obtained":[{"floor":1,"key":"Energy Potion"},{"floor":11,"key":"LiquidMemories"},{"floor":16,"key":"Poison Potion"}],"is_trial":false,"path_per_floor":["M","?","?","M","M","R","?","E","T","R","M","M","$","M","R","B",null],"character_chosen":"THE_SILENT","items_purchased":["Ginger","Regen Potion"],"campfire_rested":2,"item_purchase_floors":[13,13],"current_hp_per_floor":[59,43,43,43,43,43,43,10,10,29,13,8,8,11,30,3,50,50],"gold":190,"neow_bonus":"RANDOM_COMMON_RELIC","is_daily":false,"chose_seed":false,"campfire_upgraded":1,"win_rate":0.0,"timestamp":1607986877,"path_taken":["M","?","?","?","M","R","?","E","T","R","?","M","$","M","R","BOSS"],"items_purchased_type":["Relic","Potion"],"build_version":"2020-12-13","purchased_purges":1,"victory":false,"max_hp_per_floor":[66,66,66,66,66,66,66,66,66,66,66,66,66,66,66,66,66,66],"card_choices":[{"not_picked":["Riddle With Holes","Prepared"],"picked":"Well Laid Plans","floor":1},{"not_picked":["Expertise","Acrobatics"],"picked":"Dagger Throw","floor":4},{"not_picked":["All Out Attack","Slice"],"picked":"Prepared","floor":5},{"not_picked":["Glass Knife","Predator","Prepared"],"picked":"SKIP","floor":8},{"not_picked":["Sucker Punch","Masterful Stab"],"picked":"Blur","floor":11},{"not_picked":["Cloak And Dagger","Dagger Spray","Skewer"],"picked":"SKIP","floor":12},{"not_picked":["Well Laid Plans","Flying Knee"],"picked":"Dagger Throw","floor":14},{"not_picked":["Venomology","Corpse Explosion"],"picked":"Die Die Die","floor":16}],"player_experience":617391,"relics_obtained":[{"floor":8,"key":"WingedGreaves"},{"floor":9,"key":"Old Coin"},{"floor":17,"key":"Potion Belt"},{"floor":17,"key":"HornCleat"},{"floor":17,"key":"Lizard Tail"}],"event_choices":[{"damage_healed":0,"gold_gain":0,"player_choice":"Take Damage","damage_taken":16,"relics_obtained":["Golden Idol"],"max_hp_gain":0,"max_hp_loss":0,"event_name":"Golden Idol","floor":2,"gold_loss":0},{"damage_healed":0,"gold_gain":0,"player_choice":"2 cards matched","damage_taken":0,"max_hp_gain":0,"max_hp_loss":0,"event_name":"Match and Keep!","floor":3,"gold_loss":0,"cards_obtained":["Neutralize","Flash of Steel"]},{"damage_healed":0,"gold_gain":0,"player_choice":"Upgraded","damage_taken":0,"max_hp_gain":0,"max_hp_loss":0,"event_name":"Upgrade Shrine","floor":7,"gold_loss":0,"cards_upgraded":["Well Laid Plans"]}],"is_beta":false,"boss_relics":[{"not_picked":["Runic Dome","Philosopher\u0027s Stone"],"picked":"Calling Bell"}],"items_purged_floors":[13],"is_endless":false,"potions_floor_spawned":[1,11,16],"ascension_level":14}}