{"host":"egwexuw5uvnxf11j","time":1607912498,"event":{"mods":["2.2 Compatiblity","Aspiration","BaseMod","Better Altar","Better Note","Better Sensory Stone","Better Third Choice","Displayed Cursed Tome","Downfall","Hermit","Key Reminder","Koishi","Marisa????????","Minty Spire (QoL Compilation)","Quick Restart","Shade Mod","Spicy Shops","StSLib","The Construct","The Cursed","The Hierophant","The Runesmith","The Senshi","The Servant 0.9.4","Transform Curses"],"gold_per_floor":[113,113,132,132,151,167,187,187,264,280,250,250,74,101,101,196,196,215,229,229,79,89,89,89,8,83,93,111,130,163,62,62,160,160,173,183,183,183,183],"floor_reached":38,"playtime":2127,"items_purged":[],"score":413,"play_id":"b7b9240a-708a-406c-9c69-bb96ec8e3a26","local_time":"20201213212138","is_ascension_mode":false,"campfire_choices":[{"floor":15,"key":"REST"},{"floor":23,"key":"REST"},{"floor":32,"key":"REST"}],"circlet_count":0,"master_deck":["Shade:Strike_Shade","Shade:Strike_Shade","Shade:Strike_Shade","Shade:Defend_Shade","Shade:Defend_Shade","Shade:Defend_Shade","Shade:AnimateDead","Shade:CarefulCut","Shade:GreyBargain","Shade:CoffinDance","Corpse Explosion","Shade:OpenGraves","Shade:CoffinDance","Shade:WallOfFlesh","Shade:LoseControl","Shade:FreshBones","Shade:AuraOfUnlife","Shade:Trample","Shade:FreshBones","Shade:Bonestorm","Shade:Coordination","Shade:AblativeArmor","Shade:FuneraryJewels","Shade:FreshBones","Shade:FleshToFlesh","Shade:SensePrey","Shade:OpenGraves","Shade:GraveStillness","Shade:ClawBack","Shade:Premonition","Shade:ScuttlingHand","Shade:FuneraryArmor","Shade:CloudOfShrapnel","Shade:DarkOfNight","Shade:AncientSpear","Shade:GraveStillness","expansioncontent:ChargeUp","Bandage Up"],"relics":["Shade:YorickSkull","keyreminder:keyreminder","TungstenRod","Odd Mushroom","Empty Cage","Cauldron","aspiration:StickyExplosives_weak","Potion Belt","theSenshi:MoonKaleidoScopeRelic"],"acts_visited":["Exordium","TheCity","TheBeyond"],"potions_floor_usage":[18,19,22,27,33,33,33,36],"damage_taken":[{"damage":6,"enemies":"Small Slimes","floor":1,"turns":3},{"damage":0,"enemies":"Jaw Worm","floor":3,"turns":3},{"damage":0,"enemies":"Cultist","floor":5,"turns":3},{"damage":2,"enemies":"Looter","floor":6,"turns":4},{"damage":15,"enemies":"Blue Slaver","floor":7,"turns":4},{"damage":17,"enemies":"2 Fungi Beasts","floor":10,"turns":3},{"damage":0,"enemies":"Looter","floor":11,"turns":4},{"damage":8,"enemies":"The Mushroom Lair","floor":14,"turns":4},{"damage":10,"enemies":"The Guardian","floor":16,"turns":10},{"damage":6,"enemies":"3 Byrds","floor":18,"turns":4},{"damage":28,"enemies":"Spheric Guardian","floor":19,"turns":6},{"damage":4,"enemies":"Chosen and Byrds","floor":22,"turns":6},{"damage":15,"enemies":"Centurion and Healer","floor":27,"turns":7},{"damage":4,"enemies":"Cultist and Chosen","floor":28,"turns":6},{"damage":10,"enemies":"Snake Plant","floor":29,"turns":6},{"damage":24,"enemies":"Gremlin Leader","floor":30,"turns":8},{"damage":10,"enemies":"Champ","floor":33,"turns":12},{"damage":6,"enemies":"3 Shapes","floor":35,"turns":4},{"damage":4,"enemies":"3 Darklings","floor":36,"turns":6},{"damage":90,"enemies":"Transient","floor":38,"turns":5}],"seed_played":"-7407471407298457873","potions_obtained":[{"floor":1,"key":"DuplicationPotion"},{"floor":7,"key":"FearPotion"},{"floor":14,"key":"Swift Potion"},{"floor":21,"key":"Swift Potion"},{"floor":21,"key":"SkillPotion"},{"floor":22,"key":"SkillPotion"},{"floor":30,"key":"LiquidBronze"},{"floor":33,"key":"ColorlessPotion"},{"floor":35,"key":"SteroidPotion"}],"is_trial":false,"path_per_floor":["M","?","M","?","M","M","M","?","T","M","M","T","$","?","R","B",null,"M","M","?","$","M","R","?","$","T","M","M","M","E","$","R","B",null,"M","M","?","M"],"character_chosen":"SHADE","items_purchased":["Shade:AuraOfUnlife","Shade:Trample","Shade:FreshBones","Cauldron","Shade:FleshToFlesh","Shade:OpenGraves","Shade:FuneraryArmor","Shade:CloudOfShrapnel"],"campfire_rested":3,"item_purchase_floors":[13,13,13,21,21,25,31,31],"current_hp_per_floor":[65,65,65,63,63,61,46,69,69,52,52,52,52,44,65,55,71,65,37,37,37,33,54,54,54,54,39,35,25,1,1,22,12,71,65,61,61,0,0],"gold":183,"neow_bonus":"TEN_PERCENT_HP_BONUS","is_daily":false,"chose_seed":false,"campfire_upgraded":0,"win_rate":0.0,"timestamp":1607912498,"path_taken":["M","?","M","?","?","?","M","?","T","M","M","?","$","?","R","BOSS","M","M","?","$","M","R","?","?","T","M","M","M","E","$","R","BOSS","M","M","?","M"],"items_purchased_type":["Card","Card","Card","Relic","Card","Card","Card","Card"],"build_version":"2020-12-13","purchased_purges":0,"victory":false,"max_hp_per_floor":[71,71,71,71,71,71,71,71,71,71,71,71,71,71,71,71,71,71,71,71,71,71,71,71,71,71,71,71,71,71,71,71,71,71,71,71,71,71,71],"card_choices":[{"not_picked":["Shade:SpontaneousRitual","Shade:RitualOffering"],"picked":"Shade:GreyBargain","floor":1},{"not_picked":["Shade:WallOfFlesh","Shade:AncientSpear"],"picked":"Shade:CoffinDance","floor":3},{"not_picked":["Shade:Haruspicy","Shade:FeralStrike"],"picked":"Shade:OpenGraves","floor":5},{"not_picked":["Shade:ScuttlingHand","Shade:CloudOfShrapnel"],"picked":"Shade:CoffinDance","floor":6},{"not_picked":["Shade:SpectralStrikes","Shade:Haruspicy"],"picked":"Shade:WallOfFlesh","floor":7},{"not_picked":["Shade:CoffinDance","Shade:GreyBargain"],"picked":"Shade:LoseControl","floor":10},{"not_picked":["Shade:SanguineRitual","Shade:CommandSoldier"],"picked":"Shade:FreshBones","floor":11},{"not_picked":["Shade:GoDigging","Shade:Brains"],"picked":"Shade:Bonestorm","floor":14},{"not_picked":["Shade:OminousRitual","Shade:Putrefaction"],"picked":"Shade:Coordination","floor":16},{"not_picked":["Shade:SanguineRitual","Shade:CoffinDance"],"picked":"Shade:AblativeArmor","floor":18},{"not_picked":["Shade:FeralStrike","Shade:FuneraryArmor"],"picked":"Shade:FuneraryJewels","floor":19},{"not_picked":["Shade:SpectralStrikes","Shade:GreyBargain"],"picked":"Shade:SensePrey","floor":22},{"not_picked":["Shade:BoneShards+1","Shade:GoDigging"],"picked":"Shade:GraveStillness","floor":27},{"not_picked":["Shade:FeralStrike+1","Shade:SoulToxin"],"picked":"Shade:ClawBack","floor":28},{"not_picked":["Shade:Excise+1","Shade:Frenzy"],"picked":"Shade:Premonition","floor":29},{"not_picked":["Shade:FeralStrike","Shade:GreyBargain"],"picked":"Shade:ScuttlingHand","floor":30},{"not_picked":["Shade:SelfBurial","Shade:MadHubris"],"picked":"Shade:DarkOfNight","floor":33},{"not_picked":["Shade:FuneraryJewels+1","Shade:SanguineRitual+1"],"picked":"Shade:AncientSpear","floor":35},{"not_picked":["Shade:AncientSpear","Shade:FeralStrike"],"picked":"Shade:GraveStillness","floor":36},{"not_picked":["PanicButton","Magnetism"],"picked":"expansioncontent:ChargeUp","floor":37},{"not_picked":["Dark Shackles","Purity"],"picked":"Bandage Up","floor":37}],"player_experience":2074609,"relics_obtained":[{"floor":12,"key":"TungstenRod"},{"floor":14,"key":"Odd Mushroom"},{"floor":26,"key":"aspiration:StickyExplosives_weak"},{"floor":30,"key":"Potion Belt"}],"event_choices":[{"damage_healed":0,"gold_gain":0,"player_choice":"Leave","damage_taken":0,"max_hp_gain":0,"max_hp_loss":0,"event_name":"The Cleric","floor":2,"gold_loss":0},{"damage_healed":0,"gold_gain":0,"player_choice":"Card ","damage_taken":2,"max_hp_gain":0,"max_hp_loss":0,"event_name":"betterThird:BetterScrap","floor":4,"gold_loss":0,"cards_obtained":["Corpse Explosion"]},{"damage_healed":23,"gold_gain":0,"player_choice":"Banana","damage_taken":0,"max_hp_gain":0,"max_hp_loss":0,"event_name":"Big Fish","floor":8,"gold_loss":0},{"damage_healed":0,"gold_gain":0,"player_choice":"Fought Mushrooms","damage_taken":0,"max_hp_gain":0,"max_hp_loss":0,"event_name":"Mushrooms","floor":14,"gold_loss":0},{"damage_healed":0,"gold_gain":0,"player_choice":"Copied","damage_taken":0,"max_hp_gain":0,"max_hp_loss":0,"event_name":"Duplicator","floor":20,"gold_loss":0,"cards_obtained":["Shade:FreshBones"]},{"damage_healed":0,"gold_gain":0,"player_choice":"Bought 0 Potions","damage_taken":0,"max_hp_gain":0,"max_hp_loss":0,"event_name":"The Woman in Blue","floor":24,"gold_loss":0},{"damage_healed":0,"gold_gain":3,"player_choice":"1","damage_taken":0,"max_hp_gain":0,"max_hp_loss":0,"event_name":"betterStone:BetterStone","floor":37,"gold_loss":0}],"is_beta":false,"boss_relics":[{"not_picked":["Snecko Eye","Astrolabe"],"picked":"Empty Cage"},{"not_picked":["aspiration:MarisaSkillbook","Pandora\u0027s Box"],"picked":"theSenshi:MoonKaleidoScopeRelic"}],"items_purged_floors":[],"is_endless":false,"potions_floor_spawned":[1,7,14,22,30,33,35],"killed_by":"Transient","ascension_level":0}}