{"host":"nox","time":1607966298,"event":{"mods":["BaseMod","Colored Powertips","Minty Spire (QoL Compilation)","Quick Restart","Replay The Spire","StSLib"],"gold_per_floor":[369,388,90,109,129,129,143,168,192,208,218,237,250,250,250],"floor_reached":14,"playtime":391,"items_purged":["Strike_B"],"score":118,"play_id":"bed72828-82b4-49dd-9be9-ad270111fe4f","local_time":"20201215001818","is_ascension_mode":true,"campfire_choices":[{"data":"Defragment","floor":6.0,"key":"SMITH"}],"circlet_count":0,"master_deck":["Strike_B","Strike_B","Strike_B","Defend_B","Defend_B","Defend_B","Defend_B","Zap","Dualcast","Static Discharge+1","Cold Snap","Static Discharge+1","Electrodynamics","Defragment+1","ReplayTheSpireMod:Calculation Training","Defragment"],"relics":["Cracked Core","Guide Book","Replay:Bottled Snecko"],"acts_visited":["Exordium"],"potions_floor_usage":[14,14],"damage_taken":[{"damage":0.0,"enemies":"2 Louse","floor":1.0,"turns":3.0},{"damage":1.0,"enemies":"Cultist","floor":2.0,"turns":3.0},{"damage":2.0,"enemies":"Small Slimes","floor":4.0,"turns":3.0},{"damage":5.0,"enemies":"Gremlin Gang","floor":5.0,"turns":1.0},{"damage":1.0,"enemies":"Exordium Wildlife","floor":7.0,"turns":2.0},{"damage":21.0,"enemies":"Lagavulin","floor":8.0,"turns":4.0},{"damage":2.0,"enemies":"Looter","floor":10.0,"turns":4.0},{"damage":22.0,"enemies":"Exordium Thugs","floor":11.0,"turns":2.0},{"damage":7.0,"enemies":"2 Fungi Beasts","floor":12.0,"turns":2.0},{"damage":3.0,"enemies":"Gremlin Gang","floor":13.0,"turns":3.0},{"damage":13,"enemies":"Gremlin Nob","floor":14,"turns":2}],"seed_played":"-3443119094581084312","potions_obtained":[{"floor":1.0,"key":"Fire Potion"},{"floor":4.0,"key":"Reflective Coating"},{"floor":10.0,"key":"Regen Potion"},{"floor":11.0,"key":"Languid Potion"},{"floor":12.0,"key":"BlessingOfTheForge"}],"is_trial":false,"path_per_floor":["M","M","$","M","M","R","M","E","T","M","M","M","M","E"],"character_chosen":"DEFECT","items_purchased":["Static Discharge","Guide Book"],"campfire_rested":0,"item_purchase_floors":[3,3],"current_hp_per_floor":[68,67,67,65,60,60,59,38,38,36,14,7,4,0,0],"gold":250,"neow_bonus":"TWO_FIFTY_GOLD","is_daily":false,"chose_seed":false,"campfire_upgraded":1,"win_rate":0.0,"timestamp":1607966298,"path_taken":["M","M","$","M","M","R","M","E","T","M","M","M","M","E"],"items_purchased_type":["Card","Relic"],"build_version":"2020-11-17","purchased_purges":1,"victory":false,"max_hp_per_floor":[68,68,68,68,68,68,68,68,68,68,68,68,68,68,68],"card_choices":[{"not_picked":["ReplayTheSpireMod:Repulse","Hologram"],"picked":"Static Discharge","floor":1.0},{"not_picked":["Streamline","Sweeping Beam"],"picked":"Cold Snap","floor":2.0},{"not_picked":["Undo","Leap"],"picked":"Electrodynamics","floor":4.0},{"not_picked":["Steam","Beam Cell"],"picked":"Defragment","floor":5.0},{"not_picked":["Ball Lightning","Reprogram","Rainbow"],"picked":"SKIP","floor":7.0},{"not_picked":["Steam","Rainbow"],"picked":"ReplayTheSpireMod:Calculation Training","floor":8.0},{"not_picked":["Rip and Tear","Aggregate"],"picked":"Defragment","floor":10.0},{"not_picked":["Gash","Hologram","Rip and Tear"],"picked":"SKIP","floor":11.0},{"not_picked":["Sweeping Beam","Rebound","Turbo"],"picked":"SKIP","floor":12.0},{"not_picked":["ReplayTheSpireMod:Repulse","Panic Button","Compile Driver"],"picked":"SKIP","floor":13.0}],"player_experience":103777,"relics_obtained":[{"floor":8.0,"key":"Replay:Bottled Snecko"}],"event_choices":[],"is_beta":true,"boss_relics":[],"items_purged_floors":[3],"is_endless":false,"potions_floor_spawned":[1,4,10,11,12],"killed_by":"Gremlin Nob","ascension_level":4}}