{"host":"9xy5zueecf5ncm9s","time":1607988091,"event":{"mods":["Aspiration","BaseMod","Beaked The Cultist","Better Altar","Better Match","Better Note","Better Sensory Stone","Better Skull","Better Third Choice","BetterRewards","Colored Powertips","GifTheSpireLib","Halation","Highlight Path","Minty Spire (QoL Compilation)","Permanent Neow","Shop Mod","Spicy Shops","StSLib","Stuff the Spire"],"gold_per_floor":[112,112,112,112,112,112,146,162,215,215,230,230,241,253,253,351,351,325,344,344,344,344],"floor_reached":21,"playtime":2909,"items_purged":[],"score":204,"play_id":"b755c92a-2fd8-4179-a85a-c03ff8623427","local_time":"20201214182131","is_ascension_mode":false,"campfire_choices":[{"data":"beaked:Ceremony","floor":6,"key":"SMITH"},{"floor":10,"key":"RECALL"},{"floor":15,"key":"REST"}],"circlet_count":0,"master_deck":["beaked:Strike_Y","beaked:Strike_Y","beaked:Strike_Y","beaked:Strike_Y","beaked:Strike_Y","beaked:Strike_Y","beaked:Defend_Y+1","beaked:Defend_Y+1","beaked:Defend_Y+1","beaked:Defend_Y+1","beaked:Ceremony+1","beaked:Ceremony","beaked:Ceremony+1","beaked:DesperateSwing","beaked:Foresight","beaked:VigorBurst","beaked:Brace","beaked:BraceForImpact","beaked:Tweet","beaked:Sacrifice","beaked:BraceForImpact","beaked:Evade"],"relics":["beaked:BlessedCoat","Strawberry","Nloth\u0027s Gift"],"acts_visited":["Exordium","TheCity"],"potions_floor_usage":[8,18,18,21],"damage_taken":[{"damage":11,"enemies":"2 Louse","floor":1,"turns":4},{"damage":16,"enemies":"Lagavulin","floor":7,"turns":8},{"damage":13,"enemies":"Jaw Worm","floor":8,"turns":7},{"damage":5,"enemies":"Small Slimes","floor":11,"turns":6},{"damage":45,"enemies":"Gremlin Gang","floor":13,"turns":20},{"damage":39,"enemies":"Lots of Slimes","floor":14,"turns":6},{"damage":28,"enemies":"Slime Boss","floor":16,"turns":10},{"damage":39,"enemies":"2 Thieves","floor":18,"turns":5},{"damage":47,"enemies":"Spheric Guardian","floor":19,"turns":8},{"damage":71,"enemies":"3 Cultists","floor":21,"turns":6}],"seed_played":"5839396271486534172","potions_obtained":[{"floor":7,"key":"SkillPotion"},{"floor":13,"key":"Strength Potion"},{"floor":16,"key":"AttackPotion"},{"floor":19,"key":"Energy Potion"}],"is_trial":false,"path_per_floor":["M","?","?","$","?","R","E","M","T","R","M","T","M","M","R","B",null,"M","M","?","M"],"character_chosen":"BEAKED_THE_CULTIST","items_purchased":[],"campfire_rested":1,"item_purchase_floors":[],"current_hp_per_floor":[43,43,43,43,43,43,43,54,54,54,55,62,62,46,62,62,62,47,38,38,0,0],"gold":344,"neow_bonus":"RANDOM_COMMON_RELIC","is_daily":false,"chose_seed":false,"campfire_upgraded":1,"win_rate":0.0,"timestamp":1607988091,"path_taken":["M","?","?","$","?","R","E","M","T","R","M","?","M","M","R","BOSS","M","M","?","?"],"items_purchased_type":[],"build_version":"2020-12-13","purchased_purges":0,"victory":false,"max_hp_per_floor":[50,50,50,50,50,50,50,55,55,55,55,62,62,62,62,62,62,65,65,65,68,68],"card_choices":[{"not_picked":["beaked:Poke","beaked:Daydream"],"picked":"beaked:DesperateSwing","floor":1},{"not_picked":["beaked:TuckingFeathers","beaked:Flinch"],"picked":"beaked:Foresight","floor":7},{"not_picked":["beaked:Brace","beaked:Resilience"],"picked":"beaked:VigorBurst","floor":8},{"not_picked":["beaked:BounceBack","beaked:Roost"],"picked":"beaked:Brace","floor":11},{"not_picked":["beaked:Redirect","beaked:Replenish"],"picked":"beaked:BraceForImpact","floor":13},{"not_picked":["beaked:Tradeoff","beaked:Resilience"],"picked":"beaked:Tweet","floor":14},{"not_picked":["beaked:DarkPact","beaked:AwakenedForm"],"picked":"beaked:Sacrifice","floor":16},{"not_picked":["beaked:Resilience","beaked:HuntressEssence+1"],"picked":"beaked:BraceForImpact","floor":18},{"not_picked":["beaked:BraceForImpact","beaked:DigDeeper+1"],"picked":"beaked:Evade","floor":19}],"player_experience":88111,"relics_obtained":[{"floor":7,"key":"halation:WeightlessCrab"},{"floor":12,"key":"Strawberry"}],"event_choices":[{"damage_healed":0,"gold_gain":0,"player_choice":"Grow","damage_taken":0,"max_hp_gain":0,"max_hp_loss":0,"event_name":"Living Wall","floor":3,"gold_loss":0,"cards_upgraded":["beaked:Ceremony"]},{"damage_healed":0,"gold_gain":0,"player_choice":"Traded Relic","damage_taken":0,"relics_obtained":["Nloth\u0027s Gift"],"max_hp_gain":0,"max_hp_loss":0,"event_name":"N\u0027loth","floor":20,"relics_lost":["halation:WeightlessCrab"],"gold_loss":0}],"is_beta":false,"boss_relics":[{"not_picked":["Ectoplasm","Black Star"],"picked":"beaked:BlessedCoat"}],"items_purged_floors":[],"is_endless":false,"potions_floor_spawned":[7,13,16,19],"killed_by":"3 Cultists","ascension_level":0}}