{"host":"msmkw03x1o7nq45i","time":1607962216,"event":{"mods":["AchievementEnabler","BaseMod","Bestiary","Colored Powertips","GifTheSpireLib","Highlight Path","Minty Spire (QoL Compilation)","Random Character Button","StSLib","everything is the same but u backflip on backflip"],"gold_per_floor":[113,83,95,109,119,119,153,153,230,195,42,42,73,88,88,167,167,184,30,45,45,62,62,62],"floor_reached":23,"playtime":1620,"items_purged":["Strike_R"],"score":342,"play_id":"4fa4df0b-b25f-41e6-b6f8-be956cbce446","local_time":"20201214181016","is_ascension_mode":true,"campfire_choices":[{"data":"Bash","floor":6,"key":"SMITH"},{"data":"Wild Strike","floor":12,"key":"SMITH"},{"data":"Armaments","floor":15,"key":"SMITH"}],"circlet_count":0,"master_deck":["AscendersBane","Strike_R","Strike_R","Strike_R","Strike_R","Defend_R","Defend_R","Defend_R","Defend_R","Bash+1","Battle Trance","Headbutt","Sword Boomerang","Wild Strike+1","Reaper","Armaments+1","Evolve","Twin Strike","Limit Break","Flame Barrier","Disarm"],"relics":["Burning Blood","NeowsBlessing","Prayer Wheel","Smiling Mask","Ornamental Fan","Membership Card","WingedGreaves","Fusion Hammer","DollysMirror"],"acts_visited":["Exordium","TheCity"],"potions_floor_usage":[7,13,16,16,22,23,23],"damage_taken":[{"damage":0,"enemies":"Jaw Worm","floor":1,"turns":1},{"damage":0,"enemies":"Cultist","floor":3,"turns":1},{"damage":0,"enemies":"Small Slimes","floor":4,"turns":1},{"damage":16,"enemies":"2 Fungi Beasts","floor":5,"turns":4},{"damage":49,"enemies":"Lagavulin","floor":7,"turns":7},{"damage":19,"enemies":"Gremlin Nob","floor":13,"turns":4},{"damage":11,"enemies":"Blue Slaver","floor":14,"turns":3},{"damage":12,"enemies":"Slime Boss","floor":16,"turns":7},{"damage":38,"enemies":"Shell Parasite","floor":18,"turns":5},{"damage":21,"enemies":"3 Byrds","floor":20,"turns":5},{"damage":20,"enemies":"Shelled Parasite and Fungi","floor":22,"turns":9},{"damage":72,"enemies":"Gremlin Leader","floor":23,"turns":6}],"seed_played":"-8343365107709179992","potions_obtained":[{"floor":2,"key":"SkillPotion"},{"floor":2,"key":"LiquidMemories"},{"floor":3,"key":"Fire Potion"},{"floor":7,"key":"Swift Potion"},{"floor":14,"key":"ColorlessPotion"},{"floor":20,"key":"Energy Potion"},{"floor":22,"key":"Block Potion"}],"is_trial":false,"path_per_floor":["M","?","M","M","M","R","E","?","T","?","$","R","E","M","R","B",null,"M","$","M","?","M","E"],"character_chosen":"IRONCLAD","items_purchased":["Membership Card","DollysMirror","Block Potion"],"campfire_rested":0,"item_purchase_floors":[11,19,19],"current_hp_per_floor":[74,74,75,75,65,65,22,19,19,37,37,37,30,25,25,22,62,36,36,21,85,71,0,0],"gold":62,"neow_bonus":"THREE_ENEMY_KILL","is_daily":false,"chose_seed":false,"campfire_upgraded":3,"win_rate":0.0,"timestamp":1607962216,"path_taken":["M","?","M","?","M","R","E","?","T","?","?","R","E","M","R","BOSS","M","$","M","?","M","E"],"items_purchased_type":["Relic","Relic","Potion"],"build_version":"2020-12-13","purchased_purges":1,"victory":false,"max_hp_per_floor":[75,75,75,75,75,75,75,75,75,75,75,75,75,75,75,75,75,75,75,75,85,85,85,85],"card_choices":[{"not_picked":["Flex","Twin Strike"],"picked":"Battle Trance","floor":1},{"not_picked":["Metallicize","Feel No Pain"],"picked":"Headbutt","floor":3},{"not_picked":["Pommel Strike","Uppercut"],"picked":"Sword Boomerang","floor":4},{"not_picked":["Clash","Heavy Blade"],"picked":"Wild Strike","floor":5},{"not_picked":["Warcry","Twin Strike"],"picked":"Reaper","floor":7},{"not_picked":["Twin Strike","Battle Trance"],"picked":"Armaments","floor":13},{"not_picked":["Flex","Body Slam"],"picked":"Evolve","floor":14},{"not_picked":["Infernal Blade","Heavy Blade"],"picked":"Twin Strike","floor":14},{"not_picked":["Bludgeon","Barricade"],"picked":"Limit Break","floor":16},{"not_picked":["Blood for Blood","Anger"],"picked":"Flame Barrier","floor":18},{"not_picked":["Thunderclap","Havoc","Iron Wave"],"picked":"SKIP","floor":18},{"not_picked":["Demon Form","Flex"],"picked":"Disarm","floor":20},{"not_picked":["Pommel Strike","Armaments","Heavy Blade"],"picked":"SKIP","floor":20},{"not_picked":["Evolve","Headbutt+1","Fire Breathing"],"picked":"SKIP","floor":22},{"not_picked":["Heavy Blade","Iron Wave","Thunderclap"],"picked":"SKIP","floor":22}],"player_experience":295521,"relics_obtained":[{"floor":7,"key":"Prayer Wheel"},{"floor":9,"key":"Ornamental Fan"},{"floor":13,"key":"WingedGreaves"}],"event_choices":[{"damage_healed":0,"gold_gain":0,"player_choice":"Bought 2 Potions","damage_taken":0,"max_hp_gain":0,"max_hp_loss":0,"event_name":"The Woman in Blue","floor":2,"gold_loss":0},{"damage_healed":0,"gold_gain":0,"player_choice":"Success","damage_taken":3,"relics_obtained":["Smiling Mask"],"max_hp_gain":0,"max_hp_loss":0,"event_name":"Scrap Ooze","floor":8,"gold_loss":0},{"damage_healed":18,"gold_gain":0,"player_choice":"Healed","damage_taken":0,"max_hp_gain":0,"max_hp_loss":0,"event_name":"The Cleric","floor":10,"gold_loss":35},{"cards_removed":["Limit Break"],"damage_healed":54,"gold_gain":0,"player_choice":"Offered Rare","damage_taken":0,"max_hp_gain":10,"max_hp_loss":0,"event_name":"Bonfire Elementals","floor":21,"gold_loss":0}],"is_beta":false,"boss_relics":[{"not_picked":["Ectoplasm","Empty Cage"],"picked":"Fusion Hammer"}],"items_purged_floors":[19],"is_endless":false,"potions_floor_spawned":[3,5,7,14,20,22],"killed_by":"Gremlin Leader","ascension_level":14}}