{"host":"v9ordiuf4xzdpttp","time":1607920343,"event":{"mods":["AchievementEnabler","Act Like it!","AlwaysNeverKeys","Aspiration","BaseMod","Better Third Choice","Better Vampires","BetterRewards","Colored Map","Conspire","Dio Mod","Downfall","Energized Spire","Gold Saver","GungeonMod","Hubris","Infinite Spire","Marked Mod","Melee Mod","Minty Spire (QoL Compilation)","Pale of the Ancients","Remove Card Discount Mod","Replay The Spire","SOS???????","Shop Mod","Small Relic Pack","Spicy Shops","StSLib","The Bladedancer","The Bug Knight","The Construct","The Hayseed","The Runesmith","The Servant 0.9.4","The Wild Card","???Mod??????Boss","??????REMEMod"],"gold_per_floor":[433,445,445,445,39,74,74,84,84,84,84,96,96,112,112,209,209,222,7,20,20,39,39,50,78,133,57,57],"floor_reached":27,"playtime":1263,"items_purged":[],"score":245,"play_id":"e464d43c-809e-4d03-a33e-e99c754c6a00","local_time":"20201213233223","is_ascension_mode":true,"campfire_choices":[{"floor":7,"key":"REST"},{"floor":11,"key":"REST"},{"data":"construct:ClockworkEgg+1","floor":13,"key":"SMITH"},{"data":"construct:ClockworkEgg+2","floor":15,"key":"SMITH"},{"floor":23,"key":"REST"}],"circlet_count":0,"master_deck":["Strike_P","Strike_P","Strike_P","Strike_P","Defend_P","Defend_P","Defend_P","Defend_P","Eruption","Vigilance","Halt","ClearTheMind","Ragnarok+1","PathToVictory","MarkedMod:GentlePulse","Adaptation","DevaForm+1","Prostrate+1","Brilliance+1","Crescendo+1","MarkedMod:Acupuncture+1","Establishment+1","SandsOfTime+1"],"relics":["PureWater","REME_ComplimentaryCards","Golden Egg","DemoMod:BlueGuonStone","hubris:Metronome","hubris:Icosahedron","Molten Egg 2","Toxic Egg 2","Frozen Egg 2","construct:ClockworkPhoenix","VioletLotus","aspiration:TomeofQuesting","Replay:Wax Seal"],"acts_visited":["Exordium","TheCity"],"potions_floor_usage":[18,20,22,25,27],"damage_taken":[{"damage":2,"enemies":"Cultist","floor":1,"turns":3},{"damage":13,"enemies":"Jaw Worm","floor":2,"turns":3},{"damage":34,"enemies":"Lagavulin","floor":6,"turns":6},{"damage":0,"enemies":"Small Slimes","floor":8,"turns":2},{"damage":8,"enemies":"Gremlin Gang","floor":12,"turns":3},{"damage":0,"enemies":"Looter","floor":14,"turns":1},{"damage":25,"enemies":"Hexaghost","floor":16,"turns":8},{"damage":5,"enemies":"Shell Parasite","floor":18,"turns":5},{"damage":11,"enemies":"2 Thieves","floor":20,"turns":4},{"damage":0,"enemies":"Snecko","floor":22,"turns":3},{"damage":0,"enemies":"Centurion and Healer","floor":24,"turns":2},{"damage":16,"enemies":"Slavers","floor":25,"turns":7},{"damage":63,"enemies":"hubris:Merchant","floor":27,"turns":6}],"seed_played":"8761053891435476200","potions_obtained":[{"floor":1,"key":"Block Potion"},{"floor":12,"key":"PowerPotion"},{"floor":16,"key":"Weak Potion"},{"floor":18,"key":"AttackPotion"},{"floor":20,"key":"EssenceOfSteel"},{"floor":22,"key":"Elixir"}],"is_trial":false,"path_per_floor":["M","M","?","?","$","E","R","M","T","?","R","M","R","M","R","B",null,"M","$","M","?","M","R","M","E","T","$"],"character_chosen":"WATCHER","items_purchased":["Golden Egg","Ragnarok","Brilliance+1","Crescendo+1","Replay:Wax Seal"],"campfire_rested":3,"item_purchase_floors":[5,5,19,19,27],"current_hp_per_floor":[77,64,64,64,64,30,53,53,53,53,76,68,68,68,68,79,79,74,74,63,68,68,79,79,63,63,0,0],"gold":57,"neow_bonus":"TEN_PERCENT_HP_BONUS","is_daily":false,"chose_seed":false,"campfire_upgraded":2,"win_rate":0.0,"timestamp":1607920343,"path_taken":["M","M","?","?","$","E","R","?","T","?","R","M","R","M","R","BOSS","M","$","M","?","M","R","?","E","T","$"],"items_purchased_type":["Relic","Card","Card","Card","Relic"],"build_version":"2020-12-13","purchased_purges":0,"victory":false,"max_hp_per_floor":[79,79,79,79,79,79,79,79,79,79,79,79,79,79,79,79,79,79,79,79,79,79,79,79,79,79,79,79],"card_choices":[{"not_picked":["Wallop","Replay:DivineShield"],"picked":"Halt","floor":1},{"not_picked":["CutThroughFate","InnerPeace"],"picked":"ClearTheMind","floor":2},{"not_picked":["Protect","JustLucky","CutThroughFate"],"picked":"SKIP","floor":6},{"not_picked":["TalkToTheHand","Halt"],"picked":"PathToVictory","floor":8},{"not_picked":["Tantrum","CrushJoints"],"picked":"MarkedMod:GentlePulse","floor":12},{"not_picked":["Replay:ManipulateFuture","SashWhip"],"picked":"Adaptation","floor":14},{"not_picked":["REME_EmptyShield+1","Alpha+1"],"picked":"DevaForm+1","floor":16},{"not_picked":["Replay:AtTheReady+1","Replay:ManipulateFuture+1"],"picked":"Prostrate+1","floor":18},{"not_picked":["WheelKick+1","Conclude+1"],"picked":"Evaluate+1","floor":20},{"not_picked":["TalkToTheHand+1","Crescendo+1"],"picked":"MarkedMod:Acupuncture+1","floor":22},{"not_picked":["SignatureMove+1","EmptyFist+1"],"picked":"Establishment+1","floor":24},{"not_picked":["EmptyFist+1","Meditate+1"],"picked":"SandsOfTime+1","floor":25}],"player_experience":185619,"relics_obtained":[{"floor":6,"key":"DemoMod:BlueGuonStone"},{"floor":9,"key":"hubris:Metronome"},{"floor":25,"key":"aspiration:TomeofQuesting"}],"event_choices":[{"damage_healed":0,"gold_gain":0,"player_choice":"Ignored","damage_taken":0,"max_hp_gain":0,"max_hp_loss":0,"event_name":"Golden Wing","floor":3,"gold_loss":0},{"damage_healed":0,"gold_gain":0,"player_choice":"Upgraded","damage_taken":0,"max_hp_gain":0,"max_hp_loss":0,"event_name":"Upgrade Shrine","floor":4,"gold_loss":0,"cards_upgraded":["construct:ClockworkEgg"]},{"cards_removed":["Evaluate"],"damage_healed":5,"gold_gain":0,"player_choice":"Offered Common","damage_taken":0,"max_hp_gain":0,"max_hp_loss":0,"event_name":"Bonfire Elementals","floor":21,"gold_loss":0},{"cards_removed":["Evaluate"],"damage_healed":5,"gold_gain":0,"player_choice":"Offered Special","damage_taken":0,"max_hp_gain":0,"max_hp_loss":0,"event_name":"Bonfire Elementals","floor":21,"gold_loss":0}],"is_beta":false,"boss_relics":[{"not_picked":["conspire:SeveredTorchhead","Astrolabe"],"picked":"VioletLotus"}],"items_purged_floors":[],"is_endless":false,"potions_floor_spawned":[1,12,16,18,20,22],"killed_by":"hubris:Merchant","ascension_level":1}}