{"host":"wukocnei7dgudpva","time":1607957228,"event":{"mods":["AchievementEnabler","BaseMod","Colored Map","Minty Spire (QoL Compilation)","StSLib","SuperFastMode"],"gold_per_floor":[360,370,197,197,162,162,162,162,162,62,77,77,77,101,101,231,231,249,348,273,286,301,301,325,325,351,351,374,398,398,398,398,527,527,551,231,250,264,264,289,622,622,622,622,407,407,407],"floor_reached":46,"playtime":2335,"items_purged":["Strike_B","Strike_B","Strike_B"],"score":433,"play_id":"d56865be-f50c-42ee-a1a3-eb5b6844cf50","local_time":"20201214234708","is_ascension_mode":false,"campfire_choices":[{"floor":6.0,"key":"REST"},{"data":"Double Energy","floor":8.0,"key":"SMITH"},{"floor":15.0,"key":"REST"},{"floor":23.0,"key":"REST"},{"floor":25.0,"key":"REST"},{"data":"Reboot","floor":27.0,"key":"SMITH"},{"floor":30.0,"key":"REST"},{"floor":32.0,"key":"RECALL"},{"floor":44.0,"key":"REST"}],"circlet_count":0,"master_deck":["Defend_B","Defend_B","Zap","Dualcast","Double Energy+1","Ball Lightning","Static Discharge+1","Ball Lightning","Defragment","Reboot+1","Hologram","Self Repair+1","Coolheaded+1","Electrodynamics","Leap","Leap","Capacitor+1","Conserve Battery","Finesse","Redo+1","Melter"],"relics":["Cracked Core","Kunai","Du-Vu Doll","SacredBark","Oddly Smooth Stone","DollysMirror","Strawberry"],"acts_visited":["Exordium","TheCity","TheBeyond"],"potions_floor_usage":[],"damage_taken":[{"damage":3.0,"enemies":"2 Louse","floor":1.0,"turns":3.0},{"damage":5.0,"enemies":"Small Slimes","floor":2.0,"turns":4.0},{"damage":3.0,"enemies":"Jaw Worm","floor":11.0,"turns":2.0},{"damage":12.0,"enemies":"2 Fungi Beasts","floor":14.0,"turns":2.0},{"damage":17.0,"enemies":"Slime Boss","floor":16.0,"turns":9.0},{"damage":18.0,"enemies":"Shell Parasite","floor":18.0,"turns":3.0},{"damage":17.0,"enemies":"Spheric Guardian","floor":21.0,"turns":4.0},{"damage":37.0,"enemies":"Centurion and Healer","floor":22.0,"turns":7.0},{"damage":10.0,"enemies":"Chosen and Byrds","floor":24.0,"turns":6.0},{"damage":15.0,"enemies":"Sentry and Sphere","floor":28.0,"turns":4.0},{"damage":33.0,"enemies":"Cultist and Chosen","floor":29.0,"turns":5.0},{"damage":53.0,"enemies":"Champ","floor":33.0,"turns":12.0},{"damage":10.0,"enemies":"3 Shapes","floor":35.0,"turns":4.0},{"damage":34.0,"enemies":"Orb Walker","floor":37.0,"turns":4.0},{"damage":36.0,"enemies":"Jaw Worm Horde","floor":38.0,"turns":5.0},{"damage":10.0,"enemies":"4 Shapes","floor":40.0,"turns":4.0},{"damage":55,"enemies":"Transient","floor":46,"turns":5}],"seed_played":"-7387026647324704391","potions_obtained":[{"floor":1.0,"key":"Ancient Potion"},{"floor":16.0,"key":"AttackPotion"},{"floor":22.0,"key":"Regen Potion"},{"floor":24.0,"key":"LiquidMemories"},{"floor":29.0,"key":"Weak Potion"},{"floor":35.0,"key":"SteroidPotion"},{"floor":37.0,"key":"PowerPotion"}],"is_trial":false,"path_per_floor":["M","M","$","?","?","R","?","R","T","$","M","$","?","M","R","B",null,"M","?","?","M","M","R","M","R","T","R","M","M","R","?","R","B",null,"M","$","M","M","?","M","?","?","T","R","$","M"],"character_chosen":"DEFECT","items_purchased":["Static Discharge","Ball Lightning","Leap","DollysMirror","Strawberry","Melter"],"campfire_rested":6,"item_purchase_floors":[3,3,36,36,45,45],"current_hp_per_floor":[51,46,46,28,46,68,68,68,68,68,65,65,62,50,72,55,75,57,57,57,40,13,35,35,57,57,57,70,47,69,69,69,16,75,65,65,41,25,25,25,25,25,25,47,54,0,0],"gold":407,"neow_bonus":"TWO_FIFTY_GOLD","is_daily":false,"chose_seed":false,"campfire_upgraded":2,"win_rate":0.0,"timestamp":1607957228,"path_taken":["M","M","$","?","?","R","?","R","T","$","M","$","?","?","R","BOSS","M","?","?","M","M","R","M","R","T","R","M","M","R","?","R","BOSS","M","$","M","M","?","M","?","?","T","R","?","M"],"items_purchased_type":["Card","Card","Card","Relic","Relic","Card"],"build_version":"2020-12-13","purchased_purges":3,"victory":false,"max_hp_per_floor":[75,75,75,75,75,75,75,75,75,75,75,75,75,75,75,75,75,75,75,75,75,75,75,75,75,75,75,75,75,75,75,75,75,75,75,75,75,75,75,75,75,75,75,75,82,82,82],"card_choices":[{"not_picked":["Rebound","Gash"],"picked":"Double Energy","floor":1.0},{"not_picked":["Reprogram","Rebound"],"picked":"Ball Lightning","floor":2.0},{"not_picked":["Tempest","Stack","Streamline"],"picked":"SKIP","floor":11.0},{"not_picked":["Redo","Hologram"],"picked":"Defragment","floor":14.0},{"not_picked":["Core Surge","Thunder Strike"],"picked":"Reboot","floor":16.0},{"not_picked":["Rebound","Genetic Algorithm"],"picked":"Hologram","floor":18.0},{"not_picked":["Sunder+1","Auto Shields"],"picked":"Self Repair+1","floor":21.0},{"not_picked":["Turbo+1","Beam Cell","Recycle"],"picked":"SKIP","floor":22.0},{"not_picked":["Auto Shields+1","Fusion+1","Beam Cell"],"picked":"SKIP","floor":24.0},{"not_picked":["Recycle","Go for the Eyes","Cold Snap"],"picked":"SKIP","floor":28.0},{"not_picked":["Glacier","Barrage"],"picked":"Coolheaded+1","floor":29.0},{"not_picked":["Biased Cognition","Hyperbeam"],"picked":"Electrodynamics","floor":33.0},{"not_picked":["Stack","Self Repair","Blizzard"],"picked":"SKIP","floor":35.0},{"not_picked":["Compile Driver+1","Rebound"],"picked":"Capacitor+1","floor":37.0},{"not_picked":["Stack+1","All For One"],"picked":"Conserve Battery","floor":38.0},{"not_picked":["Chrysalis","Mind Blast"],"picked":"Finesse","floor":39.0},{"not_picked":["Blizzard+1","Hologram"],"picked":"Redo+1","floor":40.0}],"player_experience":222505,"relics_obtained":[{"floor":9.0,"key":"Kunai"},{"floor":26.0,"key":"Oddly Smooth Stone"}],"event_choices":[{"damage_healed":0.0,"max_hp_gain":0.0,"max_hp_loss":0.0,"gold_gain":0.0,"event_name":"Golden Idol","player_choice":"Take Damage","floor":4.0,"gold_loss":0.0,"damage_taken":18.0,"relics_obtained":["Golden Idol"]},{"damage_healed":18.0,"max_hp_gain":0.0,"max_hp_loss":0.0,"gold_gain":0.0,"event_name":"The Cleric","player_choice":"Healed","floor":5.0,"gold_loss":35.0,"damage_taken":0.0},{"cards_removed":["Defend_B"],"damage_healed":0.0,"max_hp_gain":0.0,"max_hp_loss":0.0,"gold_gain":0.0,"event_name":"Living Wall","player_choice":"Forget","floor":7.0,"gold_loss":0.0,"damage_taken":0.0},{"damage_healed":0.0,"max_hp_gain":0.0,"max_hp_loss":0.0,"gold_gain":0.0,"event_name":"Scrap Ooze","player_choice":"Success","floor":13.0,"gold_loss":0.0,"damage_taken":3.0,"relics_obtained":["Du-Vu Doll"]},{"damage_healed":0.0,"max_hp_gain":0.0,"max_hp_loss":0.0,"gold_gain":99.0,"event_name":"Nest","player_choice":"Stole From Cult","floor":19.0,"gold_loss":0.0,"damage_taken":0.0},{"cards_removed":["Defend_B"],"damage_healed":0.0,"max_hp_gain":0.0,"max_hp_loss":0.0,"gold_gain":0.0,"event_name":"Beggar","player_choice":"Gave Gold","floor":20.0,"gold_loss":75.0,"damage_taken":0.0},{"damage_healed":0.0,"max_hp_gain":0.0,"max_hp_loss":0.0,"gold_gain":0.0,"event_name":"Accursed Blacksmith","player_choice":"Forge","floor":31.0,"gold_loss":0.0,"damage_taken":0.0,"cards_upgraded":["Static Discharge"]},{"damage_healed":0.0,"max_hp_gain":0.0,"max_hp_loss":0.0,"gold_gain":0.0,"event_name":"SensoryStone","player_choice":"Memory 1","floor":39.0,"gold_loss":0.0,"damage_taken":0.0},{"damage_healed":0.0,"max_hp_gain":0.0,"max_hp_loss":0.0,"gold_gain":333.0,"event_name":"The Moai Head","player_choice":"Gave Idol","floor":41.0,"relics_lost":["Golden Idol"],"gold_loss":0.0,"damage_taken":0.0},{"cards_removed":["Strike_B"],"damage_healed":0.0,"max_hp_gain":0.0,"max_hp_loss":0.0,"gold_gain":0.0,"event_name":"Falling","player_choice":"Removed Attack","floor":42.0,"gold_loss":0.0,"damage_taken":0.0}],"is_beta":false,"boss_relics":[{"not_picked":["Velvet Choker","Runic Pyramid"],"picked":"SacredBark"},{"not_picked":["Snecko Eye","Fusion Hammer","Runic Dome"]}],"items_purged_floors":[3,10,36],"is_endless":false,"potions_floor_spawned":[1,16,22,24,29,35,37],"killed_by":"Transient","ascension_level":0}}