{"host":"dntw6kil9p09eemm","time":1607980810,"event":{"mods":["AchievementEnabler","BaseMod","Become a monster €›?Œ÷","Colored Powertips","Keyboard Shortcuts","Minty Spire (QoL Compilation)","Shop Mod","StSLib"],"gold_per_floor":[115,115,40,40,51,75,108,108,128,178,178,196,220,258,287,299,409,421,448,472,496,327,352,385,385,399,445,471,421,437,437,362,362,459,459,477,487,487,504,224,224,297,311,311,261,279,298,314,114,114,114],"floor_reached":52,"playtime":2054,"items_purged":["Strike_R","Strike_R","Defend_R","Defend_R","Defend_R","Strike_R"],"score":829,"play_id":"474f7c6f-5d4d-4eae-b143-a65b90a98586","local_time":"20201215062010","is_ascension_mode":false,"campfire_choices":[{"data":"Thunderclap","floor":8,"key":"SMITH"},{"data":"Uppercut","floor":16,"key":"SMITH"},{"data":"Anger","floor":25,"key":"SMITH"},{"data":"Headbutt","floor":31,"key":"SMITH"},{"floor":33,"key":"REST"},{"data":"Cleave","floor":41,"key":"SMITH"},{"data":"Cleave","floor":50,"key":"SMITH"}],"circlet_count":0,"master_deck":["Defend_R","Bash","Reckless Charge","Thunderclap+1","Uppercut+1","Shrug It Off","Cleave+1","Headbutt+1","Cleave+1","Pummel","Anger+1","Spot Weakness","Sword Boomerang+1","Twin Strike"],"relics":["Burning Blood","Tiny Chest","Charon\u0027s Ashes","Regal Pillow","Ice Cream","PreservedInsect","HornCleat","Busted Crown","MerchantsRug","Red Mask","Smiling Mask","Bronze Scales","Sozu","Toxic Egg 2","Eternal Feather","Mercury Hourglass","ClockworkSouvenir"],"acts_visited":["Exordium","TheCity","TheBeyond"],"potions_floor_usage":[15,20,21,51,51],"damage_taken":[{"damage":0,"enemies":"2 Louse","floor":1,"turns":2},{"damage":0,"enemies":"3 Shapes","floor":5,"turns":1},{"damage":32,"enemies":"Gremlin Nob","floor":7,"turns":5},{"damage":0,"enemies":"Cultist","floor":9,"turns":3},{"damage":6,"enemies":"Exordium Wildlife","floor":12,"turns":4},{"damage":8,"enemies":"3 Sentries","floor":14,"turns":4},{"damage":0,"enemies":"Large Slime","floor":15,"turns":4},{"damage":16,"enemies":"Slime Boss","floor":17,"turns":9},{"damage":2,"enemies":"Chosen","floor":19,"turns":4},{"damage":10,"enemies":"Shell Parasite","floor":20,"turns":3},{"damage":0,"enemies":"3 Cultists","floor":21,"turns":4},{"damage":0,"enemies":"Masked Bandits","floor":23,"turns":3},{"damage":29,"enemies":"Slavers","floor":24,"turns":5},{"damage":10,"enemies":"Snake Plant","floor":26,"turns":4},{"damage":0,"enemies":"Gremlin Leader","floor":28,"turns":3},{"damage":14,"enemies":"Centurion and Healer","floor":30,"turns":4},{"damage":27,"enemies":"Collector","floor":34,"turns":6},{"damage":10,"enemies":"3 Darklings","floor":36,"turns":3},{"damage":10,"enemies":"3 Shapes","floor":37,"turns":3},{"damage":0,"enemies":"Spire Growth","floor":39,"turns":4},{"damage":20,"enemies":"Jaw Worm Horde","floor":43,"turns":3},{"damage":0,"enemies":"Sphere and 2 Shapes","floor":46,"turns":3},{"damage":0,"enemies":"Transient","floor":47,"turns":5},{"damage":17,"enemies":"4 Shapes","floor":48,"turns":1},{"damage":57,"enemies":"Awakened One","floor":51,"turns":7}],"seed_played":"6959491986771659545","potions_obtained":[{"floor":1,"key":"Explosive Potion"},{"floor":7,"key":"SkillPotion"},{"floor":11,"key":"Strength Potion"},{"floor":17,"key":"Fire Potion"},{"floor":20,"key":"ColorlessPotion"},{"floor":23,"key":"PowerPotion"},{"floor":30,"key":"HeartOfIron"}],"is_trial":false,"path_per_floor":["M","?","$","M","M","T","E","R","M","T","?","M","T","E","M","R","B",null,"M","M","M","$","?","E","R","M","T","E","$","M","R","?","R","B",null,"M","M","?","M","$","R","T","M","T","$","M","M","M","$","R","B",null],"character_chosen":"IRONCLAD","items_purchased":["MerchantsRug","Toxic Egg 2","ClockworkSouvenir"],"campfire_rested":1,"item_purchase_floors":[22,40,49],"current_hp_per_floor":[80,77,77,77,80,80,54,54,60,60,60,60,60,58,64,64,54,80,80,76,80,80,80,57,57,53,53,59,59,51,51,51,80,59,80,76,72,72,78,78,78,78,64,64,64,70,76,65,65,71,20],"gold":114,"neow_bonus":"RANDOM_COMMON_RELIC","is_daily":false,"chose_seed":false,"campfire_upgraded":6,"win_rate":0.0,"timestamp":1607980810,"path_taken":["M","?","$","M","?","E","R","M","T","?","M","?","E","M","R","BOSS","M","M","M","$","?","E","R","M","T","E","$","M","R","?","R","BOSS","M","M","?","M","$","R","?","M","T","$","M","M","M","$","R","BOSS"],"items_purchased_type":["Relic","Relic","Relic"],"build_version":"2020-12-13","purchased_purges":6,"victory":true,"max_hp_per_floor":[80,80,80,80,80,80,80,80,80,80,80,80,80,80,80,80,80,80,80,80,80,80,80,80,80,80,80,80,80,80,80,80,80,80,80,80,80,80,80,80,80,80,80,80,80,80,80,80,80,80,80],"card_choices":[{"not_picked":["Twin Strike","Fire Breathing"],"picked":"Reckless Charge","floor":1},{"not_picked":["Anger","Body Slam"],"picked":"Thunderclap","floor":5},{"not_picked":["Dark Embrace","Clothesline"],"picked":"Uppercut","floor":7},{"not_picked":["Second Wind","Armaments"],"picked":"Shrug It Off","floor":9},{"not_picked":["Anger","Impervious"],"picked":"Cleave","floor":12},{"not_picked":["Bloodletting","Combust"],"picked":"Headbutt","floor":14},{"not_picked":["Twin Strike","Clash"],"picked":"Cleave","floor":15},{"not_picked":["Heavy Blade"],"picked":"SKIP","floor":19},{"not_picked":[],"picked":"Pummel","floor":20},{"not_picked":["Wild Strike"],"picked":"SKIP","floor":21},{"not_picked":[],"picked":"Anger","floor":23},{"not_picked":[],"picked":"Spot Weakness","floor":24},{"not_picked":["True Grit"],"picked":"SKIP","floor":26},{"not_picked":[],"picked":"Sword Boomerang+1","floor":28},{"not_picked":["Havoc"],"picked":"SKIP","floor":30},{"not_picked":["Flex+1"],"picked":"SKIP","floor":36},{"not_picked":["Whirlwind+1"],"picked":"SKIP","floor":37},{"not_picked":["Dual Wield+1"],"picked":"SKIP","floor":39},{"not_picked":["Pommel Strike"],"picked":"SKIP","floor":43},{"not_picked":["Entrench+1"],"picked":"SKIP","floor":46},{"not_picked":["Shockwave+1"],"picked":"SKIP","floor":47},{"not_picked":["Iron Wave"],"picked":"SKIP","floor":48}],"player_experience":122431,"relics_obtained":[{"floor":6,"key":"Regal Pillow"},{"floor":7,"key":"Ice Cream"},{"floor":10,"key":"PreservedInsect"},{"floor":13,"key":"MawBank"},{"floor":14,"key":"HornCleat"},{"floor":23,"key":"Red Mask"},{"floor":24,"key":"Smiling Mask"},{"floor":27,"key":"Bronze Scales"},{"floor":28,"key":"Potion Belt"},{"floor":42,"key":"Eternal Feather"},{"floor":44,"key":"Mercury Hourglass"}],"event_choices":[{"damage_healed":0,"gold_gain":0,"player_choice":"Success","damage_taken":3,"relics_obtained":["Charon\u0027s Ashes"],"max_hp_gain":0,"max_hp_loss":0,"event_name":"Scrap Ooze","floor":2,"gold_loss":0},{"damage_healed":0,"gold_gain":0,"player_choice":"Got Potions","damage_taken":0,"max_hp_gain":0,"max_hp_loss":0,"event_name":"Lab","floor":11,"gold_loss":0},{"damage_healed":0,"gold_gain":0,"player_choice":"Fought Bandits","damage_taken":0,"max_hp_gain":0,"max_hp_loss":0,"event_name":"Masked Bandits","floor":23,"gold_loss":0},{"cards_removed":["Strike_R"],"damage_healed":0,"gold_gain":0,"player_choice":"Gave Gold","damage_taken":0,"max_hp_gain":0,"max_hp_loss":0,"event_name":"Beggar","floor":32,"gold_loss":75},{"damage_healed":0,"gold_gain":0,"cards_transformed":["Strike_R"],"player_choice":"Transformed","damage_taken":0,"max_hp_gain":0,"max_hp_loss":0,"event_name":"Transmorgrifier","floor":38,"gold_loss":0,"cards_obtained":["Twin Strike"]}],"is_beta":false,"boss_relics":[{"not_picked":["Black Blood","SlaversCollar"],"picked":"Busted Crown"},{"not_picked":["Fusion Hammer","Cursed Key"],"picked":"Sozu"}],"items_purged_floors":[3,22,29,40,45,49],"is_endless":false,"potions_floor_spawned":[1,7,17,20,23,30,36,37,43,48],"ascension_level":0}}