{"host":"5pvsezzv96u4cz40","time":1607975729,"event":{"mods":["Act Like it!","BaseMod","BetterRewards","CapriCore","Colored Map","Colored Powertips","GifTheSpireLib","Hermit","Hubris","Infinite Spire","Menagerie","Minty Spire (QoL Compilation)","Replay The Spire","Shop Mod","StSLib","The Construct","The Necromancer","The Servant 0.9.4","The Vixen","??????REMEMod"],"gold_per_floor":[114,129,144,159,23,23,23,23],"floor_reached":7,"playtime":689,"items_purged":[],"score":43,"play_id":"43786492-bc63-45e9-91b7-57766dd4c5a1","local_time":"20201214205529","daily_mods":["Cursed Run","Diverse","DeadlyEvents"],"is_ascension_mode":false,"campfire_choices":[{"data":"REME_PuzzleBox","floor":6,"key":"SMITH"}],"circlet_count":0,"master_deck":["Strike_G","Strike_G","Strike_G","Strike_G","Strike_G","Defend_G","Defend_G","Defend_G","Defend_G","Defend_G","Survivor","Neutralize","REME_PuzzleBox+1","Beam Cell","TheVixenMod:FlameBody","Ricochet","Twin Strike","FastForward","Toxic_Smoke_Screen+1"],"relics":["Cursed Key","Darkstone Periapt","Du-Vu Doll","REME_ComplimentaryCards"],"acts_visited":["Exordium"],"potions_floor_usage":[3,7],"damage_taken":[{"damage":0,"enemies":"Cultist","floor":1,"turns":2},{"damage":0,"enemies":"Small Slimes","floor":2,"turns":3},{"damage":0,"enemies":"2 Louse","floor":3,"turns":2},{"damage":9,"enemies":"Gremlin Gang","floor":4,"turns":4},{"damage":67,"enemies":"Gremlin Nob","floor":7,"turns":6}],"seed_played":"1880613833527945180","potions_obtained":[{"floor":2,"key":"SteroidPotion"},{"floor":4,"key":"Dexterity Potion"}],"is_trial":false,"path_per_floor":["M","M","M","M","$","R","E"],"character_chosen":"THE_SILENT","items_purchased":["Twin Strike","FastForward","Toxic_Smoke_Screen+1"],"campfire_rested":0,"item_purchase_floors":[5,5,5],"current_hp_per_floor":[70,70,70,61,61,61,0,0],"gold":23,"neow_bonus":"","is_daily":true,"chose_seed":false,"campfire_upgraded":1,"win_rate":0.0,"timestamp":1607975729,"path_taken":["M","M","M","M","$","R","E"],"items_purchased_type":["Card","Card","Card"],"build_version":"2020-12-13","purchased_purges":0,"victory":false,"max_hp_per_floor":[70,70,70,70,70,70,70,70],"card_choices":[{"not_picked":["Deaths_Shadow","Negative_Energy_Javelin"],"picked":"Beam Cell","floor":1},{"not_picked":["hermit:Brawl","hermit:Desperado"],"picked":"TheVixenMod:FlameBody","floor":2},{"not_picked":["Negative_Energy_Shield","hermit:LoneWolf","RealityMarble"],"picked":"SKIP","floor":3},{"not_picked":["hermit:Cheat","TheVixenMod:FlameWheel"],"picked":"Ricochet","floor":4}],"player_experience":102357,"relics_obtained":[],"event_choices":[],"is_beta":false,"boss_relics":[],"items_purged_floors":[],"is_endless":false,"potions_floor_spawned":[2,4],"killed_by":"Gremlin Nob","ascension_level":0}}