{"host":"x6tlfgqpy55vgxdn","time":1607958531,"event":{"mods":["AchievementEnabler","BaseMod","DeckTracker","Minty Spire (QoL Compilation)","Permanent Neow","StSLib","SuperFastMode"],"gold_per_floor":[113,113,113,113,129,129,162,172,172,172,183,211,211,211,211,288,288,308,308,324,524,194,227,237,237,237,252,252,58,86,105,105,182,182,201,220,235,249,249,283,283,311,311,65,65,75,94,56,56,56],"floor_reached":51,"playtime":2229,"items_purged":["Strike_P","Defend_P+1"],"score":1403,"play_id":"fcce8e06-d3ad-402a-9187-81910a9aa98a","local_time":"20201215000851","is_ascension_mode":true,"campfire_choices":[{"data":"Eruption","floor":6.0,"key":"SMITH"},{"floor":10.0,"key":"REST"},{"data":"Crescendo","floor":15.0,"key":"SMITH"},{"data":"EmptyBody","floor":25.0,"key":"SMITH"},{"data":"Wallop","floor":28.0,"key":"SMITH"},{"data":"Fasting2","floor":49,"key":"SMITH"}],"circlet_count":0,"master_deck":["AscendersBane","Strike_P+1","Vigilance+1","EmptyBody+1","DeceiveReality+1","Crescendo+1","Consecrate+1","LessonLearned+1","DeusExMachina+1","Discovery+1","Tantrum+1","Wallop+1","MentalFortress+1","Study+1","DevaForm+1","Panacea+1","Secret Technique+1","Secret Weapon+1","Omniscience+1","Fasting2+1","Tantrum"],"relics":["PureWater","Mummified Hand","Letter Opener","White Beast Statue","Incense Burner","Coffee Dripper","Enchiridion","Oddly Smooth Stone","PreservedInsect","CloakClasp","Medical Kit","Akabeko","Empty Cage","Art of War","Bottled Flame","Shuriken","OrangePellets"],"acts_visited":["Exordium","TheCity","TheBeyond"],"potions_floor_usage":[37,38,40,40,50,50],"damage_taken":[{"damage":1.0,"enemies":"2 Louse","floor":1.0,"turns":2.0},{"damage":0.0,"enemies":"Small Slimes","floor":5.0,"turns":5.0},{"damage":8.0,"enemies":"3 Sentries","floor":7.0,"turns":9.0},{"damage":3.0,"enemies":"Jaw Worm","floor":8.0,"turns":3.0},{"damage":3.0,"enemies":"Looter","floor":11.0,"turns":3.0},{"damage":11.0,"enemies":"Gremlin Nob","floor":12.0,"turns":4.0},{"damage":2.0,"enemies":"Slime Boss","floor":16.0,"turns":9.0},{"damage":0.0,"enemies":"Spheric Guardian","floor":18.0,"turns":3.0},{"damage":5.0,"enemies":"3 Byrds","floor":20.0,"turns":4.0},{"damage":4.0,"enemies":"Slavers","floor":23.0,"turns":3.0},{"damage":0.0,"enemies":"Centurion and Healer","floor":24.0,"turns":4.0},{"damage":2.0,"enemies":"Snecko","floor":27.0,"turns":5.0},{"damage":0.0,"enemies":"Gremlin Leader","floor":30.0,"turns":1.0},{"damage":0.0,"enemies":"Snake Plant","floor":31.0,"turns":4.0},{"damage":1,"enemies":"Champ","floor":33,"turns":7},{"damage":0,"enemies":"3 Shapes","floor":35,"turns":2},{"damage":0,"enemies":"3 Darklings","floor":36,"turns":3},{"damage":0,"enemies":"4 Shapes","floor":37,"turns":2},{"damage":1,"enemies":"Writhing Mass","floor":38,"turns":4},{"damage":0,"enemies":"Giant Head","floor":40,"turns":5},{"damage":39,"enemies":"Nemesis","floor":42,"turns":5},{"damage":0,"enemies":"Maw","floor":46,"turns":5},{"damage":0,"enemies":"3 Darklings","floor":47,"turns":3},{"damage":0,"enemies":"Donu and Deca","floor":50,"turns":4}],"seed_played":"3854640119716384702","potions_obtained":[{"floor":1.0,"key":"Ancient Potion"},{"floor":11.0,"key":"Strength Potion"},{"floor":12.0,"key":"LiquidMemories"},{"floor":16.0,"key":"BottledMiracle"},{"floor":23.0,"key":"PowerPotion"},{"floor":27.0,"key":"Swift Potion"},{"floor":30.0,"key":"Block Potion"},{"floor":31.0,"key":"Swift Potion"},{"floor":37,"key":"Regen Potion"},{"floor":38,"key":"SkillPotion"},{"floor":40,"key":"Ancient Potion"},{"floor":42,"key":"ColorlessPotion"},{"floor":47,"key":"ColorlessPotion"}],"is_trial":false,"path_per_floor":["M","?","?","?","M","R","E","M","T","R","M","E","?","?","R","B",null,"M","?","M","?","$","E","M","R","T","M","R","$","E","M","R","B",null,"M","M","M","M","?","E","?","E","T","$","?","M","M","$","R","B",null],"character_chosen":"WATCHER","items_purchased":["Oddly Smooth Stone","Discovery","Medical Kit","MentalFortress","OrangePellets","Tantrum"],"campfire_rested":1,"item_purchase_floors":[22,22,29,29,44,48],"current_hp_per_floor":[64,64,57,45,45,45,37,34,34,55,52,41,46,31,31,29,65,65,49,44,44,44,40,40,40,40,38,38,38,38,38,38,37,67,67,67,67,75,65,65,65,26,26,26,26,26,26,26,26,26],"gold":56,"neow_bonus":"TRANSFORM_CARD","is_daily":false,"chose_seed":false,"campfire_upgraded":5,"win_rate":0.0,"timestamp":1607958531,"path_taken":["M","?","?","?","M","R","E","M","T","R","?","E","?","?","R","BOSS","M","?","M","?","$","E","?","R","T","M","R","?","E","M","R","BOSS","M","?","M","M","?","E","?","E","T","?","?","M","M","$","R","BOSS"],"items_purchased_type":["Relic","Card","Relic","Card","Relic","Card"],"build_version":"2020-12-13","purchased_purges":2,"victory":true,"max_hp_per_floor":[72,72,72,72,72,72,72,72,72,72,72,72,77,77,77,77,77,77,77,77,77,77,77,77,77,77,77,77,77,77,77,77,77,77,77,77,77,77,77,77,77,77,77,77,77,77,77,77,77,77],"card_choices":[{"not_picked":["Halt","ClearTheMind"],"picked":"DeceiveReality","floor":1.0},{"not_picked":["PathToVictory","SashWhip"],"picked":"Consecrate","floor":5.0},{"not_picked":["EmptyBody","Prostrate"],"picked":"LessonLearned","floor":7.0},{"not_picked":["BattleHymn","SandsOfTime","EmptyMind"],"picked":"SKIP","floor":8.0},{"not_picked":["JustLucky","PathToVictory","FlyingSleeves"],"picked":"SKIP","floor":11.0},{"not_picked":["Crescendo","ThirdEye","Nirvana"],"picked":"SKIP","floor":12.0},{"not_picked":["Blasphemy","Brilliance"],"picked":"DeusExMachina","floor":16.0},{"not_picked":["DeceiveReality","SashWhip","CutThroughFate"],"picked":"SKIP","floor":18.0},{"not_picked":["CarveReality","Halt","CrushJoints"],"picked":"SKIP","floor":20.0},{"not_picked":["Devotion","SignatureMove"],"picked":"Tantrum","floor":23.0},{"not_picked":["Vengeance","ClearTheMind","EmptyFist"],"picked":"SKIP","floor":24.0},{"not_picked":["FlyingSleeves","Vengeance"],"picked":"Wallop","floor":27.0},{"not_picked":["CutThroughFate","FearNoEvil"],"picked":"Study","floor":30.0},{"not_picked":["CrushJoints","Crescendo","Evaluate"],"picked":"SKIP","floor":31.0},{"not_picked":["Vault","ConjureBlade"],"picked":"DevaForm","floor":33},{"not_picked":["EmptyBody","Pray","Evaluate"],"picked":"SKIP","floor":35},{"not_picked":["Vengeance+1","Crescendo","SandsOfTime+1"],"picked":"SKIP","floor":36},{"not_picked":["ForeignInfluence","ClearTheMind+1","Prostrate"],"picked":"SKIP","floor":37},{"not_picked":["Wireheading+1","SandsOfTime","SashWhip+1"],"picked":"SKIP","floor":38},{"not_picked":["Secret Technique","Secret Weapon"],"picked":"Panacea","floor":39},{"not_picked":["Secret Weapon","Bandage Up"],"picked":"Secret Technique","floor":39},{"not_picked":["Swift Strike","Purity"],"picked":"Secret Weapon","floor":39},{"not_picked":["EmptyBody","CarveReality"],"picked":"Omniscience","floor":40},{"not_picked":["PathToVictory","Protect","CrushJoints+1"],"picked":"SKIP","floor":42},{"not_picked":["Pray+1","PathToVictory+1","CutThroughFate"],"picked":"SKIP","floor":46},{"not_picked":["Pray+1","PathToVictory+1","CutThroughFate"],"picked":"SKIP","floor":46},{"not_picked":["Pray+1","PathToVictory+1","CutThroughFate"],"picked":"SKIP","floor":46},{"not_picked":["Pray+1","PathToVictory+1","CutThroughFate"],"picked":"SKIP","floor":46},{"not_picked":["FlurryOfBlows","WreathOfFlame"],"picked":"Fasting2","floor":47}],"player_experience":156315,"relics_obtained":[{"floor":7.0,"key":"Letter Opener"},{"floor":9.0,"key":"White Beast Statue"},{"floor":12.0,"key":"Incense Burner"},{"floor":19.0,"key":"Enchiridion"},{"floor":23.0,"key":"PreservedInsect"},{"floor":26.0,"key":"CloakClasp"},{"floor":30.0,"key":"Akabeko"},{"floor":40,"key":"Art of War"},{"floor":42,"key":"Bottled Flame"},{"floor":43,"key":"Shuriken"}],"event_choices":[{"damage_healed":0.0,"max_hp_gain":0.0,"max_hp_loss":0.0,"gold_gain":0.0,"cards_transformed":["Defend_P"],"event_name":"Living Wall","player_choice":"Change","floor":2.0,"gold_loss":0.0,"damage_taken":0.0,"cards_obtained":["Crescendo"]},{"cards_removed":["Strike_P"],"damage_healed":0.0,"max_hp_gain":0.0,"max_hp_loss":0.0,"gold_gain":0.0,"event_name":"Golden Wing","player_choice":"Card Removal","floor":3.0,"gold_loss":0.0,"damage_taken":7.0},{"damage_healed":0.0,"max_hp_gain":0.0,"max_hp_loss":0.0,"gold_gain":0.0,"event_name":"Scrap Ooze","player_choice":"Success","floor":4.0,"gold_loss":0.0,"damage_taken":12.0,"relics_obtained":["Mummified Hand"]},{"damage_healed":0.0,"max_hp_gain":5.0,"max_hp_loss":0.0,"gold_gain":0.0,"event_name":"Big Fish","player_choice":"Donut","floor":13.0,"gold_loss":0.0,"damage_taken":0.0},{"damage_healed":0.0,"max_hp_gain":0.0,"max_hp_loss":0.0,"gold_gain":0.0,"event_name":"Shining Light","player_choice":"Entered Light","floor":14.0,"gold_loss":0.0,"damage_taken":15.0,"cards_upgraded":["Defend_P","Strike_P"]},{"damage_healed":0.0,"max_hp_gain":0.0,"max_hp_loss":0.0,"gold_gain":0.0,"event_name":"Cursed Tome","player_choice":"Obtained Book","floor":19.0,"gold_loss":0.0,"damage_taken":16.0},{"damage_healed":0.0,"max_hp_gain":0.0,"max_hp_loss":0.0,"gold_gain":200.0,"event_name":"Wheel of Change","player_choice":"Gold","floor":21.0,"gold_loss":0.0,"damage_taken":0.0},{"damage_healed":0,"gold_gain":0,"player_choice":"Memory 3","damage_taken":10,"max_hp_gain":0,"max_hp_loss":0,"event_name":"SensoryStone","floor":39,"gold_loss":0},{"damage_healed":0,"gold_gain":0,"player_choice":"Ignored","damage_taken":0,"max_hp_gain":0,"max_hp_loss":0,"event_name":"Tomb of Lord Red Mask","floor":41,"gold_loss":0},{"cards_removed":["Eruption"],"damage_healed":0,"gold_gain":0,"player_choice":"Removed Attack","damage_taken":0,"max_hp_gain":0,"max_hp_loss":0,"event_name":"Falling","floor":45,"gold_loss":0}],"is_beta":false,"boss_relics":[{"not_picked":["Pandora\u0027s Box","Black Star"],"picked":"Coffee Dripper"},{"not_picked":["Sozu","Runic Dome"],"picked":"Empty Cage"}],"items_purged_floors":[22,44],"is_endless":false,"potions_floor_spawned":[1,11,12,16,18,20,23,24,27,30,31,33,35,36,37,38,40,42,46,47],"ascension_level":13}}