{"host":"i09pxcjttd31eh4q","time":1607912606,"event":{"mods":["AchievementEnabler","BaseMod","Colored Map","Keyboard Shortcuts","Minty Spire (QoL Compilation)","StSLib","SuperFastMode"],"gold_per_floor":[114,114,189,189,202,202,236,260,260,276,294,294,329,341,341,416,416,428,439,32,32,49,77,77,89,89,89,122,155,155,180,180,255,255,267,267,283,283,100,126,126,161,173,220,265,302,340,6,6,6],"floor_reached":51,"playtime":1416,"items_purged":["Strike_P","Defend_P","Strike_P"],"score":2211,"play_id":"7203c233-2608-4433-a4fb-f41c5064d25b","local_time":"20201214112326","is_ascension_mode":true,"campfire_choices":[{"data":"Eruption","floor":6.0,"key":"SMITH"},{"data":"MentalFortress","floor":15.0,"key":"SMITH"},{"data":"FlurryOfBlows","floor":24.0,"key":"SMITH"},{"data":"FollowUp","floor":27.0,"key":"SMITH"},{"data":"FlurryOfBlows","floor":30.0,"key":"SMITH"},{"data":"WheelKick","floor":32.0,"key":"SMITH"},{"data":"Adaptation","floor":41.0,"key":"SMITH"},{"data":"Vigilance","floor":49,"key":"SMITH"}],"circlet_count":0,"master_deck":["AscendersBane","Eruption+1","Vigilance+1","WheelKick+1","FollowUp+1","FlurryOfBlows+1","MentalFortress+1","Evaluate+1","Brilliance+1","FearNoEvil","FlurryOfBlows+1","MentalFortress+1","Adaptation+1"],"relics":["PureWater","NeowsBlessing","Shuriken","Odd Mushroom","Eternal Feather","Singing Bowl","Meat on the Bone","Astrolabe","Bag of Marbles","Nunchaku","Happy Flower","Matryoshka","WingedGreaves","Red Mask","Boot","Coffee Dripper","Ginger","MawBank","Vajra","Gremlin Horn","Question Card","HornCleat","Mango","Pear","Juzu Bracelet"],"acts_visited":["Exordium","TheCity","TheBeyond"],"potions_floor_usage":[46,50,50,50,50],"damage_taken":[{"damage":0.0,"enemies":"Small Slimes","floor":1.0,"turns":1.0},{"damage":0.0,"enemies":"2 Louse","floor":5.0,"turns":1.0},{"damage":0.0,"enemies":"Lagavulin","floor":7.0,"turns":1.0},{"damage":4.0,"enemies":"The Mushroom Lair","floor":8.0,"turns":3.0},{"damage":7.0,"enemies":"Jaw Worm","floor":10.0,"turns":3.0},{"damage":0.0,"enemies":"Large Slime","floor":11.0,"turns":3.0},{"damage":0.0,"enemies":"3 Sentries","floor":13.0,"turns":3.0},{"damage":5.0,"enemies":"3 Louse","floor":14.0,"turns":2.0},{"damage":0.0,"enemies":"Slime Boss","floor":16.0,"turns":4.0},{"damage":11.0,"enemies":"Shell Parasite","floor":18.0,"turns":3.0},{"damage":0.0,"enemies":"Spheric Guardian","floor":19.0,"turns":2.0},{"damage":4.0,"enemies":"Snecko","floor":22.0,"turns":3.0},{"damage":27.0,"enemies":"Book of Stabbing","floor":23.0,"turns":3.0},{"damage":2.0,"enemies":"Cultist and Chosen","floor":25.0,"turns":3.0},{"damage":0.0,"enemies":"Gremlin Leader","floor":28.0,"turns":3.0},{"damage":0.0,"enemies":"Masked Bandits","floor":29.0,"turns":2.0},{"damage":2.0,"enemies":"Slavers","floor":31.0,"turns":2.0},{"damage":0.0,"enemies":"Collector","floor":33.0,"turns":4.0},{"damage":2.0,"enemies":"3 Darklings","floor":35.0,"turns":3.0},{"damage":0.0,"enemies":"Orb Walker","floor":37.0,"turns":1.0},{"damage":8.0,"enemies":"Reptomancer","floor":40.0,"turns":3.0},{"damage":47,"enemies":"Nemesis","floor":42,"turns":5},{"damage":4,"enemies":"Reptomancer","floor":44,"turns":3},{"damage":0,"enemies":"Giant Head","floor":45,"turns":4},{"damage":0,"enemies":"Mind Bloom Boss Battle","floor":46,"turns":2},{"damage":0,"enemies":"Reptomancer","floor":47,"turns":2},{"damage":2,"enemies":"Awakened One","floor":50,"turns":4}],"seed_played":"-1419446077797875322","potions_obtained":[{"floor":1.0,"key":"Swift Potion"},{"floor":10.0,"key":"AttackPotion"},{"floor":13.0,"key":"FearPotion"},{"floor":16.0,"key":"DuplicationPotion"},{"floor":22.0,"key":"Energy Potion"},{"floor":25.0,"key":"EntropicBrew"},{"floor":35.0,"key":"LiquidMemories"},{"floor":40.0,"key":"SteroidPotion"},{"floor":46,"key":"Fruit Juice"}],"is_trial":false,"path_per_floor":["M","?","?","?","M","R","E","?","T","M","M","?","E","M","R","B",null,"M","M","$","$","M","E","R","M","T","R","E","?","R","E","R","B",null,"M","?","M","?","$","E","R","E","T","E","E","?","E","$","R","B",null],"character_chosen":"WATCHER","items_purchased":["Bag of Marbles","Nunchaku","Adaptation","Strength Potion","Juzu Bracelet"],"campfire_rested":0,"item_purchase_floors":[20,20,39,48,48],"current_hp_per_floor":[61,61,50,43,43,43,43,39,39,32,32,32,34,41,47,49,66,57,59,59,59,57,44,50,50,50,56,56,56,62,62,68,70,82,82,82,84,84,84,78,84,51,51,61,63,84,96,96,102,100],"gold":6,"neow_bonus":"THREE_ENEMY_KILL","is_daily":false,"chose_seed":false,"campfire_upgraded":8,"win_rate":0.0,"timestamp":1607912606,"path_taken":["M","?","?","?","?","R","E","?","T","M","M","?","E","M","R","BOSS","M","?","$","?","M","E","R","M","T","R","E","?","R","E","R","BOSS","M","?","?","?","$","E","R","E","T","E","E","?","E","$","R","BOSS"],"items_purchased_type":["Relic","Relic","Card","Potion","Relic"],"build_version":"2020-12-13","purchased_purges":3,"victory":true,"max_hp_per_floor":[68,68,68,68,68,68,68,68,68,68,68,68,70,70,70,72,72,74,76,76,76,78,80,80,82,82,82,82,82,82,84,84,86,86,88,88,90,90,90,92,92,94,94,96,98,119,131,131,131,131],"card_choices":[{"not_picked":["ForeignInfluence","Crescendo"],"picked":"WheelKick","floor":1.0},{"not_picked":["Evaluate","Prostrate","InnerPeace"],"picked":"SKIP","floor":5.0},{"not_picked":["Crescendo","BowlingBash"],"picked":"FollowUp","floor":7.0},{"not_picked":["EmptyMind","Nirvana","WaveOfTheHand"],"picked":"SKIP","floor":10.0},{"not_picked":["Prostrate","DeceiveReality"],"picked":"FlurryOfBlows","floor":11.0},{"not_picked":["ReachHeaven","Meditate","BattleHymn"],"picked":"Singing Bowl","floor":13.0},{"not_picked":["Indignation","Protect"],"picked":"MentalFortress","floor":14.0},{"not_picked":["LessonLearned","Establishment","ConjureBlade"],"picked":"Singing Bowl","floor":16.0},{"not_picked":["ForeignInfluence","Halt","FollowUp"],"picked":"Singing Bowl","floor":18.0},{"not_picked":["FollowUp","ClearTheMind","Collect+1"],"picked":"Singing Bowl","floor":19.0},{"not_picked":["Evaluate","EmptyBody","WreathOfFlame"],"picked":"Singing Bowl","floor":22.0},{"not_picked":["WaveOfTheHand","Establishment","SashWhip"],"picked":"Singing Bowl","floor":23.0},{"not_picked":["Meditate","Evaluate+1","WaveOfTheHand"],"picked":"Singing Bowl","floor":25.0},{"not_picked":["WheelKick","SashWhip"],"picked":"FearNoEvil","floor":28.0},{"not_picked":["Conclude","PathToVictory"],"picked":"FlurryOfBlows","floor":29.0},{"not_picked":["ClearTheMind","Devotion","FollowUp"],"picked":"Singing Bowl","floor":31.0},{"not_picked":["SpiritShield","DevaForm","MasterReality"],"picked":"Singing Bowl","floor":33.0},{"not_picked":["FlyingSleeves","Perseverance+1","CrushJoints"],"picked":"Singing Bowl","floor":35.0},{"not_picked":["ThirdEye","DeceiveReality","Study"],"picked":"Singing Bowl","floor":37.0},{"not_picked":["Perseverance+1","Ragnarok","Evaluate"],"picked":"Singing Bowl","floor":40.0},{"not_picked":["PathToVictory","SandsOfTime","Collect+1"],"picked":"Singing Bowl","floor":42},{"not_picked":["EmptyBody","BowlingBash","PathToVictory+1"],"picked":"Singing Bowl","floor":44},{"not_picked":["BowlingBash","MasterReality","Swivel","Consecrate+1"],"picked":"Singing Bowl","floor":45},{"not_picked":["SashWhip+1","FlurryOfBlows","FearNoEvil","Protect"],"picked":"Singing Bowl","floor":46},{"not_picked":["BattleHymn","Tantrum","Collect","Crescendo"],"picked":"Singing Bowl","floor":47}],"player_experience":726459,"relics_obtained":[{"floor":7.0,"key":"Shuriken"},{"floor":8.0,"key":"Odd Mushroom"},{"floor":9.0,"key":"Eternal Feather"},{"floor":13.0,"key":"Meat on the Bone"},{"floor":23.0,"key":"Happy Flower"},{"floor":26.0,"key":"Matryoshka"},{"floor":28.0,"key":"WingedGreaves"},{"floor":29.0,"key":"Red Mask"},{"floor":31.0,"key":"Boot"},{"floor":40.0,"key":"Ginger"},{"floor":42,"key":"MawBank"},{"floor":43,"key":"Vajra"},{"floor":43,"key":"Gremlin Horn"},{"floor":44,"key":"Question Card"},{"floor":45,"key":"HornCleat"},{"floor":46,"key":"Mango"},{"floor":47,"key":"Pear"}],"event_choices":[{"cards_removed":["Strike_P"],"damage_healed":0.0,"max_hp_gain":0.0,"max_hp_loss":0.0,"gold_gain":0.0,"event_name":"Living Wall","player_choice":"Forget","floor":2.0,"gold_loss":0.0,"damage_taken":0.0},{"damage_healed":0.0,"max_hp_gain":0.0,"max_hp_loss":0.0,"gold_gain":75.0,"event_name":"World of Goop","player_choice":"Gather Gold","floor":3.0,"gold_loss":0.0,"damage_taken":11.0},{"cards_removed":["Defend_P"],"damage_healed":0.0,"max_hp_gain":0.0,"max_hp_loss":0.0,"gold_gain":0.0,"event_name":"Golden Wing","player_choice":"Card Removal","floor":4.0,"gold_loss":0.0,"damage_taken":7.0},{"damage_healed":0.0,"max_hp_gain":0.0,"max_hp_loss":0.0,"gold_gain":0.0,"event_name":"Mushrooms","player_choice":"Fought Mushrooms","floor":8.0,"gold_loss":0.0,"damage_taken":0.0},{"damage_healed":0.0,"max_hp_gain":0.0,"max_hp_loss":0.0,"gold_gain":0.0,"event_name":"WeMeetAgain","player_choice":"Gave Potion","floor":12.0,"gold_loss":0.0,"damage_taken":0.0,"relics_obtained":["Singing Bowl"]},{"damage_healed":0.0,"max_hp_gain":0.0,"max_hp_loss":0.0,"gold_gain":0.0,"event_name":"Masked Bandits","player_choice":"Fought Bandits","floor":29.0,"gold_loss":0.0,"damage_taken":0.0},{"damage_healed":0.0,"max_hp_gain":0.0,"max_hp_loss":0.0,"gold_gain":0.0,"event_name":"Duplicator","player_choice":"Copied","floor":36.0,"gold_loss":0.0,"damage_taken":0.0,"cards_obtained":["MentalFortress"]},{"cards_removed":["Evaluate"],"damage_healed":0.0,"max_hp_gain":0.0,"max_hp_loss":0.0,"gold_gain":0.0,"event_name":"Falling","player_choice":"Removed Skill","floor":38.0,"gold_loss":0.0,"damage_taken":0.0},{"damage_healed":0,"gold_gain":0,"player_choice":"Fight","damage_taken":0,"max_hp_gain":0,"max_hp_loss":0,"event_name":"MindBloom","floor":46,"gold_loss":0}],"is_beta":false,"boss_relics":[{"not_picked":["SacredBark","Runic Dome"],"picked":"Astrolabe"},{"not_picked":["Busted Crown","Runic Pyramid"],"picked":"Coffee Dripper"}],"items_purged_floors":[20,39,48],"is_endless":false,"potions_floor_spawned":[1,10,13,16,22,25,28,31,35,40,46],"ascension_level":19}}