{"host":"Á¤±Û¸µ","time":1607968269,"event":{"mods":["AchievementEnabler","BaseMod","Colored Map","DeckTracker","Highlight Path","Keyboard Shortcuts","Minty Spire (QoL Compilation)","Permanent Neow","Quick Restart","Rare Cards Sparkle","StSLib","SuperFastMode","everything is the same but u backflip on backflip"],"gold_per_floor":[115,115,40,50,70,70,86,86,110,10,30,30,46,64,64,163,163,179,193,193,68,100,100,300,318,318,417,431,281,297,312,312,408,408,425,475,488,502,327,327,362,377,452,452,452,252,268,288,288,288,288,288,288,288],"floor_reached":53,"playtime":1923,"items_purged":["ThirdEye","Alpha","BowlingBash","Worship","Brilliance","Writhe"],"score":808,"play_id":"3b180fb3-8ed2-4344-b90c-d67c0fdb9d39","local_time":"20201215025109","is_ascension_mode":false,"campfire_choices":[{"data":"Eruption","floor":6.0,"key":"SMITH"},{"data":"Ragnarok","floor":15.0,"key":"SMITH"},{"data":"MentalFortress","floor":23.0,"key":"SMITH"},{"floor":32.0,"key":"REST"},{"floor":40.0,"key":"REST"},{"floor":49,"key":"RECALL"},{"floor":52,"key":"REST"}],"circlet_count":0,"master_deck":["Eruption+1","MentalFortress+1","Adaptation+1","FearNoEvil+1","Vigilance+1"],"relics":["VioletLotus"],"acts_visited":["Exordium","TheCity","TheBeyond","TheEnding"],"potions_floor_usage":[],"damage_taken":[{"damage":6.0,"enemies":"Cultist","floor":1.0,"turns":3.0},{"damage":11.0,"enemies":"Jaw Worm","floor":4.0,"turns":3.0},{"damage":13.0,"enemies":"2 Louse","floor":5.0,"turns":3.0},{"damage":8.0,"enemies":"Exordium Thugs","floor":7.0,"turns":3.0},{"damage":18.0,"enemies":"Large Slime","floor":11.0,"turns":5.0},{"damage":0.0,"enemies":"2 Fungi Beasts","floor":13.0,"turns":4.0},{"damage":5.0,"enemies":"3 Louse","floor":14.0,"turns":2.0},{"damage":0.0,"enemies":"Slime Boss","floor":16.0,"turns":5.0},{"damage":10.0,"enemies":"Chosen","floor":18.0,"turns":2.0},{"damage":10.0,"enemies":"3 Byrds","floor":19.0,"turns":4.0},{"damage":0.0,"enemies":"Masked Bandits","floor":22.0,"turns":2.0},{"damage":28.0,"enemies":"Sentry and Sphere","floor":25.0,"turns":4.0},{"damage":20.0,"enemies":"Shelled Parasite and Fungi","floor":28.0,"turns":3.0},{"damage":7.0,"enemies":"Snake Plant","floor":30.0,"turns":2.0},{"damage":0.0,"enemies":"Centurion and Healer","floor":31.0,"turns":2.0},{"damage":6.0,"enemies":"Champ","floor":33.0,"turns":7.0},{"damage":38.0,"enemies":"3 Shapes","floor":35.0,"turns":3.0},{"damage":0.0,"enemies":"Mind Bloom Boss Battle","floor":36.0,"turns":4.0},{"damage":2.0,"enemies":"Orb Walker","floor":37.0,"turns":3.0},{"damage":22.0,"enemies":"Maw","floor":38.0,"turns":5.0},{"damage":8.0,"enemies":"Nemesis","floor":41.0,"turns":5.0},{"damage":0.0,"enemies":"Jaw Worm Horde","floor":42.0,"turns":1.0},{"damage":0.0,"enemies":"3 Darklings","floor":47.0,"turns":1.0},{"damage":0.0,"enemies":"Writhing Mass","floor":48.0,"turns":1.0},{"damage":0,"enemies":"Donu and Deca","floor":50,"turns":2}],"seed_played":"2941216166343925352","potions_obtained":[{"floor":1.0,"key":"ColorlessPotion"},{"floor":5.0,"key":"SpeedPotion"},{"floor":11.0,"key":"Block Potion"},{"floor":14.0,"key":"Weak Potion"},{"floor":16.0,"key":"DistilledChaos"},{"floor":25.0,"key":"GamblersBrew"},{"floor":31.0,"key":"Weak Potion"},{"floor":33.0,"key":"Energy Potion"},{"floor":37.0,"key":"Block Potion"},{"floor":47.0,"key":"Strength Potion"}],"is_trial":false,"path_per_floor":["M","T","$","M","M","R","M","$","T","$","M","?","M","M","R","B",null,"M","M","?","$","?","R","?","M","T","?","M","$","M","M","R","B",null,"M","?","M","M","$","R","E","M","T","?","?","$","M","M","R","B",null,"R","$"],"character_chosen":"WATCHER","items_purchased":[],"campfire_rested":3,"item_purchase_floors":[],"current_hp_per_floor":[66,66,66,55,42,42,34,34,34,34,16,16,16,11,11,11,72,62,52,72,72,72,72,72,44,44,44,24,24,17,17,38,32,72,34,34,32,10,10,31,23,23,23,23,41,41,41,41,41,41,72,72,72,72],"gold":288,"neow_bonus":"BOSS_RELIC","is_daily":false,"chose_seed":false,"campfire_upgraded":3,"win_rate":0.0,"timestamp":1607968269,"path_taken":["M","?","$","M","M","R","M","?","T","$","M","?","?","?","R","BOSS","M","M","?","$","?","R","?","?","T","?","M","$","M","M","R","BOSS","M","?","M","M","$","R","E","M","T","?","?","$","M","M","R","BOSS","R","$"],"items_purchased_type":[],"build_version":"2020-12-07","purchased_purges":6,"victory":false,"max_hp_per_floor":[72,72,72,72,72,72,72,72,72,72,72,72,72,72,72,72,72,72,72,72,72,72,72,72,72,72,72,72,72,72,72,72,72,72,72,72,72,72,72,72,72,72,72,72,72,72,72,72,72,72,72,72,72,72],"card_choices":[{"not_picked":["Sanctity","CutThroughFate","Prostrate"],"picked":"SKIP","floor":1.0},{"not_picked":["Prostrate","CrushJoints","Protect"],"picked":"SKIP","floor":4.0},{"not_picked":["JustLucky","WindmillStrike","Wireheading"],"picked":"SKIP","floor":5.0},{"not_picked":["Perseverance","DevaForm","Collect"],"picked":"SKIP","floor":7.0},{"not_picked":["Wallop","Study","SashWhip"],"picked":"SKIP","floor":11.0},{"not_picked":["Sanctity","Consecrate"],"picked":"MentalFortress","floor":13.0},{"not_picked":["Consecrate","ForeignInfluence","EmptyBody"],"picked":"SKIP","floor":14.0},{"not_picked":["CrushJoints+1","CarveReality","Prostrate"],"picked":"SKIP","floor":18.0},{"not_picked":["JustLucky","Consecrate","Halt+1"],"picked":"SKIP","floor":19.0},{"not_picked":["ClearTheMind+1","FlurryOfBlows","Evaluate+1"],"picked":"SKIP","floor":25.0},{"not_picked":["Protect","CutThroughFate+1","ForeignInfluence"],"picked":"SKIP","floor":28.0},{"not_picked":["LessonLearned","BowlingBash","CutThroughFate"],"picked":"SKIP","floor":30.0},{"not_picked":["Consecrate","Collect","FollowUp"],"picked":"SKIP","floor":31.0},{"not_picked":["FollowUp+1","FlurryOfBlows","SashWhip+1"],"picked":"SKIP","floor":35.0},{"not_picked":["FollowUp","DeceiveReality","Protect"],"picked":"SKIP","floor":37.0},{"not_picked":["CarveReality+1","FlyingSleeves+1","EmptyBody+1"],"picked":"SKIP","floor":38.0},{"not_picked":["Swivel","Meditate","SignatureMove+1"],"picked":"SKIP","floor":41.0},{"not_picked":["WaveOfTheHand+1","BowlingBash+1","Worship+1"],"picked":"SKIP","floor":42.0},{"not_picked":["Vengeance","WheelKick+1","SashWhip"],"picked":"SKIP","floor":47.0},{"not_picked":["WreathOfFlame","Blasphemy","CutThroughFate+1"],"picked":"SKIP","floor":48},{"not_picked":["WreathOfFlame","Blasphemy","CutThroughFate+1"],"picked":"SKIP","floor":48}],"player_experience":466850,"relics_obtained":[],"event_choices":[{"damage_healed":0.0,"max_hp_gain":0.0,"max_hp_loss":0.0,"gold_gain":0.0,"event_name":"Upgrade Shrine","player_choice":"Upgraded","floor":12.0,"gold_loss":0.0,"damage_taken":0.0,"cards_upgraded":["Adaptation"]},{"damage_healed":24.0,"max_hp_gain":0.0,"max_hp_loss":0.0,"gold_gain":0.0,"event_name":"The Library","player_choice":"Heal","floor":20.0,"gold_loss":0.0,"damage_taken":0.0},{"damage_healed":0.0,"max_hp_gain":0.0,"max_hp_loss":0.0,"gold_gain":0.0,"event_name":"Masked Bandits","player_choice":"Fought Bandits","floor":22.0,"gold_loss":0.0,"damage_taken":0.0},{"damage_healed":0.0,"max_hp_gain":0.0,"max_hp_loss":0.0,"gold_gain":200.0,"event_name":"Wheel of Change","player_choice":"Gold","floor":24.0,"gold_loss":0.0,"damage_taken":0.0},{"damage_healed":0.0,"max_hp_gain":0.0,"max_hp_loss":0.0,"gold_gain":99.0,"event_name":"Nest","player_choice":"Stole From Cult","floor":27.0,"gold_loss":0.0,"damage_taken":0.0},{"damage_healed":0.0,"max_hp_gain":0.0,"max_hp_loss":0.0,"gold_gain":0.0,"event_name":"MindBloom","player_choice":"Fight","floor":36.0,"gold_loss":0.0,"damage_taken":0.0},{"damage_healed":0.0,"max_hp_gain":0.0,"max_hp_loss":0.0,"gold_gain":0.0,"event_name":"SensoryStone","player_choice":"Memory 1","floor":44.0,"gold_loss":0.0,"damage_taken":0.0},{"damage_healed":18.0,"max_hp_gain":0.0,"max_hp_loss":0.0,"gold_gain":0.0,"event_name":"Winding Halls","player_choice":"Writhe","floor":45.0,"gold_loss":0.0,"damage_taken":0.0,"cards_obtained":["Writhe"]}],"is_beta":true,"boss_relics":[{"not_picked":["Snecko Eye","Tiny House","SacredBark"]},{"not_picked":["Coffee Dripper","Sozu","SlaversCollar"]}],"items_purged_floors":[3,10,21,29,39,46],"is_endless":false,"potions_floor_spawned":[1,5,11,14,16,19,25,31,33,36,37,47],"ascension_level":0}}