{"host":"jm9833yuloeli2yd","time":1607905309,"event":{"mods":["AchievementEnabler","BaseMod","Better Altar","Better Match","Better Note","Better Sensory Stone","Better Skull","Better Vampires","Colored Map","Colored Powertips","DeckTracker","Minty Spire (QoL Compilation)","Permanent Neow","Quick Restart","Replay The Spire","StSLib","SuperFastMode"],"gold_per_floor":[119,139,150,150,167,167,193,214,288,300,318,318,343,359,359,431,431,447,447,466,479,108,108,108,133,133,151,166,166,166,166],"floor_reached":30,"playtime":1140,"items_purged":["Strike_G"],"score":528,"play_id":"34c1866f-7f57-4764-958d-e2a9e80b57e5","local_time":"20201213192149","is_ascension_mode":true,"campfire_choices":[{"data":"Envenom","floor":6.0,"key":"SMITH"},{"floor":12.0,"key":"REST"},{"data":"ReplayTheSpireMod:Speed Training","floor":15.0,"key":"SMITH"},{"data":"Footwork","floor":23.0,"key":"SMITH"},{"data":"Night Terror","floor":29.0,"key":"SMITH"}],"circlet_count":0,"master_deck":["AscendersBane","Strike_G","Strike_G","Strike_G","Defend_G","Defend_G","Defend_G","Defend_G","Defend_G","Survivor","Neutralize","Envenom+1","Night Terror+1","Riddle With Holes","Envenom","PiercingWail","Corpse Explosion","Replay:Poison Smokescreen","ReplayTheSpireMod:Speed Training+1","Blur","Bullet Time","Deflect","Wraith Form v2","ReplayTheSpireMod:Speed Training+1","Dodge and Roll","Footwork+1","Heel Hook","Heel Hook+1","Poison Darts","Backflip"],"relics":["Ring of the Snake","Pocketwatch","Odd Mushroom","Paper Crane","Smiling Mask","Coffee Dripper","Oddly Smooth Stone","Potion Belt","Mercury Hourglass"],"acts_visited":["Exordium","TheCity"],"potions_floor_usage":[30,30],"damage_taken":[{"damage":8.0,"enemies":"Jaw Worm","floor":1.0,"turns":7.0},{"damage":1.0,"enemies":"Cultist","floor":2.0,"turns":4.0},{"damage":1.0,"enemies":"Small Slimes","floor":3.0,"turns":4.0},{"damage":19.0,"enemies":"Blue Slaver","floor":5.0,"turns":9.0},{"damage":19.0,"enemies":"Lagavulin","floor":7.0,"turns":8.0},{"damage":0.0,"enemies":"The Mushroom Lair","floor":8.0,"turns":2.0},{"damage":0.0,"enemies":"Looter","floor":10.0,"turns":3.0},{"damage":0.0,"enemies":"Exordium Wildlife","floor":11.0,"turns":2.0},{"damage":9.0,"enemies":"3 Sentries","floor":13.0,"turns":3.0},{"damage":6.0,"enemies":"Large Slime","floor":14.0,"turns":6.0},{"damage":8.0,"enemies":"Slime Boss","floor":16.0,"turns":13.0},{"damage":24.0,"enemies":"Spheric Guardian","floor":18.0,"turns":7.0},{"damage":12.0,"enemies":"Shell Parasite","floor":20.0,"turns":8.0},{"damage":5.0,"enemies":"Snake Plant","floor":21.0,"turns":7.0},{"damage":5.0,"enemies":"Replay:Snechameleon","floor":25.0,"turns":8.0},{"damage":14.0,"enemies":"Shelled Parasite and Fungi","floor":27.0,"turns":8.0},{"damage":2.0,"enemies":"Centurion and Healer","floor":28.0,"turns":6.0},{"damage":11,"enemies":"Sentry and Sphere","floor":30,"turns":3}],"seed_played":"3990412010728761791","potions_obtained":[{"floor":1.0,"key":"PowerPotion"},{"floor":3.0,"key":"Swift Potion"},{"floor":8.0,"key":"Explosive Potion"},{"floor":11.0,"key":"Poison Potion"},{"floor":14.0,"key":"Dexterity Potion"},{"floor":18.0,"key":"LiquidBronze"},{"floor":21.0,"key":"SteroidPotion"},{"floor":27.0,"key":"Dexterity Potion"}],"is_trial":false,"path_per_floor":["M","M","M","?","M","R","E","?","T","M","M","R","E","M","R","B",null,"M","?","M","M","$","R","?","E","T","M","M","R","M"],"character_chosen":"THE_SILENT","items_purchased":["Footwork","Oddly Smooth Stone","Heel Hook"],"campfire_rested":1,"item_purchase_floors":[22,22,22],"current_hp_per_floor":[51,50,49,49,30,30,11,11,11,11,11,30,21,15,15,7,51,27,27,15,10,10,10,23,18,18,4,2,2,0,0],"gold":166,"neow_bonus":"ONE_RANDOM_RARE_CARD","is_daily":false,"chose_seed":false,"campfire_upgraded":4,"win_rate":0.0,"timestamp":1607905309,"path_taken":["M","M","M","?","?","R","E","?","T","M","M","R","E","M","R","BOSS","M","?","?","M","$","R","?","E","T","M","M","R","M"],"items_purchased_type":["Card","Relic","Card"],"build_version":"2020-12-13","purchased_purges":1,"victory":false,"max_hp_per_floor":[66,66,66,66,66,66,66,66,66,66,66,66,66,66,66,66,66,66,66,66,66,66,66,66,66,66,66,66,66,66,66],"card_choices":[{"not_picked":["Underhanded Strike","Acrobatics","Cloak And Dagger"],"picked":"SKIP","floor":1.0},{"not_picked":["Outmaneuver","Deadly Poison"],"picked":"Night Terror","floor":2.0},{"not_picked":["Dodge and Roll","Acrobatics"],"picked":"Riddle With Holes","floor":3.0},{"not_picked":["Prepared","ReplayTheSpireMod:Shiv Toss"],"picked":"PiercingWail","floor":5.0},{"not_picked":["Cloak And Dagger","Dodge and Roll"],"picked":"Corpse Explosion","floor":7.0},{"not_picked":["Poisoned Stab","Dodge and Roll"],"picked":"Replay:Poison Smokescreen","floor":8.0},{"not_picked":["Prepared","Sucker Punch"],"picked":"ReplayTheSpireMod:Speed Training","floor":10.0},{"not_picked":["Poison Darts","Sucker Punch"],"picked":"Blur","floor":11.0},{"not_picked":["Blade Dance","Dagger Throw"],"picked":"Bullet Time","floor":13.0},{"not_picked":["All Out Attack","ReplayTheSpireMod:Exploit Weakness"],"picked":"Deflect","floor":14.0},{"not_picked":["A Thousand Cuts","Atom Bomb"],"picked":"Wraith Form v2","floor":16.0},{"not_picked":["ReplayTheSpireMod:The Works","Backflip","Deadly Poison"],"picked":"SKIP","floor":18.0},{"not_picked":["Hidden Blade","Acrobatics+1"],"picked":"Dodge and Roll","floor":20.0},{"not_picked":["Acrobatics","Deadly Poison","Prepared"],"picked":"SKIP","floor":21.0},{"not_picked":["Predator","Terror"],"picked":"Heel Hook+1","floor":25.0},{"not_picked":["Bane","Deflect"],"picked":"Poison Darts","floor":27.0},{"not_picked":["Sucker Punch","Poisoned Stab"],"picked":"Backflip","floor":28.0}],"player_experience":1053934,"relics_obtained":[{"floor":7.0,"key":"Pocketwatch"},{"floor":8.0,"key":"Odd Mushroom"},{"floor":9.0,"key":"Paper Crane"},{"floor":13.0,"key":"Smiling Mask"},{"floor":25.0,"key":"Potion Belt"},{"floor":26.0,"key":"Mercury Hourglass"}],"event_choices":[{"damage_healed":0.0,"max_hp_gain":0.0,"max_hp_loss":0.0,"gold_gain":0.0,"cards_transformed":["Strike_G"],"event_name":"Transmorgrifier","player_choice":"Transformed","floor":4.0,"gold_loss":0.0,"damage_taken":0.0,"cards_obtained":["Envenom"]},{"damage_healed":0.0,"max_hp_gain":0.0,"max_hp_loss":0.0,"gold_gain":0.0,"event_name":"Mushrooms","player_choice":"Fought Mushrooms","floor":8.0,"gold_loss":0.0,"damage_taken":0.0},{"damage_healed":0.0,"max_hp_gain":0.0,"max_hp_loss":0.0,"gold_gain":0.0,"event_name":"Duplicator","player_choice":"Copied","floor":19.0,"gold_loss":0.0,"damage_taken":0.0,"cards_obtained":["ReplayTheSpireMod:Speed Training"]},{"damage_healed":13.0,"max_hp_gain":0.0,"max_hp_loss":0.0,"gold_gain":0.0,"event_name":"The Library","player_choice":"Heal","floor":24.0,"gold_loss":0.0,"damage_taken":0.0}],"is_beta":false,"boss_relics":[{"not_picked":["Philosopher\u0027s Stone","Replay:Ancient Bell"],"picked":"Coffee Dripper"}],"items_purged_floors":[22],"is_endless":false,"potions_floor_spawned":[1,3,8,11,14,18,21,27],"killed_by":"Sentry and Sphere","ascension_level":20}}