{"host":"4zvbxxdl6kueq37o","time":1607969064,"event":{"mods":["Act Like it!","BaseMod","Better Third Choice","Downfall","Minty Spire (QoL Compilation)","Replay The Spire","StSLib"],"gold_per_floor":[99,111,111,111,127,158,184,184,184,184,199,199,53,53,71,174,224,224,235,255,255,268,296,296,296,314,314,314,314,324,344,361,456,456,456,466,466,485,497,497,520,234,284,317,647,662,662,674,674],"floor_reached":50,"playtime":2286,"items_purged":["Sickly"],"score":825,"play_id":"d2b9928f-ebda-419b-8948-9389e0ba1f1f","local_time":"20201214190424","is_ascension_mode":true,"campfire_choices":[{"data":"Slimebound:Split","floor":1.0,"key":"SMITH"},{"data":"Slimebound:TongueLash","floor":3.0,"key":"SMITH"},{"data":"Slimebound:RejuvenatingLick","floor":9.0,"key":"SMITH"},{"data":"Slimebound:MassFeed","floor":18.0,"key":"SMITH"},{"floor":21.0,"key":"RECALL"},{"data":"Slimebound:MassFeed","floor":27.0,"key":"SMITH"},{"data":"Slimebound:Darklings","floor":35.0,"key":"SMITH"},{"data":"Slimebound:MegaLick","floor":37.0,"key":"SMITH"}],"circlet_count":0,"master_deck":["Slimebound:Strike_Slimebound+1","Slimebound:Strike_Slimebound+1","Slimebound:Strike_Slimebound+1","Slimebound:Tackle+1","Slimebound:Defend_Slimebound+1","Slimebound:Defend_Slimebound+1","Slimebound:Defend_Slimebound+1","Slimebound:Defend_Slimebound+1","Slimebound:Split+1","Slimebound:CorrosiveSpit+1","Slimebound:TongueLash+1","Slimebound:SlimeSpikes","Slimebound:GoopSpray","Slimebound:DuplicatedForm","Slimebound:RejuvenatingLick","Slimebound:SplitMire","Slimebound:FirmFortitude+1","Slimebound:ViciousTackle+1","Slimebound:MassFeed+1","Slimebound:SplitAcid","Slimebound:SamplingLick+1","Slimebound:SplitMire+1","Slimebound:FinishingTackle","Slimebound:SamplingLick","Slimebound:MegaLick+1","Slimebound:Replication+1","Slimebound:Darklings+1","Slimebound:FormOfPuddle+1","Slimebound:Gluttony","Slimebound:LeadByExample+1","Slimebound:ForwardTackle+1","Slimebound:DouseInSlime+1","Slimebound:RainOfGoop","Slimebound:SlimeTap+1"],"relics":["Slimebound:AbsorbEndCombat","Du-Vu Doll","Ice Cream","ReplayFunnel","Tiny House","Mercury Hourglass","Pear","Ring of Misfortune","Ring of Searing","Replay:Grab Bag","Replay:Bronze Core","Painkiller Herb","Replay:Drink Me","Black Star","Simple Rune","ReplayTheSpireMod:CursedCoin","Juzu Bracelet","StoneCalendar","Golden Egg","Bottled Lightning","downfall:TeleportStone"],"acts_visited":["Exordium","TheCity","TheBeyond"],"potions_floor_usage":[],"damage_taken":[{"damage":13.0,"enemies":"Jaw Worm","floor":2.0,"turns":3.0},{"damage":12.0,"enemies":"Small Slimes","floor":5.0,"turns":3.0},{"damage":44.0,"enemies":"Gremlin Nob","floor":6.0,"turns":5.0},{"damage":8.0,"enemies":"2 Louse","floor":11.0,"turns":2.0},{"damage":9.0,"enemies":"downfall:FleeingMerchant","floor":13.0,"turns":4.0},{"damage":23.0,"enemies":"Blue Slaver","floor":15.0,"turns":3.0},{"damage":59.0,"enemies":"downfall:Silent","floor":16.0,"turns":7.0},{"damage":49.0,"enemies":"Shell Parasite","floor":19.0,"turns":4.0},{"damage":39.0,"enemies":"Snake Plant","floor":20.0,"turns":4.0},{"damage":32.0,"enemies":"Centurion and Healer","floor":22.0,"turns":4.0},{"damage":68.0,"enemies":"Gremlin Leader","floor":23.0,"turns":6.0},{"damage":24.0,"enemies":"3 Cultists","floor":26.0,"turns":4.0},{"damage":18.0,"enemies":"Cultist and Chosen","floor":30.0,"turns":3.0},{"damage":23.0,"enemies":"Shelled Parasite and Fungi","floor":31.0,"turns":3.0},{"damage":39.0,"enemies":"Centurion and Healer","floor":32.0,"turns":4.0},{"damage":49.0,"enemies":"downfall:Ironclad","floor":33.0,"turns":5.0},{"damage":27.0,"enemies":"3 Shapes","floor":36.0,"turns":3.0},{"damage":32.0,"enemies":"Orb Walker","floor":38.0,"turns":4.0},{"damage":40.0,"enemies":"3 Darklings","floor":39.0,"turns":3.0},{"damage":50.0,"enemies":"downfall:FleeingMerchant","floor":42.0,"turns":5.0},{"damage":44.0,"enemies":"Mind Bloom Boss Battle","floor":43.0,"turns":4.0},{"damage":64.0,"enemies":"Nemesis","floor":44.0,"turns":5.0},{"damage":18.0,"enemies":"downfall:FleeingMerchant","floor":45.0,"turns":3.0},{"damage":25,"enemies":"Maw","floor":46,"turns":6},{"damage":39,"enemies":"Transient","floor":48,"turns":5},{"damage":69,"enemies":"downfall:Defect","floor":49,"turns":6}],"seed_played":"9042741222772535310","potions_obtained":[{"floor":2.0,"key":"SkillPotion"},{"floor":15.0,"key":"hexamod:EctoCoolerPotion"},{"floor":17.0,"key":"Slimebound:SlimyTonguePotion"},{"floor":20.0,"key":"Fire Potion"},{"floor":26.0,"key":"LiquidBronze"},{"floor":29.0,"key":"CultistPotion"},{"floor":36.0,"key":"Swift Potion"},{"floor":48,"key":"Reflective Coating"}],"is_trial":false,"path_per_floor":["R","M","R","?","M","E","T","?","R","T","M","?","$","?","M","B",null,"R","M","M","R","M","E","T","?","M","R","?","?","M","M","M","B",null,"T","?","T","?","?","?","T","T","?","E","?","?","?","?","B",null],"character_chosen":"SLIMEBOUND","items_purchased":["Slimebound:RejuvenatingLick","Slimebound:SplitMire","ReplayTheSpireMod:CursedCoin","Juzu Bracelet","ReplayTheSpireMod:Brewmster"],"campfire_rested":0,"item_purchase_floors":[13,13,42,42,42],"current_hp_per_floor":[54,50,50,50,50,22,22,27,27,27,27,27,40,40,44,19,64,64,50,48,48,68,28,38,38,56,56,56,56,70,81,79,69,82,82,92,92,98,96,108,108,104,108,88,122,126,126,126,106],"gold":674,"neow_bonus":"ONE_RARE_RELIC","is_daily":false,"chose_seed":false,"campfire_upgraded":7,"win_rate":0.0,"timestamp":1607969064,"path_taken":["R","M","R","?","M","E","T","?","R","?","?","?","$","?","M","BOSS","R","M","M","R","M","E","T","?","M","R","?","?","M","M","M","BOSS","T","?","T","?","?","?","T","T","?","E","?","?","?","?","BOSS"],"items_purchased_type":["Card","Card","Relic","Relic","Card"],"build_version":"2020-12-13","purchased_purges":1,"victory":true,"max_hp_per_floor":[54,54,54,54,54,54,54,59,59,59,59,59,59,59,59,59,64,64,64,64,64,68,68,78,78,85,85,85,85,93,101,109,109,82,82,94,94,98,98,108,108,108,108,108,122,126,126,126,130],"card_choices":[{"not_picked":["Slimebound:Equalize","Slimebound:FinishingTackle"],"picked":"Slimebound:TongueLash","floor":2.0},{"not_picked":["Slimebound:PressTheAttack","Slimebound:BestDefense"],"picked":"Slimebound:SlimeSpikes","floor":5.0},{"not_picked":["Slimebound:LeechEnergy","Slimebound:FinishingTackle"],"picked":"Slimebound:RejuvenatingLick","floor":6.0},{"not_picked":["Slimebound:SplitBruiser","Slimebound:FinishingTackle"],"picked":"Slimebound:GoopSpray","floor":11.0},{"not_picked":["Slimebound:HauntingLick","Slimebound:CheckThePlaybook"],"picked":"Slimebound:DuplicatedForm","floor":13.0},{"not_picked":["Slimebound:DisruptingSlam","Slimebound:SpikyOuterGoop"],"picked":"Slimebound:ViciousTackle","floor":15.0},{"not_picked":["Slimebound:MinionMaster","Slimebound:Teamwork"],"picked":"Slimebound:MassFeed","floor":16.0},{"not_picked":["Slimebound:SlimeBrawl","Slimebound:DivideAndConquer"],"picked":"Slimebound:SplitAcid","floor":17.0},{"not_picked":["Slimebound:DivideAndConquer","Slimebound:RollThrough"],"picked":"Slimebound:SamplingLick+1","floor":19.0},{"not_picked":["Slimebound:FlameTackle","Slimebound:RollThrough"],"picked":"Slimebound:SplitMire+1","floor":20.0},{"not_picked":["Slimebound:SplitLeeching","Slimebound:SlimeBrawl"],"picked":"Slimebound:MassFeed","floor":22.0},{"not_picked":["Slimebound:FlameTackle+1","Slimebound:RollThrough+1"],"picked":"Slimebound:FinishingTackle","floor":23.0},{"not_picked":["Slimebound:PressTheAttack+1","Slimebound:SplitLeeching"],"picked":"Slimebound:ItLooksTasty","floor":26.0},{"not_picked":["Slimebound:SlimeSpikes+1","Slimebound:Schlurp"],"picked":"Slimebound:SamplingLick","floor":30.0},{"not_picked":["Slimebound:FinishingTackle+1","Slimebound:TongueLash"],"picked":"Slimebound:MegaLick","floor":31.0},{"not_picked":["Slimebound:TongueLash+1","Slimebound:Dissolve+1"],"picked":"Slimebound:Replication+1","floor":32.0},{"not_picked":["Slimebound:MassRepurpose","Slimebound:Teamwork"],"picked":"Slimebound:Darklings","floor":33.0},{"not_picked":["Slimebound:LeechEnergy+1","Slimebound:PressTheAttack+1"],"picked":"Slimebound:FormOfPuddle+1","floor":36.0},{"not_picked":["Slimebound:AcidTongue","Slimebound:Prepare"],"picked":"Slimebound:Gluttony","floor":38.0},{"not_picked":["Slimebound:GoopSpray+1","Slimebound:SpikyOuterGoop"],"picked":"Slimebound:LeadByExample+1","floor":39.0},{"not_picked":["Slimebound:FinishingTackle+1","Slimebound:SlimeSpikes+1","Slimebound:ProtectTheBoss+1"],"picked":"SKIP","floor":42.0},{"not_picked":["Slimebound:ComboTackle+1","Slimebound:Schlurp+1"],"picked":"Slimebound:ForwardTackle+1","floor":43.0},{"not_picked":["Slimebound:FinishingTackle","Slimebound:DisruptingSlam+1"],"picked":"Slimebound:DouseInSlime","floor":44.0},{"not_picked":["Slimebound:Dissolve","Slimebound:Schlurp"],"picked":"Slimebound:RainOfGoop","floor":45},{"not_picked":["Slimebound:RejuvenatingLick","Slimebound:Equalize"],"picked":"Slimebound:SlimeTap+1","floor":46},{"not_picked":["Slimebound:Chomp+1","Slimebound:ComboTackle","Slimebound:RollThrough+1"],"picked":"SKIP","floor":48}],"player_experience":667751,"relics_obtained":[{"floor":6.0,"key":"Ice Cream"},{"floor":7.0,"key":"ReplayFunnel"},{"floor":23.0,"key":"Mercury Hourglass"},{"floor":24.0,"key":"Pear"},{"floor":28.0,"key":"Ring of Misfortune"},{"floor":28.0,"key":"Ring of Searing"},{"floor":41.0,"key":"Simple Rune"},{"floor":43.0,"key":"StoneCalendar"},{"floor":44.0,"key":"Golden Egg"},{"floor":44.0,"key":"Bottled Lightning"}],"event_choices":[{"damage_healed":0.0,"max_hp_gain":5.0,"max_hp_loss":0.0,"gold_gain":0.0,"event_name":"Big Fish","player_choice":"Donut","floor":8.0,"gold_loss":0.0,"damage_taken":0.0},{"damage_healed":0.0,"max_hp_gain":0.0,"max_hp_loss":5.0,"gold_gain":0.0,"event_name":"betterThird:BetterWriting","player_choice":"Simplicity","floor":25.0,"gold_loss":0.0,"damage_taken":0.0},{"cards_removed":["Slimebound:MassFeed"],"damage_healed":2.0,"max_hp_gain":10.0,"max_hp_loss":0.0,"gold_gain":0.0,"event_name":"Bonfire Elementals","player_choice":"Offered Rare","floor":40.0,"gold_loss":0.0,"damage_taken":0.0},{"cards_removed":["ReplayTheSpireMod:Brewmster"],"damage_healed":0,"gold_gain":0,"player_choice":"Offered Rare","damage_taken":0,"max_hp_gain":10,"max_hp_loss":0,"event_name":"Bonfire Elementals","floor":45,"gold_loss":0}],"is_beta":false,"boss_relics":[{"not_picked":["Replay:Wanted Poster","Sozu"],"picked":"Tiny House"},{"not_picked":["Cursed Key","Fusion Hammer"],"picked":"Replay:Grab Bag"},{"not_picked":["Busted Crown","ReplayTheSpireMod:Onyx Gauntlets"],"picked":"Replay:Bronze Core"},{"not_picked":["Slimebound:TarBlob","Coffee Dripper"],"picked":"Painkiller Herb"},{"not_picked":["Runic Pyramid","Pandora\u0027s Box"],"picked":"Replay:Drink Me"},{"not_picked":["Astrolabe","Snecko Eye"],"picked":"Black Star"}],"items_purged_floors":[42],"is_endless":false,"potions_floor_spawned":[2,15,20,22,26,30,36,38,48],"ascension_level":1}}