{"host":"zsm7bdfo51n66z45","time":1607975049,"event":{"mods":["AchievementEnabler","BaseMod","Better Skull","Better Third Choice","Colored Powertips","Minty Spire (QoL Compilation)","MostiFishMod","Relic Stats","Spicy Shops","StSLib","Waifu the Spire"],"gold_per_floor":[116,116,134,154,10,36,49,68,68,96,107,117,117,117,117,222,222,242,253,253,3,15,15,28,28,52,52,77,93,93,122,122,225,225,236,255,268,279,279,279,310,325,325,325,219,229,113,124,124,124,124,124,6,34,34],"floor_reached":56,"playtime":1117,"items_purged":["Pain","Shame"],"score":1658,"play_id":"f95c09e0-45f6-4b79-b08d-31b5498a418b","local_time":"20201214134409","is_ascension_mode":false,"campfire_choices":[{"data":"Heavy Blade","floor":15,"key":"SMITH"},{"data":"Sword Boomerang","floor":23,"key":"SMITH"},{"floor":25,"key":"RECALL"},{"data":"Sword Boomerang","floor":32,"key":"SMITH"},{"data":"Consecrate","floor":44,"key":"SMITH"},{"data":"Backstab","floor":49,"key":"SMITH"},{"data":"Eruption","floor":52,"key":"SMITH"}],"circlet_count":0,"master_deck":["Strike_P+1","Strike_P+1","Strike_P+1","Strike_P+1","Defend_P+1","Defend_P+1","Defend_P+1","Defend_P+1","Eruption+1","Vigilance","EmptyBody+1","WindmillStrike","Heavy Blade+1","EmptyFist","Backstab+1","Consecrate+1","FollowUp","Iron Wave","Shrug It Off+1","Feed","Whirlwind+1","Sword Boomerang+1","Sword Boomerang+1","Pommel Strike+1","Iron Wave+1","Cleave+1","Prepared+1","Endless Agony+1","Quick Slash+1","Wallop+1","Swift Strike+1","Sucker Punch+1","Flying Knee+1","Consecrate+1","Twin Strike+1","Finisher+1"],"relics":["PureWater","DaveBox","Civilization","Question Card","PrismaticShard","CaptainsWheel","Bag of Marbles","FossilizedHelix","Mercury Hourglass","ImportantClient","MetatronsCube","WarpedTongs","Yang","Vajra","DianDianMeat","Molten Egg 2","Omamori","Sozu","Sundial","Frozen Eye","Boot","War Paint"],"acts_visited":["Exordium","TheCity","TheBeyond","TheEnding"],"potions_floor_usage":[10],"damage_taken":[{"damage":0,"enemies":"2 Louse","floor":1,"turns":2},{"damage":0,"enemies":"Cultist","floor":3,"turns":3},{"damage":0,"enemies":"Small Slimes","floor":4,"turns":3},{"damage":0,"enemies":"Gremlin Nob","floor":6,"turns":4},{"damage":0,"enemies":"Exordium Thugs","floor":7,"turns":2},{"damage":0,"enemies":"Large Slime","floor":8,"turns":1},{"damage":0,"enemies":"Lagavulin","floor":10,"turns":2},{"damage":0,"enemies":"2 Fungi Beasts","floor":11,"turns":1},{"damage":0,"enemies":"Looter","floor":12,"turns":1},{"damage":0,"enemies":"Slime Boss","floor":16,"turns":1},{"damage":0,"enemies":"Chosen","floor":18,"turns":2},{"damage":0,"enemies":"Shell Parasite","floor":19,"turns":2},{"damage":0,"enemies":"Chosen and Byrds","floor":22,"turns":1},{"damage":0,"enemies":"Snake Plant","floor":24,"turns":1},{"damage":0,"enemies":"Book of Stabbing","floor":28,"turns":1},{"damage":0,"enemies":"Centurion and Healer","floor":29,"turns":1},{"damage":0,"enemies":"Slavers","floor":31,"turns":2},{"damage":0,"enemies":"Automaton","floor":33,"turns":2},{"damage":0,"enemies":"3 Shapes","floor":35,"turns":1},{"damage":0,"enemies":"3 Darklings","floor":36,"turns":2},{"damage":0,"enemies":"Maw","floor":37,"turns":1},{"damage":0,"enemies":"Spire Growth","floor":38,"turns":1},{"damage":0,"enemies":"Reptomancer","floor":41,"turns":2},{"damage":0,"enemies":"Jaw Worm Horde","floor":42,"turns":1},{"damage":0,"enemies":"3 Darklings","floor":46,"turns":1},{"damage":0,"enemies":"Maw","floor":48,"turns":1},{"damage":0,"enemies":"Donu and Deca","floor":50,"turns":1},{"damage":0,"enemies":"Shield and Spear","floor":54,"turns":1},{"damage":0,"enemies":"The Heart","floor":55,"turns":3}],"seed_played":"-2195192276827434608","potions_obtained":[{"floor":0,"key":"Fire Potion"},{"floor":0,"key":"Strength Potion"},{"floor":0,"key":"LiquidBronze"},{"floor":3,"key":"PowerPotion"},{"floor":12,"key":"Energy Potion"}],"is_trial":false,"path_per_floor":["M","?","M","M","$","E","M","M","T","E","M","M","$","?","R","B",null,"M","M","?","$","M","R","M","R","T","?","E","M","?","E","R","B",null,"M","M","M","M","?","?","E","M","T","R","$","M","$","M","R","B",null,"R","$","E","B",null],"character_chosen":"WATCHER","items_purchased":["CaptainsWheel","Yang","Consecrate+1","Frozen Eye","Boot"],"campfire_rested":0,"item_purchase_floors":[5,21,45,47,53],"current_hp_per_floor":[74,74,77,82,82,88,96,105,105,115,127,140,140,140,140,154,154,172,191,191,191,212,212,231,231,231,231,252,276,276,304,304,332,332,367,409,453,499,499,507,559,615,615,615,626,690,690,756,756,811,811,811,811,868,926],"gold":34,"neow_bonus":"THREE_SMALL_POTIONS","is_daily":false,"chose_seed":false,"campfire_upgraded":6,"win_rate":0.0,"timestamp":1607975049,"path_taken":["M","?","M","M","?","E","M","?","T","E","M","M","?","?","R","BOSS","M","M","?","$","M","R","?","R","T","?","E","M","?","E","R","BOSS","M","M","M","M","?","?","E","M","T","R","?","M","$","M","R","BOSS","R","$","E","BOSS"],"items_purchased_type":["Relic","Relic","Card","Relic","Relic"],"build_version":"2020-12-13","purchased_purges":2,"victory":true,"max_hp_per_floor":[74,74,77,82,82,88,96,105,105,115,127,140,140,140,140,154,154,172,191,191,191,212,212,231,231,231,231,252,276,276,304,304,332,332,367,409,453,499,499,507,559,615,615,615,626,690,690,756,756,811,811,811,811,868,926],"relic_stats":{"Sozu":4,"counters":[29,47],"Sundial":[0],"Yang":[52],"War Paint":["EmptyBody","Shrug It Off"],"Question Card":27,"Boot":[0],"obtain_stats":[{"DianDianMeat":27,"DaveBox":0,"Vajra":26,"Yang":21,"Omamori":31,"War Paint":54,"Question Card":1,"PrismaticShard":1,"Boot":53,"Mercury Hourglass":10,"WarpedTongs":20,"Sozu":34,"Civilization":0,"Frozen Eye":47,"CaptainsWheel":5,"Sundial":41,"Molten Egg 2":28,"Bag of Marbles":6,"PureWater":0,"FossilizedHelix":9,"ImportantClient":16,"MetatronsCube":17},{"DianDianMeat":14,"DaveBox":0,"Vajra":14,"Yang":12,"Omamori":17,"War Paint":28,"Question Card":1,"PrismaticShard":1,"Boot":27,"Mercury Hourglass":7,"WarpedTongs":12,"Sozu":18,"Civilization":0,"Frozen Eye":25,"CaptainsWheel":3,"Sundial":23,"Molten Egg 2":15,"Bag of Marbles":4,"PureWater":0,"FossilizedHelix":6,"ImportantClient":10,"MetatronsCube":10},{"DianDianMeat":26,"DaveBox":0,"Vajra":26,"Yang":24,"Omamori":30,"War Paint":44,"Question Card":2,"PrismaticShard":2,"Boot":43,"Mercury Hourglass":17,"WarpedTongs":24,"Sozu":32,"Civilization":0,"Frozen Eye":41,"CaptainsWheel":8,"Sundial":39,"Molten Egg 2":27,"Bag of Marbles":12,"PureWater":0,"FossilizedHelix":15,"ImportantClient":20,"MetatronsCube":20}],"Mercury Hourglass":[132],"WarpedTongs":[23]},"card_choices":[{"not_picked":["Nirvana","LikeWater"],"picked":"EmptyBody","floor":1},{"not_picked":["Thunderclap","MostiFishMod:PerfectParry","FlurryOfBlows"],"picked":"WindmillStrike","floor":3},{"not_picked":["Perseverance","Perfected Strike","Finisher"],"picked":"Heavy Blade","floor":4},{"not_picked":["Deflect","Sever Soul","Underhanded Strike"],"picked":"EmptyFist","floor":6},{"not_picked":["Corruption","Panacea","Undo"],"picked":"Backstab","floor":7},{"not_picked":["Intimidate","PiercingWail","CutThroughFate"],"picked":"Consecrate","floor":8},{"not_picked":["Undo","Enlightenment","Streamline"],"picked":"FollowUp","floor":10},{"not_picked":["Protect","ReachHeaven","Thunderclap"],"picked":"Iron Wave","floor":11},{"not_picked":["Genetic Algorithm","Dagger Throw","Steam"],"picked":"Shrug It Off","floor":12},{"not_picked":["MostiFishMod:Prepare","Grand Finale","MostiFishMod:ScryFuture"],"picked":"Feed","floor":16},{"not_picked":["Steam Power","Barrage","CrushJoints+1"],"picked":"Whirlwind+1","floor":18},{"not_picked":["Body Slam","Static Discharge+1","Loop","MostiFishMod:PerfectParry"],"picked":"SKIP","floor":19},{"not_picked":["Barrage","Turbo","Shrug It Off"],"picked":"Sword Boomerang","floor":22},{"not_picked":["Outmaneuver","BowlingBash","Scrape"],"picked":"Sword Boomerang","floor":24},{"not_picked":["Flame Barrier","MostiFishMod:Nomercy","Turbo+1"],"picked":"Pommel Strike+1","floor":28},{"not_picked":["Headbutt+1","Underhanded Strike+1","Slice+1"],"picked":"Iron Wave+1","floor":29},{"not_picked":["Halt","EmptyBody","Ghostly Armor"],"picked":"Cleave+1","floor":31},{"not_picked":["Anger+1","Armaments+1","Streamline+1","Prepared+1"],"picked":"SKIP","floor":35},{"not_picked":["Anger+1","Armaments+1","Streamline+1"],"picked":"Prepared+1","floor":35},{"not_picked":["Gash+1","Leap","Go for the Eyes+1"],"picked":"Endless Agony+1","floor":36},{"not_picked":["MostiFishMod:ScryFuture","Evaluate+1","Gash+1"],"picked":"Quick Slash+1","floor":37},{"not_picked":["BowlingBash+1","JustLucky+1","Shrug It Off+1"],"picked":"Wallop+1","floor":38},{"not_picked":["Discovery","MostiFishMod:TheEndOfMoonlight+1","Magnetism"],"picked":"Swift Strike+1","floor":40},{"not_picked":["MostiFishMod:Unraveling","MostiFishMod:LegendTransform+1","True Grit"],"picked":"Sucker Punch+1","floor":41},{"not_picked":["Headbutt+1","PiercingWail+1","LikeWater"],"picked":"Flying Knee+1","floor":42},{"not_picked":["MostiFishMod:IceShield","Fire Breathing","ThirdEye"],"picked":"Twin Strike+1","floor":46},{"not_picked":["Study","Underhanded Strike+1","Double Energy+1"],"picked":"Finisher+1","floor":48},{"not_picked":["BowlingBash+1","Anger+1","MostiFishMod:KamiSmash+1","Scrape+1"],"picked":"SKIP","floor":54}],"player_experience":143918,"relics_obtained":[{"floor":1,"key":"Question Card"},{"floor":1,"key":"PrismaticShard"},{"floor":6,"key":"Bag of Marbles"},{"floor":9,"key":"FossilizedHelix"},{"floor":10,"key":"Mercury Hourglass"},{"floor":16,"key":"ImportantClient"},{"floor":26,"key":"Vajra"},{"floor":28,"key":"Molten Egg 2"},{"floor":31,"key":"Omamori"},{"floor":41,"key":"Sundial"},{"floor":54,"key":"War Paint"}],"event_choices":[{"damage_healed":0,"gold_gain":0,"player_choice":"Bought 0 Potions","damage_taken":0,"max_hp_gain":0,"max_hp_loss":0,"event_name":"The Woman in Blue","floor":2,"gold_loss":0},{"damage_healed":0,"gold_gain":0,"player_choice":"Ignored","damage_taken":0,"max_hp_gain":0,"max_hp_loss":0,"event_name":"Transmorgrifier","floor":14,"gold_loss":0},{"damage_healed":0,"gold_gain":0,"player_choice":"Rummage","damage_taken":0,"relics_obtained":["WarpedTongs"],"max_hp_gain":0,"max_hp_loss":0,"event_name":"Accursed Blacksmith","floor":20,"gold_loss":0,"cards_obtained":["Pain"]},{"damage_healed":0,"gold_gain":0,"player_choice":"Stole Relic","damage_taken":0,"relics_obtained":["DianDianMeat"],"max_hp_gain":0,"max_hp_loss":0,"event_name":"Addict","floor":27,"gold_loss":0,"cards_obtained":["Shame"]},{"damage_healed":0,"gold_gain":0,"player_choice":"Simplicity","damage_taken":0,"max_hp_gain":0,"max_hp_loss":8,"event_name":"betterThird:BetterWriting","floor":30,"gold_loss":0},{"damage_healed":125,"gold_gain":0,"player_choice":"Writhe","damage_taken":0,"max_hp_gain":0,"max_hp_loss":0,"event_name":"Winding Halls","floor":39,"gold_loss":0,"cards_obtained":["Writhe"]},{"damage_healed":0,"gold_gain":0,"player_choice":"Memory 1","damage_taken":0,"max_hp_gain":0,"max_hp_loss":0,"event_name":"SensoryStone","floor":40,"gold_loss":0}],"is_beta":false,"boss_relics":[{"not_picked":["VioletLotus","FixedStarFall"],"picked":"MetatronsCube"},{"not_picked":["SlaversCollar","RhineFirstAidKit"],"picked":"Sozu"}],"items_purged_floors":[21,45],"is_endless":false,"potions_floor_spawned":[3,4,6,12,18,28,29,35,41,42,48],"ascension_level":0}}