{"host":"15dd7v8o90xso62x","time":1607944452,"event":{"mods":["BaseMod","Minty Spire (QoL Compilation)","Quick Restart","StSLib"],"gold_per_floor":[115,134,134,152,152,178,178,178,202,230,240,240,259,277,277,352,352,364,364,364,21,21,50,50,65,140,152,152,182,25,124,124,197,197,215,215,140,158,168,168,186,186,211,225,225,75,106,118,118,118],"floor_reached":51,"playtime":1877,"items_purged":["Defend_B"],"score":1370,"play_id":"29fc6194-d3ce-4b41-8fab-73e27df8f9cf","local_time":"20201214201412","is_ascension_mode":true,"campfire_choices":[{"data":"Zap","floor":8.0,"key":"SMITH"},{"data":"Biased Cognition","floor":15.0,"key":"SMITH"},{"data":"Storm","floor":24.0,"key":"SMITH"},{"floor":28.0,"key":"REST"},{"data":"Coolheaded","floor":32.0,"key":"SMITH"},{"data":"Blizzard","floor":40,"key":"SMITH"},{"data":"Tempest","floor":42,"key":"SMITH"},{"floor":49,"key":"DIG"}],"circlet_count":0,"master_deck":["AscendersBane","Defend_B","Defend_B","Zap+1","Dualcast+1","Tempest+1","Sweeping Beam","Skim+1","Biased Cognition+1","Reboot","Cold Snap","Coolheaded+1","Core Surge","Storm+1","Chill","Electrodynamics","Turbo+1","Coolheaded+1","Blizzard+1","Thunder Strike","Glacier","Defragment+1"],"relics":["Cracked Core","DataDisk","Happy Flower","Anchor","Pen Nib","War Paint","Ornamental Fan","Torii","Enchiridion","Centennial Puzzle","Pantograph","Omamori","Medical Kit","Empty Cage","Orichalcum","Shovel","HornCleat"],"acts_visited":["TheCity","TheBeyond"],"potions_floor_usage":[33,33,50,50],"damage_taken":[{"damage":8.0,"enemies":"Small Slimes","floor":1.0,"turns":3.0},{"damage":4.0,"enemies":"Jaw Worm","floor":2.0,"turns":3.0},{"damage":1.0,"enemies":"2 Louse","floor":4.0,"turns":2.0},{"damage":0.0,"enemies":"Lagavulin","floor":6.0,"turns":2.0},{"damage":17.0,"enemies":"Gremlin Nob","floor":10.0,"turns":3.0},{"damage":0.0,"enemies":"Exordium Wildlife","floor":11.0,"turns":2.0},{"damage":0.0,"enemies":"Exordium Thugs","floor":13.0,"turns":3.0},{"damage":0.0,"enemies":"Large Slime","floor":14.0,"turns":4.0},{"damage":3.0,"enemies":"The Guardian","floor":16.0,"turns":10.0},{"damage":0.0,"enemies":"Spheric Guardian","floor":18.0,"turns":2.0},{"damage":11.0,"enemies":"Slavers","floor":23.0,"turns":3.0},{"damage":12.0,"enemies":"2 Thieves","floor":25.0,"turns":2.0},{"damage":0.0,"enemies":"Cultist and Chosen","floor":27.0,"turns":3.0},{"damage":0.0,"enemies":"Gremlin Leader","floor":29.0,"turns":3.0},{"damage":54,"enemies":"Collector","floor":33,"turns":8},{"damage":0,"enemies":"3 Shapes","floor":35,"turns":2},{"damage":0,"enemies":"3 Darklings","floor":38,"turns":2},{"damage":0,"enemies":"Maw","floor":39,"turns":5},{"damage":0,"enemies":"Transient","floor":41,"turns":5},{"damage":0,"enemies":"Jaw Worm Horde","floor":44,"turns":1},{"damage":0,"enemies":"Reptomancer","floor":47,"turns":4},{"damage":16,"enemies":"Spire Growth","floor":48,"turns":3},{"damage":0,"enemies":"Donu and Deca","floor":50,"turns":3}],"seed_played":"-1000417072969288271","potions_obtained":[{"floor":2.0,"key":"AttackPotion"},{"floor":4.0,"key":"FocusPotion"},{"floor":6.0,"key":"Fruit Juice"},{"floor":13.0,"key":"DistilledChaos"},{"floor":16.0,"key":"Strength Potion"},{"floor":27.0,"key":"DuplicationPotion"},{"floor":33,"key":"FearPotion"},{"floor":44,"key":"SpeedPotion"},{"floor":47,"key":"PowerPotion"},{"floor":48,"key":"EssenceOfSteel"}],"is_trial":false,"path_per_floor":["M","M","?","M","?","E","?","R","T","E","M","?","M","M","R","B",null,"M","?","T","$","?","E","R","M","T","M","R","E","$","?","R","B",null,"M","?","$","M","M","R","M","R","T","M","?","$","E","M","R","B",null],"character_chosen":"DEFECT","items_purchased":["Torii","Storm","Medical Kit","Thunder Strike","Glacier"],"campfire_rested":1,"item_purchase_floors":[21,21,30,46,46],"current_hp_per_floor":[60,56,38,37,37,37,37,37,37,20,20,13,13,13,13,15,64,64,64,64,64,48,37,37,25,25,25,49,49,49,49,49,20,65,65,65,65,65,65,65,65,65,65,65,65,65,65,49,49,74],"gold":118,"neow_bonus":"RANDOM_COMMON_RELIC","is_daily":false,"chose_seed":false,"campfire_upgraded":6,"win_rate":0.0,"timestamp":1607944452,"path_taken":["M","M","?","M","?","E","?","R","T","E","?","?","M","M","R","BOSS","M","?","?","$","?","E","R","M","T","M","R","E","$","?","R","BOSS","M","?","$","M","M","R","M","R","T","?","?","$","E","M","R","BOSS"],"items_purchased_type":["Relic","Card","Relic","Card","Card"],"build_version":"2020-12-13","purchased_purges":1,"victory":true,"max_hp_per_floor":[75,75,75,75,75,75,75,75,75,75,75,75,75,75,75,80,80,80,80,80,80,80,80,80,80,80,80,80,80,80,80,80,80,80,80,80,80,80,80,80,80,80,80,80,80,80,80,80,80,80],"card_choices":[{"not_picked":["Rebound","Undo"],"picked":"Tempest","floor":1.0},{"not_picked":["Force Field","Compile Driver"],"picked":"Sweeping Beam","floor":2.0},{"not_picked":["Steam","Loop"],"picked":"Skim","floor":4.0},{"not_picked":["Scrape","Beam Cell","Hello World"],"picked":"SKIP","floor":6.0},{"not_picked":["Cold Snap","Doom and Gloom"],"picked":"Reboot","floor":10.0},{"not_picked":["Leap","Consume","Doom and Gloom"],"picked":"SKIP","floor":11.0},{"not_picked":["Stack","Compile Driver"],"picked":"Cold Snap","floor":13.0},{"not_picked":["Cold Snap","Hologram"],"picked":"Coolheaded","floor":14.0},{"not_picked":["Fission","Rainbow"],"picked":"Core Surge","floor":16.0},{"not_picked":["Undo","Go for the Eyes"],"picked":"Ball Lightning","floor":18.0},{"not_picked":["Hello World","Steam","Steam Power"],"picked":"SKIP","floor":23.0},{"not_picked":["Sweeping Beam","Ball Lightning","Go for the Eyes"],"picked":"SKIP","floor":25.0},{"not_picked":["Tempest","Stack+1"],"picked":"Chill","floor":27.0},{"not_picked":["Sweeping Beam","Melter","Fusion"],"picked":"SKIP","floor":29.0},{"not_picked":["Fission","All For One"],"picked":"Electrodynamics","floor":33},{"not_picked":["Cold Snap","Rebound"],"picked":"Turbo+1","floor":35},{"not_picked":["Gash","Cold Snap+1"],"picked":"Blizzard","floor":38},{"not_picked":["Rebound","Conserve Battery","Ball Lightning+1"],"picked":"SKIP","floor":39},{"not_picked":["Sunder","Redo+1","Blizzard"],"picked":"SKIP","floor":41},{"not_picked":["Hologram","Redo","Chaos"],"picked":"SKIP","floor":44},{"not_picked":["Fission","Streamline"],"picked":"Defragment+1","floor":47},{"not_picked":["Conserve Battery+1","Sweeping Beam","Beam Cell"],"picked":"SKIP","floor":48}],"player_experience":901487,"relics_obtained":[{"floor":6.0,"key":"Anchor"},{"floor":9.0,"key":"Pen Nib"},{"floor":10.0,"key":"War Paint"},{"floor":20.0,"key":"Ornamental Fan"},{"floor":22.0,"key":"Enchiridion"},{"floor":23.0,"key":"Centennial Puzzle"},{"floor":26.0,"key":"Pantograph"},{"floor":29.0,"key":"Omamori"},{"floor":43,"key":"Orichalcum"},{"floor":47,"key":"Shovel"},{"floor":49,"key":"HornCleat"}],"event_choices":[{"damage_healed":0.0,"max_hp_gain":0.0,"max_hp_loss":0.0,"gold_gain":0.0,"event_name":"Scrap Ooze","player_choice":"Success","floor":3.0,"gold_loss":0.0,"damage_taken":18.0,"relics_obtained":["Happy Flower"]},{"damage_healed":0.0,"max_hp_gain":0.0,"max_hp_loss":0.0,"gold_gain":0.0,"cards_transformed":["Strike_B"],"event_name":"Living Wall","player_choice":"Change","floor":5.0,"gold_loss":0.0,"damage_taken":0.0,"cards_obtained":["Biased Cognition"]},{"damage_healed":0.0,"max_hp_gain":0.0,"max_hp_loss":0.0,"gold_gain":0.0,"event_name":"Dead Adventurer","player_choice":"Searched \u00270\u0027 times","floor":7.0,"gold_loss":0.0,"damage_taken":0.0},{"cards_removed":["Strike_B"],"damage_healed":0.0,"max_hp_gain":0.0,"max_hp_loss":0.0,"gold_gain":0.0,"event_name":"Golden Wing","player_choice":"Card Removal","floor":12.0,"gold_loss":0.0,"damage_taken":7.0},{"cards_removed":["Strike_B"],"damage_healed":0.0,"max_hp_gain":0.0,"max_hp_loss":0.0,"gold_gain":0.0,"event_name":"Back to Basics","player_choice":"Elegance","floor":19.0,"gold_loss":0.0,"damage_taken":0.0},{"damage_healed":0.0,"max_hp_gain":0.0,"max_hp_loss":0.0,"gold_gain":0.0,"event_name":"Cursed Tome","player_choice":"Obtained Book","floor":22.0,"gold_loss":0.0,"damage_taken":16.0},{"damage_healed":0.0,"max_hp_gain":0.0,"max_hp_loss":0.0,"gold_gain":99.0,"event_name":"Nest","player_choice":"Stole From Cult","floor":31.0,"gold_loss":0.0,"damage_taken":0.0},{"damage_healed":0,"gold_gain":0,"player_choice":"Copied","damage_taken":0,"max_hp_gain":0,"max_hp_loss":0,"event_name":"Duplicator","floor":36,"gold_loss":0,"cards_obtained":["Coolheaded"]},{"cards_removed":["Ball Lightning"],"damage_healed":0,"gold_gain":0,"player_choice":"Removed Attack","damage_taken":0,"max_hp_gain":0,"max_hp_loss":0,"event_name":"Falling","floor":45,"gold_loss":0}],"is_beta":false,"boss_relics":[{"not_picked":["Fusion Hammer","Runic Dome","Ectoplasm"]},{"not_picked":["SacredBark","FrozenCore"],"picked":"Empty Cage"}],"items_purged_floors":[37],"is_endless":false,"potions_floor_spawned":[2,4,6,13,16,27,33,44,47,48],"ascension_level":13}}