{"host":"gbop6m4qugddaz18","time":1607974354,"event":{"mods":["2.2 Compatiblity","BaseMod","Better Third Choice","Block Reminder","Downfall","GifTheSpireLib","Highlight Path","Minty Spire (QoL Compilation)","Replay The Spire","StSLib"],"gold_per_floor":[181,193,193,46,46,75,75,75,60,60,72,100,117,36,64,64,64],"floor_reached":16,"playtime":641,"items_purged":[],"score":100,"play_id":"9aace2eb-4653-408a-9d2a-755087bdf9a0","local_time":"20201214143234","is_ascension_mode":false,"campfire_choices":[{"data":"hexamod:RadiantFlame","floor":3,"key":"SMITH"},{"data":"hexamod:Float","floor":5,"key":"SMITH"},{"data":"hexamod:Firestarter","floor":10,"key":"SMITH"}],"circlet_count":0,"master_deck":["hexamod:Strike","hexamod:Strike","hexamod:Strike","hexamod:Strike","hexamod:Defend","hexamod:Defend","hexamod:Defend","hexamod:Defend","hexamod:Sear","hexamod:Float+1","hexamod:RadiantFlame+1","hexamod:FlamesFromBeyond","hexamod:NightmareGuise","hexamod:Firestarter+1","hexamod:BurningTouch","hexamod:ShieldOfDarkness+1","hexamod:SwordOfDarkness","hexamod:SecondSeal","hexamod:Firestarter","hexamod:Hexaguard","hexamod:Firestarter","hexamod:FastForward","hexamod:SoulSteal","hexamod:ExtraCrispy"],"relics":["hexamod:SpiritBrand","Replay:Rubber Ducky","Gremlin Food"],"acts_visited":["Exordium"],"potions_floor_usage":[13,15,16],"damage_taken":[{"damage":6,"enemies":"Jaw Worm","floor":2,"turns":3},{"damage":0,"enemies":"downfall:FleeingMerchant","floor":4,"turns":4},{"damage":11,"enemies":"Lagavulin","floor":6,"turns":6},{"damage":6,"enemies":"downfall:FleeingMerchant","floor":9,"turns":4},{"damage":0,"enemies":"Cultist","floor":11,"turns":3},{"damage":3,"enemies":"2 Louse","floor":12,"turns":4},{"damage":2,"enemies":"Red Slaver","floor":13,"turns":3},{"damage":4,"enemies":"downfall:FleeingMerchant","floor":14,"turns":4},{"damage":9,"enemies":"Exordium Wildlife","floor":15,"turns":4},{"damage":36,"enemies":"downfall:Defect","floor":16,"turns":5}],"seed_played":"1003615102245191235","potions_obtained":[{"floor":6,"key":"Swift Potion"},{"floor":11,"key":"Slimebound:ThreeZeroPotion"},{"floor":12,"key":"AttackPotion"}],"is_trial":false,"path_per_floor":["R","M","R","$","R","E","T","?","$","R","M","M","M","$","M","B"],"character_chosen":"THE_SPIRIT","items_purchased":["hexamod:Firestarter","hexamod:BurningTouch","hexamod:ShieldOfDarkness+1","hexamod:SoulSteal"],"campfire_rested":0,"item_purchase_floors":[4,4,4,14],"current_hp_per_floor":[70,64,64,64,64,53,53,53,47,47,47,44,42,38,29,0,0],"gold":64,"neow_bonus":"THREE_CARDS","is_daily":false,"chose_seed":false,"campfire_upgraded":3,"win_rate":0.0,"timestamp":1607974354,"path_taken":["R","M","R","$","R","E","T","?","$","R","M","?","M","$","M","BOSS"],"items_purchased_type":["Card","Card","Card","Card"],"build_version":"2020-12-13","purchased_purges":0,"victory":false,"max_hp_per_floor":[70,70,70,70,70,70,70,70,70,70,70,70,70,70,70,70,70],"card_choices":[{"not_picked":["hexamod:GhostflameBarrier","hexamod:PowerFromBeyond"],"picked":"hexamod:RadiantFlame","floor":0},{"not_picked":["hexamod:SwordOfDarkness","hexamod:SpectersWail"],"picked":"hexamod:FlamesFromBeyond","floor":2},{"not_picked":["hexamod:RetreatToShadows","hexamod:GhostLash"],"picked":"hexamod:NightmareGuise","floor":4},{"not_picked":["hexamod:ShieldOfDarkness","hexamod:NightmareStrike"],"picked":"hexamod:SwordOfDarkness","floor":6},{"not_picked":["hexamod:HauntingEcho","hexamod:ApocalypseNow"],"picked":"hexamod:SecondSeal","floor":9},{"not_picked":["hexamod:SwordOfDarkness","hexamod:HauntingEcho"],"picked":"hexamod:Firestarter","floor":11},{"not_picked":["hexamod:PowerFromBeyond","hexamod:AdvancingGuard"],"picked":"hexamod:Hexaguard","floor":12},{"not_picked":["hexamod:PhantomCloak","hexamod:HauntingEcho"],"picked":"hexamod:Firestarter","floor":13},{"not_picked":["hexamod:UnlimitedPower","hexamod:GhostOfSpirePresent"],"picked":"hexamod:FastForward","floor":14},{"not_picked":["hexamod:SpectersWail","hexamod:Hexaguard"],"picked":"hexamod:ExtraCrispy","floor":15}],"player_experience":407275,"relics_obtained":[{"floor":6,"key":"Replay:Rubber Ducky"},{"floor":7,"key":"Gremlin Food"}],"event_choices":[{"cards_removed":["Slimebound:Defend_Slimebound"],"damage_healed":0,"gold_gain":0,"player_choice":"Took Card","damage_taken":0,"max_hp_gain":0,"max_hp_loss":0,"event_name":"NoteForYourself","floor":8,"gold_loss":0,"cards_obtained":["Slimebound:Defend_Slimebound"]}],"is_beta":false,"boss_relics":[],"items_purged_floors":[],"is_endless":false,"potions_floor_spawned":[6,11,12],"killed_by":"downfall:Defect","ascension_level":0}}