{"host":"a8v0czv88scrgx5i","time":1607913269,"event":{"mods":["2.2 Compatiblity","Act Like it!","Aspiration","Astrologer","Bard","BaseMod","Beaked The Cultist","Better Third Choice","BetterRewards","Colored Map","Colored Powertips","Dota2Spire","Downfall","Friendly Minions","GifTheSpireLib","GungeonMod","Hermit","Hubris","Infinite Spire","Luminous","Marisa????????","Minty Spire (QoL Compilation)","READ ME - Guardian Mod","Rare Cards Sparkle","Relic Sorter","Replay The Spire","Shade Mod","Shop Mod","StSLib","The Animator","The Blackbeard","The Bug Knight","The Construct","The Cursed","The Disciple","The Elementalist","The Hierophant","The Jungle","The Mystic","The Necromancer","The Runesmith","The Servant 0.9.4","The Spell Scribe","vexMod"],"gold_per_floor":[99,111,36,67,67,85,153,153,182,107,107,18,168,168,181,281,281,206,222,256,274,39,70,70,70,85,113,126,141,161,175,186,281,281,281,281,281,300,300,600,600,631,643,643,306,317,328,343,359,359,359,390,140,140,140],"floor_reached":56,"playtime":2095,"items_purged":["Slimebound:Icky","champ:Defend"],"score":2354,"play_id":"f5e58ded-dca6-4d8e-aaab-50088c6b96ed","local_time":"20201213213429","is_ascension_mode":false,"campfire_choices":[{"floor":1,"key":"RECALL"},{"data":"champ:FlashCut","floor":3,"key":"SMITH"},{"data":"champ:TornadoPunch","floor":8,"key":"SMITH"},{"data":"champ:VampiricStrike","floor":10,"key":"SMITH"},{"data":"champ:BladeFlurry","floor":18,"key":"SMITH"},{"data":"Panache","floor":25,"key":"SMITH"},{"data":"champ:BladeFlurry","floor":35,"key":"SMITH"},{"data":"champ:BladeFlurry","floor":39,"key":"SMITH"},{"data":"champ:PreciseThrust","floor":44,"key":"SMITH"},{"data":"Finisher","floor":54,"key":"SMITH"}],"circlet_count":0,"master_deck":["champ:Strike","champ:Strike","champ:Strike","champ:Strike","champ:Defend","champ:Defend","champ:Defend","champ:Taunt","champ:FlashCut+1","champ:Shatter","champ:TornadoPunch+1","champ:FlashCut","champ:VampiricStrike+1","champ:BladeFlurry+1","champ:PreciseThrust+1","champ:BladeFlurry+1","champ:MurderStrike","Blade Dance+1","Slice","champ:Haymaker","champ:BladeFlurry+1","AbeCurse","hubris:DuctTapeCard","Dagger Spray+1","Finisher+1"],"relics":["aspiration:PoetsPen_weak","hubris:Reverence","Dota2Spire:Satanic","hubris:BundleOfHerbs","Dota2Spire:CrimsonGuard","downfall:HeartBlessingRed","Du-Vu Doll","Pear","HollowMod:QueensCombRelic","downfall:HeartBlessingGreen","aspiration:SilentSkillbook","downfall:HeartBlessingBlue","Dota2Spire:Mjollnir","Abe\u0027s Treasure","aspiration:FrozenJewel","infinitespire:PuzzleCube","hubris:DuctTape","TheAbacus","DemoMod:GlassGuonStoneRelic","aspiration:FetidBarrel","HollowMod:JonisBlessing"],"acts_visited":["Exordium","TheCity","TheBeyond","TheEnding"],"potions_floor_usage":[55],"damage_taken":[{"damage":5,"enemies":"Small Slimes","floor":2,"turns":2},{"damage":22,"enemies":"Lagavulin","floor":4,"turns":3},{"damage":0,"enemies":"Cultist","floor":6,"turns":2},{"damage":18,"enemies":"Gremlin Nob","floor":9,"turns":3},{"damage":10,"enemies":"downfall:FleeingMerchant","floor":12,"turns":4},{"damage":10,"enemies":"Jaw Worm","floor":15,"turns":2},{"damage":32,"enemies":"downfall:Defect","floor":16,"turns":4},{"damage":0,"enemies":"Spheric Guardian","floor":19,"turns":2},{"damage":30,"enemies":"Slavers","floor":20,"turns":4},{"damage":12,"enemies":"3 Cultists","floor":21,"turns":3},{"damage":14,"enemies":"downfall:FleeingMerchant","floor":22,"turns":4},{"damage":3,"enemies":"downfall:FleeingMerchant","floor":23,"turns":3},{"damage":0,"enemies":"Snecko","floor":26,"turns":2},{"damage":0,"enemies":"Gremlin Leader","floor":27,"turns":2},{"damage":0,"enemies":"Snake Plant","floor":28,"turns":2},{"damage":3,"enemies":"Cultist and Chosen","floor":29,"turns":2},{"damage":0,"enemies":"3 Cultists","floor":30,"turns":2},{"damage":0,"enemies":"Snecko","floor":31,"turns":2},{"damage":0,"enemies":"Centurion and Healer","floor":32,"turns":2},{"damage":24,"enemies":"downfall:Ironclad","floor":33,"turns":3},{"damage":0,"enemies":"3 Darklings","floor":38,"turns":2},{"damage":13,"enemies":"Giant Head","floor":42,"turns":4},{"damage":0,"enemies":"Orb Walker","floor":43,"turns":1},{"damage":9,"enemies":"3 Darklings","floor":46,"turns":2},{"damage":0,"enemies":"Jaw Worm Horde","floor":47,"turns":1},{"damage":0,"enemies":"Maw","floor":48,"turns":2},{"damage":7,"enemies":"Writhing Mass","floor":49,"turns":2},{"damage":3,"enemies":"downfall:Watcher","floor":50,"turns":2},{"damage":8,"enemies":"downfall:CharBossMerchant","floor":52,"turns":2},{"damage":0,"enemies":"downfall:NeowBoss","floor":55,"turns":9}],"seed_played":"1521199315441122408","potions_obtained":[{"floor":2,"key":"champ:OpenerPotion"},{"floor":9,"key":"champ:TechniquePotion"},{"floor":16,"key":"hexamod:EctoCoolerPotion"},{"floor":46,"key":"PowerPotion"}],"is_trial":false,"path_per_floor":["R_BF","M","R","E","?","M","T","R","E","R","?","$","?","T","M","B",null,"R","M","E","M","$","$","T","R","M","E","M","M","M","M","M","B",null,"R","?","AVR","M","R","?","T","E","M","R","$","M","M","M","M","B",null,"E","$","R","B",null],"character_chosen":"THE_CHAMP","items_purchased":["champ:PreciseThrust","champ:GladiatorStyle+1","Panache","Dota2Spire:Mjollnir","hubris:DuctTape","HollowMod:JonisBlessing"],"campfire_rested":0,"item_purchase_floors":[12,22,22,23,45,53],"current_hp_per_floor":[90,90,90,78,78,78,88,88,66,66,66,56,56,56,50,49,66,76,76,61,64,76,73,73,73,76,76,76,73,76,76,76,52,76,76,76,76,76,76,76,76,69,76,76,76,67,71,76,69,70,76,68,68,68,68],"gold":140,"neow_bonus":"BOSS_RELIC","is_daily":false,"chose_seed":false,"campfire_upgraded":9,"win_rate":0.0,"timestamp":1607913269,"path_taken":["R_BF","M","R","E","?","?","T","R","E","R","?","$","?","?","M","BOSS","R","M","E","M","$","$","T","R","M","E","?","M","M","M","M","BOSS","R","?","AVR","M","R","?","T","E","M","R","$","M","M","M","M","BOSS","E","$","R","BOSS"],"items_purchased_type":["Card","Card","Card","Relic","Relic","Relic"],"build_version":"2020-12-13","purchased_purges":2,"victory":true,"max_hp_per_floor":[90,90,90,90,90,90,100,100,66,66,66,66,66,66,66,66,66,76,76,76,76,76,76,76,76,76,76,76,76,76,76,76,76,76,76,76,76,76,76,76,76,76,76,76,76,76,76,76,76,76,76,76,76,76,76],"card_choices":[{"not_picked":["champ:HeartStrike","champ:ArenaPreparation"],"picked":"champ:FlashCut","floor":2},{"not_picked":["champ:ShieldSlam","champ:ArenaPreparation"],"picked":"champ:Shatter","floor":4},{"not_picked":["champ:RisingSlash","champ:StanceDance"],"picked":"champ:FlashCut","floor":6},{"not_picked":["champ:FanOfKnives","champ:ShieldWall"],"picked":"champ:VampiricStrike","floor":9},{"not_picked":["champ:DancingMaster","champ:SkillfulDodge"],"picked":"champ:BladeFlurry","floor":12},{"not_picked":["champ:EnragedBash","champ:DefensiveStyle"],"picked":"champ:BladeFlurry","floor":15},{"not_picked":["champ:ShieldSlam","champ:LastStand"],"picked":"champ:MurderStrike","floor":16},{"not_picked":["ReplayTheSpireMod:Tripwire+1","champ:Backstep","champ:AdrenalArmor+1","Sucker Punch"],"picked":"SKIP","floor":19},{"not_picked":["Setup","Acrobatics","champ:DefensiveShout","champ:AdrenalArmor"],"picked":"SKIP","floor":20},{"not_picked":["champ:FanOfKnives","ReplayTheSpireMod:Shiv Toss","Concentrate","hubris:TrickCloak"],"picked":"SKIP","floor":21},{"not_picked":["Cloak And Dagger","champ:VampiricStrike","hubris:SlightOfHand"],"picked":"Blade Dance+1","floor":22},{"not_picked":["champ:Backstep+1","champ:Devastate","Underhanded Strike"],"picked":"Slice","floor":23},{"not_picked":["champ:FanOfKnives","Underhanded Strike","Acrobatics","Prepared+1"],"picked":"SKIP","floor":26},{"not_picked":["Flying Knee","Acrobatics","champ:BladeFlurry"],"picked":"champ:Haymaker","floor":27},{"not_picked":["Endless Agony","champ:BerserkerStyle+1","Deadly Poison","Noxious Fumes"],"picked":"SKIP","floor":28},{"not_picked":["hubris:TrickCloak","champ:Encircle","champ:RecklessLeap","champ:Backstep"],"picked":"SKIP","floor":29},{"not_picked":["Concentrate","ReplayTheSpireMod:Shiv Toss","hubris:SlightOfHand","champ:ViciousMockery"],"picked":"SKIP","floor":30},{"not_picked":["champ:Improvising","champ:Haymaker","Hidden Blade","champ:BerserkersShout"],"picked":"SKIP","floor":31},{"not_picked":["champ:FanOfKnives","Acrobatics","champ:AdrenalArmor+1"],"picked":"champ:BladeFlurry","floor":32},{"not_picked":["champ:DefensiveShout+1","hubris:SlightOfHand","Setup+1","champ:BringItOn"],"picked":"SKIP","floor":38},{"not_picked":["champ:GladiatorsShout+1","champ:HeartStrike","champ:Haymaker","champ:DefensiveShout+1"],"picked":"SKIP","floor":42},{"not_picked":["Fluid Movement+1","Dodge and Roll+1","Envenom","champ:Circumvent+1"],"picked":"SKIP","floor":43},{"not_picked":["Quick Slash+1","Backflip","champ:BladeFlurry"],"picked":"Dagger Spray+1","floor":46},{"not_picked":["Quick Slash","Underhanded Strike+1","champ:HeartStrike+1","Dodge and Roll+1"],"picked":"SKIP","floor":47},{"not_picked":["champ:Encircle","hubris:TrickCloak","Bane+1"],"picked":"Finisher","floor":48},{"not_picked":["Flying Knee","champ:BerserkersShout","champ:Riposte","champ:HeavySlash"],"picked":"SKIP","floor":49},{"not_picked":["Outmaneuver","Deflect","Escape Plan","Flying Knee"],"picked":"SKIP","floor":52}],"player_experience":924956,"relics_obtained":[{"floor":4,"key":"Du-Vu Doll"},{"floor":7,"key":"Pear"},{"floor":9,"key":"HollowMod:QueensCombRelic"},{"floor":20,"key":"hubris:Reverence"},{"floor":24,"key":"Dota2Spire:CrimsonGuard"},{"floor":27,"key":"hubris:BundleOfHerbs"},{"floor":41,"key":"Dota2Spire:Satanic"},{"floor":42,"key":"infinitespire:PuzzleCube"},{"floor":52,"key":"TheAbacus"},{"floor":52,"key":"aspiration:FetidBarrel"}],"event_choices":[{"damage_healed":0,"gold_gain":300,"player_choice":"Gold","damage_taken":0,"max_hp_gain":0,"max_hp_loss":0,"event_name":"Wheel of Change","floor":40,"gold_loss":0}],"is_beta":false,"boss_relics":[{"not_picked":["Replay:Fungal Core","hubris:VirtuousBlindfold"],"picked":"aspiration:SilentSkillbook"},{"not_picked":["Coffee Dripper","hubris:ScarierMask"],"picked":"Abe\u0027s Treasure"}],"items_purged_floors":[45,53],"is_endless":false,"potions_floor_spawned":[2,9,16,19,26,27,28,32,42,46],"ascension_level":0}}