{"host":"oi1nj6gqzrtwlr6p","time":1607930035,"event":{"mods":["2.2 Compatiblity","BaseMod","Better Match","Better Note","Block Reminder","Colored Powertips","DeckTracker","Downfall","Energized Spire","Koishi","Marisa????????","Minty Spire (QoL Compilation)","Rare Cards Sparkle","Reimu??????","StSLib","Td1madao Mod","The Administrix","The Senshi","The Servant 0.9.4","The Vixen","The Wild Card"],"gold_per_floor":[116,135,152,166,231,231,231,140,590,84,116,41,55,55,55],"floor_reached":14,"playtime":1232,"items_purged":["Slimebound:Icky"],"score":90,"play_id":"67afe24c-ee61-4928-b495-342d6a285f81","local_time":"20201214011355","is_ascension_mode":false,"campfire_choices":[{"floor":6,"key":"RECALL"},{"floor":12,"key":"REST"}],"circlet_count":0,"master_deck":["Guardian:Strike_Guardian+1","Guardian:Strike_Guardian","Guardian:Strike_Guardian+1","Guardian:Strike_Guardian","Guardian:Defend_Guardian","Guardian:Defend_Guardian","Guardian:Defend_Guardian","Guardian:Defend_Guardian","Guardian:CurlUp","Guardian:TwinSlam","Guardian:GatlingBeam","Guardian:BronzeOrb","Guardian:TemporalShield","Guardian:PrismaticBarrier","Guardian:FuturePlans","Guardian:Planning","Slimebound:Icky","Slimebound:Icky","Guardian:DonusPower","Guardian:FierceBash","Guardian:TemporalStrike"],"relics":["Guardian:ModeShifter","Kunai","Whetstone","Potion Belt","Girya","downfall:HeartBlessingBlue"],"acts_visited":["Exordium"],"potions_floor_usage":[8,11],"damage_taken":[{"damage":0,"enemies":"Cultist","floor":1,"turns":3},{"damage":1,"enemies":"Jaw Worm","floor":2,"turns":3},{"damage":0,"enemies":"Small Slimes","floor":3,"turns":3},{"damage":6,"enemies":"Exordium Wildlife","floor":4,"turns":5},{"damage":33,"enemies":"Lagavulin Event","floor":5,"turns":9},{"damage":4,"enemies":"downfall:FleeingMerchant","floor":8,"turns":4},{"damage":2,"enemies":"downfall:FleeingMerchant","floor":10,"turns":4},{"damage":32,"enemies":"Lagavulin","floor":11,"turns":6},{"damage":19,"enemies":"Gremlin Gang","floor":13,"turns":5},{"damage":26,"enemies":"3 Sentries","floor":14,"turns":4}],"seed_played":"1052568619199055318","potions_obtained":[{"floor":3,"key":"LiquidBronze"},{"floor":5,"key":"Swift Potion"},{"floor":11,"key":"Guardian:AcceleratePotion"},{"floor":13,"key":"GrandPatriotsElixir:ReiMu"}],"is_trial":false,"path_per_floor":["M","M","M","M","?","R","T","$","?","$","E","R","M","E"],"character_chosen":"GUARDIAN","items_purchased":["Guardian:Gem_Green","Guardian:Planning","Whetstone","Potion Belt","Guardian:FierceBash","Guardian:Gem_Green"],"campfire_rested":1,"item_purchase_floors":[8,8,10,10,10,10],"current_hp_per_floor":[80,79,79,73,40,40,40,36,36,34,2,39,20,0,0],"gold":55,"neow_bonus":"ONE_RANDOM_RARE_CARD","is_daily":false,"chose_seed":false,"campfire_upgraded":0,"win_rate":0.0,"timestamp":1607930035,"path_taken":["M","M","?","M","?","R","T","$","?","?","E","R","?","E"],"items_purchased_type":["Card","Card","Relic","Relic","Card","Card"],"build_version":"2020-12-13","purchased_purges":1,"victory":false,"max_hp_per_floor":[80,80,80,80,80,80,80,80,80,80,80,90,90,90,90],"card_choices":[{"not_picked":["Guardian:Reroute","Guardian:Gem_Crimson"],"picked":"Guardian:Gem_Yellow","floor":1},{"not_picked":["Guardian:CrystalBeam","Guardian:TimeCapacitor"],"picked":"Guardian:BronzeOrb","floor":2},{"not_picked":["Guardian:TimeCapacitor","Guardian:Harden"],"picked":"Guardian:TemporalShield","floor":3},{"not_picked":["Guardian:PrimingBeam","Guardian:CrystalBeam"],"picked":"Guardian:PrismaticBarrier","floor":4},{"not_picked":["Guardian:CrystalBeam","Guardian:PrimingBeam"],"picked":"Guardian:Gem_Green","floor":5},{"not_picked":["Guardian:PiercingHide","Guardian:VentSteam"],"picked":"Guardian:FuturePlans","floor":8},{"not_picked":["Guardian:CrystalBeam","Guardian:TemporalShield"],"picked":"Guardian:DonusPower","floor":10},{"not_picked":["Guardian:Clone","Guardian:DecasProtection"],"picked":"Guardian:Gem_Lightblue","floor":11},{"not_picked":["Guardian:PolyBeam","Guardian:Incinerate"],"picked":"Guardian:TemporalStrike","floor":13}],"player_experience":351270,"relics_obtained":[{"floor":11,"key":"Girya"}],"event_choices":[],"is_beta":false,"boss_relics":[],"items_purged_floors":[10],"is_endless":false,"potions_floor_spawned":[3,5,11,13],"killed_by":"3 Sentries","ascension_level":0}}