{"host":"pgiw9wkmtk74e1ic","time":1607938100,"event":{"mods":["BaseMod","Colored Map","Colored Powertips","Marisa????????","Minty Spire (QoL Compilation)","Replay The Spire","StSLib"],"gold_per_floor":[362,120,156,174,197,197,197,234,261,261,300,318,333,384,384,501,501,535,560,307,307,337,368,368,368,368,403,403,107,154,166,166,293,293,306,306,354,410,118,118,144,144,144,23,49,49,49,49,49,83,83,83,83,83,8,39,39],"floor_reached":58,"playtime":4990,"items_purged":["Strike_MRS","Strike_MRS","Strike_MRS"],"score":1394,"play_id":"f86955f6-26e4-4edb-8020-cc72d916d8d5","local_time":"20201214022820","is_ascension_mode":false,"campfire_choices":[{"data":"UltimateShortwave","floor":7.0,"key":"SMITH"},{"data":"PulseMagic","floor":10.0,"key":"SMITH"},{"floor":15.0,"key":"REST"},{"data":"GalacticHalo","floor":24.0,"key":"SMITH"},{"data":"ManaConvection","floor":32.0,"key":"SMITH"},{"data":"GalacticHalo","floor":40.0,"key":"SMITH"},{"floor":42.0,"key":"RECALL"},{"data":"GalacticHalo","floor":46.0,"key":"SMITH"},{"data":"AsteroidBelt","floor":49.0,"key":"SMITH"},{"data":"AsteroidBelt","floor":51.0,"key":"SMITH"},{"data":"MilkyWay","floor":54.0,"key":"SMITH"}],"circlet_count":0,"master_deck":["Strike_MRS","Defend_MRS","Defend_MRS","Defend_MRS","Defend_MRS","MasterSpark","UpSweep","ChargingUp","PulseMagic+1","SporeBomb+1","Robbery","MilkyWay","UltimateShortwave+1","MilkyWay+1","AsteroidBelt+1","WitchOfGreed","AbsoluteMagnitude+1","PowerUp","TreasureHunter+1","CurseOfTheBell","MilkyWay+1","EnergyRecoil","GalacticHalo+1","GalacticHalo+1","GalacticHalo+1","UltimateShortwave+1","WitchOfGreed","GalacticHalo+1","AbsoluteMagnitude+1","ManaConvection+1","MillisecondPulsars+1","AsteroidBelt+1","EventHorizon+1","EarthLightRay+1","EnergyFlow+1","Singularity+1","EnergyRecoil","Singularity+1"],"relics":["MiniHakkero","Membership Card","Blue Doll","Molten Egg 2","Potion Belt","Bag of Preparation","Calling Bell","Happy Flower","Singing Bowl","Replay:Kaleidoscope","Pet Ghost","Garlic","HandmadeGrimoire","Bronze Scales","Replay:Wax Seal","Darkstone Periapt","Question Card","ReplayTheSpireMod:TigerMarble","Torii","Black Star","PreservedInsect","Frozen Egg 2","Replay:Ringing Soul","Replay:Rubber Ducky","StrikeDummy","Replay:Bottled Flurry","Bird Faced Urn","Ornamental Fan"],"acts_visited":["Exordium","TheCity","TheBeyond","TheEnding"],"potions_floor_usage":[57,57,57,57,57],"damage_taken":[{"damage":0.0,"enemies":"Cultist","floor":1.0,"turns":4.0},{"damage":0.0,"enemies":"2 Louse","floor":3.0,"turns":3.0},{"damage":2.0,"enemies":"Jaw Worm","floor":4.0,"turns":3.0},{"damage":14.0,"enemies":"Gremlin Nob","floor":8.0,"turns":3.0},{"damage":21.0,"enemies":"Lagavulin","floor":11.0,"turns":5.0},{"damage":1.0,"enemies":"2 Fungi Beasts","floor":12.0,"turns":4.0},{"damage":9.0,"enemies":"Exordium Thugs","floor":13.0,"turns":3.0},{"damage":8.0,"enemies":"Lots of Slimes","floor":14.0,"turns":5.0},{"damage":6.0,"enemies":"Fading Forest","floor":16.0,"turns":6.0},{"damage":2.0,"enemies":"Spheric Guardian","floor":18.0,"turns":4.0},{"damage":6.0,"enemies":"Chosen","floor":19.0,"turns":6.0},{"damage":0.0,"enemies":"Snecko","floor":22.0,"turns":3.0},{"damage":0.0,"enemies":"Gremlin Leader","floor":23.0,"turns":4.0},{"damage":4.0,"enemies":"Snake Plant","floor":27.0,"turns":5.0},{"damage":2.0,"enemies":"Shelled Parasite and Fungi","floor":30.0,"turns":5.0},{"damage":0.0,"enemies":"Snecko","floor":31.0,"turns":3.0},{"damage":25.0,"enemies":"Automaton","floor":33.0,"turns":7.0},{"damage":0.0,"enemies":"Orb Walker","floor":35.0,"turns":2.0},{"damage":0.0,"enemies":"3 Shapes","floor":37.0,"turns":7.0},{"damage":19.0,"enemies":"Transient","floor":38.0,"turns":5.0},{"damage":10.0,"enemies":"Reptomancer","floor":41.0,"turns":3.0},{"damage":0.0,"enemies":"Jaw Worm Horde","floor":45.0,"turns":4.0},{"damage":0.0,"enemies":"Maw","floor":50.0,"turns":4.0},{"damage":0.0,"enemies":"Time Eater","floor":52.0,"turns":4.0},{"damage":16.0,"enemies":"Shield and Spear","floor":56.0,"turns":5.0},{"damage":45,"enemies":"The Heart","floor":57,"turns":9}],"seed_played":"6085221300742758106","potions_obtained":[{"floor":3.0,"key":"Block Potion"},{"floor":4.0,"key":"EntropicBrew"},{"floor":11.0,"key":"Dexterity Potion"},{"floor":12.0,"key":"SteroidPotion"},{"floor":14.0,"key":"AttackPotion"},{"floor":14.0,"key":"SneckoOil"},{"floor":18.0,"key":"SteroidPotion"},{"floor":22.0,"key":"SkillPotion"},{"floor":22.0,"key":"Dexterity Potion"},{"floor":27.0,"key":"Strength Potion"},{"floor":27.0,"key":"Weak Potion"},{"floor":30.0,"key":"EssenceOfSteel"},{"floor":31.0,"key":"Energy Potion"},{"floor":35.0,"key":"Ancient Potion"},{"floor":37.0,"key":"Doom Potion"},{"floor":37.0,"key":"ColorlessPotion"},{"floor":38.0,"key":"SkillPotion"},{"floor":38.0,"key":"SkillPotion"},{"floor":41.0,"key":"Flashbang"},{"floor":50.0,"key":"PowerPotion"},{"floor":56.0,"key":"Weak Potion"}],"is_trial":false,"path_per_floor":["M","$","M","M","T","?","R","E","T","R","E","M","M","M","R","B",null,"M","M","$","T","M","E","R","T","T","M","?","$","M","M","R","B",null,"M","?","M","M","$","R","E","R","T","$","M","R","PTL","PTL","R","M","R","B",null,"R","$","E","B",null],"character_chosen":"MARISA","items_purchased":["Membership Card","PulseMagic","SporeBomb+1","Robbery","GalacticHalo","Pet Ghost","Garlic","Question Card","ReplayTheSpireMod:TigerMarble","WitchOfGreed","GalacticHalo","PreservedInsect","Frozen Egg 2","EventHorizon+1","Replay:Bottled Flurry","Singularity+1","EnergyRecoil"],"campfire_rested":1,"item_purchase_floors":[2,2,2,2,20,20,20,29,29,29,29,39,39,39,44,55,55],"current_hp_per_floor":[68,68,68,66,66,66,66,52,52,52,31,30,21,13,33,37,68,66,60,60,60,62,62,62,62,62,60,60,60,58,58,58,33,72,72,72,74,57,57,57,50,50,50,50,56,56,56,56,56,65,65,65,84,84,87,80,49],"gold":39,"neow_bonus":"TWO_FIFTY_GOLD","is_daily":false,"chose_seed":false,"campfire_upgraded":9,"win_rate":0.0,"timestamp":1607938100,"path_taken":["M","$","M","M","?","?","R","E","T","R","E","M","M","M","R","BOSS","M","M","$","?","M","E","R","?","T","M","?","$","M","M","R","BOSS","M","?","M","M","$","R","E","R","T","$","?","R","PTL","PTL","R","M","R","BOSS","R","$","E","BOSS"],"items_purchased_type":["Relic","Card","Card","Card","Card","Relic","Relic","Relic","Relic","Card","Card","Relic","Relic","Card","Relic","Card","Card"],"build_version":"2020-12-13","purchased_purges":3,"victory":true,"max_hp_per_floor":[68,68,68,68,68,68,68,68,68,68,68,68,68,68,68,68,68,68,68,68,68,70,70,70,70,70,72,72,72,72,72,72,72,72,72,72,74,76,76,76,79,79,79,79,81,81,81,81,81,84,84,84,84,84,87,90,90],"card_choices":[{"not_picked":["WitchOfGreed","ManaConvection"],"picked":"ChargingUp","floor":1.0},{"not_picked":["DC","NonDirectionalLaser"],"picked":"MilkyWay","floor":3.0},{"not_picked":["DragonMeteor","ShootingEcho"],"picked":"UltimateShortwave","floor":4.0},{"not_picked":["NonDirectionalLaser+1","GrandCross+1"],"picked":"MilkyWay","floor":8.0},{"not_picked":["MysteriousBeam+1","WitchLeyline+1"],"picked":"AsteroidBelt","floor":11.0},{"not_picked":["ShootingEcho+1","6A+1"],"picked":"WitchOfGreed","floor":12.0},{"not_picked":["Orbital","BlazeAway"],"picked":"AbsoluteMagnitude+1","floor":13.0},{"not_picked":["GravityBeat+1","WitchOfGreed"],"picked":"PowerUp","floor":14.0},{"not_picked":["BlazingStar+1","BigCrunch"],"picked":"TreasureHunter+1","floor":16.0},{"not_picked":["MysteriousBeam+1","Orbital+1"],"picked":"MilkyWay+1","floor":18.0},{"not_picked":["AsteroidBelt+1","SporeBomb"],"picked":"EnergyRecoil","floor":19.0},{"not_picked":["BlazeAway","NonDirectionalLaser+1","IllusionStar+1"],"picked":"Singing Bowl","floor":22.0},{"not_picked":["RefractionSpark+1","MeteoricShower+1"],"picked":"GalacticHalo+1","floor":23.0},{"not_picked":["IllusionStar","6A+1","NonDirectionalLaser+1"],"picked":"Singing Bowl","floor":27.0},{"not_picked":["WitchOfGreed","WitchLeyline+1","MeteoricShower+1"],"picked":"AbsoluteMagnitude+1","floor":30.0},{"not_picked":["WitchLeyline+1","Acceleration+1","RefractionSpark+1"],"picked":"ManaConvection","floor":31.0},{"not_picked":["TreasureHunter+1","BinaryStars","CasketOfStar"],"picked":"MillisecondPulsars","floor":33.0},{"not_picked":["MysteriousBeam+1","NonDirectionalLaser+1","6A+1"],"picked":"AsteroidBelt","floor":35.0},{"not_picked":["Occultation","UnstableBomb+1","DC+1","WitchLeyline+1"],"picked":"Singing Bowl","floor":37.0},{"not_picked":["StarlightTyphoon","6A+1","MaximisePower","ShootingEcho+1"],"picked":"Singing Bowl","floor":38.0},{"not_picked":["UnstableBomb+1","GrandCross+1","6A+1"],"picked":"EarthLightRay+1","floor":41.0},{"not_picked":["IllusionStar","GravityBeat+1","UnstableBomb+1","MilkyWay"],"picked":"Singing Bowl","floor":45.0},{"not_picked":["NonDirectionalLaser+1","MeteoricShower+1","WitchLeyline+1"],"picked":"EnergyFlow+1","floor":50.0},{"not_picked":["AlicesGift+1","SporeBomb","OrrerysSun+1"],"picked":"Singularity+1","floor":56.0}],"player_experience":259688,"relics_obtained":[{"floor":5.0,"key":"Blue Doll"},{"floor":8.0,"key":"Potion Belt"},{"floor":11.0,"key":"Bag of Preparation"},{"floor":17.0,"key":"Happy Flower"},{"floor":17.0,"key":"Singing Bowl"},{"floor":17.0,"key":"Replay:Kaleidoscope"},{"floor":21.0,"key":"HandmadeGrimoire"},{"floor":23.0,"key":"Bronze Scales"},{"floor":25.0,"key":"Replay:Wax Seal"},{"floor":26.0,"key":"Darkstone Periapt"},{"floor":33.0,"key":"Torii"},{"floor":41.0,"key":"Replay:Ringing Soul"},{"floor":41.0,"key":"Replay:Rubber Ducky"},{"floor":43.0,"key":"StrikeDummy"},{"floor":56.0,"key":"Bird Faced Urn"},{"floor":56.0,"key":"Ornamental Fan"}],"event_choices":[{"damage_healed":0.0,"max_hp_gain":0.0,"max_hp_loss":0.0,"gold_gain":0.0,"event_name":"WeMeetAgain","player_choice":"Gave Potion","floor":6.0,"gold_loss":0.0,"damage_taken":0.0,"relics_obtained":["Molten Egg 2"]},{"damage_healed":0.0,"max_hp_gain":0.0,"max_hp_loss":0.0,"gold_gain":0.0,"event_name":"Duplicator","player_choice":"Copied","floor":28.0,"gold_loss":0.0,"damage_taken":0.0,"cards_obtained":["UltimateShortwave"]},{"damage_healed":0.0,"max_hp_gain":0.0,"max_hp_loss":0.0,"gold_gain":0.0,"event_name":"Upgrade Shrine","player_choice":"Upgraded","floor":36.0,"gold_loss":0.0,"damage_taken":0.0,"cards_upgraded":["MillisecondPulsars"]}],"is_beta":false,"boss_relics":[{"not_picked":["Kintsugi","Pandora\u0027s Box"],"picked":"Calling Bell"},{"not_picked":["Replay:Bronze Core","ExperimentalFamiliar"],"picked":"Black Star"}],"items_purged_floors":[20,29,39],"is_endless":false,"potions_floor_spawned":[3,4,11,12,14,22,27,31,35,38,41,50,56],"ascension_level":0}}