{"host":"4zvbxxdl6kueq37o","time":1607956843,"event":{"mods":["Act Like it!","BaseMod","Better Third Choice","Downfall","Minty Spire (QoL Compilation)","Replay The Spire","StSLib"],"gold_per_floor":[99,99,99,99,99,99,99,127,142,142,153,57,75,86,101,101,101],"floor_reached":16,"playtime":688,"items_purged":[],"score":125,"play_id":"398a3484-9d75-47dd-b1a9-b00bbbeedffe","local_time":"20201214154043","is_ascension_mode":false,"campfire_choices":[{"data":"champ:Execute","floor":1,"key":"SMITH"},{"data":"champ:FaceSlap","floor":6,"key":"SMITH"},{"floor":10,"key":"RECALL"}],"circlet_count":0,"master_deck":["champ:Strike","champ:Strike","champ:Strike","champ:Strike","champ:Defend","champ:Defend","champ:Defend","champ:Execute+1","champ:Taunt","champ:FaceSlap+1","champ:Circumvent+1","champ:MurderStrike","champ:TornadoPunch","champ:Backstep","champ:RecklessLeap","champ:EnGarde","champ:SkillfulDodge","champ:ShieldThrow","champ:Circumvent"],"relics":["champ:ChampionCrown","downfall:HeartsMalice","champ:DefensiveTrainingManual","Question Card"],"acts_visited":["Exordium"],"potions_floor_usage":[],"damage_taken":[{"damage":0,"enemies":"Jaw Worm","floor":2,"turns":1},{"damage":0,"enemies":"Cultist","floor":4,"turns":1},{"damage":0,"enemies":"3 Sentries","floor":8,"turns":1},{"damage":5,"enemies":"Small Slimes","floor":9,"turns":3},{"damage":6,"enemies":"3 Louse","floor":11,"turns":3},{"damage":5,"enemies":"downfall:FleeingMerchant","floor":12,"turns":4},{"damage":21,"enemies":"Lots of Slimes","floor":13,"turns":5},{"damage":11,"enemies":"3 Louse","floor":14,"turns":4},{"damage":25,"enemies":"Exordium Wildlife","floor":15,"turns":4},{"damage":59,"enemies":"downfall:Ironclad","floor":16,"turns":7}],"seed_played":"-140096269697281771","potions_obtained":[{"floor":8,"key":"GamblersBrew"},{"floor":11,"key":"Strength Potion"},{"floor":13,"key":"Explosive Potion"},{"floor":15,"key":"Elixir"}],"is_trial":false,"path_per_floor":["R","M","?","M","?","R","T","E","M","R","M","$","M","M","M","B"],"character_chosen":"THE_CHAMP","items_purchased":["champ:EnGarde"],"campfire_rested":0,"item_purchase_floors":[12],"current_hp_per_floor":[90,90,90,90,90,90,90,90,90,90,84,84,78,67,57,0,0],"gold":101,"neow_bonus":"THREE_ENEMY_KILL","is_daily":false,"chose_seed":false,"campfire_upgraded":2,"win_rate":0.0,"timestamp":1607956843,"path_taken":["R","M","?","?","?","R","T","E","M","R","M","$","M","?","M","BOSS"],"items_purchased_type":["Card"],"build_version":"2020-12-13","purchased_purges":0,"victory":false,"max_hp_per_floor":[90,90,90,90,90,90,90,90,90,90,90,90,90,90,90,90,90],"card_choices":[{"not_picked":["champ:Riposte","champ:FocusedBerserking"],"picked":"champ:FaceSlap","floor":2},{"not_picked":["champ:FocusedGladiator","champ:SkillfulDodge"],"picked":"champ:Circumvent","floor":4},{"not_picked":["champ:Haymaker","champ:Circumvent"],"picked":"champ:MurderStrike","floor":8},{"not_picked":["champ:HeartStrike","champ:EndlessRage","champ:DefensiveShout"],"picked":"champ:TornadoPunch","floor":9},{"not_picked":["champ:CrookedStrike","champ:GladiatorsShout","champ:StanceDance"],"picked":"champ:Backstep","floor":11},{"not_picked":["champ:TornadoPunch","champ:StanceDance","champ:CrookedStrike"],"picked":"champ:RecklessLeap","floor":12},{"not_picked":["champ:Haymaker","champ:Circumvent","champ:ViciousMockery"],"picked":"champ:SkillfulDodge","floor":13},{"not_picked":["champ:PreciseThrust","champ:Haymaker","champ:HeartStrike"],"picked":"champ:ShieldThrow","floor":14},{"not_picked":["champ:GladiatorsShout","champ:Encircle","champ:StanceDance"],"picked":"champ:Circumvent","floor":15}],"player_experience":660267,"relics_obtained":[{"floor":7,"key":"champ:DefensiveTrainingManual"},{"floor":8,"key":"Question Card"}],"event_choices":[{"cards_removed":["champ:Defend"],"damage_healed":0,"gold_gain":0,"player_choice":"Purged","damage_taken":0,"max_hp_gain":0,"max_hp_loss":0,"event_name":"Purifier","floor":3,"gold_loss":0},{"damage_healed":0,"gold_gain":0,"player_choice":"Upgraded","damage_taken":0,"max_hp_gain":0,"max_hp_loss":0,"event_name":"Upgrade Shrine","floor":5,"gold_loss":0,"cards_upgraded":["champ:Circumvent"]}],"is_beta":false,"boss_relics":[],"items_purged_floors":[],"is_endless":false,"potions_floor_spawned":[8,11,13,15],"killed_by":"downfall:Ironclad","ascension_level":0}}