{"host":"pwhq7648p2dwl3jg","time":1607937474,"event":{"mods":["AchievementEnabler","BaseMod","Colored Map","Minty Spire (QoL Compilation)","Rare Cards Sparkle","SuperFastMode"],"gold_per_floor":[119,119,132,107,107,107,118,118,166,10,10,30,89,108,108,207,207,224,143,143,143,0,0,15,15,15],"floor_reached":25,"playtime":529,"items_purged":[],"score":246,"play_id":"04f49d5d-8e52-4eaf-b9bd-8fb566024396","local_time":"20201214181754","is_ascension_mode":true,"campfire_choices":[{"data":"Jack Of All Trades","floor":6,"key":"SMITH"},{"data":"Dualcast","floor":8,"key":"SMITH"},{"floor":15,"key":"REST"},{"floor":23,"key":"REST"}],"circlet_count":0,"master_deck":["Strike_B","Strike_B","Strike_B","Strike_B","Defend_B","Defend_B","Defend_B","Defend_B","Zap","Dualcast+1","Jack Of All Trades+1","Cold Snap","Coolheaded","Barrage","FTL","Seek","Blizzard","White Noise+1","BootSequence"],"relics":["Cracked Core","Dream Catcher","PreservedInsect","Frozen Egg 2","SlaversCollar","Kunai"],"acts_visited":["Exordium","TheCity"],"potions_floor_usage":[16,16,25],"damage_taken":[{"damage":2,"enemies":"Jaw Worm","floor":1,"turns":3},{"damage":3,"enemies":"2 Louse","floor":3,"turns":2},{"damage":0,"enemies":"Small Slimes","floor":7,"turns":2},{"damage":13,"enemies":"3 Louse","floor":12,"turns":3},{"damage":28,"enemies":"Lagavulin Event","floor":13,"turns":5},{"damage":0,"enemies":"2 Fungi Beasts","floor":14,"turns":3},{"damage":29,"enemies":"The Guardian","floor":16,"turns":13},{"damage":35,"enemies":"3 Byrds","floor":18,"turns":8},{"damage":43,"enemies":"2 Thieves","floor":24,"turns":5},{"damage":10,"enemies":"Book of Stabbing","floor":25,"turns":2}],"seed_played":"-5009062607708370226","potions_obtained":[{"floor":1,"key":"PotionOfCapacity"},{"floor":12,"key":"ColorlessPotion"},{"floor":18,"key":"CultistPotion"}],"is_trial":false,"path_per_floor":["M","?","M","$","?","R","M","R","T","$","?","M","?","M","R","B",null,"M","$","?","T","?","R","M","E"],"character_chosen":"DEFECT","items_purchased":["Cold Snap","PreservedInsect","Blizzard"],"campfire_rested":2,"item_purchase_floors":[4,10,19],"current_hp_per_floor":[66,66,63,63,75,75,75,75,75,75,75,62,34,34,56,27,63,28,28,28,28,28,50,7,0,0],"gold":15,"neow_bonus":"RANDOM_COLORLESS","is_daily":false,"chose_seed":false,"campfire_upgraded":2,"win_rate":0.0,"timestamp":1607937474,"path_taken":["M","?","M","$","?","R","M","R","T","$","?","M","?","M","R","BOSS","M","$","?","?","?","R","M","E"],"items_purchased_type":["Card","Relic","Card"],"build_version":"2020-12-13","purchased_purges":0,"victory":false,"max_hp_per_floor":[75,75,75,75,75,75,75,75,75,75,75,75,75,75,75,75,75,75,75,75,75,75,75,75,75,75],"card_choices":[{"not_picked":["Trip","Flash of Steel"],"picked":"Jack Of All Trades","floor":0},{"not_picked":["Compile Driver","Sweeping Beam","Undo"],"picked":"SKIP","floor":1},{"not_picked":["Sweeping Beam","Redo","Doom and Gloom"],"picked":"SKIP","floor":3},{"not_picked":["Gash","Loop","Stack"],"picked":"SKIP","floor":7},{"not_picked":["Gash","Amplify"],"picked":"Coolheaded","floor":12},{"not_picked":["Sweeping Beam","Coolheaded"],"picked":"Barrage","floor":13},{"not_picked":["Compile Driver","Static Discharge+1","Barrage"],"picked":"SKIP","floor":14},{"not_picked":["Go for the Eyes","Double Energy"],"picked":"FTL","floor":15},{"not_picked":["Machine Learning+1","Buffer+1"],"picked":"Seek","floor":16},{"not_picked":["Leap","Reinforced Body","Redo"],"picked":"SKIP","floor":18},{"not_picked":["Barrage+1","Blizzard+1"],"picked":"White Noise+1","floor":23},{"not_picked":["Stack+1","Conserve Battery"],"picked":"BootSequence","floor":24}],"player_experience":206232,"relics_obtained":[{"floor":9,"key":"Dream Catcher"},{"floor":21,"key":"Kunai"}],"event_choices":[{"damage_healed":0,"gold_gain":0,"player_choice":"Leave","damage_taken":0,"max_hp_gain":0,"max_hp_loss":0,"event_name":"The Cleric","floor":2,"gold_loss":0},{"damage_healed":25,"gold_gain":0,"player_choice":"Banana","damage_taken":0,"max_hp_gain":0,"max_hp_loss":0,"event_name":"Big Fish","floor":5,"gold_loss":0},{"damage_healed":0,"gold_gain":0,"player_choice":"Ignored","damage_taken":0,"max_hp_gain":0,"max_hp_loss":0,"event_name":"Liars Game","floor":11,"gold_loss":0},{"damage_healed":0,"gold_gain":0,"player_choice":"Searched \u00272\u0027 times","damage_taken":0,"relics_obtained":["Frozen Egg 2"],"max_hp_gain":0,"max_hp_loss":0,"event_name":"Dead Adventurer","floor":13,"gold_loss":0},{"damage_healed":0,"gold_gain":0,"player_choice":"Ignored","damage_taken":0,"max_hp_gain":0,"max_hp_loss":0,"event_name":"Vampires","floor":20,"gold_loss":0},{"damage_healed":0,"gold_gain":0,"player_choice":"Paid Fearfully","damage_taken":0,"max_hp_gain":0,"max_hp_loss":0,"event_name":"Masked Bandits","floor":22,"gold_loss":143}],"is_beta":false,"boss_relics":[{"not_picked":["Busted Crown","Philosopher\u0027s Stone"],"picked":"SlaversCollar"}],"items_purged_floors":[],"is_endless":false,"potions_floor_spawned":[1,12,18],"killed_by":"Book of Stabbing","ascension_level":6}}