{"host":"ov7kp8bjf83ind03","time":1607971086,"event":{"mods":["AchievementEnabler","BaseMod","Better Note","Colored Map","Colored Powertips","Downfall","Minty Spire (QoL Compilation)","Permanent Neow","Rare Cards Sparkle","Relic Sorter","Relic Stats","StSLib","everything is the same but u backflip on backflip"],"gold_per_floor":[99,110,35,35,35,61,107,136,146,146,164,74,74,92,102,204,204,204,219,219,244,244,204,256,256,268,99,116,116,128,141,151,151,151],"floor_reached":33,"playtime":2765,"items_purged":["Regret"],"score":277,"play_id":"31730867-3e23-49bf-9116-0bf32229d90d","local_time":"20201214133806","is_ascension_mode":false,"campfire_choices":[{"floor":1.0,"key":"RECALL"},{"data":"hexamod:GhostOfSpirePresent","floor":3.0,"key":"SMITH"},{"data":"hexamod:Float","floor":5.0,"key":"SMITH"},{"floor":10.0,"key":"REST"},{"data":"hexamod:GhostOfSpirePresent","floor":18.0,"key":"SMITH"},{"data":"hexamod:NightmareGuise","floor":22.0,"key":"SMITH"},{"data":"hexamod:SoulSteal","floor":25.0,"key":"SMITH"}],"circlet_count":0,"master_deck":["hexamod:Strike+1","hexamod:Strike+1","hexamod:Strike","hexamod:Defend+1","hexamod:Defend+1","hexamod:Defend+1","hexamod:Defend+1","hexamod:Sear+1","hexamod:Float+1","hexamod:GhostOfSpirePresent+1","hexamod:RainOfEmbers+1","hexamod:GhostOfSpirePresent+1","hexamod:SixthSeal","hexamod:NightmareGuise+1","hexamod:GhostShield+1","hexamod:VolcanoVisage+1","hexamod:Hexaguard+1","hexamod:SoulSteal+1","hexamod:SpectersWail+1","hexamod:FirstSeal","hexamod:SwordOfDarkness","sneckomod:UnknownCommonAttack+1","Outmaneuver","BowlingBash+1","Deflect"],"relics":["hexamod:SpiritBrand","downfall:HeartBlessingRed","Gremlin Horn","Nunchaku","Vajra","Runic Pyramid","Eternal Feather","War Paint","PrismaticShard"],"acts_visited":["Exordium","TheCity"],"potions_floor_usage":[33,33],"damage_taken":[{"damage":2.0,"enemies":"Jaw Worm","floor":2.0,"turns":4.0},{"damage":29.0,"enemies":"3 Sentries","floor":6.0,"turns":8.0},{"damage":23.0,"enemies":"Lagavulin","floor":8.0,"turns":6.0},{"damage":2.0,"enemies":"Small Slimes","floor":9.0,"turns":3.0},{"damage":14.0,"enemies":"Cultist","floor":11.0,"turns":4.0},{"damage":6.0,"enemies":"downfall:FleeingMerchant","floor":12.0,"turns":4.0},{"damage":10.0,"enemies":"Exordium Thugs","floor":14.0,"turns":5.0},{"damage":0.0,"enemies":"2 Fungi Beasts","floor":15.0,"turns":3.0},{"damage":3.0,"enemies":"downfall:Ironclad","floor":16.0,"turns":9.0},{"damage":0.0,"enemies":"Shell Parasite","floor":19.0,"turns":7.0},{"damage":46.0,"enemies":"Book of Stabbing","floor":21.0,"turns":6.0},{"damage":0.0,"enemies":"downfall:FleeingMerchant","floor":23.0,"turns":4.0},{"damage":0,"enemies":"Centurion and Healer","floor":26,"turns":5},{"damage":0,"enemies":"downfall:FleeingMerchant","floor":27,"turns":4},{"damage":12,"enemies":"Snake Plant","floor":28,"turns":5},{"damage":8,"enemies":"Snecko","floor":30,"turns":6},{"damage":7,"enemies":"Chosen and Byrds","floor":31,"turns":7},{"damage":0,"enemies":"Cultist and Chosen","floor":32,"turns":3},{"damage":48,"enemies":"downfall:Silent","floor":33,"turns":9}],"seed_played":"-8894877968213370955","potions_obtained":[{"floor":2.0,"key":"Block Potion"},{"floor":9.0,"key":"FearPotion"},{"floor":14.0,"key":"Dexterity Potion"},{"floor":15.0,"key":"FearPotion"},{"floor":16.0,"key":"DistilledChaos"},{"floor":26,"key":"Fire Potion"}],"is_trial":false,"path_per_floor":["R","M","R","?","R","E","T","E","M","R","M","$","?","M","M","B",null,"R","M","?","E","R","$","T","R","M","$","M","?","M","M","M","B"],"character_chosen":"THE_SPIRIT","items_purchased":["hexamod:SpectersWail","PrismaticShard"],"campfire_rested":1,"item_purchase_floors":[23,27],"current_hp_per_floor":[70,68,68,68,68,39,39,16,14,35,21,15,15,5,5,2,70,70,70,70,24,33,33,33,45,45,52,47,47,46,46,46,0,0],"gold":151,"neow_bonus":"THREE_CARDS","is_daily":false,"chose_seed":false,"campfire_upgraded":5,"win_rate":0.0,"timestamp":1607971086,"path_taken":["R","M","R","?","R","E","T","E","M","R","M","?","?","M","M","BOSS","R","M","?","E","R","?","T","R","M","$","M","?","M","M","M","BOSS"],"items_purchased_type":["Card","Relic"],"build_version":"2020-12-13","purchased_purges":1,"victory":false,"max_hp_per_floor":[70,70,70,70,70,70,70,70,70,70,70,70,70,70,70,70,70,70,70,70,70,70,70,70,70,70,70,70,70,70,70,70,70,70],"relic_stats":{"Nunchaku":[9],"Gremlin Horn":[4,4],"counters":[19,102],"Eternal Feather":21,"War Paint":["hexamod:Defend","hexamod:Defend"],"obtain_stats":[{"Nunchaku":7,"downfall:HeartBlessingRed":3,"Gremlin Horn":6,"Vajra":8,"Eternal Feather":21,"War Paint":24,"PrismaticShard":27,"hexamod:SpiritBrand":0,"Runic Pyramid":17},{"Nunchaku":2,"downfall:HeartBlessingRed":1,"Gremlin Horn":2,"Vajra":3,"Eternal Feather":11,"War Paint":12,"PrismaticShard":14,"hexamod:SpiritBrand":0,"Runic Pyramid":9},{"Nunchaku":12,"downfall:HeartBlessingRed":4,"Gremlin Horn":12,"Vajra":18,"Eternal Feather":59,"War Paint":63,"PrismaticShard":72,"hexamod:SpiritBrand":0,"Runic Pyramid":46}]},"card_choices":[{"not_picked":["hexamod:GhostflameBarrier","hexamod:Rewind"],"picked":"hexamod:GhostOfSpirePresent","floor":0.0},{"not_picked":["hexamod:HeatCrush","hexamod:GhostShield"],"picked":"hexamod:RainOfEmbers","floor":2.0},{"not_picked":["hexamod:AdvancingGuard","hexamod:UnleashSpirits"],"picked":"hexamod:GhostOfSpirePresent","floor":6.0},{"not_picked":["hexamod:RadiantFlame","hexamod:RecurringNightmare"],"picked":"hexamod:SixthSeal","floor":8.0},{"not_picked":["hexamod:BacktrackSmack","hexamod:NightmareStrike"],"picked":"hexamod:NightmareGuise","floor":9.0},{"not_picked":["hexamod:EmpoweredFlame","hexamod:GhostOfSpirePresent","hexamod:FastForward"],"picked":"SKIP","floor":11.0},{"not_picked":["hexamod:NightmareStrike","hexamod:BurningTouch"],"picked":"hexamod:GhostShield","floor":12.0},{"not_picked":["hexamod:NightmareStrike","hexamod:EmpoweredFlame","hexamod:Haunt"],"picked":"SKIP","floor":14.0},{"not_picked":["hexamod:FastForward","hexamod:NightmareStrike","hexamod:NightmareGuise"],"picked":"SKIP","floor":15.0},{"not_picked":["hexamod:ParanormalForm","hexamod:TurnItUp"],"picked":"hexamod:VolcanoVisage","floor":16.0},{"not_picked":["hexamod:BurningTouch","hexamod:Haunt+1","hexamod:FastForward+1"],"picked":"SKIP","floor":19.0},{"not_picked":["hexamod:SpectralAdrenaline+1","hexamod:RetreatToShadows"],"picked":"hexamod:Hexaguard","floor":21.0},{"not_picked":["hexamod:RainOfEmbers","hexamod:BurningTouch"],"picked":"hexamod:SoulSteal","floor":23.0},{"not_picked":["hexamod:RadiantFlame","hexamod:RecurringNightmare"],"picked":"hexamod:FirstSeal","floor":26},{"not_picked":["hexamod:HeatCrush+1","hexamod:FastForward+1"],"picked":"hexamod:SwordOfDarkness","floor":27},{"not_picked":["hexamod:Haunt+1","sneckomod:Unknown1Cost"],"picked":"sneckomod:UnknownCommonAttack+1","floor":28},{"not_picked":["Evaluate","Slimebound:SplitAcid+1"],"picked":"Outmaneuver","floor":30},{"not_picked":["SashWhip","Steam"],"picked":"BowlingBash+1","floor":31},{"not_picked":["hexamod:InspiringFlames","Malaise"],"picked":"Deflect","floor":32}],"player_experience":163148,"relics_obtained":[{"floor":6.0,"key":"Gremlin Horn"},{"floor":7.0,"key":"Nunchaku"},{"floor":8.0,"key":"Vajra"},{"floor":21.0,"key":"Eternal Feather"},{"floor":24.0,"key":"War Paint"}],"event_choices":[{"cards_removed":["hexamod:SixthSeal"],"damage_healed":0.0,"max_hp_gain":0.0,"max_hp_loss":0.0,"gold_gain":0.0,"event_name":"betterNote:BetterNote","player_choice":"Give","floor":20.0,"gold_loss":0.0,"damage_taken":0.0,"cards_obtained":["None"]},{"cards_removed":["hexamod:Strike"],"damage_healed":0,"gold_gain":0,"player_choice":"Purged","damage_taken":0,"max_hp_gain":0,"max_hp_loss":0,"event_name":"Purifier","floor":29,"gold_loss":0}],"is_beta":false,"boss_relics":[{"not_picked":["Sozu","Empty Cage"],"picked":"Runic Pyramid"}],"items_purged_floors":[12],"is_endless":false,"potions_floor_spawned":[2,9,14,15,16,26,28,31],"killed_by":"downfall:Silent","ascension_level":0}}