{"host":"a1eatafr7pisesky","time":1607961134,"event":{"mods":["BaseMod","Colored Map","DeckTracker","Highlight Path","Keyboard Shortcuts","Minty Spire (QoL Compilation)","Permanent Neow","Random Character Button","StSLib","SuperFastMode","everything is the same but u backflip on backflip"],"gold_per_floor":[109,121,133,149,99,130,55,55,55,55,55],"floor_reached":10,"playtime":215,"items_purged":["Strike_R"],"score":88,"play_id":"f8e200b5-69d7-485b-bfbd-2b94acb4d4de","local_time":"20201215005214","is_ascension_mode":true,"campfire_choices":[{"floor":8,"key":"REST"}],"circlet_count":0,"master_deck":["Strike_R","Strike_R","Strike_R","Defend_R","Defend_R","Bash","Shrug It Off","Shrug It Off","Warcry","Impervious"],"relics":["Burning Blood","Blue Candle","Sundial"],"acts_visited":["Exordium"],"potions_floor_usage":[10],"damage_taken":[{"damage":16,"enemies":"Small Slimes","floor":1,"turns":5},{"damage":3,"enemies":"Jaw Worm","floor":2,"turns":4},{"damage":1,"enemies":"2 Louse","floor":3,"turns":3},{"damage":29,"enemies":"Gremlin Gang","floor":4,"turns":6},{"damage":44,"enemies":"Gremlin Nob","floor":6,"turns":5},{"damage":30,"enemies":"Lagavulin","floor":10,"turns":6}],"seed_played":"-7564923300036308606","potions_obtained":[{"floor":2,"key":"GamblersBrew"},{"floor":4,"key":"SpeedPotion"}],"is_trial":false,"path_per_floor":["M","M","M","M","?","E","$","R","T","E"],"character_chosen":"IRONCLAD","items_purchased":[],"campfire_rested":1,"item_purchase_floors":[],"current_hp_per_floor":[62,65,70,47,47,9,9,30,30,0,0],"gold":55,"neow_bonus":"REMOVE_TWO","is_daily":false,"chose_seed":false,"campfire_upgraded":0,"win_rate":0.0,"timestamp":1607961134,"path_taken":["M","M","M","M","?","E","$","R","T","E"],"items_purchased_type":[],"build_version":"2020-12-13","purchased_purges":1,"victory":false,"max_hp_per_floor":[72,72,72,72,72,72,72,72,72,72,72],"card_choices":[{"not_picked":["Heavy Blade","Armaments"],"picked":"Shrug It Off","floor":1},{"not_picked":["Anger","Warcry"],"picked":"Shrug It Off","floor":2},{"not_picked":["Clothesline","Reckless Charge"],"picked":"Warcry","floor":3},{"not_picked":["Burning Pact","Clothesline"],"picked":"Impervious","floor":4},{"not_picked":["Reckless Charge","Havoc","Clash"],"picked":"SKIP","floor":6}],"player_experience":205215,"relics_obtained":[{"floor":6,"key":"Blue Candle"},{"floor":9,"key":"Sundial"}],"event_choices":[{"cards_removed":["Defend_R"],"damage_healed":0,"gold_gain":0,"player_choice":"Card Removal","damage_taken":0,"max_hp_gain":0,"max_hp_loss":0,"event_name":"The Cleric","floor":5,"gold_loss":50}],"is_beta":false,"boss_relics":[],"items_purged_floors":[7],"is_endless":false,"potions_floor_spawned":[2,4],"killed_by":"Lagavulin","ascension_level":6}}