{"host":"2pgz2fctomabfk86","time":1607928992,"event":{"mods":["AchievementEnabler","BaseMod","Colored Map","DeckTracker","Minty Spire (QoL Compilation)","StSLib","SuperFastMode"],"gold_per_floor":[112,130,130,150,300,300,126,153,153,153,165,178,195,225,225,303,303,321,334,174,187,221,221,254,200,200,200,229,248,262,262,262,334,384,401,414,428,428,288,323,348,348,374,423,458,53,65,81,81,81],"floor_reached":51,"playtime":4438,"items_purged":["Doubt"],"score":1551,"play_id":"9369cf93-ef93-45b6-b1b2-dc2e91d24478","local_time":"20201214155632","is_ascension_mode":true,"campfire_choices":[{"data":"Perfected Strike","floor":6.0,"key":"SMITH"},{"data":"True Grit","floor":10.0,"key":"SMITH"},{"floor":15.0,"key":"REST"},{"data":"Perfected Strike","floor":23.0,"key":"SMITH"},{"data":"Burning Pact","floor":27.0,"key":"SMITH"},{"data":"Perfected Strike","floor":32.0,"key":"SMITH"},{"data":"Perfected Strike","floor":42.0,"key":"SMITH"},{"data":"Double Tap","floor":49,"key":"SMITH"}],"circlet_count":0,"master_deck":["AscendersBane","Strike_R","Strike_R+1","Strike_R+1","Strike_R","Strike_R","Defend_R","Defend_R","Defend_R","Bash+1","Perfected Strike+1","Shrug It Off","Burning Pact+1","True Grit+1","Disarm","Fire Breathing+1","Perfected Strike+1","Power Through","Corruption+1","Shrug It Off+1","Disarm","Twin Strike","Perfected Strike+1","Seeing Red","Pommel Strike","Perfected Strike+1","Double Tap+1","Perfected Strike","Shrug It Off+1","Feel No Pain+1","Wild Strike+1","Master of Strategy","Master of Strategy","Shockwave","Perfected Strike","Shrug It Off+1","Perfected Strike","Perfected Strike","Barricade+1"],"relics":["Burning Blood","NeowsBlessing","Question Card","Frozen Egg 2","HornCleat","Snecko Eye","TheAbacus","Red Mask","Juzu Bracelet","StoneCalendar","Regal Pillow","Tiny House","Boot","Lizard Tail","Anchor","Unceasing Top","Whetstone","HandDrill","Potion Belt"],"acts_visited":["Exordium","TheCity","TheBeyond"],"potions_floor_usage":[44,50],"damage_taken":[{"damage":0.0,"enemies":"Small Slimes","floor":1.0,"turns":1.0},{"damage":0.0,"enemies":"Cultist","floor":2.0,"turns":1.0},{"damage":0.0,"enemies":"2 Louse","floor":4.0,"turns":1.0},{"damage":37.0,"enemies":"3 Sentries","floor":8.0,"turns":11.0},{"damage":11.0,"enemies":"Large Slime","floor":11.0,"turns":6.0},{"damage":4.0,"enemies":"Exordium Wildlife","floor":12.0,"turns":4.0},{"damage":10.0,"enemies":"3 Louse","floor":13.0,"turns":6.0},{"damage":30.0,"enemies":"Lagavulin","floor":14.0,"turns":7.0},{"damage":16.0,"enemies":"Slime Boss","floor":16.0,"turns":8.0},{"damage":0.0,"enemies":"Chosen","floor":18.0,"turns":4.0},{"damage":19.0,"enemies":"Shell Parasite","floor":19.0,"turns":4.0},{"damage":0.0,"enemies":"Snecko","floor":21.0,"turns":4.0},{"damage":4.0,"enemies":"Masked Bandits","floor":22.0,"turns":4.0},{"damage":7.0,"enemies":"Gremlin Leader","floor":24.0,"turns":7.0},{"damage":8.0,"enemies":"Book of Stabbing","floor":28.0,"turns":6.0},{"damage":0.0,"enemies":"Snake Plant","floor":29.0,"turns":2.0},{"damage":9.0,"enemies":"Shelled Parasite and Fungi","floor":30.0,"turns":4.0},{"damage":4.0,"enemies":"Champ","floor":33.0,"turns":7.0},{"damage":0.0,"enemies":"3 Shapes","floor":35.0,"turns":3.0},{"damage":0.0,"enemies":"3 Darklings","floor":36.0,"turns":4.0},{"damage":0.0,"enemies":"Jaw Worm Horde","floor":37.0,"turns":4.0},{"damage":4.0,"enemies":"Giant Head","floor":40.0,"turns":3.0},{"damage":0.0,"enemies":"Mind Bloom Boss Battle","floor":41.0,"turns":4.0},{"damage":5,"enemies":"2 Orb Walkers","floor":44,"turns":4},{"damage":0,"enemies":"Reptomancer","floor":45,"turns":2},{"damage":10,"enemies":"Writhing Mass","floor":47,"turns":5},{"damage":0,"enemies":"Transient","floor":48,"turns":6},{"damage":23,"enemies":"Donu and Deca","floor":50,"turns":9}],"seed_played":"6838748982385511966","potions_obtained":[{"floor":4.0,"key":"DuplicationPotion"},{"floor":12.0,"key":"Dexterity Potion"},{"floor":14.0,"key":"Weak Potion"},{"floor":16.0,"key":"Weak Potion"},{"floor":18.0,"key":"PowerPotion"},{"floor":34.0,"key":"SteroidPotion"},{"floor":35.0,"key":"ColorlessPotion"}],"is_trial":false,"path_per_floor":["M","M","?","M","?","R","$","E","T","R","M","M","M","E","R","B",null,"M","M","$","M","?","R","E","$","T","R","E","M","M","?","R","B",null,"M","M","M","?","$","E","?","R","T","?","E","$","M","M","R","B",null],"character_chosen":"IRONCLAD","items_purchased":["Burning Pact","True Grit","TheAbacus","FearPotion","Shockwave","Perfected Strike","HandDrill","Potion Belt","Regen Potion"],"campfire_rested":1,"item_purchase_floors":[7,7,20,25,39,39,46,46,46],"current_hp_per_floor":[74,75,75,75,75,75,75,44,44,44,39,41,37,13,35,25,63,69,56,56,62,64,64,63,63,63,63,61,67,64,64,64,66,78,80,80,80,70,70,72,78,78,78,79,80,80,76,80,80,78],"gold":81,"neow_bonus":"THREE_ENEMY_KILL","is_daily":false,"chose_seed":false,"campfire_upgraded":7,"win_rate":0.0,"timestamp":1607928992,"path_taken":["M","M","?","?","?","R","$","E","T","R","M","M","M","E","R","BOSS","M","M","$","M","?","R","E","$","T","R","E","M","M","?","R","BOSS","M","M","M","?","$","E","?","R","T","?","E","$","M","M","R","BOSS"],"items_purchased_type":["Card","Card","Relic","Potion","Card","Card","Relic","Relic","Potion"],"build_version":"2020-12-13","purchased_purges":1,"victory":true,"max_hp_per_floor":[75,75,75,75,75,75,75,75,75,75,75,75,75,75,75,75,75,75,75,75,75,75,75,75,75,75,75,75,75,75,75,75,75,80,80,80,80,80,80,80,80,80,80,80,80,80,80,80,80,80],"card_choices":[{"not_picked":["Hemokinesis","Twin Strike"],"picked":"Perfected Strike","floor":1.0},{"not_picked":["Hemokinesis","Cleave","Thunderclap"],"picked":"SKIP","floor":2.0},{"not_picked":["Sword Boomerang","Warcry"],"picked":"Shrug It Off","floor":4.0},{"not_picked":["Thunderclap","Iron Wave","Blood for Blood"],"picked":"SKIP","floor":8.0},{"not_picked":["Limit Break","Dropkick","Cleave"],"picked":"Disarm","floor":11.0},{"not_picked":["Armaments","Reckless Charge","Heavy Blade"],"picked":"Fire Breathing+1","floor":12.0},{"not_picked":["Cleave","Feel No Pain+1","Clash"],"picked":"Perfected Strike","floor":13.0},{"not_picked":["Inflame+1","Corruption+1","Sword Boomerang"],"picked":"Power Through","floor":14.0},{"not_picked":["Impervious","Double Tap","Immolate"],"picked":"Corruption+1","floor":16.0},{"not_picked":["Flex","Thunderclap","Rampage","Combust+1"],"picked":"SKIP","floor":18.0},{"not_picked":["Anger","Body Slam","Ghostly Armor"],"picked":"Shrug It Off+1","floor":19.0},{"not_picked":["Sever Soul+1","Dropkick","Clash"],"picked":"Disarm","floor":21.0},{"not_picked":["Thunderclap","Shrug It Off","Power Through+1"],"picked":"Twin Strike","floor":24.0},{"not_picked":["Headbutt","Havoc","True Grit"],"picked":"Perfected Strike","floor":28.0},{"not_picked":["Sever Soul","Fire Breathing+1","Cleave"],"picked":"Seeing Red","floor":29.0},{"not_picked":["Uppercut","Bloodletting","Inflame+1"],"picked":"Pommel Strike","floor":30.0},{"not_picked":["Bludgeon","Limit Break","Corruption+1"],"picked":"Double Tap","floor":33.0},{"not_picked":["Heavy Blade+1","Headbutt","Pommel Strike"],"picked":"Perfected Strike","floor":34.0},{"not_picked":["Headbutt","Anger","Sword Boomerang+1"],"picked":"Shrug It Off+1","floor":35.0},{"not_picked":["Seeing Red","Juggernaut+1","Power Through"],"picked":"Feel No Pain+1","floor":36.0},{"not_picked":["Reckless Charge","True Grit","Ghostly Armor"],"picked":"Wild Strike+1","floor":37.0},{"not_picked":["Sadistic Nature+1","Impatience","Transmutation"],"picked":"Master of Strategy","floor":38.0},{"not_picked":["PanicButton","Dramatic Entrance","Flash of Steel"],"picked":"Master of Strategy","floor":38.0},{"not_picked":["Cleave+1","Warcry","Whirlwind+1","Thunderclap"],"picked":"SKIP","floor":40.0},{"not_picked":["Flex+1","Iron Wave","Armaments"],"picked":"Shrug It Off+1","floor":41.0},{"not_picked":["Sentinel","Heavy Blade+1","Bloodletting+1"],"picked":"Perfected Strike","floor":44},{"not_picked":["Intimidate","Anger+1","Body Slam","Iron Wave+1"],"picked":"SKIP","floor":45},{"not_picked":["Armaments","Iron Wave","Flame Barrier"],"picked":"Perfected Strike","floor":47},{"not_picked":["Spot Weakness","Searing Blow+1","Cleave"],"picked":"Barricade+1","floor":48}],"player_experience":942250,"relics_obtained":[{"floor":8.0,"key":"Question Card"},{"floor":9.0,"key":"Frozen Egg 2"},{"floor":14.0,"key":"HornCleat"},{"floor":22.0,"key":"Red Mask"},{"floor":24.0,"key":"Juzu Bracelet"},{"floor":26.0,"key":"StoneCalendar"},{"floor":28.0,"key":"Regal Pillow"},{"floor":40.0,"key":"Boot"},{"floor":41.0,"key":"Lizard Tail"},{"floor":43.0,"key":"Anchor"},{"floor":44,"key":"Unceasing Top"},{"floor":45,"key":"Whetstone"}],"event_choices":[{"cards_removed":["Defend_R"],"damage_healed":0.0,"max_hp_gain":0.0,"max_hp_loss":0.0,"gold_gain":0.0,"event_name":"Bonfire Elementals","player_choice":"Offered Basic","floor":3.0,"gold_loss":0.0,"damage_taken":0.0},{"damage_healed":0.0,"max_hp_gain":0.0,"max_hp_loss":0.0,"gold_gain":150.0,"event_name":"Liars Game","player_choice":"AGREE","floor":5.0,"gold_loss":0.0,"damage_taken":0.0,"cards_obtained":["Doubt"]},{"damage_healed":0.0,"max_hp_gain":0.0,"max_hp_loss":0.0,"gold_gain":0.0,"event_name":"Masked Bandits","player_choice":"Fought Bandits","floor":22.0,"gold_loss":0.0,"damage_taken":0.0},{"damage_healed":0.0,"max_hp_gain":0.0,"max_hp_loss":0.0,"gold_gain":0.0,"event_name":"The Library","player_choice":"Read","floor":31.0,"gold_loss":0.0,"damage_taken":0.0,"cards_obtained":["Perfected Strike"]},{"damage_healed":0.0,"max_hp_gain":0.0,"max_hp_loss":0.0,"gold_gain":0.0,"event_name":"SensoryStone","player_choice":"Memory 3","floor":38.0,"gold_loss":0.0,"damage_taken":10.0},{"damage_healed":0.0,"max_hp_gain":0.0,"max_hp_loss":0.0,"gold_gain":0.0,"event_name":"MindBloom","player_choice":"Fight","floor":41.0,"gold_loss":0.0,"damage_taken":0.0},{"damage_healed":0,"gold_gain":0,"player_choice":"Fight","damage_taken":0,"max_hp_gain":0,"max_hp_loss":0,"event_name":"Mysterious Sphere","floor":44,"gold_loss":0}],"is_beta":false,"boss_relics":[{"not_picked":["Black Blood","SlaversCollar"],"picked":"Snecko Eye"},{"not_picked":["Empty Cage","Pandora\u0027s Box"],"picked":"Tiny House"}],"items_purged_floors":[7],"is_endless":false,"potions_floor_spawned":[4,12,14,16,18,19,30,35,37,41],"ascension_level":19}}