{"host":"mli1kjx8eh35fx4e","time":1607910855,"event":{"mods":["2.2 Compatiblity","AchievementEnabler","Act Like it!","Aspiration","BaseMod","Better Altar","Better Match","Better Note","Better Sensory Stone","Better Skull","Better Third Choice","BetterRewards","CCEM","Colored Map","Conspire","Downfall","Elementarium","Gensokyo","GifTheSpireLib","Googly Eyes","Halation","Hallownest","Hermit","Hubris","Infinite Spire","Jedi Mod","JesterMod","Jorbs\u0027s Wanderer Trilogy","Mimic Mod","Minty Spire (QoL Compilation)","Pale of the Ancients","Permanent Neow","Railgun Mod","Replay The Spire","Robot Space Explorer","Shade Mod","Shop Mod","Spicy Shops","StSLib","Stuff the Spire","SuperFastMode","The Blackbeard","The Bug Knight","The Cursed","The Death Knight","The Hierophant","The Necromancer","The Problem Sleuth","The Witch","[IsaacMod]????"],"gold_per_floor":[211,136,16,16,16,16,26,58,58,70,100,100,110,129,129,226,226,242,242,257,274,474,474,92,92,115,115,135,145,163,189,189,293,293,306,316,316,328,344,344,344,344],"floor_reached":41,"playtime":3562,"items_purged":["TheRailgun:Discharge"],"score":475,"play_id":"5f0de493-a6e0-48d1-9cb1-0f8995dac27f","local_time":"20201213205415","is_ascension_mode":false,"campfire_choices":[{"data":"TheRailgun:Zip","floor":6,"key":"SMITH"},{"floor":15,"key":"REST"},{"floor":23,"key":"REST"},{"floor":32,"key":"REST"},{"floor":40,"key":"REST"}],"circlet_count":0,"master_deck":["TheRailgun:Strike","TheRailgun:Strike","TheRailgun:Strike","TheRailgun:Strike","TheRailgun:Defend","TheRailgun:Defend","TheRailgun:Defend","TheRailgun:Defend","TheRailgun:Zip+1","TheRailgun:Spark","TheRailgun:Thunderjolt+1","TheRailgun:Judgement_Officer+1","TheRailgun:Scatter_Railgun","TheRailgun:Lightningbolt","TheRailgun:Thunderbolt","TheRailgun:Supercharge","CurseOfTheBell","TheRailgun:Magnetic_Movement","TheRailgun:Zip","TheRailgun:Positive_Field","TheRailgun:Battery_Pack","TheRailgun:Oneesama","TheRailgun:Aerial_Shot","TheRailgun:Positive_Field","TheRailgun:Heroinism+1","TheRailgun:Level_6","TheRailgun:Oneesama+1","TheRailgun:Lightning_Speed+1","TheRailgun:Biribiri+1"],"relics":["TheRailgun:CoinRelic","HushsDoor","MoneyPower","Gensokyo:Mercy","Blue Doll","Art of War","Ancient Tea Set","Mercury Hourglass","Bird Faced Urn","jedi:arcanewood","jedi:fakemustache","MerchantsRug","halation:BottledLove","Toy Ornithopter","hubris:SlimyHat","jedi:battlestandard","halation:PapillonHeart"],"acts_visited":["Gensokyo:Gensokyo","TheCity","TheBeyond"],"potions_floor_usage":[14,21,30,38,39],"damage_taken":[{"damage":0,"enemies":"Gensokyo:Python","floor":1,"turns":2},{"damage":0,"enemies":"Gensokyo:3_Fairies","floor":7,"turns":3},{"damage":0,"enemies":"Gensokyo:Mamizou","floor":8,"turns":3},{"damage":4,"enemies":"Gensokyo:2_Kodama","floor":10,"turns":2},{"damage":22,"enemies":"Gensokyo:Aya","floor":11,"turns":3},{"damage":2,"enemies":"Gensokyo:VengefulSpirit","floor":13,"turns":3},{"damage":2,"enemies":"Gensokyo:3_Kodama","floor":14,"turns":2},{"damage":46,"enemies":"Gensokyo:Reimu","floor":16,"turns":8},{"damage":10,"enemies":"Chosen","floor":18,"turns":3},{"damage":13,"enemies":"2 Thieves","floor":20,"turns":4},{"damage":19,"enemies":"3 Cultists","floor":21,"turns":4},{"damage":17,"enemies":"conspire:HollyBat","floor":28,"turns":7},{"damage":25,"enemies":"Centurion and Healer","floor":29,"turns":5},{"damage":10,"enemies":"Cultist and Chosen","floor":30,"turns":4},{"damage":33,"enemies":"Nightmare","floor":31,"turns":7},{"damage":37,"enemies":"Champ","floor":33,"turns":9},{"damage":18,"enemies":"3 Shapes","floor":35,"turns":3},{"damage":18,"enemies":"Orb Walker","floor":36,"turns":3},{"damage":25,"enemies":"4 Shapes","floor":38,"turns":3},{"damage":22,"enemies":"Jaw Worm Horde","floor":39,"turns":3},{"damage":67,"enemies":"Nightmare","floor":41,"turns":4}],"seed_played":"887663409663920244","potions_obtained":[{"floor":1,"key":"SpeedPotion"},{"floor":11,"key":"Milkshake"},{"floor":13,"key":"Reflective Coating"},{"floor":14,"key":"Fruit Juice"},{"floor":18,"key":"BlessingOfTheForge"},{"floor":20,"key":"jedi:StrikingPotion"},{"floor":28,"key":"Energy Potion"},{"floor":36,"key":"jedi:tentaclejuice"},{"floor":38,"key":"EssenceOfSteel"}],"is_trial":false,"path_per_floor":["M","?","$","?","?","R","M","E","T","M","E","?","M","M","R","B",null,"M","?","M","M","?","R","$","T","T","R","M","M","M","NM","R","B",null,"M","M","?","M","M","R","NM"],"character_chosen":"THE_DEFAULT","items_purchased":["TheRailgun:Judgement_Officer","TheRailgun:Positive_Field","TheRailgun:Battery_Pack","jedi:fakemustache","MerchantsRug"],"campfire_rested":4,"item_purchase_floors":[3,24,24,24,24],"current_hp_per_floor":[70,70,70,70,70,70,70,70,70,66,44,48,46,49,71,25,75,65,50,39,24,24,46,66,66,66,66,55,36,37,12,34,9,75,67,55,55,41,28,49,0,0],"gold":344,"neow_bonus":"HUNDRED_GOLD","is_daily":false,"chose_seed":false,"campfire_upgraded":1,"win_rate":0.0,"timestamp":1607910855,"path_taken":["M","?","$","?","?","R","?","E","T","?","E","?","M","M","R","BOSS","M","?","M","?","?","R","$","?","T","R","M","?","M","NM","R","BOSS","M","M","?","M","M","R","NM"],"items_purchased_type":["Card","Card","Card","Relic","Relic"],"build_version":"2020-12-13","purchased_purges":1,"victory":false,"max_hp_per_floor":[70,70,70,70,70,70,70,70,70,70,70,70,70,75,75,75,75,75,75,75,75,75,75,75,75,75,75,75,75,75,75,75,75,75,75,75,71,71,71,71,71,71],"card_choices":[{"not_picked":["TheRailgun:Hypercharge","TheRailgun:Discharge"],"picked":"TheRailgun:Spark","floor":1},{"not_picked":["TheRailgun:Iron_Dust_Shield+1","TheRailgun:Mental_Out+1"],"picked":"TheRailgun:Thunderjolt+1","floor":2},{"not_picked":["TheRailgun:Token_Collection","TheRailgun:Push","TheRailgun:Hypercharge"],"picked":"SKIP","floor":7},{"not_picked":["TheRailgun:Coin_Flip","TheRailgun:Crack","TheRailgun:Hypercharge"],"picked":"SKIP","floor":8},{"not_picked":["TheRailgun:Recharge","TheRailgun:Thundershock"],"picked":"TheRailgun:Scatter_Railgun","floor":10},{"not_picked":["TheRailgun:Sister_Network","TheRailgun:Gekotamania"],"picked":"TheRailgun:Lightningbolt","floor":11},{"not_picked":["TheRailgun:Crack","TheRailgun:Sister_Network","TheRailgun:Token_Collection"],"picked":"SKIP","floor":13},{"not_picked":["TheRailgun:Coin_Flip","TheRailgun:Electrical_Storm"],"picked":"TheRailgun:Thunderbolt","floor":14},{"not_picked":["TheRailgun:Thundervolt","TheRailgun:Judgement_Officer"],"picked":"TheRailgun:Supercharge","floor":16},{"not_picked":["TheRailgun:Iron_Dust_Vial","TheRailgun:Push"],"picked":"TheRailgun:Magnetic_Movement","floor":18},{"not_picked":["TheRailgun:Coin_Flip","TheRailgun:Hypercharge+1","TheRailgun:Sister_Network"],"picked":"SKIP","floor":20},{"not_picked":["TheRailgun:Push+1","TheRailgun:Sister_Network+1"],"picked":"TheRailgun:Zip","floor":21},{"not_picked":["TheRailgun:Pull","TheRailgun:Mental_Out"],"picked":"TheRailgun:Oneesama","floor":28},{"not_picked":["TheRailgun:Static","TheRailgun:Electrical_Storm+1"],"picked":"TheRailgun:Aerial_Shot","floor":29},{"not_picked":["TheRailgun:Crack","TheRailgun:Scatter_Railgun"],"picked":"TheRailgun:Positive_Field","floor":30},{"not_picked":["TheRailgun:Iron_Dust_Field","TheRailgun:Iron_Dust_Sword"],"picked":"TheRailgun:Heroinism+1","floor":31},{"not_picked":["TheRailgun:Supercharge","TheRailgun:Magnetic_Flight"],"picked":"TheRailgun:Level_6","floor":33},{"not_picked":["TheRailgun:Crack","TheRailgun:Thunderbolt","TheRailgun:Token_Collection"],"picked":"SKIP","floor":35},{"not_picked":["TheRailgun:Token_Collection+1","TheRailgun:Hypercharge"],"picked":"TheRailgun:Oneesama+1","floor":36},{"not_picked":["TheRailgun:Spark+1","TheRailgun:Discharge+1"],"picked":"TheRailgun:Lightning_Speed+1","floor":38},{"not_picked":["TheRailgun:Circuit_Breaker","TheRailgun:Crack"],"picked":"TheRailgun:Biribiri+1","floor":39}],"player_experience":552793,"relics_obtained":[{"floor":8,"key":"Blue Doll"},{"floor":11,"key":"Art of War"},{"floor":17,"key":"Ancient Tea Set"},{"floor":17,"key":"Mercury Hourglass"},{"floor":17,"key":"Bird Faced Urn"},{"floor":25,"key":"halation:BottledLove"},{"floor":26,"key":"Toy Ornithopter"},{"floor":31,"key":"hubris:SlimyHat"}],"event_choices":[{"damage_healed":0,"gold_gain":0,"player_choice":"2","damage_taken":0,"max_hp_gain":0,"max_hp_loss":0,"event_name":"betterMatch:BetterMatch","floor":2,"gold_loss":0,"cards_obtained":["betterMatch:UncommonCard"]},{"damage_healed":4,"gold_gain":0,"player_choice":"LEAVE ","damage_taken":0,"relics_obtained":[],"max_hp_gain":0,"max_hp_loss":0,"event_name":"betterSkull:BetterSkull","floor":12,"gold_loss":0,"cards_upgraded":[]},{"damage_healed":0,"gold_gain":200,"player_choice":"Gold","damage_taken":0,"max_hp_gain":0,"max_hp_loss":0,"event_name":"Wheel of Change","floor":22,"gold_loss":0}],"is_beta":false,"boss_relics":[{"not_picked":["halation:Prosthetics","ReplayTheSpireMod:DimensionalGlitch"],"picked":"Calling Bell"},{"not_picked":[]},{"not_picked":["halation:CatFaceCupcake","halation:Yufonium"],"picked":"jedi:battlestandard"},{"not_picked":[]}],"items_purged_floors":[24],"is_endless":false,"potions_floor_spawned":[1,11,13,14,18,20,28,36,38],"killed_by":"Nightmare","ascension_level":0}}