{"host":"r2b8ojg4o4pyvjvq","time":1607968871,"event":{"mods":["BaseMod","Colored Map","Downfall","Highlight Path","Hubris","Minty Spire (QoL Compilation)","Replay The Spire","StSLib","SuperFastMode"],"gold_per_floor":[109,158,176,176,51,51,82,95,95,95,130,130,144,144,144],"floor_reached":14,"playtime":305,"items_purged":[],"score":136,"play_id":"2817b9a4-3c08-4816-a93e-035a027324ae","local_time":"20201214190111","is_ascension_mode":true,"campfire_choices":[{"data":"Loop","floor":6,"key":"SMITH"},{"floor":10,"key":"REST"},{"floor":12,"key":"REST"}],"circlet_count":0,"master_deck":["AscendersBane","Strike_B","Strike_B","Strike_B","Strike_B","Defend_B","Defend_B","Defend_B","Defend_B","Zap+1","Dualcast","Rebound","Loop+1","Go for the Eyes","Gash","Hologram","Coolheaded","Reprogram","Conserve Battery"],"relics":["Cracked Core","Lantern","Sundial","Replay:Rubber Ducky"],"acts_visited":["Exordium"],"potions_floor_usage":[],"damage_taken":[{"damage":1,"enemies":"Cultist","floor":1,"turns":4},{"damage":9,"enemies":"Jaw Worm","floor":3,"turns":3},{"damage":25,"enemies":"Lagavulin","floor":7,"turns":6},{"damage":7,"enemies":"2 Louse","floor":8,"turns":2},{"damage":5,"enemies":"2 Fungi Beasts","floor":13,"turns":4},{"damage":36,"enemies":"3 Sentries","floor":14,"turns":5}],"seed_played":"1338134647495640365","potions_obtained":[{"floor":1,"key":"Strength Potion"},{"floor":4,"key":"Explosive Potion"},{"floor":4,"key":"Toxic Potion"}],"is_trial":false,"path_per_floor":["M","T","M","?","$","R","E","M","T","R","?","R","M","E"],"character_chosen":"DEFECT","items_purchased":["Loop","Go for the Eyes"],"campfire_rested":2,"item_purchase_floors":[5,5],"current_hp_per_floor":[67,67,58,58,58,58,33,26,26,48,18,40,35,0,0],"gold":144,"neow_bonus":"RANDOM_EVENT","is_daily":false,"chose_seed":false,"campfire_upgraded":1,"win_rate":0.0,"timestamp":1607968871,"path_taken":["M","?","M","?","$","R","E","?","T","R","?","R","M","E"],"items_purchased_type":["Card","Card"],"build_version":"2020-12-13","purchased_purges":0,"victory":false,"max_hp_per_floor":[75,75,75,75,75,75,75,75,75,75,75,75,75,75,75],"card_choices":[{"not_picked":["Panic Button","Static Discharge"],"picked":"Rebound","floor":1},{"not_picked":["Rebound","Steam","Scrape"],"picked":"SKIP","floor":3},{"not_picked":["Compile Driver","Steam"],"picked":"Gash","floor":7},{"not_picked":["Barrage","Storm"],"picked":"Hologram","floor":8},{"not_picked":["Ball Lightning","Redo"],"picked":"Coolheaded","floor":11},{"not_picked":["Recycle","Redo"],"picked":"Reprogram","floor":11},{"not_picked":["Beam Cell","Aggregate"],"picked":"Conserve Battery","floor":13}],"player_experience":406988,"relics_obtained":[{"floor":7,"key":"Lantern"},{"floor":9,"key":"Sundial"},{"floor":11,"key":"Replay:Rubber Ducky"}],"event_choices":[{"damage_healed":0,"gold_gain":0,"player_choice":"Got Potions","damage_taken":0,"max_hp_gain":0,"max_hp_loss":0,"event_name":"Lab","floor":4,"gold_loss":0}],"is_beta":false,"boss_relics":[],"items_purged_floors":[],"is_endless":false,"potions_floor_spawned":[1,7,13],"killed_by":"3 Sentries","ascension_level":11}}