{"host":"0jile2yd1dg679g0","time":1607911031,"event":{"mods":["AchievementEnabler","BaseMod","Better Third Choice","Colored Map","Colored Powertips","Minty Spire (QoL Compilation)","Prisma Mod","Random Character Button","Spicy Shops","StSLib","Transform Curses","Treasure Hunter","Waifu the Spire"],"gold_per_floor":[18,18,18,18,31,63,63,81,153,153,172,191,191,220,220,220,220],"floor_reached":16,"playtime":728,"items_purged":[],"score":132,"play_id":"d3701b37-8cfb-4328-b228-85d3bf67311a","local_time":"20201213205711","is_ascension_mode":true,"campfire_choices":[{"floor":7,"key":"REST"},{"floor":13,"key":"REST"},{"data":"Armaments","floor":15,"key":"SMITH"}],"circlet_count":0,"master_deck":["Strike_R+1","Strike_R","Strike_R+1","Defend_R","Defend_R","Defend_R","Bash","Twin Strike","Feel No Pain","Sword Boomerang","Perfected Strike","Anger","Whirlwind","Ghostly Armor","Distraction+1","Rampage","Intimidate","Armaments+1"],"relics":["Burning Blood","Lantern","Sundial","Centennial Puzzle","Orichalcum"],"acts_visited":["Exordium"],"potions_floor_usage":[],"damage_taken":[{"damage":1,"enemies":"2 Louse","floor":1,"turns":2},{"damage":15,"enemies":"Small Slimes","floor":5,"turns":3},{"damage":35,"enemies":"Lagavulin","floor":6,"turns":4},{"damage":7,"enemies":"Jaw Worm","floor":8,"turns":2},{"damage":20,"enemies":"Large Slime","floor":11,"turns":6},{"damage":2,"enemies":"Exordium Wildlife","floor":12,"turns":2},{"damage":16,"enemies":"Gremlin Nob","floor":14,"turns":4},{"damage":23,"enemies":"The Guardian","floor":16,"turns":5}],"seed_played":"-5102477149150623332","potions_obtained":[{"floor":11,"key":"BloodPotion"},{"floor":14,"key":"Fruit Juice"}],"is_trial":false,"path_per_floor":["M","?","$","?","M","E","R","M","T","?","M","M","R","E","R","B"],"character_chosen":"IRONCLAD","items_purchased":[],"campfire_rested":2,"item_purchase_floors":[],"current_hp_per_floor":[80,80,80,64,55,26,50,49,49,26,12,16,40,30,30,7,7],"gold":220,"neow_bonus":"TRANSFORM_TWO_CARDS","is_daily":false,"chose_seed":false,"campfire_upgraded":1,"win_rate":0.0,"timestamp":1607911031,"path_taken":["M","?","$","?","?","E","R","M","T","?","M","M","R","E","R","BOSS"],"items_purchased_type":[],"build_version":"2020-11-30","purchased_purges":0,"victory":false,"max_hp_per_floor":[80,80,80,80,80,80,80,80,80,80,80,80,80,80,80,80,80],"card_choices":[{"not_picked":["Body Slam","Shrug It Off"],"picked":"Sword Boomerang","floor":1},{"not_picked":["Feel No Pain","Metallicize"],"picked":"Anger","floor":5},{"not_picked":["Dark Embrace","Armaments"],"picked":"Whirlwind","floor":6},{"not_picked":["TH:TreasureMap","TH:Mimic"],"picked":"SKIP","floor":6},{"not_picked":["Clash","Disarm"],"picked":"Ghostly Armor","floor":8},{"not_picked":["TH:Mimic","TH:EnergyPotion"],"picked":"SKIP","floor":9},{"not_picked":["Pommel Strike","True Grit"],"picked":"Rampage","floor":11},{"not_picked":["Warcry","Pommel Strike"],"picked":"Intimidate","floor":12},{"not_picked":["Limit Break","Warcry"],"picked":"Armaments","floor":14},{"not_picked":["TH:CursedSword","TH:ElvenBoots"],"picked":"SKIP","floor":14}],"player_experience":172289,"relics_obtained":[{"floor":6,"key":"Lantern"},{"floor":9,"key":"Sundial"},{"floor":14,"key":"Orichalcum"}],"event_choices":[{"damage_healed":0,"gold_gain":0,"cards_transformed":["Defend_R"],"player_choice":"Change","damage_taken":0,"max_hp_gain":0,"max_hp_loss":0,"event_name":"Living Wall","floor":2,"gold_loss":0,"cards_obtained":["Perfected Strike"]},{"damage_healed":80,"gold_gain":0,"player_choice":"Upgrade","damage_taken":16,"max_hp_gain":0,"max_hp_loss":80,"event_name":"betterThird:BetterShining","floor":4,"gold_loss":0,"cards_upgraded":["Strike_R","Strike_R"]},{"damage_healed":0,"gold_gain":1,"player_choice":"Card Relic ","damage_taken":23,"max_hp_gain":0,"max_hp_loss":0,"event_name":"betterThird:BetterScrap","floor":10,"gold_loss":0,"cards_obtained":["Distraction","Unload"]}],"is_beta":false,"boss_relics":[],"items_purged_floors":[],"is_endless":false,"potions_floor_spawned":[11,14],"killed_by":"The Guardian","ascension_level":4}}