{"host":"7sqhl7p0q0irnjd4","time":1607910243,"event":{"mods":["AchievementEnabler","BaseMod","Bestiary","Colored Map","Colored Powertips","Filter the Spire","Minty Spire (QoL Compilation)","Relic Stats","everything is the same but u backflip on backflip","ojb\u0027s Info Mod"],"gold_per_floor":[113,130,130,146,163,190,190,205,205,50,50,63,63,76,76,178,178,197,217,231,231,191,191,206,206,206,206,206,206,223,241,241,241,241],"floor_reached":33,"playtime":2217,"items_purged":["Crippling Poison"],"score":289,"play_id":"fdf58d2c-cea2-43b6-953a-611635b36ca2","local_time":"20201213204403","is_ascension_mode":true,"campfire_choices":[{"data":"A Thousand Cuts","floor":7,"key":"SMITH"},{"data":"Accuracy","floor":13,"key":"SMITH"},{"data":"Blade Dance","floor":15,"key":"SMITH"},{"data":"Infinite Blades","floor":23,"key":"SMITH"},{"data":"Burst","floor":25,"key":"SMITH"},{"data":"Blade Dance","floor":29,"key":"SMITH"},{"data":"Cloak And Dagger","floor":32,"key":"SMITH"}],"circlet_count":0,"master_deck":["Survivor","Neutralize","Calculated Gamble","A Thousand Cuts+1","Backstab","Prepared","Finisher","All Out Attack","Well Laid Plans","Acrobatics","Deflect","Dagger Spray","Blur","Dodge and Roll","Blade Dance+1","Accuracy+1","Cloak And Dagger+1","Die Die Die","Blur","Burst+1","PiercingWail","Terror","Necronomicurse","Infinite Blades+1","Cloak And Dagger+1","Blade Dance+1","Blur+1"],"relics":["Pandora\u0027s Box","Meat on the Bone","Prayer Wheel","Sozu","Necronomicon"],"acts_visited":["Exordium","TheCity"],"potions_floor_usage":[33,33,33],"damage_taken":[{"damage":6,"enemies":"Cultist","floor":1,"turns":4},{"damage":5,"enemies":"2 Louse","floor":2,"turns":2},{"damage":4,"enemies":"Small Slimes","floor":4,"turns":2},{"damage":7,"enemies":"Exordium Wildlife","floor":5,"turns":4},{"damage":13,"enemies":"Gremlin Nob","floor":6,"turns":4},{"damage":7,"enemies":"Looter","floor":8,"turns":2},{"damage":3,"enemies":"3 Louse","floor":12,"turns":2},{"damage":2,"enemies":"Lots of Slimes","floor":14,"turns":2},{"damage":2,"enemies":"The Guardian","floor":16,"turns":8},{"damage":1,"enemies":"3 Byrds","floor":18,"turns":2},{"damage":0,"enemies":"Chosen","floor":19,"turns":3},{"damage":25,"enemies":"Shelled Parasite and Fungi","floor":20,"turns":5},{"damage":2,"enemies":"Centurion and Healer","floor":24,"turns":4},{"damage":21,"enemies":"Snecko","floor":30,"turns":4},{"damage":5,"enemies":"Sentry and Sphere","floor":31,"turns":3},{"damage":36,"enemies":"Champ","floor":33,"turns":5}],"seed_played":"-4289909599115166473","potions_obtained":[{"floor":4,"key":"SteroidPotion"},{"floor":8,"key":"LiquidMemories"},{"floor":14,"key":"Strength Potion"},{"floor":16,"key":"AttackPotion"}],"is_trial":false,"path_per_floor":["M","M","?","M","M","E","R","M","T","$","?","M","R","M","R","B",null,"M","M","M","?","$","R","M","R","T","?","$","R","M","M","R","B"],"character_chosen":"THE_SILENT","items_purchased":["Accuracy","Infinite Blades"],"campfire_rested":0,"item_purchase_floors":[10,22],"current_hp_per_floor":[64,59,59,55,48,35,35,40,40,40,40,37,37,47,47,45,70,69,69,44,28,28,28,38,38,38,38,38,38,29,36,36,0,0],"gold":241,"neow_bonus":"BOSS_RELIC","is_daily":false,"chose_seed":false,"campfire_upgraded":7,"win_rate":0.0,"timestamp":1607910243,"path_taken":["M","?","?","M","M","E","R","M","T","$","?","M","R","M","R","BOSS","M","?","M","?","$","R","M","R","T","?","?","R","M","M","R","BOSS"],"items_purchased_type":["Card","Card"],"build_version":"2020-12-13","purchased_purges":1,"victory":false,"max_hp_per_floor":[70,70,70,70,70,70,70,70,70,70,70,70,70,70,70,70,70,70,70,70,70,70,70,70,70,70,70,70,70,70,70,70,70,70],"relic_stats":{"Sozu":2,"counters":[16,56],"Pandora\u0027s Box":["Calculated Gamble","A Thousand Cuts","Poisoned Stab","Backstab","Crippling Poison","Prepared","Finisher","Predator","All Out Attack","Well Laid Plans"],"Prayer Wheel":8,"Necronomicon":[2],"obtain_stats":[{"Sozu":17,"Pandora\u0027s Box":0,"Prayer Wheel":9,"Necronomicon":21,"Ring of the Snake":0,"Meat on the Bone":6},{"Sozu":9,"Pandora\u0027s Box":0,"Prayer Wheel":6,"Necronomicon":12,"Ring of the Snake":0,"Meat on the Bone":5},{"Sozu":30,"Pandora\u0027s Box":0,"Prayer Wheel":18,"Necronomicon":40,"Ring of the Snake":0,"Meat on the Bone":16}],"Meat on the Bone":60},"card_choices":[{"not_picked":["Poisoned Stab","Slice"],"picked":"Acrobatics","floor":1},{"not_picked":["Quick Slash","Dagger Spray"],"picked":"Deflect","floor":2},{"not_picked":["Prepared","Acrobatics"],"picked":"Blur","floor":4},{"not_picked":["Underhanded Strike","Outmaneuver"],"picked":"Dodge and Roll","floor":5},{"not_picked":["Eviscerate","Deflect","Quick Slash"],"picked":"SKIP","floor":6},{"not_picked":["Sucker Punch","Escape Plan"],"picked":"Blade Dance","floor":8},{"not_picked":["Deadly Poison","Deflect"],"picked":"Cloak And Dagger","floor":12},{"not_picked":["Flechettes","Flying Knee"],"picked":"Die Die Die","floor":12},{"not_picked":["Quick Slash","Prepared"],"picked":"Blur","floor":14},{"not_picked":["All Out Attack","Sucker Punch","Dagger Spray"],"picked":"SKIP","floor":14},{"not_picked":["Glass Knife","Tools of the Trade"],"picked":"Burst","floor":16},{"not_picked":["Flying Knee","Outmaneuver","Dodge and Roll"],"picked":"SKIP","floor":18},{"not_picked":["Sucker Punch","Concentrate","Predator+1"],"picked":"SKIP","floor":18},{"not_picked":["Leg Sweep","Riddle With Holes"],"picked":"PiercingWail","floor":19},{"not_picked":["Underhanded Strike","PiercingWail"],"picked":"Terror","floor":19},{"not_picked":["Slice","Choke","Masterful Stab"],"picked":"SKIP","floor":20},{"not_picked":["Well Laid Plans","Flying Knee+1","Deadly Poison"],"picked":"SKIP","floor":20},{"not_picked":["Backstab","Sucker Punch"],"picked":"Cloak And Dagger+1","floor":24},{"not_picked":["Doppelganger","Leg Sweep","PiercingWail"],"picked":"SKIP","floor":24},{"not_picked":["Acrobatics","Underhanded Strike","Backflip"],"picked":"SKIP","floor":30},{"not_picked":["Finisher","Venomology","Masterful Stab"],"picked":"SKIP","floor":30},{"not_picked":["Blade Dance","Distraction"],"picked":"Blur+1","floor":31},{"not_picked":["Leg Sweep","Sucker Punch+1","Deadly Poison+1"],"picked":"SKIP","floor":31}],"player_experience":319161,"relics_obtained":[{"floor":6,"key":"Meat on the Bone"},{"floor":9,"key":"Prayer Wheel"},{"floor":21,"key":"Necronomicon"}],"event_choices":[{"damage_healed":0,"gold_gain":0,"cards_transformed":["Predator"],"player_choice":"Change","damage_taken":0,"max_hp_gain":0,"max_hp_loss":0,"event_name":"Living Wall","floor":3,"gold_loss":0,"cards_obtained":["Dagger Spray"]},{"cards_removed":["Poisoned Stab"],"damage_healed":0,"gold_gain":0,"player_choice":"Purged","damage_taken":0,"max_hp_gain":0,"max_hp_loss":0,"event_name":"Purifier","floor":11,"gold_loss":0},{"damage_healed":0,"gold_gain":0,"player_choice":"Obtained Book","damage_taken":16,"max_hp_gain":0,"max_hp_loss":0,"event_name":"Cursed Tome","floor":21,"gold_loss":0},{"damage_healed":0,"gold_gain":0,"player_choice":"Read","damage_taken":0,"max_hp_gain":0,"max_hp_loss":0,"event_name":"The Library","floor":27,"gold_loss":0,"cards_obtained":["Blade Dance"]}],"is_beta":false,"boss_relics":[{"not_picked":["Runic Dome","Empty Cage"],"picked":"Sozu"}],"items_purged_floors":[10],"is_endless":false,"potions_floor_spawned":[4,8,14,16,19,24],"killed_by":"Champ","ascension_level":3}}