{"host":"e0kes70z4atl8xdk","time":1607962247,"event":{"mods":["BaseMod","Colored Map","Colored Powertips","Minty Spire (QoL Compilation)","Rare Cards Sparkle","Relic Stats"],"gold_per_floor":[110,123,138,155,174,190,219,219,219,244,260,260,274,292,292,390,390,407,426,446,446,6,31,43,55,67,106,138,150,162,185,197,305,317,341,363,375,387,24,24,24,24,76,95,95,115,29,45,45,45,45,45,45,79,79,79],"floor_reached":55,"playtime":9106,"items_purged":["Strike_R","Writhe"],"score":700,"play_id":"c0952367-7c44-4e77-a7d9-332192857bdc","local_time":"20201214171047","is_ascension_mode":false,"campfire_choices":[{"data":"True Grit","floor":8.0,"key":"SMITH"},{"data":"Immolate","floor":12.0,"key":"SMITH"},{"data":"Flame Barrier","floor":15.0,"key":"SMITH"},{"data":"Warcry","floor":24.0,"key":"SMITH"},{"data":"Second Wind","floor":30.0,"key":"SMITH"},{"floor":32.0,"key":"REST"},{"data":"Fiend Fire","floor":40.0,"key":"SMITH"},{"floor":42.0,"key":"RECALL"},{"data":"Sentinel","floor":45.0,"key":"SMITH"},{"data":"Bandage Up","floor":49.0,"key":"SMITH"},{"data":"Demon Form","floor":52,"key":"SMITH"}],"circlet_count":0,"master_deck":["Strike_R","Strike_R","Defend_R","Defend_R","Defend_R","Defend_R","Bash","Cleave","Carnage","True Grit+1","Shrug It Off","Wild Strike","Intimidate","Disarm","Immolate+1","Flame Barrier+1","Shrug It Off","Demon Form+1","Sentinel+1","Armaments+1","Warcry+1","Second Wind+1","Battle Trance","Offering","Fiend Fire+1","Body Slam+1","Jack Of All Trades","Secret Technique","Warcry+1","Bandage Up+1","Flex+1"],"relics":["Burning Blood","Pocketwatch","Mummified Hand","Orichalcum","Empty Cage","Dead Branch","MawBank","Lizard Tail","Coffee Dripper","Bronze Scales","Vajra"],"acts_visited":["Exordium","TheCity","TheBeyond","TheEnding"],"potions_floor_usage":[50,50,50,50,50,54,55],"damage_taken":[{"damage":10.0,"enemies":"Cultist","floor":1.0,"turns":4.0},{"damage":10.0,"enemies":"Small Slimes","floor":2.0,"turns":3.0},{"damage":0.0,"enemies":"2 Louse","floor":3.0,"turns":2.0},{"damage":3.0,"enemies":"Exordium Thugs","floor":4.0,"turns":3.0},{"damage":6.0,"enemies":"3 Louse","floor":5.0,"turns":4.0},{"damage":5.0,"enemies":"Looter","floor":6.0,"turns":3.0},{"damage":31.0,"enemies":"Lagavulin","floor":7.0,"turns":5.0},{"damage":16.0,"enemies":"Gremlin Nob","floor":10.0,"turns":4.0},{"damage":7.0,"enemies":"Large Slime","floor":11.0,"turns":3.0},{"damage":0.0,"enemies":"2 Fungi Beasts","floor":13.0,"turns":2.0},{"damage":1.0,"enemies":"Looter","floor":14.0,"turns":3.0},{"damage":16.0,"enemies":"Hexaghost","floor":16.0,"turns":9.0},{"damage":12.0,"enemies":"2 Thieves","floor":18.0,"turns":3.0},{"damage":0.0,"enemies":"Shell Parasite","floor":19.0,"turns":5.0},{"damage":6.0,"enemies":"Shelled Parasite and Fungi","floor":20.0,"turns":6.0},{"damage":0.0,"enemies":"Slavers","floor":23.0,"turns":3.0},{"damage":21.0,"enemies":"Gremlin Leader","floor":27.0,"turns":7.0},{"damage":12.0,"enemies":"3 Cultists","floor":28.0,"turns":4.0},{"damage":16.0,"enemies":"Centurion and Healer","floor":31.0,"turns":5.0},{"damage":40.0,"enemies":"Collector","floor":33.0,"turns":8.0},{"damage":12.0,"enemies":"Orb Walker","floor":35.0,"turns":3.0},{"damage":6.0,"enemies":"3 Shapes","floor":36.0,"turns":2.0},{"damage":0.0,"enemies":"Transient","floor":41.0,"turns":2.0},{"damage":15.0,"enemies":"3 Darklings","floor":44.0,"turns":3.0},{"damage":0.0,"enemies":"Jaw Worm Horde","floor":46.0,"turns":4.0},{"damage":6.0,"enemies":"4 Shapes","floor":48.0,"turns":4.0},{"damage":57,"enemies":"Awakened One","floor":50,"turns":10},{"damage":68,"enemies":"Shield and Spear","floor":54,"turns":8},{"damage":106,"enemies":"The Heart","floor":55,"turns":5}],"seed_played":"5974061553683856010","potions_obtained":[{"floor":1.0,"key":"Energy Potion"},{"floor":5.0,"key":"FearPotion"},{"floor":7.0,"key":"GamblersBrew"},{"floor":13.0,"key":"EntropicBrew"},{"floor":14.0,"key":"Ancient Potion"},{"floor":18.0,"key":"PowerPotion"},{"floor":20.0,"key":"Strength Potion"},{"floor":31.0,"key":"EssenceOfSteel"},{"floor":33.0,"key":"LiquidBronze"},{"floor":35.0,"key":"Weak Potion"},{"floor":36.0,"key":"SmokeBomb"},{"floor":44.0,"key":"EntropicBrew"},{"floor":54,"key":"Explosive Potion"}],"is_trial":false,"path_per_floor":["M","M","M","M","M","M","E","R","T","E","M","R","M","M","R","B",null,"M","M","M","?","$","E","R","?","T","E","M","$","R","M","R","B",null,"M","M","?","?","$","R","M","R","T","M","R","M","$","M","R","B",null,"R","$","E","B"],"character_chosen":"IRONCLAD","items_purchased":["Dead Branch","Second Wind","Jack Of All Trades","Secret Technique","Bandage Up"],"campfire_rested":1,"item_purchase_floors":[22,22,39,39,47],"current_hp_per_floor":[84,80,86,88,88,88,63,63,63,53,52,52,58,63,63,53,88,82,88,88,88,88,88,88,88,88,73,67,67,67,57,83,49,88,82,82,88,88,88,88,88,88,88,79,79,85,85,85,85,40,88,88,88,32,0,0],"gold":79,"neow_bonus":"TEN_PERCENT_HP_BONUS","is_daily":false,"chose_seed":false,"campfire_upgraded":9,"win_rate":0.0,"timestamp":1607962247,"path_taken":["M","M","M","M","M","M","E","R","T","E","M","R","?","M","R","BOSS","M","M","M","?","$","E","R","?","T","E","?","$","R","M","R","BOSS","M","M","?","?","$","R","M","R","T","M","R","M","$","M","R","BOSS","R","$","E","BOSS"],"items_purchased_type":["Relic","Card","Card","Card","Card"],"build_version":"2020-12-13","purchased_purges":2,"victory":false,"max_hp_per_floor":[88,88,88,88,88,88,88,88,88,88,88,88,88,88,88,88,88,88,88,88,88,88,88,88,88,88,88,88,88,88,88,88,88,88,88,88,88,88,88,88,88,88,88,88,88,88,88,88,88,88,88,88,88,88,88,88],"relic_stats":{"Lizard Tail":44,"counters":[29,127],"Mummified Hand":[20],"Dead Branch":[213],"Bronze Scales":[147],"Orichalcum":[150],"MawBank":192,"obtain_stats":[{"Lizard Tail":27,"Mummified Hand":9,"Dead Branch":22,"Bronze Scales":43,"Vajra":54,"Coffee Dripper":34,"Orichalcum":10,"Empty Cage":17,"MawBank":23,"Burning Blood":0,"Pocketwatch":7},{"Lizard Tail":17,"Mummified Hand":7,"Dead Branch":15,"Bronze Scales":23,"Vajra":28,"Coffee Dripper":20,"Orichalcum":8,"Empty Cage":12,"MawBank":16,"Burning Blood":0,"Pocketwatch":7},{"Lizard Tail":69,"Mummified Hand":24,"Dead Branch":59,"Bronze Scales":93,"Vajra":122,"Coffee Dripper":86,"Orichalcum":28,"Empty Cage":45,"MawBank":62,"Burning Blood":0,"Pocketwatch":24}],"Burning Blood":154,"Pocketwatch":[126]},"card_choices":[{"not_picked":["Reckless Charge","Havoc"],"picked":"Cleave","floor":1.0},{"not_picked":["Fire Breathing","Sword Boomerang"],"picked":"Carnage","floor":2.0},{"not_picked":["Thunderclap","Fire Breathing"],"picked":"True Grit","floor":3.0},{"not_picked":["Ghostly Armor","True Grit"],"picked":"Shrug It Off","floor":4.0},{"not_picked":["Heavy Blade","True Grit"],"picked":"Wild Strike","floor":5.0},{"not_picked":["Evolve","Perfected Strike"],"picked":"Intimidate","floor":6.0},{"not_picked":["Thunderclap","Heavy Blade"],"picked":"Disarm","floor":7.0},{"not_picked":["Uppercut","Perfected Strike"],"picked":"Immolate","floor":10.0},{"not_picked":["Cleave","Heavy Blade","Perfected Strike"],"picked":"SKIP","floor":11.0},{"not_picked":["Clash","Warcry"],"picked":"Flame Barrier","floor":13.0},{"not_picked":["Sword Boomerang","Juggernaut"],"picked":"Shrug It Off","floor":14.0},{"not_picked":["Corruption","Brutality"],"picked":"Demon Form","floor":16.0},{"not_picked":["Wild Strike","Clash"],"picked":"Sentinel","floor":18.0},{"not_picked":["Flex+1","Rage+1"],"picked":"Armaments+1","floor":19.0},{"not_picked":["Sword Boomerang","Anger"],"picked":"Warcry","floor":20.0},{"not_picked":["Fire Breathing","Clash+1"],"picked":"Battle Trance","floor":23.0},{"not_picked":["Shockwave","Shrug It Off"],"picked":"Offering","floor":27.0},{"not_picked":["Fire Breathing","Flame Barrier","Headbutt"],"picked":"SKIP","floor":28.0},{"not_picked":["Ghostly Armor+1","Fire Breathing","Anger"],"picked":"SKIP","floor":31.0},{"not_picked":["Reaper","Double Tap"],"picked":"Fiend Fire","floor":33.0},{"not_picked":["Thunderclap+1","Clothesline+1"],"picked":"Body Slam+1","floor":35.0},{"not_picked":["Wild Strike","Reckless Charge+1","Clash"],"picked":"SKIP","floor":36.0},{"not_picked":["Burning Pact+1","Pommel Strike+1"],"picked":"Warcry+1","floor":44.0},{"not_picked":["Pommel Strike","Body Slam+1","Ghostly Armor+1"],"picked":"SKIP","floor":46.0},{"not_picked":["Burning Pact","Dark Embrace+1","Havoc"],"picked":"SKIP","floor":48.0},{"not_picked":["Metallicize+1","Dark Embrace+1"],"picked":"Flex+1","floor":54}],"player_experience":180697,"relics_obtained":[{"floor":7.0,"key":"Pocketwatch"},{"floor":9.0,"key":"Mummified Hand"},{"floor":10.0,"key":"Orichalcum"},{"floor":23.0,"key":"MawBank"},{"floor":27.0,"key":"Lizard Tail"},{"floor":43.0,"key":"Bronze Scales"},{"floor":54,"key":"Vajra"}],"event_choices":[{"damage_healed":0.0,"max_hp_gain":0.0,"max_hp_loss":0.0,"gold_gain":0.0,"event_name":"The Library","player_choice":"Read","floor":21.0,"gold_loss":0.0,"damage_taken":0.0,"cards_obtained":["Inflame"]},{"damage_healed":0.0,"max_hp_gain":0.0,"max_hp_loss":0.0,"gold_gain":0.0,"event_name":"Ghosts","player_choice":"Ignored","floor":25.0,"gold_loss":0.0,"damage_taken":0.0},{"damage_healed":22.0,"max_hp_gain":0.0,"max_hp_loss":0.0,"gold_gain":0.0,"event_name":"Winding Halls","player_choice":"Writhe","floor":37.0,"gold_loss":0.0,"damage_taken":0.0,"cards_obtained":["Writhe"]},{"cards_removed":["Inflame"],"damage_healed":0.0,"max_hp_gain":0.0,"max_hp_loss":0.0,"gold_gain":0.0,"event_name":"Falling","player_choice":"Removed Power","floor":38.0,"gold_loss":0.0,"damage_taken":0.0}],"is_beta":false,"boss_relics":[{"not_picked":["Tiny House","Black Star"],"picked":"Empty Cage"},{"not_picked":["Astrolabe","Philosopher\u0027s Stone"],"picked":"Coffee Dripper"}],"items_purged_floors":[22,39],"is_endless":false,"potions_floor_spawned":[1,5,7,13,14,18,20,31,33,35,36,44,48,54],"killed_by":"The Heart","ascension_level":0}}