{"host":"lstuuc6roym1046h","time":1607970910,"event":{"mods":["AchievementEnabler","BaseMod","Minty Spire (QoL Compilation)","Relic Stats","StSLib"],"gold_per_floor":[118,118,133,147,159,186,186,214,214,242,242,242,242,276,276,276,276],"floor_reached":16,"playtime":674,"items_purged":[],"score":240,"play_id":"57ff5412-dd8f-4f94-93da-d344a8be5caf","local_time":"20201214183510","is_ascension_mode":true,"campfire_choices":[{"floor":7,"key":"REST"},{"data":"Crippling Poison","floor":11,"key":"SMITH"},{"data":"Neutralize","floor":13,"key":"SMITH"},{"floor":15,"key":"REST"}],"circlet_count":0,"master_deck":["AscendersBane","Strike_G","Strike_G","Strike_G","Strike_G","Strike_G","Defend_G","Defend_G+1","Defend_G","Defend_G","Defend_G","Survivor+1","Neutralize+1","Underhanded Strike","Dash","Endless Agony","Crippling Poison+1","Predator","Noxious Fumes"],"relics":["Ring of the Snake","Mercury Hourglass","Snake Skull","CeramicFish","GremlinMask","Meat on the Bone"],"acts_visited":["Exordium"],"potions_floor_usage":[6,8],"damage_taken":[{"damage":1.0,"enemies":"Small Slimes","floor":1.0,"turns":4.0},{"damage":0.0,"enemies":"Cultist","floor":3.0,"turns":3.0},{"damage":3.0,"enemies":"Jaw Worm","floor":4.0,"turns":6.0},{"damage":2.0,"enemies":"Large Slime","floor":5.0,"turns":6.0},{"damage":26,"enemies":"Lagavulin","floor":6,"turns":6},{"damage":7,"enemies":"Gremlin Nob","floor":8,"turns":4},{"damage":1,"enemies":"Red Slaver","floor":10,"turns":3},{"damage":16,"enemies":"Lagavulin","floor":14,"turns":9},{"damage":32,"enemies":"Hexaghost","floor":16,"turns":8}],"seed_played":"-4699622455145994007","potions_obtained":[{"floor":4.0,"key":"DistilledChaos"},{"floor":5.0,"key":"FearPotion"},{"floor":8,"key":"LiquidBronze"}],"is_trial":false,"path_per_floor":["M","?","M","M","M","E","R","E","T","M","R","?","R","E","R","B"],"character_chosen":"THE_SILENT","items_purchased":[],"campfire_rested":2,"item_purchase_floors":[],"current_hp_per_floor":[64,42,42,39,37,11,32,25,25,24,24,24,24,8,29,0,0],"gold":276,"neow_bonus":"TEN_PERCENT_HP_BONUS","is_daily":false,"chose_seed":false,"campfire_upgraded":2,"win_rate":0.0,"timestamp":1607970910,"path_taken":["M","?","M","M","M","E","R","E","T","M","R","?","R","E","R","BOSS"],"items_purchased_type":[],"build_version":"2020-12-13","purchased_purges":0,"victory":false,"max_hp_per_floor":[72,72,72,72,72,72,72,72,72,72,72,72,72,72,72,72,72],"relic_stats":{"counters":[9,49],"CeramicFish":18,"Snake Skull":[9],"obtain_stats":[{"CeramicFish":9,"GremlinMask":12,"Snake Skull":8,"Ring of the Snake":0,"Mercury Hourglass":6,"Meat on the Bone":14},{"CeramicFish":6,"GremlinMask":7,"Snake Skull":6,"Ring of the Snake":0,"Mercury Hourglass":5,"Meat on the Bone":8},{"CeramicFish":29,"GremlinMask":32,"Snake Skull":29,"Ring of the Snake":0,"Mercury Hourglass":25,"Meat on the Bone":41}],"Ring of the Snake":[19],"Mercury Hourglass":[60],"Meat on the Bone":0},"card_choices":[{"not_picked":["Catalyst","Concentrate"],"picked":"Underhanded Strike","floor":1.0},{"not_picked":["Accuracy","Backflip"],"picked":"Dash","floor":3.0},{"not_picked":["Calculated Gamble","Infinite Blades"],"picked":"Endless Agony","floor":4.0},{"not_picked":["Masterful Stab","Bane","Finisher"],"picked":"SKIP","floor":5.0},{"not_picked":["Outmaneuver","Underhanded Strike","Grand Finale"],"picked":"SKIP","floor":6},{"not_picked":["Sucker Punch","Bane"],"picked":"Crippling Poison","floor":8},{"not_picked":["Poisoned Stab","All Out Attack"],"picked":"Predator","floor":10},{"not_picked":["Sucker Punch","Blade Dance"],"picked":"Noxious Fumes","floor":14}],"player_experience":818235,"relics_obtained":[{"floor":6,"key":"Mercury Hourglass"},{"floor":8,"key":"Snake Skull"},{"floor":9,"key":"CeramicFish"},{"floor":14,"key":"Meat on the Bone"}],"event_choices":[{"damage_healed":0.0,"max_hp_gain":0.0,"max_hp_loss":0.0,"gold_gain":0.0,"event_name":"Shining Light","player_choice":"Entered Light","floor":2.0,"gold_loss":0.0,"damage_taken":22.0,"cards_upgraded":["Survivor","Defend_G"]},{"damage_healed":0,"gold_gain":0,"player_choice":"Trade","damage_taken":0,"relics_obtained":["GremlinMask"],"max_hp_gain":0,"max_hp_loss":0,"event_name":"FaceTrader","floor":12,"gold_loss":0}],"is_beta":false,"boss_relics":[],"items_purged_floors":[],"is_endless":false,"potions_floor_spawned":[4,5,8],"killed_by":"Hexaghost","ascension_level":20}}