{"host":"3omna1v4kuj0u9pv","time":1607931679,"event":{"mods":["AchievementEnabler","Act Like it!","Aspiration","BaseMod","Better Altar","Better Match","Better Note","Better Sensory Stone","Better Skull","Better Third Choice","Better Vampires","BetterRewards","CCEM","CapriCore","Conspire","Curses Come First","Displayed Cursed Tome","Downfall","Halation","Hallownest","Hubris","Infinite Spire","Marisa????????","Minty Spire (QoL Compilation)","Permanent Neow","Rare Cards Sparkle","Replay The Spire","Shop Mod","Spicy Shops","StSLib","The Animator","The Bug Knight","Transform Curses"],"gold_per_floor":[116,116,129,146,146,146,160,233,256,256,272,77,121,146,146,277,277,298,323,193,206,306,306,319,343,343,222,222,242,256,280,280,411,411,431,450,450,450,471,471,504,504,504,523,523,539,539,49,49,49,49,49,49,93,93,93],"floor_reached":55,"playtime":3988,"items_purged":["Injury"],"score":743,"play_id":"8c0b48a1-5fcd-4e24-838a-78be49ce3a3f","local_time":"20201214174119","is_ascension_mode":false,"campfire_choices":[{"data":"Replay:SS_hec_2","floor":6,"key":"SMITH"},{"data":"hubris:InfiniteBlow","floor":10,"key":"SMITH"},{"floor":15,"key":"REST"},{"data":"Barricade","floor":23,"key":"SMITH"},{"data":"Berserk","floor":28,"key":"SMITH"},{"data":"hubris:InfiniteBlow+1","floor":32,"key":"SMITH"},{"floor":40,"key":"REST"},{"data":"hubris:InfiniteBlow+2","floor":42,"key":"SMITH"},{"data":"hubris:InfiniteBlow+3","floor":47,"key":"SMITH"},{"floor":49,"key":"RECALL"},{"floor":52,"key":"REST"}],"circlet_count":0,"master_deck":["Strike_R","Strike_R","Strike_R","Strike_R","Strike_R","Defend_R","Defend_R","Defend_R","Defend_R","Bash","Replay:SS_hec_2+1","ReplayReversal","hubris:InfiniteBlow+4","Flex","Berserk+1","Pommel Strike","Thunderclap","Thunderclap","Barricade+1","Flex","infinitespire:OneForAll+1","Inflame","Iron Wave","Pommel Strike","Clothesline","Rage+1","Spot Weakness+1"],"relics":["Burning Blood","Golden Idol","Ornamental Fan","Iron Hammer","Regal Pillow","Busted Crown","Shuriken","Centennial Puzzle","infinitespire:WardingShard","hubris:TerracottaHorce","CCEMRelics:GrindingGear","hubris:FunFungus","aspiration:KaomsHeart"],"acts_visited":["Exordium","TheCity","TheBeyond","TheEnding"],"potions_floor_usage":[24,33,50,50,55],"damage_taken":[{"damage":0,"enemies":"Cultist","floor":1,"turns":5},{"damage":0,"enemies":"2 Louse","floor":3,"turns":2},{"damage":1,"enemies":"Jaw Worm","floor":4,"turns":5},{"damage":19,"enemies":"Exordium Thugs","floor":7,"turns":6},{"damage":0,"enemies":"Large Slime","floor":11,"turns":6},{"damage":0,"enemies":"conspire:MimicChest","floor":13,"turns":7},{"damage":11,"enemies":"3 Louse","floor":14,"turns":2},{"damage":0,"enemies":"Fading Forest","floor":16,"turns":11},{"damage":2,"enemies":"Shell Parasite","floor":18,"turns":6},{"damage":0,"enemies":"Chosen","floor":19,"turns":5},{"damage":22,"enemies":"Centurion and Healer","floor":21,"turns":7},{"damage":1,"enemies":"Cultist and Chosen","floor":24,"turns":5},{"damage":3,"enemies":"3 Cultists","floor":25,"turns":5},{"damage":0,"enemies":"Centurion and Healer","floor":29,"turns":8},{"damage":0,"enemies":"Sentry and Sphere","floor":30,"turns":6},{"damage":4,"enemies":"Snecko","floor":31,"turns":5},{"damage":12,"enemies":"Champ","floor":33,"turns":10},{"damage":2,"enemies":"Orb Walker","floor":35,"turns":2},{"damage":18,"enemies":"3 Darklings","floor":36,"turns":5},{"damage":13,"enemies":"Sphere and 2 Shapes","floor":39,"turns":6},{"damage":17,"enemies":"Giant Head","floor":41,"turns":10},{"damage":0,"enemies":"Maw","floor":44,"turns":7},{"damage":3,"enemies":"3 Darklings","floor":46,"turns":5},{"damage":61,"enemies":"Awakened One","floor":50,"turns":14},{"damage":89,"enemies":"Shield and Spear","floor":54,"turns":8},{"damage":112,"enemies":"The Heart","floor":55,"turns":8}],"seed_played":"2279190820003974707","potions_obtained":[{"floor":3,"key":"Block Potion"},{"floor":4,"key":"Dexterity Potion"},{"floor":11,"key":"Ancient Potion"},{"floor":16,"key":"PowerPotion"},{"floor":25,"key":"LiquidMemories"},{"floor":29,"key":"LifebloodPotion"},{"floor":33,"key":"Venom Potion"},{"floor":41,"key":"Explosive Potion"}],"is_trial":false,"path_per_floor":["M","?","M","M","?","R","M","T","T","R","M","$","?","M","R","B",null,"M","M","$","M","?","R","M","M","T","$","R","M","M","M","R","B",null,"M","M","?","?","M","R","E","R","T","M","?","M","R","$","R","B",null,"R","$","E","B"],"character_chosen":"IRONCLAD","items_purchased":["Iron Hammer","Shuriken","infinitespire:WardingShard","aspiration:KaomsHeart","aspiration:KMNothing","aspiration:KMNothing","aspiration:KMNothing","aspiration:KMNothing","aspiration:KMNothing","aspiration:KMNothing"],"campfire_rested":3,"item_purchase_floors":[12,20,27,48,53,53,53,53,53,53],"current_hp_per_floor":[80,60,66,71,71,71,58,58,58,58,64,64,70,65,80,80,80,80,80,80,64,64,64,69,72,72,72,72,78,80,80,80,74,79,80,68,68,68,61,80,69,69,69,79,79,80,80,180,180,131,168,180,180,101,0,0],"gold":93,"neow_bonus":"RANDOM_COLORLESS","is_daily":false,"chose_seed":false,"campfire_upgraded":7,"win_rate":0.0,"timestamp":1607931679,"path_taken":["M","?","M","M","?","R","M","?","T","R","?","$","?","M","R","BOSS","M","M","$","M","?","R","M","M","T","$","R","M","?","M","R","BOSS","M","?","?","?","?","R","E","R","T","M","?","M","R","?","R","BOSS","R","$","E","BOSS"],"items_purchased_type":["Relic","Relic","Relic","Relic","Relic","Relic","Relic","Relic","Relic","Relic"],"build_version":"2020-12-13","purchased_purges":1,"victory":false,"max_hp_per_floor":[80,80,80,80,80,80,80,80,80,80,80,80,80,80,80,80,80,80,80,80,80,80,80,80,80,80,80,80,80,80,80,80,80,80,80,80,80,80,80,80,80,80,80,80,80,80,80,180,180,180,180,180,180,180,180,180],"card_choices":[{"not_picked":["expansioncontent:BronzeBeam","expansioncontent:GoopSpray"],"picked":"Replay:SS_hec_2","floor":0},{"not_picked":["Ghostly Armor","Replay:Undeath\u0027s Touch"],"picked":"ReplayReversal","floor":1},{"not_picked":["infinitespire:Collect","infinitespire:Oblivion"],"picked":"hubris:InfiniteBlow","floor":2},{"not_picked":["ReplayTheSpireMod:Stacked","Replay:Undeath\u0027s Touch"],"picked":"Flex","floor":3},{"not_picked":["Bloodletting","Body Slam","Clash"],"picked":"SKIP","floor":4},{"not_picked":["Twin Strike","ReplayTheSpireMod:Strike From Hell"],"picked":"Berserk","floor":7},{"not_picked":["Perfected Strike","Cleave"],"picked":"Pommel Strike","floor":11},{"not_picked":["Perfected Strike","Second Wind"],"picked":"Thunderclap","floor":13},{"not_picked":["Clash","Massacre"],"picked":"Thunderclap","floor":14},{"not_picked":["Reaper","Juggernaut"],"picked":"Barricade","floor":16},{"not_picked":[],"picked":"Flex","floor":18},{"not_picked":[],"picked":"infinitespire:OneForAll+1","floor":19},{"not_picked":["ReplayTheSpireMod:Strike From Hell"],"picked":"SKIP","floor":21},{"not_picked":["Infernal Blade"],"picked":"SKIP","floor":24},{"not_picked":[],"picked":"Inflame","floor":25},{"not_picked":[],"picked":"Iron Wave","floor":29},{"not_picked":["Massacre+1"],"picked":"SKIP","floor":30},{"not_picked":["Headbutt"],"picked":"SKIP","floor":31},{"not_picked":[],"picked":"Pommel Strike","floor":35},{"not_picked":[],"picked":"Clothesline","floor":36},{"not_picked":["Replay:Undeath\u0027s Touch"],"picked":"SKIP","floor":39},{"not_picked":["Clash"],"picked":"SKIP","floor":41},{"not_picked":["Abandon+1"],"picked":"SKIP","floor":44},{"not_picked":[],"picked":"Rage+1","floor":46},{"not_picked":[],"picked":"Spot Weakness+1","floor":54}],"player_experience":144546,"relics_obtained":[{"floor":8,"key":"Ornamental Fan"},{"floor":13,"key":"Regal Pillow"},{"floor":26,"key":"Centennial Puzzle"},{"floor":41,"key":"CCEMRelics:GrindingGear"},{"floor":43,"key":"hubris:FunFungus"},{"floor":54,"key":"aspiration:KMNothing"}],"event_choices":[{"damage_healed":0,"gold_gain":0,"player_choice":"Take Wound","damage_taken":0,"relics_obtained":["Golden Idol"],"max_hp_gain":0,"max_hp_loss":0,"event_name":"Golden Idol","floor":5,"gold_loss":0,"cards_obtained":["Injury"]},{"damage_healed":0,"gold_gain":100,"player_choice":"Pray","damage_taken":0,"max_hp_gain":0,"max_hp_loss":0,"event_name":"Golden Shrine","floor":22,"gold_loss":0},{"damage_healed":0,"gold_gain":0,"player_choice":"Leave","damage_taken":0,"max_hp_gain":0,"max_hp_loss":0,"event_name":"conspire:Investor","floor":37,"gold_loss":0},{"damage_healed":0,"gold_gain":0,"player_choice":"Bought 0 Potions","damage_taken":0,"max_hp_gain":0,"max_hp_loss":0,"event_name":"The Woman in Blue","floor":38,"gold_loss":0},{"damage_healed":0,"gold_gain":0,"player_choice":"Ignored","damage_taken":0,"max_hp_gain":0,"max_hp_loss":0,"event_name":"Mysterious Sphere","floor":45,"gold_loss":0}],"is_beta":false,"boss_relics":[{"not_picked":["halation:ForbiddenBikini","hubris:GrandSneckoEye"],"picked":"Busted Crown"},{"not_picked":["Replay:Ancient Bell","Replay:Drink Me"],"picked":"hubris:TerracottaHorce"}],"items_purged_floors":[12],"is_endless":false,"potions_floor_spawned":[3,4,11,16,18,25,29,30,33,41,44,46],"killed_by":"The Heart","ascension_level":0}}