{"host":"121m0oxswv9tg9hk","time":1607958124,"event":{"mods":["AchievementEnabler","BaseMod","Better Third Choice","Downfall","Hermit","Hubris","Infinite Spire","MarisaÅiñ∂âJÅ@ñÇóùçπÅj","Minty Spire (QoL Compilation)","Replay The Spire","Shade Mod","StSLib","The Construct","The Cursed","The Gatherer","The Hierophant","The Mystic"],"gold_per_floor":[124,152,171,171,30,30,66,92,92,116,128,170,170,197,197,197,197],"floor_reached":16,"playtime":1388,"items_purged":["Defend_R"],"score":224,"play_id":"7eef13af-0b1e-4145-8c0c-95144678b3b7","local_time":"20201214160204","is_ascension_mode":true,"campfire_choices":[{"data":"Run Through","floor":6,"key":"SMITH"},{"floor":13,"key":"REST"},{"data":"Sword Boomerang","floor":15,"key":"SMITH"}],"circlet_count":0,"master_deck":["AscendersBane","Strike_R","Strike_R","Strike_R","Strike_R","Strike_R","Defend_R","Defend_R","Bash","Run Through+1","Shrug It Off","Shrug It Off","Spot Weakness","Bloodletting","Inflame","Sword Boomerang+1","Double Tap"],"relics":["Burning Blood","CeramicFish","Centennial Puzzle","Blood Vial","Another Sword","Anchor"],"acts_visited":["Exordium"],"potions_floor_usage":[7,11,12],"damage_taken":[{"damage":14,"enemies":"Small Slimes","floor":1,"turns":4},{"damage":6,"enemies":"Cultist","floor":2,"turns":3},{"damage":2,"enemies":"Jaw Worm","floor":3,"turns":5},{"damage":58,"enemies":"Lagavulin","floor":7,"turns":9},{"damage":4,"enemies":"2 Fungi Beasts","floor":8,"turns":3},{"damage":8,"enemies":"Blue Slaver","floor":10,"turns":5},{"damage":10,"enemies":"Lots of Slimes","floor":11,"turns":3},{"damage":30,"enemies":"3 Sentries","floor":12,"turns":7},{"damage":52,"enemies":"Fading Forest","floor":16,"turns":7}],"seed_played":"-3586567614424884465","potions_obtained":[{"floor":3,"key":"BloodPotion"},{"floor":10,"key":"DistilledChaos"},{"floor":11,"key":"BloodPotion"}],"is_trial":false,"path_per_floor":["M","M","M","?","$","R","E","M","T","M","M","E","R","T","R","B"],"character_chosen":"IRONCLAD","items_purchased":["Spot Weakness"],"campfire_rested":1,"item_purchase_floors":[5],"current_hp_per_floor":[60,60,64,64,64,64,27,29,29,29,27,20,42,42,42,0,0],"gold":197,"neow_bonus":"RANDOM_COMMON_RELIC","is_daily":false,"chose_seed":false,"campfire_upgraded":2,"win_rate":0.0,"timestamp":1607958124,"path_taken":["M","M","M","?","$","R","E","M","T","M","?","E","R","?","R","BOSS"],"items_purchased_type":["Card"],"build_version":"2020-12-13","purchased_purges":1,"victory":false,"max_hp_per_floor":[75,75,75,75,75,75,75,75,75,75,75,75,75,75,75,75,75],"card_choices":[{"not_picked":["Shockwave","Feel No Pain"],"picked":"Run Through","floor":1},{"not_picked":["Havoc","ReplayTheSpireMod:Corrosion Curse"],"picked":"Shrug It Off","floor":2},{"not_picked":["Heavy Blade","Body Slam"],"picked":"Shrug It Off","floor":3},{"not_picked":["Carnage","Uppercut"],"picked":"Bloodletting","floor":7},{"not_picked":["Clash","Flex"],"picked":"Inflame","floor":8},{"not_picked":["Evolve","ReplayTheSpireMod:Strike From Hell"],"picked":"Sword Boomerang","floor":10},{"not_picked":["Shrug It Off","Replay:Many Hands","hubris:CleavingFinish"],"picked":"SKIP","floor":11},{"not_picked":["Flex","ReplayTheSpireMod:Muscle Training"],"picked":"Double Tap","floor":12}],"player_experience":2832746,"relics_obtained":[{"floor":7,"key":"Centennial Puzzle"},{"floor":9,"key":"Blood Vial"},{"floor":12,"key":"Another Sword"},{"floor":14,"key":"Anchor"}],"event_choices":[{"cards_removed":["Defend_R"],"damage_healed":0,"gold_gain":0,"player_choice":"Offered Basic","damage_taken":0,"max_hp_gain":0,"max_hp_loss":0,"event_name":"Bonfire Elementals","floor":4,"gold_loss":0}],"is_beta":false,"boss_relics":[],"items_purged_floors":[5],"is_endless":false,"potions_floor_spawned":[3,10,11],"killed_by":"Fading Forest","ascension_level":20}}