{"host":"3pyrf848gr42tovh","time":1607941162,"event":{"mods":["Aspiration","BaseMod","Better Altar","Better Match","Better Note","Better Sensory Stone","Better Skull","Better Third Choice","BetterRewards","Colored Map","Conspire","Curses Come First","Displayed Cursed Tome","Hubris","Infinite Spire","Marisa????????","Minty Spire (QoL Compilation)","Quick Restart","Relic Sorter","Relic Stats","Remilia??????","Replay The Spire","StSLib","Td1madao Mod","The Administrix","The Animator","The Cursed","The Hierophant","The Jungle","The Necromancer","The Servant 0.9.4","vexMod"],"gold_per_floor":[118,133,143,68,88,119,119,130,130,130,130,130,130,149,149,254,254,266,282,300,300,300,300,300],"floor_reached":23,"playtime":670,"items_purged":["Strike_B"],"score":293,"play_id":"37658af4-430d-415a-82f6-2107f0223ed3","local_time":"20201214121922","is_ascension_mode":false,"campfire_choices":[{"floor":7,"key":"REST"},{"data":"Ball Lightning","floor":10,"key":"SMITH"},{"floor":13,"key":"REST"},{"data":"Ball Lightning","floor":15,"key":"SMITH"}],"circlet_count":0,"master_deck":["Strike_B","Strike_B","Strike_B","Defend_B","Defend_B","Defend_B","Defend_B","Zap","Dualcast","Ball Lightning","Ball Lightning+1","Ball Lightning+1","Thunder Strike","Defragment+1","Defragment+1"],"relics":["Cracked Core","Raider\u0027s Mask","Orichalcum","hubris:Towel","aspiration:Stellarator"],"acts_visited":["Exordium","TheCity"],"potions_floor_usage":[6,8,16,18,23],"damage_taken":[{"damage":6,"enemies":"Jaw Worm","floor":1,"turns":3},{"damage":6,"enemies":"2 Louse","floor":2,"turns":2},{"damage":0,"enemies":"Cultist","floor":3,"turns":3},{"damage":16,"enemies":"2 Fungi Beasts","floor":5,"turns":3},{"damage":38,"enemies":"3 Sentries","floor":6,"turns":8},{"damage":0,"enemies":"Lots of Slimes","floor":8,"turns":2},{"damage":1,"enemies":"Blue Slaver","floor":14,"turns":2},{"damage":15,"enemies":"Slime Boss","floor":16,"turns":6},{"damage":29,"enemies":"2 Thieves","floor":18,"turns":3},{"damage":5,"enemies":"Chosen","floor":19,"turns":3},{"damage":11,"enemies":"Centurion and Healer","floor":20,"turns":5},{"damage":47,"enemies":"Slavers","floor":23,"turns":3}],"seed_played":"-4405955134024347963","potions_obtained":[{"floor":5,"key":"LiquidBronze"},{"floor":6,"key":"FocusPotion"},{"floor":8,"key":"SkillPotion"},{"floor":16,"key":"infinitespire:BlackPotion"},{"floor":20,"key":"PowerPotion"}],"is_trial":false,"path_per_floor":["M","M","M","$","M","E","R","M","T","R","?","?","R","M","R","B",null,"M","M","M","?","?","E"],"character_chosen":"DEFECT","items_purchased":["Raider\u0027s Mask","Ball Lightning","Gash"],"campfire_rested":2,"item_purchase_floors":[0,0,0],"current_hp_per_floor":[69,63,63,63,47,9,31,31,31,31,31,36,58,57,57,42,75,46,41,30,30,37,0,0],"gold":300,"neow_bonus":"","is_daily":false,"chose_seed":false,"campfire_upgraded":2,"win_rate":0.0,"timestamp":1607941162,"path_taken":["M","M","M","$","M","E","R","M","T","R","?","?","R","M","R","BOSS","M","?","M","?","?","E"],"items_purchased_type":["Relic","Card","Card"],"build_version":"2020-12-13","purchased_purges":1,"victory":false,"max_hp_per_floor":[75,75,75,75,75,75,75,75,75,75,75,75,75,75,75,75,75,75,75,75,75,75,75,75],"relic_stats":{"counters":[172,705],"Orichalcum":[102],"obtain_stats":[{"Replay:Accelerometer":11,"hubris:BallOfYels":7,"ScarletDevilRocket":2,"Vampiric Spirits":0,"Whetstone":53,"Replay:Wanted Poster":17,"Blood Vial":29,"Replay:Ringing Soul":8,"infinitespire:ShieldingShard":9,"aspiration:EnhancedActuators":3,"hubris:AstralHammer":9,"MealTicket":42,"infinitespire:Golems Mask":43,"hubris:DeckOfHolding":30,"Fusion Hammer":34,"Kunai":24,"Replay:Wax Seal":46,"Pear":43,"Counterbalance":6,"Pen Nib":12,"vexMod:ImprovementManual":29,"infinitespire:PuzzleCube":40,"vexMod:BigBerry":17,"infinitespire:Cupcake":17,"hubris:Reverence":30,"aspiration:Lifesprig":3,"Regal Pillow":23,"Magic Flower":37,"Painkiller Herb":17,"Blue Doll":38,"Bag of Preparation":9,"hubris:EmptyBottle":31,"Pet Ghost":26,"Burning Blood":0,"Replay:Rubber Ducky":21,"vexMod:RedPlottingStone":42,"hubris:ScarierMask":34,"hubris:FunFungus":0,"Replay:Bottled Eggs":14,"InkBottle":26,"Ring of the Snake":0,"aspiration:ChemicalBlood":48,"NeowsBlessing":0,"Golden Idol":2,"hubris:64BitClover":2,"vexMod:BerryBomb":14,"conspire:RunicOctahedron":34,"Omamori":0,"infinitespire:Lucky Rock":3,"infinitespire:CheckeredPen":19,"Ring of Greed":38,"hubris:Towel":13,"MawBank":3,"Busted Crown":0,"betterThird:SlimedRelic":11,"Garlic":6,"hubris:CrackedHourglass":17,"ReplayTheSpireMod:Lightbulb":12,"hubris:CrystalStatue":38,"Gremlin Horn":28,"aspiration:Stellarator":17,"Vajra":7,"theJungle:Creamberry":25,"aspiration:Stabinomicon":19,"Raider\u0027s Mask":0,"Centennial Puzzle":29,"HornCleat":13,"DollysMirror":0,"Strawberry":6,"Prayer Wheel":1,"conspire:Dentures":23,"Happy Flower":54,"vexMod:ScavengeHelm":9,"vexMod:PaidLearning":0,"War Paint":43,"hubris:Zylophone":21,"Du-Vu Doll":0,"Replay:Baseball":6,"Onion Ring":15,"hubris:ToyBattleship":48,"CatCart":47,"Grinning Jar":0,"ReplayFunnel":27,"ReplayTheSpireMod:Ring of Exchange":38,"Mango":0,"Juzu Bracelet":0,"hubris:SlimyHat":12,"hubris:RunicObelisk":34,"Replay:Mystery Machine":23,"Empty Cage":17,"aspiration:StickyExplosives_weak":38,"Pantograph":26,"Red Mask":48,"Cracked Core":0,"BargainBundle":0,"Replay:WaspNest":54,"vexMod:FocusSash":46,"Orichalcum":6,"Medical Kit":38,"Mercury Hourglass":39,"vexMod:Dragonfruit":13,"infinitespire:Satchel":12,"ChewingGum":0,"Coffee Dripper":34,"Membership Card":19,"hubris:OldNail":14},{"Replay:Accelerometer":38,"hubris:BallOfYels":114,"ScarletDevilRocket":88,"Vampiric Spirits":59,"Whetstone":57,"Replay:Wanted Poster":69,"Blood Vial":74,"Replay:Ringing Soul":36,"infinitespire:ShieldingShard":5,"aspiration:EnhancedActuators":107,"hubris:AstralHammer":24,"MealTicket":80,"infinitespire:Golems Mask":80,"hubris:DeckOfHolding":123,"Fusion Hammer":157,"Kunai":44,"Replay:Wax Seal":54,"Pear":53,"Counterbalance":132,"Pen Nib":67,"vexMod:ImprovementManual":74,"infinitespire:PuzzleCube":78,"vexMod:BigBerry":41,"infinitespire:Cupcake":150,"hubris:Reverence":155,"aspiration:Lifesprig":107,"Regal Pillow":121,"Magic Flower":101,"Painkiller Herb":8,"Blue Doll":101,"Bag of Preparation":36,"hubris:EmptyBottle":123,"Pet Ghost":72,"Burning Blood":0,"Replay:Rubber Ducky":43,"vexMod:RedPlottingStone":102,"hubris:ScarierMask":99,"hubris:FunFungus":106,"Replay:Bottled Eggs":149,"InkBottle":96,"Ring of the Snake":0,"aspiration:ChemicalBlood":105,"NeowsBlessing":32,"Golden Idol":20,"hubris:64BitClover":128,"vexMod:BerryBomb":7,"conspire:RunicOctahedron":75,"Omamori":87,"infinitespire:Lucky Rock":2,"infinitespire:CheckeredPen":42,"Ring of Greed":101,"hubris:Towel":25,"MawBank":112,"Busted Crown":27,"betterThird:SlimedRelic":90,"Garlic":4,"hubris:CrackedHourglass":138,"ReplayTheSpireMod:Lightbulb":6,"hubris:CrystalStatue":125,"Gremlin Horn":97,"aspiration:Stellarator":168,"Vajra":89,"theJungle:Creamberry":44,"aspiration:Stabinomicon":94,"Raider\u0027s Mask":160,"Centennial Puzzle":97,"HornCleat":136,"DollysMirror":59,"Strawberry":64,"Prayer Wheel":144,"conspire:Dentures":13,"Happy Flower":86,"vexMod:ScavengeHelm":132,"vexMod:PaidLearning":106,"War Paint":102,"hubris:Zylophone":11,"Du-Vu Doll":87,"Replay:Baseball":23,"Onion Ring":68,"hubris:ToyBattleship":83,"CatCart":55,"Grinning Jar":87,"ReplayFunnel":97,"ReplayTheSpireMod:Ring of Exchange":101,"Mango":59,"Juzu Bracelet":87,"hubris:SlimyHat":116,"hubris:RunicObelisk":48,"Replay:Mystery Machine":141,"Empty Cage":93,"aspiration:StickyExplosives_weak":125,"Pantograph":122,"Red Mask":84,"Cracked Core":0,"BargainBundle":59,"Replay:WaspNest":58,"vexMod:FocusSash":82,"Orichalcum":165,"Medical Kit":125,"Mercury Hourglass":101,"vexMod:Dragonfruit":39,"infinitespire:Satchel":91,"ChewingGum":127,"Coffee Dripper":124,"Membership Card":118,"hubris:OldNail":26},{"Replay:Accelerometer":175,"hubris:BallOfYels":477,"ScarletDevilRocket":391,"Vampiric Spirits":287,"Whetstone":276,"Replay:Wanted Poster":327,"Blood Vial":344,"Replay:Ringing Soul":165,"infinitespire:ShieldingShard":24,"aspiration:EnhancedActuators":462,"hubris:AstralHammer":120,"MealTicket":363,"infinitespire:Golems Mask":363,"hubris:DeckOfHolding":515,"Fusion Hammer":655,"Kunai":215,"Replay:Wax Seal":259,"Pear":254,"Counterbalance":556,"Pen Nib":316,"vexMod:ImprovementManual":344,"infinitespire:PuzzleCube":357,"vexMod:BigBerry":193,"infinitespire:Cupcake":627,"hubris:Reverence":645,"aspiration:Lifesprig":462,"Regal Pillow":513,"Magic Flower":451,"Painkiller Herb":50,"Blue Doll":451,"Bag of Preparation":165,"hubris:EmptyBottle":515,"Pet Ghost":333,"Burning Blood":0,"Replay:Rubber Ducky":208,"vexMod:RedPlottingStone":454,"hubris:ScarierMask":445,"hubris:FunFungus":460,"Replay:Bottled Eggs":619,"InkBottle":430,"Ring of the Snake":0,"aspiration:ChemicalBlood":458,"NeowsBlessing":158,"Golden Idol":100,"hubris:64BitClover":537,"vexMod:BerryBomb":40,"conspire:RunicOctahedron":350,"Omamori":389,"infinitespire:Lucky Rock":11,"infinitespire:CheckeredPen":200,"Ring of Greed":451,"hubris:Towel":121,"MawBank":471,"Busted Crown":134,"betterThird:SlimedRelic":401,"Garlic":21,"hubris:CrackedHourglass":579,"ReplayTheSpireMod:Lightbulb":30,"hubris:CrystalStatue":524,"Gremlin Horn":434,"aspiration:Stellarator":691,"Vajra":397,"theJungle:Creamberry":215,"aspiration:Stabinomicon":422,"Raider\u0027s Mask":662,"Centennial Puzzle":434,"HornCleat":568,"DollysMirror":287,"Strawberry":300,"Prayer Wheel":600,"conspire:Dentures":80,"Happy Flower":384,"vexMod:ScavengeHelm":556,"vexMod:PaidLearning":460,"War Paint":454,"hubris:Zylophone":72,"Du-Vu Doll":389,"Replay:Baseball":114,"Onion Ring":319,"hubris:ToyBattleship":370,"CatCart":267,"Grinning Jar":389,"ReplayFunnel":434,"ReplayTheSpireMod:Ring of Exchange":451,"Mango":287,"Juzu Bracelet":389,"hubris:SlimyHat":486,"hubris:RunicObelisk":234,"Replay:Mystery Machine":591,"Empty Cage":418,"aspiration:StickyExplosives_weak":524,"Pantograph":514,"Red Mask":373,"Cracked Core":0,"BargainBundle":287,"Replay:WaspNest":281,"vexMod:FocusSash":367,"Orichalcum":681,"Medical Kit":524,"Mercury Hourglass":451,"vexMod:Dragonfruit":180,"infinitespire:Satchel":405,"ChewingGum":534,"Coffee Dripper":520,"Membership Card":502,"hubris:OldNail":126}]},"card_choices":[{"not_picked":["Skim","Cold Snap","Conserve Battery"],"picked":"SKIP","floor":1},{"not_picked":["ReplaySort","FTL","Stack"],"picked":"SKIP","floor":2},{"not_picked":["Beam Cell","Force Field","Heatsinks"],"picked":"SKIP","floor":3},{"not_picked":["Streamline","Barrage"],"picked":"Ball Lightning","floor":5},{"not_picked":["Coolheaded","Turbo","Steam Power"],"picked":"SKIP","floor":6},{"not_picked":["Genetic Algorithm","Tempest"],"picked":"Ball Lightning","floor":8},{"not_picked":["Gash","Go for the Eyes","Double Energy"],"picked":"SKIP","floor":14},{"not_picked":["Meteor Strike","Buffer"],"picked":"Thunder Strike","floor":16},{"not_picked":["ReplaySolidLightProjector+1","Stack"],"picked":"Defragment+1","floor":18},{"not_picked":["ReplaySort","Leap","Barrage"],"picked":"SKIP","floor":19},{"not_picked":["Steam","Beam Cell","Redo"],"picked":"SKIP","floor":20}],"player_experience":110489,"relics_obtained":[{"floor":6,"key":"Orichalcum"}],"event_choices":[{"cards_removed":["Gash"],"damage_healed":5,"gold_gain":0,"player_choice":"Offered Common","damage_taken":0,"max_hp_gain":0,"max_hp_loss":0,"event_name":"Bonfire Elementals","floor":12,"gold_loss":0},{"cards_removed":["Gash"],"damage_healed":5,"gold_gain":0,"player_choice":"Offered Special","damage_taken":0,"max_hp_gain":0,"max_hp_loss":0,"event_name":"Bonfire Elementals","floor":12,"gold_loss":0},{"cards_removed":["Defragment"],"damage_healed":0,"gold_gain":0,"player_choice":"Take \u0026 Give","damage_taken":0,"max_hp_gain":0,"max_hp_loss":0,"event_name":"betterNote:BetterNote","floor":21,"gold_loss":0,"cards_obtained":["Defragment"]}],"is_beta":false,"boss_relics":[{"not_picked":["hubris:RunicObelisk","Sozu"],"picked":"aspiration:Stellarator"}],"items_purged_floors":[4],"is_endless":false,"potions_floor_spawned":[5,6,8,16,20],"killed_by":"Slavers","ascension_level":0}}