{"host":"81dxrjdkqahvuj3t","time":1607977549,"event":{"mods":["BaseMod","Colored Map","Minty Spire (QoL Compilation)","StSLib"],"gold_per_floor":[119,119,133,58,71,71,246,246,246,246,258,286,298,341,353,464,476,506,518,530,559,571,571],"floor_reached":22,"playtime":2803,"items_purged":["Defend_G"],"score":262,"play_id":"dddf72d6-6fea-4e06-bea8-cb19f41ccf27","local_time":"20201214152549","is_ascension_mode":true,"campfire_choices":[{"data":"Neutralize","floor":6.0,"key":"SMITH"},{"data":"Dash","floor":8.0,"key":"SMITH"},{"floor":11.0,"key":"REST"},{"data":"Poisoned Stab","floor":13.0,"key":"SMITH"},{"floor":15.0,"key":"REST"}],"circlet_count":0,"master_deck":["Strike_G","Strike_G","Strike_G","Strike_G","Strike_G","Defend_G","Defend_G","Defend_G","Defend_G","Survivor","Neutralize+1","Dash+1","Poisoned Stab+1","Flying Knee","Doubt","Acrobatics","Calculated Gamble","Deadly Poison","After Image","Deflect+1","Tactician","Writhe","Underhanded Strike","Dagger Spray"],"relics":["Ring of the Snake","Prayer Wheel","MawBank","Akabeko","SlaversCollar","Art of War"],"acts_visited":["Exordium","TheCity"],"potions_floor_usage":[],"damage_taken":[{"damage":0.0,"enemies":"Jaw Worm","floor":1.0,"turns":6.0},{"damage":4.0,"enemies":"Small Slimes","floor":3.0,"turns":4.0},{"damage":0.0,"enemies":"2 Louse","floor":5.0,"turns":2.0},{"damage":9.0,"enemies":"Large Slime","floor":12.0,"turns":7.0},{"damage":17.0,"enemies":"Lagavulin","floor":14.0,"turns":6.0},{"damage":57.0,"enemies":"The Guardian","floor":16.0,"turns":11.0},{"damage":20.0,"enemies":"3 Byrds","floor":18.0,"turns":7.0},{"damage":36,"enemies":"Chosen","floor":21,"turns":7},{"damage":35,"enemies":"Snecko","floor":22,"turns":5}],"seed_played":"-8372280224757045962","potions_obtained":[{"floor":12.0,"key":"SkillPotion"},{"floor":14.0,"key":"Dexterity Potion"}],"is_trial":false,"path_per_floor":["M","?","M","$","M","R","?","R","T","?","R","M","R","E","R","B",null,"M","?","?","M","M"],"character_chosen":"THE_SILENT","items_purchased":[],"campfire_rested":2,"item_purchase_floors":[],"current_hp_per_floor":[59,64,60,60,60,60,60,60,60,53,79,70,70,53,79,22,72,52,52,52,16,0,0],"gold":571,"neow_bonus":"TWENTY_PERCENT_HP_BONUS","is_daily":false,"chose_seed":false,"campfire_upgraded":3,"win_rate":0.0,"timestamp":1607977549,"path_taken":["M","?","M","$","M","R","?","R","T","?","R","M","R","E","R","BOSS","M","?","?","M","M"],"items_purchased_type":[],"build_version":"2020-12-13","purchased_purges":1,"victory":false,"max_hp_per_floor":[84,89,89,89,89,89,89,89,89,89,89,89,89,89,89,89,89,89,89,89,89,89,89],"card_choices":[{"not_picked":["Backflip","Sucker Punch"],"picked":"Dash","floor":1.0},{"not_picked":["Quick Slash","Deflect"],"picked":"Poisoned Stab","floor":3.0},{"not_picked":["Predator","Endless Agony"],"picked":"Flying Knee","floor":5.0},{"not_picked":["Choke","Sucker Punch"],"picked":"Acrobatics","floor":12.0},{"not_picked":["Prepared","Deflect"],"picked":"Calculated Gamble","floor":12.0},{"not_picked":["Terror","Sucker Punch"],"picked":"Deadly Poison","floor":14.0},{"not_picked":["Night Terror","Doppelganger"],"picked":"After Image","floor":16.0},{"not_picked":["Outmaneuver","Poisoned Stab"],"picked":"Deflect+1","floor":18.0},{"not_picked":["Sucker Punch","Finisher"],"picked":"Tactician","floor":18.0},{"not_picked":["Flying Knee","Finisher"],"picked":"Underhanded Strike","floor":21},{"not_picked":["Dash","Heel Hook+1"],"picked":"Dagger Spray","floor":21}],"player_experience":407726,"relics_obtained":[{"floor":9.0,"key":"Prayer Wheel"},{"floor":14.0,"key":"Akabeko"}],"event_choices":[{"damage_healed":0.0,"max_hp_gain":5.0,"max_hp_loss":0.0,"gold_gain":0.0,"event_name":"Big Fish","player_choice":"Donut","floor":2.0,"gold_loss":0.0,"damage_taken":0.0},{"damage_healed":0.0,"max_hp_gain":0.0,"max_hp_loss":0.0,"gold_gain":175.0,"event_name":"Liars Game","player_choice":"AGREE","floor":7.0,"gold_loss":0.0,"damage_taken":0.0,"cards_obtained":["Doubt"]},{"damage_healed":0.0,"max_hp_gain":0.0,"max_hp_loss":0.0,"gold_gain":0.0,"event_name":"Scrap Ooze","player_choice":"Success","floor":10.0,"gold_loss":0.0,"damage_taken":7.0,"relics_obtained":["MawBank"]},{"damage_healed":0,"gold_gain":0,"player_choice":"Opened","damage_taken":0,"relics_obtained":["Art of War"],"max_hp_gain":0,"max_hp_loss":0,"event_name":"The Mausoleum","floor":19,"gold_loss":0,"cards_obtained":["Writhe"]},{"damage_healed":0,"gold_gain":0,"player_choice":"Ignored","damage_taken":0,"max_hp_gain":0,"max_hp_loss":0,"event_name":"Ghosts","floor":20,"gold_loss":0}],"is_beta":false,"boss_relics":[{"not_picked":["Pandora\u0027s Box","Runic Dome"],"picked":"SlaversCollar"}],"items_purged_floors":[4],"is_endless":false,"potions_floor_spawned":[12,14],"killed_by":"Snecko","ascension_level":6}}