{"host":"z7byfb4bpt09dh7e","time":1607953572,"event":{"mods":["Aspiration","BaseMod","BetterRewards","Displayed Cursed Tome","Downfall","Infinite Spire","Minty Spire (QoL Compilation)","StSLib","The Blue Laboratory","Uncapped"],"gold_per_floor":[116,134,134,134,144,144,171,171,171,171,22,33,21,37,37,133,133,147,174,188,188,200,200,217,228,254,254,254],"floor_reached":27,"playtime":2246,"items_purged":[],"score":265,"play_id":"c5bdafb5-46b9-469d-a5bf-7e72794099a3","local_time":"20201214084612","is_ascension_mode":false,"campfire_choices":[{"data":"Eruption","floor":6.0,"key":"SMITH"},{"floor":8.0,"key":"REST"},{"data":"Nirvana","floor":10.0,"key":"SMITH"},{"floor":15.0,"key":"REST"},{"floor":23,"key":"REST"}],"circlet_count":0,"master_deck":["Strike_P","Strike_P","Strike_P","Strike_P","Defend_P","Defend_P","Defend_P","Defend_P","Eruption+1","Vigilance","Nirvana+1","CutThroughFate","Regret","Wireheading","EmptyFist","Establishment+1","EmptyFist","Halt","Establishment","EmptyBody","Wireheading+1","ForeignInfluence","FlurryOfBlows","Conclude+1"],"relics":["PureWater","aspiration:DSix","infinitespire:PuzzleCube","Pen Nib","infinitespire:Satchel","Membership Card","aspiration:RitualDagger","Strawberry","Akabeko"],"acts_visited":["Exordium","TheCity"],"potions_floor_usage":[22,22,25],"damage_taken":[{"damage":3.0,"enemies":"2 Louse","floor":1.0,"turns":3.0},{"damage":7.0,"enemies":"Jaw Worm","floor":2.0,"turns":7.0},{"damage":1.0,"enemies":"Cultist","floor":5.0,"turns":3.0},{"damage":14.0,"enemies":"Lagavulin","floor":7.0,"turns":7.0},{"damage":14.0,"enemies":"Blue Slaver","floor":12.0,"turns":4.0},{"damage":21.0,"enemies":"Lots of Slimes","floor":14.0,"turns":3.0},{"damage":5.0,"enemies":"The Guardian","floor":16.0,"turns":10.0},{"damage":29.0,"enemies":"2 Thieves","floor":18.0,"turns":4.0},{"damage":32.0,"enemies":"Shell Parasite","floor":20.0,"turns":5.0},{"damage":35,"enemies":"Shelled Parasite and Fungi","floor":22,"turns":5},{"damage":35,"enemies":"Snake Plant","floor":24,"turns":5},{"damage":20,"enemies":"Snecko","floor":25,"turns":5},{"damage":57,"enemies":"Book of Stabbing","floor":27,"turns":5}],"seed_played":"-1622834997879806447","potions_obtained":[{"floor":5.0,"key":"GamblersBrew"},{"floor":12.0,"key":"blueLaboratory:PhilterOfMotion"},{"floor":14.0,"key":"SpeedPotion"},{"floor":18.0,"key":"PowerPotion"},{"floor":20.0,"key":"BlessingOfTheForge"},{"floor":22,"key":"blueLaboratory:EpiphanyPotion"}],"is_trial":false,"path_per_floor":["M","M","?","?","M","R","E","R","T","R","$","M","$","M","R","B",null,"M","T","M","?","M","R","M","M","T","E"],"character_chosen":"WATCHER","items_purchased":["Membership Card","EmptyFist"],"campfire_rested":3,"item_purchase_floors":[11,13],"current_hp_per_floor":[69,62,62,62,61,61,47,68,68,68,68,54,54,33,54,49,72,43,50,18,18,68,79,54,46,46,0,0],"gold":254,"neow_bonus":"DSIX","is_daily":false,"chose_seed":false,"campfire_upgraded":2,"win_rate":0.0,"timestamp":1607953572,"path_taken":["M","M","?","?","M","R","E","R","T","R","$","M","$","M","R","BOSS","M","?","M","?","?","R","M","M","T","E"],"items_purchased_type":["Relic","Card"],"build_version":"2020-12-13","purchased_purges":0,"victory":false,"max_hp_per_floor":[72,72,72,72,72,72,72,72,72,72,72,72,72,72,72,72,72,72,79,79,79,79,79,79,79,79,79,79],"card_choices":[{"not_picked":["FlyingSleeves","Halt"],"picked":"Nirvana","floor":1.0},{"not_picked":["Prostrate","EmptyFist"],"picked":"CutThroughFate","floor":2.0},{"not_picked":["PathToVictory","CrushJoints"],"picked":"Wireheading","floor":5.0},{"not_picked":["JustLucky","FollowUp"],"picked":"EmptyFist","floor":7.0},{"not_picked":["EmptyBody","Halt"],"picked":"Establishment","floor":12.0},{"not_picked":["Worship","Indignation"],"picked":"Halt","floor":14.0},{"not_picked":["Brilliance","Scrawl"],"picked":"Establishment","floor":16.0},{"not_picked":["CrushJoints","ClearTheMind"],"picked":"EmptyBody","floor":18.0},{"not_picked":["Halt","Crescendo"],"picked":"Wireheading+1","floor":20.0},{"not_picked":["FollowUp+1","Evaluate+1"],"picked":"ForeignInfluence","floor":22},{"not_picked":["CrushJoints","EmptyBody"],"picked":"FlurryOfBlows","floor":24},{"not_picked":["BowlingBash","CarveReality"],"picked":"Conclude+1","floor":25}],"player_experience":251189,"relics_obtained":[{"floor":4.0,"key":"Pen Nib"},{"floor":7.0,"key":"infinitespire:Satchel"},{"floor":19.0,"key":"Strawberry"},{"floor":26,"key":"Akabeko"}],"event_choices":[{"damage_healed":0.0,"max_hp_gain":0.0,"max_hp_loss":0.0,"gold_gain":0.0,"event_name":"Big Fish","player_choice":"Box","floor":3.0,"gold_loss":0.0,"damage_taken":0.0,"relics_obtained":["infinitespire:PuzzleCube"],"cards_obtained":["Regret"]},{"damage_healed":0.0,"max_hp_gain":0.0,"max_hp_loss":0.0,"gold_gain":0.0,"event_name":"Wheel of Change","player_choice":"Relic","floor":4.0,"gold_loss":0.0,"damage_taken":0.0},{"damage_healed":0,"gold_gain":0,"player_choice":"Upgraded","damage_taken":0,"max_hp_gain":0,"max_hp_loss":0,"event_name":"Upgrade Shrine","floor":21,"gold_loss":0,"cards_upgraded":["Establishment"]}],"is_beta":false,"boss_relics":[{"not_picked":["Tiny House","Runic Pyramid"],"picked":"aspiration:RitualDagger"}],"items_purged_floors":[],"is_endless":false,"potions_floor_spawned":[5,12,14,18,20,22],"killed_by":"Book of Stabbing","ascension_level":0}}