{"host":"swphzoo6hmc78epl","time":1607909303,"event":{"mods":["BaseMod","Highlight Path","Minty Spire (QoL Compilation)","Quick Restart"],"gold_per_floor":[112,112,130,130,55,55,80,90,90,120,137,152,179,12,12,111,111,127,157,171,182,182,182,217,217,217,217,227,227,256,276,276,276,276],"floor_reached":33,"playtime":1462,"items_purged":["Strike_P","Strike_P"],"score":444,"play_id":"9694ce5c-022f-4149-a288-98a56c477152","local_time":"20201213202823","is_ascension_mode":true,"campfire_choices":[{"data":"WindmillStrike","floor":6,"key":"SMITH"},{"data":"Eruption","floor":15,"key":"SMITH"},{"data":"Swivel","floor":23,"key":"SMITH"},{"data":"Vigilance","floor":25,"key":"SMITH"},{"floor":32,"key":"RECALL"}],"circlet_count":0,"master_deck":["Strike_P","Strike_P","Defend_P","Defend_P","Defend_P","Defend_P","Eruption+1","Vigilance+1","WindmillStrike+1","CarveReality","CutThroughFate+1","BowlingBash+1","CutThroughFate+1","CutThroughFate+1","SashWhip+1","FearNoEvil+1","Brilliance+1","FlurryOfBlows+1","Swivel+1","FlurryOfBlows+1","Prostrate+1","FollowUp+1","Prostrate+1","Sanctity+1","Devotion"],"relics":["PureWater","NeowsBlessing","WarpedTongs","Molten Egg 2","Calipers","Regal Pillow","Coffee Dripper","Red Mask","Lantern","Singing Bowl","MutagenicStrength","Tiny Chest"],"acts_visited":["Exordium","TheCity"],"potions_floor_usage":[12,16,19,24,33],"damage_taken":[{"damage":0,"enemies":"Small Slimes","floor":1,"turns":1},{"damage":0,"enemies":"Cultist","floor":3,"turns":1},{"damage":0,"enemies":"3 Sentries","floor":7,"turns":1},{"damage":0,"enemies":"Jaw Worm","floor":8,"turns":2},{"damage":0,"enemies":"Gremlin Nob","floor":10,"turns":2},{"damage":0,"enemies":"Blue Slaver","floor":11,"turns":2},{"damage":0,"enemies":"Exordium Wildlife","floor":12,"turns":2},{"damage":2,"enemies":"The Guardian","floor":16,"turns":11},{"damage":2,"enemies":"Shell Parasite","floor":18,"turns":4},{"damage":0,"enemies":"Masked Bandits","floor":19,"turns":2},{"damage":0,"enemies":"Chosen","floor":20,"turns":2},{"damage":1,"enemies":"3 Cultists","floor":21,"turns":3},{"damage":32,"enemies":"Gremlin Leader","floor":24,"turns":4},{"damage":8,"enemies":"Sentry and Sphere","floor":28,"turns":4},{"damage":0,"enemies":"Slavers","floor":30,"turns":3},{"damage":0,"enemies":"Cultist and Chosen","floor":31,"turns":3},{"damage":28,"enemies":"Collector","floor":33,"turns":5}],"seed_played":"7361307270346376792","potions_obtained":[{"floor":3,"key":"EssenceOfSteel"},{"floor":7,"key":"Dexterity Potion"},{"floor":10,"key":"Explosive Potion"},{"floor":18,"key":"Swift Potion"},{"floor":24,"key":"AttackPotion"}],"is_trial":false,"path_per_floor":["M","?","M","?","$","R","E","M","T","E","M","M","T","$","R","B",null,"M","?","M","M","?","R","E","R","T","?","M","?","E","M","R","B"],"character_chosen":"WATCHER","items_purchased":["FearNoEvil+1"],"campfire_rested":0,"item_purchase_floors":[14],"current_hp_per_floor":[72,72,72,65,65,65,65,65,65,65,65,65,65,65,65,63,72,70,70,70,69,56,56,24,24,24,24,16,16,16,18,18,0,0],"gold":276,"neow_bonus":"THREE_ENEMY_KILL","is_daily":false,"chose_seed":false,"campfire_upgraded":4,"win_rate":0.0,"timestamp":1607909303,"path_taken":["M","?","?","?","$","R","E","M","T","E","M","M","?","?","R","BOSS","M","?","M","M","?","R","E","R","T","?","?","?","E","M","R","BOSS"],"items_purchased_type":["Card"],"build_version":"2020-12-13","purchased_purges":2,"victory":false,"max_hp_per_floor":[72,72,72,72,72,72,72,72,72,72,72,72,72,72,72,72,72,72,72,72,72,77,77,77,77,77,77,77,77,77,79,79,79,79],"card_choices":[{"not_picked":["Halt","ClearTheMind"],"picked":"WindmillStrike","floor":1},{"not_picked":["LikeWater","CrushJoints"],"picked":"CarveReality","floor":3},{"not_picked":["Collect","Alpha"],"picked":"CutThroughFate+1","floor":7},{"not_picked":["Evaluate","CutThroughFate+1"],"picked":"BowlingBash+1","floor":8},{"not_picked":["Protect","Worship"],"picked":"CutThroughFate+1","floor":10},{"not_picked":["Halt","ThirdEye"],"picked":"CutThroughFate+1","floor":11},{"not_picked":["Perseverance","ClearTheMind"],"picked":"SashWhip+1","floor":12},{"not_picked":["ConjureBlade","SpiritShield"],"picked":"Brilliance+1","floor":16},{"not_picked":["CutThroughFate+1","BowlingBash+1"],"picked":"FlurryOfBlows+1","floor":18},{"not_picked":["FearNoEvil+1","SashWhip+1"],"picked":"Swivel","floor":19},{"not_picked":["Halt","CarveReality+1"],"picked":"FlurryOfBlows+1","floor":20},{"not_picked":["Consecrate+1","CutThroughFate+1"],"picked":"Prostrate+1","floor":21},{"not_picked":["FlurryOfBlows+1","Vengeance"],"picked":"FollowUp+1","floor":24},{"not_picked":["BattleHymn","Meditate"],"picked":"Sanctity+1","floor":28},{"not_picked":["Crescendo+1","ForeignInfluence"],"picked":"Devotion","floor":30},{"not_picked":["EmptyBody","Swivel+1","JustLucky+1"],"picked":"Singing Bowl","floor":31}],"player_experience":734810,"relics_obtained":[{"floor":7,"key":"Molten Egg 2"},{"floor":10,"key":"Calipers"},{"floor":13,"key":"Regal Pillow"},{"floor":19,"key":"Red Mask"},{"floor":24,"key":"Lantern"},{"floor":26,"key":"Singing Bowl"},{"floor":30,"key":"Tiny Chest"}],"event_choices":[{"damage_healed":0,"gold_gain":0,"player_choice":"Rummage","damage_taken":0,"relics_obtained":["WarpedTongs"],"max_hp_gain":0,"max_hp_loss":0,"event_name":"Accursed Blacksmith","floor":2,"gold_loss":0,"cards_obtained":["Pain"]},{"cards_removed":["Pain"],"damage_healed":0,"gold_gain":0,"player_choice":"Card Removal","damage_taken":7,"max_hp_gain":0,"max_hp_loss":0,"event_name":"Golden Wing","floor":4,"gold_loss":0},{"damage_healed":0,"gold_gain":0,"player_choice":"Fought Bandits","damage_taken":0,"max_hp_gain":0,"max_hp_loss":0,"event_name":"Masked Bandits","floor":19,"gold_loss":0},{"damage_healed":0,"gold_gain":0,"player_choice":"Shed Blood","damage_taken":18,"max_hp_gain":5,"max_hp_loss":0,"event_name":"Forgotten Altar","floor":22,"gold_loss":0},{"damage_healed":0,"gold_gain":0,"player_choice":"Copied","damage_taken":0,"max_hp_gain":0,"max_hp_loss":0,"event_name":"Duplicator","floor":27,"gold_loss":0,"cards_obtained":["Prostrate"]},{"damage_healed":0,"gold_gain":0,"player_choice":"Inject Mutagens","damage_taken":0,"relics_obtained":["MutagenicStrength"],"max_hp_gain":0,"max_hp_loss":0,"event_name":"Drug Dealer","floor":29,"gold_loss":0}],"is_beta":false,"boss_relics":[{"not_picked":["Runic Dome","Pandora\u0027s Box"],"picked":"Coffee Dripper"}],"items_purged_floors":[5,14],"is_endless":false,"potions_floor_spawned":[3,7,10,18,24],"killed_by":"Collector","ascension_level":4}}