{"host":"vd5put2n5b3t1prw","time":1607932103,"event":{"mods":["2.2 Compatiblity","AchievementEnabler","BaseMod","Better Altar","Better Match","Better Note","Better Sensory Stone","Better Silent Start","Better Skull","Better Third Choice","Better Vampires","Better-Laid Plans","BetterRewards","Block Reminder","Card Forge","Colored Map","Custom Start","Downfall","Emptier Cage","Minty Spire (QoL Compilation)","Quick Restart","Random Character Button","Relic Stats","Reorder Act Four","Spicy Shops","StSLib","Transform Curses","Waifu the Spire"],"gold_per_floor":[112,127,144,18,28,56,74,74,101,24,24,37,47,73,73,170,170,186,205,205,220,54,79,79,89,167,79,79,108,123,141,141,240,240,253,253,263,7,7,32,52,52,133,20,55,73,73,101,101,101,101,41,41,76,76],"floor_reached":56,"playtime":6774,"items_purged":["Strike_P","Strike_P","Strike_P","Strike_P+1","hexamod:SixthSeal","Defend_P+1","BowlingBash+1"],"score":1902,"play_id":"c477e126-3fc3-454e-b1b4-3740a12ff7d8","local_time":"20201214014823","is_ascension_mode":true,"campfire_choices":[{"data":"PathToVictory","floor":11,"key":"SMITH"},{"data":"PathToVictory","floor":15,"key":"SMITH"},{"data":"PathToVictory","floor":24,"key":"SMITH"},{"floor":32,"key":"REST"},{"floor":47,"key":"RECALL"},{"floor":49,"key":"REST"},{"data":"PathToVictory","floor":53,"key":"SMITH"}],"circlet_count":0,"master_deck":["Defend_P+1","Wallop+1","Establishment+1","PathToVictory+1","Impatience+1","PathToVictory+1","ThirdEye+1","Protect+1","Protect+1","Evaluate+1","CutThroughFate+1","PathToVictory+1","Weave+1","SpiritShield","PathToVictory+1","CutThroughFate+1","PathToVictory+1","PathToVictory+1","PathToVictory+1","ThirdEye+1","DeceiveReality+1","PathToVictory+1","ThirdEye+1"],"relics":["PureWater","Hammer of Thor","Seething Fire","Anvil of the Gods","OrangePellets","Blood Vial","Bird Faced Urn","Membership Card","Molten Egg 2","Vajra","TheAbacus","Orrery","PreservedInsect","War Paint","Runic Pyramid","DollysMirror","Centennial Puzzle","Kunai","Ornamental Fan","Black Star","Torii","Lizard Tail","Oddly Smooth Stone","Omamori","The Courier","Orichalcum","Meat on the Bone","Bronze Scales","Mercury Hourglass","Whetstone","Damaru"],"acts_visited":["Exordium","TheCity","TheBeyond","TheEnding"],"potions_floor_usage":[6,16,25,40,48,50,55,55],"damage_taken":[{"damage":1,"enemies":"2 Louse","floor":1,"turns":3},{"damage":1,"enemies":"Cultist","floor":2,"turns":3},{"damage":12,"enemies":"Jaw Worm","floor":3,"turns":3},{"damage":0,"enemies":"3 Louse","floor":5,"turns":2},{"damage":18,"enemies":"Gremlin Nob","floor":6,"turns":4},{"damage":6,"enemies":"Lots of Slimes","floor":7,"turns":4},{"damage":6,"enemies":"Red Slaver","floor":12,"turns":2},{"damage":8,"enemies":"3 Louse","floor":13,"turns":3},{"damage":4,"enemies":"3 Sentries","floor":14,"turns":6},{"damage":0,"enemies":"Slime Boss","floor":16,"turns":5},{"damage":6,"enemies":"3 Byrds","floor":18,"turns":4},{"damage":9,"enemies":"2 Thieves","floor":19,"turns":3},{"damage":15,"enemies":"Snake Plant","floor":21,"turns":3},{"damage":10,"enemies":"Slavers","floor":23,"turns":4},{"damage":2,"enemies":"Shelled Parasite and Fungi","floor":25,"turns":3},{"damage":0,"enemies":"Book of Stabbing","floor":29,"turns":3},{"damage":0,"enemies":"Centurion and Healer","floor":30,"turns":3},{"damage":0,"enemies":"Snecko","floor":31,"turns":3},{"damage":9,"enemies":"Champ","floor":33,"turns":5},{"damage":1,"enemies":"3 Darklings","floor":35,"turns":3},{"damage":0,"enemies":"3 Shapes","floor":37,"turns":2},{"damage":24,"enemies":"Reptomancer","floor":40,"turns":3},{"damage":6,"enemies":"Spire Growth","floor":41,"turns":4},{"damage":0,"enemies":"Nemesis","floor":45,"turns":3},{"damage":1,"enemies":"Jaw Worm Horde","floor":46,"turns":3},{"damage":7,"enemies":"Giant Head","floor":48,"turns":4},{"damage":61,"enemies":"Donu and Deca","floor":50,"turns":10},{"damage":44,"enemies":"Shield and Spear","floor":54,"turns":5},{"damage":61,"enemies":"The Heart","floor":55,"turns":6}],"seed_played":"-5149177192238183829","potions_obtained":[{"floor":2,"key":"Swift Potion"},{"floor":5,"key":"champ:CounterPotion"},{"floor":6,"key":"Fire Potion"},{"floor":14,"key":"SkillPotion"},{"floor":16,"key":"PowerPotion"},{"floor":19,"key":"LiquidMemories"},{"floor":30,"key":"LiquidMemories"},{"floor":33,"key":"BottledMiracle"},{"floor":40,"key":"Ancient Potion"},{"floor":45,"key":"ColorlessPotion"},{"floor":46,"key":"DistilledChaos"}],"is_trial":false,"path_per_floor":["M","M","M","$","M","E","M","?","T","$","R","M","M","E","R","B",null,"M","M","?","M","$","E","R","M","T","$","?","E","M","M","R","B",null,"M","?","M","$","?","E","M","?","T","$","E","M","R","E","R","B",null,"$","R","E","B",null],"character_chosen":"WATCHER","items_purchased":["OrangePellets","Wallop","Blood Vial","Bird Faced Urn","Membership Card","Establishment","Molten Egg 2","Vajra","PathToVictory","TheAbacus","Impatience","Orrery","CutThroughFate+1","PathToVictory","DollysMirror","Torii","Lizard Tail","DuplicationPotion","LiquidBronze"],"campfire_rested":2,"item_purchase_floors":[0,0,0,0,0,0,0,0,0,0,0,4,10,22,22,38,38,52,52],"current_hp_per_floor":[71,71,62,62,66,54,54,54,54,54,54,52,50,52,52,58,72,66,63,63,52,52,48,48,50,50,50,50,52,56,58,72,63,72,71,71,72,72,72,48,46,46,46,46,50,51,51,48,69,23,72,72,72,40,36],"gold":76,"neow_bonus":"","is_daily":false,"chose_seed":false,"campfire_upgraded":4,"win_rate":0.0,"timestamp":1607932103,"path_taken":["M","M","M","$","M","E","M","?","T","?","R","?","M","E","R","BOSS","M","M","?","?","$","E","R","M","T","$","?","E","M","M","R","BOSS","M","?","M","$","?","E","M","?","T","$","E","M","R","E","R","BOSS","$","R","E","BOSS"],"items_purchased_type":["Relic","Card","Relic","Relic","Relic","Card","Relic","Relic","Card","Relic","Card","Relic","Card","Card","Relic","Relic","Relic","Potion","Potion"],"build_version":"2020-12-13","purchased_purges":7,"victory":true,"max_hp_per_floor":[72,72,72,72,72,72,72,72,72,72,72,72,72,72,72,72,72,72,72,72,72,72,72,72,72,72,72,72,72,72,72,72,72,72,72,72,72,72,72,72,72,72,72,72,72,72,72,72,72,72,72,72,72,72,72],"relic_stats":{"Torii":120,"counters":[110,413],"PreservedInsect":626,"Whetstone":[],"War Paint":["expansioncontent:DecasProtection","Blasphemy","Protect","Protect"],"Orichalcum":[12],"Mercury Hourglass":[66],"Blood Vial":43,"OrangePellets":[83],"Centennial Puzzle":[60],"Lizard Tail":36,"TheAbacus":[84],"Ornamental Fan":[8],"Bird Faced Urn":[49],"Bronze Scales":[135],"Black Star":4,"Kunai":[2],"obtain_stats":[{"Tiny House":17,"Vajra":0,"Hammer of Thor":0,"Ginger":7,"Whetstone":19,"Boot":54,"Sling":29,"Old Coin":8,"Blood Vial":10,"Lizard Tail":8,"Centennial Puzzle":43,"Sundial":9,"DollysMirror":22,"MealTicket":41,"HandDrill":19,"Kunai":19,"Pear":6,"Happy Flower":27,"Oddly Smooth Stone":43,"Pen Nib":30,"Letter Opener":11,"War Paint":34,"Question Card":0,"Du-Vu Doll":54,"OrangePellets":19,"SlaversCollar":34,"Anvil of the Gods":0,"Shuriken":13,"MutagenicStrength":29,"Bird Faced Urn":0,"Bronze Scales":48,"Molten Egg 2":9,"Pandora\u0027s Box":34,"Nloth\u0027s Gift":30,"Black Star":34,"Unceasing Top":36,"NlothsMask":19,"Meat on the Bone":45,"Darkstone Periapt":25,"Lantern":6,"Singing Bowl":0,"Torii":25,"SacredBark":17,"StoneCalendar":0,"Yang":0,"Bag of Preparation":20,"Juzu Bracelet":23,"Ancient Tea Set":26,"Smiling Mask":45,"Frozen Eye":0,"Dream Catcher":11,"Matryoshka":25,"TheAbacus":0,"Mummified Hand":0,"Toolbox":52,"InkBottle":34,"Runic Pyramid":17,"Potion Belt":14,"Golden Idol":3,"Damaru":11,"Thread and Needle":4,"PreservedInsect":0,"The Courier":43,"Omamori":27,"Seething Fire":0,"Frozen Egg 2":37,"Orichalcum":45,"GoldenEye":14,"Mercury Hourglass":48,"Calling Bell":34,"CaptainsWheel":11,"Anchor":54,"Ornamental Fan":43,"Orrery":4,"Art of War":43,"Membership Card":45,"Bottled Lightning":41,"PureWater":0,"FossilizedHelix":5,"TungstenRod":34},{"Tiny House":65,"Vajra":81,"Hammer of Thor":0,"Ginger":32,"Whetstone":36,"Boot":27,"Sling":41,"Old Coin":33,"Blood Vial":7,"Lizard Tail":6,"Centennial Puzzle":75,"Sundial":33,"DollysMirror":94,"MealTicket":49,"HandDrill":36,"Kunai":36,"Pear":4,"Happy Flower":15,"Oddly Smooth Stone":50,"Pen Nib":42,"Letter Opener":33,"War Paint":71,"Question Card":28,"Du-Vu Doll":80,"OrangePellets":36,"SlaversCollar":44,"Anvil of the Gods":0,"Shuriken":34,"MutagenicStrength":69,"Bird Faced Urn":81,"Bronze Scales":107,"Molten Egg 2":6,"Pandora\u0027s Box":18,"Nloth\u0027s Gift":69,"Black Star":100,"Unceasing Top":20,"NlothsMask":11,"Meat on the Bone":105,"Darkstone Periapt":15,"Lantern":32,"Singing Bowl":55,"Torii":69,"SacredBark":10,"StoneCalendar":28,"Yang":55,"Bag of Preparation":66,"Juzu Bracelet":68,"Ancient Tea Set":40,"Smiling Mask":51,"Frozen Eye":28,"Dream Catcher":33,"Matryoshka":40,"TheAbacus":81,"Mummified Hand":28,"Toolbox":53,"InkBottle":71,"Runic Pyramid":91,"Potion Belt":64,"Golden Idol":30,"Damaru":33,"Thread and Needle":3,"PreservedInsect":55,"The Courier":104,"Omamori":41,"Seething Fire":0,"Frozen Egg 2":46,"Orichalcum":105,"GoldenEye":34,"Mercury Hourglass":107,"Calling Bell":71,"CaptainsWheel":33,"Anchor":54,"Ornamental Fan":22,"Orrery":84,"Art of War":50,"Membership Card":23,"Bottled Lightning":75,"PureWater":0,"FossilizedHelix":31,"TungstenRod":71},{"Tiny House":245,"Vajra":304,"Hammer of Thor":0,"Ginger":136,"Whetstone":146,"Boot":117,"Sling":160,"Old Coin":139,"Blood Vial":18,"Lizard Tail":15,"Centennial Puzzle":279,"Sundial":139,"DollysMirror":349,"MealTicket":188,"HandDrill":146,"Kunai":146,"Pear":9,"Happy Flower":56,"Oddly Smooth Stone":190,"Pen Nib":163,"Letter Opener":139,"War Paint":266,"Question Card":126,"Du-Vu Doll":297,"OrangePellets":146,"SlaversCollar":171,"Anvil of the Gods":0,"Shuriken":141,"MutagenicStrength":259,"Bird Faced Urn":304,"Bronze Scales":392,"Molten Egg 2":15,"Pandora\u0027s Box":72,"Nloth\u0027s Gift":259,"Black Star":370,"Unceasing Top":80,"NlothsMask":39,"Meat on the Bone":385,"Darkstone Periapt":56,"Lantern":136,"Singing Bowl":213,"Torii":259,"SacredBark":34,"StoneCalendar":126,"Yang":213,"Bag of Preparation":250,"Juzu Bracelet":256,"Ancient Tea Set":157,"Smiling Mask":195,"Frozen Eye":126,"Dream Catcher":139,"Matryoshka":157,"TheAbacus":304,"Mummified Hand":126,"Toolbox":205,"InkBottle":266,"Runic Pyramid":339,"Potion Belt":241,"Golden Idol":131,"Damaru":139,"Thread and Needle":6,"PreservedInsect":213,"The Courier":382,"Omamori":160,"Seething Fire":0,"Frozen Egg 2":178,"Orichalcum":385,"GoldenEye":141,"Mercury Hourglass":392,"Calling Bell":266,"CaptainsWheel":139,"Anchor":208,"Ornamental Fan":88,"Orrery":313,"Art of War":190,"Membership Card":91,"Bottled Lightning":279,"PureWater":0,"FossilizedHelix":133,"TungstenRod":266}],"Meat on the Bone":36},"card_choices":[{"not_picked":["CrushJoints+1","EmptyBody"],"picked":"ThirdEye","floor":1},{"not_picked":["ClearTheMind","FlyingSleeves+1","EmptyBody"],"picked":"SKIP","floor":2},{"not_picked":["FollowUp+1","FlurryOfBlows+1"],"picked":"Protect","floor":3},{"not_picked":["SashWhip+1","Devotion"],"picked":"Protect","floor":4},{"not_picked":["Prostrate","Crescendo"],"picked":"BowlingBash+1","floor":5},{"not_picked":["ThirdEye","DeceiveReality"],"picked":"Evaluate","floor":6},{"not_picked":["Halt","BowlingBash+1","Devotion"],"picked":"SKIP","floor":7},{"not_picked":["Consecrate+1","ClearTheMind","ReachHeaven+1"],"picked":"SKIP","floor":12},{"not_picked":["LikeWater","FearNoEvil+1"],"picked":"PathToVictory","floor":13},{"not_picked":["WheelKick+1","JustLucky+1"],"picked":"Weave+1","floor":14},{"not_picked":["DevaForm","DeusExMachina"],"picked":"SpiritShield","floor":16},{"not_picked":["WreathOfFlame","BattleHymn"],"picked":"PathToVictory","floor":18},{"not_picked":["CrushJoints+1","Fasting2","BowlingBash+1"],"picked":"SKIP","floor":19},{"not_picked":["Worship+1","Crescendo"],"picked":"CutThroughFate+1","floor":21},{"not_picked":["Crescendo","Adaptation","WindmillStrike+1"],"picked":"SKIP","floor":23},{"not_picked":["Perseverance","Swivel"],"picked":"PathToVictory","floor":25},{"not_picked":["Halt+1","JustLucky+1","SandsOfTime+1"],"picked":"SKIP","floor":29},{"not_picked":["Nirvana","Swivel+1","ConjureBlade"],"picked":"SKIP","floor":30},{"not_picked":["FlurryOfBlows+1","BowlingBash+1","Consecrate+1"],"picked":"SKIP","floor":31},{"not_picked":["EmptyBody+1","FollowUp+1"],"picked":"ThirdEye+1","floor":35},{"not_picked":["CrushJoints+1","SashWhip+1","Meditate+1"],"picked":"SKIP","floor":37},{"not_picked":["MentalFortress+1","JustLucky+1"],"picked":"DeceiveReality+1","floor":40},{"not_picked":["CutThroughFate+1","TalkToTheHand+1"],"picked":"PathToVictory+1","floor":41},{"not_picked":["CutThroughFate+1","Prostrate","EmptyFist+1"],"picked":"SKIP","floor":45},{"not_picked":["Adaptation+1","CrushJoints+1","SashWhip+1"],"picked":"SKIP","floor":46},{"not_picked":["Consecrate+1","FlurryOfBlows+1","EmptyMind"],"picked":"SKIP","floor":48},{"not_picked":["Prostrate+1","Protect+1"],"picked":"ThirdEye+1","floor":54}],"player_experience":222493,"relics_obtained":[{"floor":6,"key":"PreservedInsect"},{"floor":14,"key":"War Paint"},{"floor":23,"key":"Centennial Puzzle"},{"floor":26,"key":"Kunai"},{"floor":29,"key":"Ornamental Fan"},{"floor":40,"key":"Oddly Smooth Stone"},{"floor":40,"key":"Omamori"},{"floor":43,"key":"The Courier"},{"floor":45,"key":"Orichalcum"},{"floor":45,"key":"Meat on the Bone"},{"floor":48,"key":"Bronze Scales"},{"floor":48,"key":"Mercury Hourglass"},{"floor":54,"key":"Whetstone"},{"floor":54,"key":"Damaru"}],"event_choices":[{"damage_healed":0,"gold_gain":0,"player_choice":"Bought 0 Potions","damage_taken":0,"max_hp_gain":0,"max_hp_loss":0,"event_name":"The Woman in Blue","floor":8,"gold_loss":0},{"damage_healed":0,"gold_gain":0,"player_choice":"Ignored","damage_taken":0,"max_hp_gain":0,"max_hp_loss":0,"event_name":"betterNote:BetterNote","floor":20,"gold_loss":0,"cards_obtained":["sneckomod:MasterEye"]},{"damage_healed":0,"gold_gain":3,"player_choice":"1","damage_taken":0,"max_hp_gain":0,"max_hp_loss":0,"event_name":"betterStone:BetterStone","floor":36,"gold_loss":0},{"cards_removed":["Defend_P"],"damage_healed":0,"gold_gain":0,"player_choice":"Removed Skill","damage_taken":0,"max_hp_gain":0,"max_hp_loss":0,"event_name":"Falling","floor":39,"gold_loss":0},{"cards_removed":["Defend_P"],"damage_healed":0,"gold_gain":0,"player_choice":"Card Removal","damage_taken":0,"max_hp_gain":0,"max_hp_loss":0,"event_name":"Wheel of Change","floor":42,"gold_loss":0}],"is_beta":false,"boss_relics":[{"not_picked":["Busted Crown","Cursed Key"],"picked":"Runic Pyramid"},{"not_picked":["Coffee Dripper","VioletLotus"],"picked":"Black Star"}],"items_purged_floors":[0,4,10,22,27,38,44],"is_endless":false,"potions_floor_spawned":[2,5,6,14,16,19,30,33,40,41,45,46,54],"ascension_level":4}}