{"host":"iirf6tm60n5v4e3j","time":1607934257,"event":{"mods":["BaseMod","Koishi","KomeijiMod","Minty Spire (QoL Compilation)","StSLib","The Alterego","TheSwordswoman"],"gold_per_floor":[115,190,202,202,220,255,274,274,274,274,292,292,292,292],"floor_reached":13,"playtime":585,"items_purged":[],"score":149,"play_id":"b7d26701-9b5b-4bcf-b204-2bc27becb67b","local_time":"20201214002417","is_ascension_mode":true,"campfire_choices":[{"floor":8.0,"key":"REST"},{"data":"Koishi:EmbryosDream","floor":10.0,"key":"SMITH"},{"floor":12,"key":"REST"}],"circlet_count":0,"master_deck":["AscendersBane","Koishi:BasicStrike","Koishi:BasicStrike","Koishi:BasicStrike","Koishi:BasicDefend","Koishi:BasicDefend","Koishi:BasicDefend","Koishi:Provoke","Koishi:HauntingSlash","Koishi:FreudianInstinct","Koishi:VengefulSpirit","Koishi:SubconsciousSweep","Koishi:PhilosophyOfTheDespised","Koishi:RacingHeart","Koishi:EmbryosDream+1","Koishi:ReflexRadar","Koishi:UnconsciousUprising"],"relics":["Koishi:ImaginaryFriend","InkBottle","Orichalcum","Calipers"],"acts_visited":["Exordium"],"potions_floor_usage":[],"damage_taken":[{"damage":4.0,"enemies":"2 Louse","floor":1.0,"turns":4.0},{"damage":7.0,"enemies":"Jaw Worm","floor":3.0,"turns":4.0},{"damage":0.0,"enemies":"Cultist","floor":5.0,"turns":5.0},{"damage":31.0,"enemies":"3 Sentries","floor":6.0,"turns":7.0},{"damage":0.0,"enemies":"Blue Slaver","floor":7.0,"turns":6.0},{"damage":12,"enemies":"3 Louse","floor":11,"turns":3},{"damage":27,"enemies":"Lagavulin","floor":13,"turns":6}],"seed_played":"-649814955775718846","potions_obtained":[{"floor":1.0,"key":"Fire Potion"},{"floor":5.0,"key":"Strength Potion"},{"floor":7.0,"key":"SteroidPotion"}],"is_trial":false,"path_per_floor":["M","?","M","T","M","E","M","R","T","R","M","R","E"],"character_chosen":"KOISHI","items_purchased":[],"campfire_rested":2,"item_purchase_floors":[],"current_hp_per_floor":[49,38,33,33,34,4,8,23,23,23,12,27,0,0],"gold":292,"neow_bonus":"TRANSFORM_TWO_CARDS","is_daily":false,"chose_seed":false,"campfire_upgraded":1,"win_rate":0.0,"timestamp":1607934257,"path_taken":["M","?","M","?","M","E","M","R","T","R","?","R","E"],"items_purchased_type":[],"build_version":"2020-12-13","purchased_purges":0,"victory":false,"max_hp_per_floor":[52,52,52,52,52,52,52,52,52,52,52,52,52,52],"card_choices":[{"not_picked":["Koishi:EmbersOfLove","Koishi:YoukaiPolygraph"],"picked":"Koishi:SubconsciousSweep","floor":1.0},{"not_picked":["Koishi:VengefulSpirit","Koishi:CatchAndRose"],"picked":"Koishi:PhilosophyOfTheDespised","floor":3.0},{"not_picked":["Koishi:Possession","Koishi:MassHysteria"],"picked":"Koishi:RacingHeart","floor":5.0},{"not_picked":["Koishi:RollingInRichesHeart","Koishi:Possession"],"picked":"Koishi:EmbryosDream","floor":6.0},{"not_picked":["Koishi:PhantomStrike","Koishi:SprinkleStarAndHeart"],"picked":"Koishi:ReflexRadar","floor":7.0},{"not_picked":["Koishi:IdleWhim","Koishi:VengefulSpirit"],"picked":"Koishi:UnconsciousUprising","floor":11}],"player_experience":292886,"relics_obtained":[{"floor":4.0,"key":"InkBottle"},{"floor":6.0,"key":"Orichalcum"},{"floor":9.0,"key":"Calipers"}],"event_choices":[{"damage_healed":0.0,"max_hp_gain":0.0,"max_hp_loss":0.0,"gold_gain":75.0,"event_name":"World of Goop","player_choice":"Gather Gold","floor":2.0,"gold_loss":0.0,"damage_taken":11.0}],"is_beta":false,"boss_relics":[],"items_purged_floors":[],"is_endless":false,"potions_floor_spawned":[1,5,7],"killed_by":"Lagavulin","ascension_level":15}}