{"host":"1c52r9kaxdyo25eq","time":1607952778,"event":{"mods":["AchievementEnabler","BaseMod","Minty Spire (QoL Compilation)","Rare Cards Sparkle","SuperFastMode","everything is the same but u backflip on backflip"],"gold_per_floor":[110,185,202,127,227,257,257,273,273,273,293,319,319,11,11,11,11],"floor_reached":16,"playtime":308,"items_purged":["Defend_R"],"score":160,"play_id":"f4ad7910-c9bf-429b-92c8-aeaedd196964","local_time":"20201214223258","is_ascension_mode":true,"campfire_choices":[{"data":"Dark Embrace","floor":7.0,"key":"SMITH"},{"data":"Clothesline","floor":10.0,"key":"SMITH"},{"data":"True Grit","floor":13.0,"key":"SMITH"},{"floor":15.0,"key":"REST"}],"circlet_count":0,"master_deck":["Strike_R","Strike_R","Strike_R","Strike_R","Strike_R","Defend_R","Defend_R","Defend_R","Bash","Dual Wield","Dark Embrace+1","Clothesline+1","True Grit+1"],"relics":["Burning Blood","NeowsBlessing","Lizard Tail","Pear","Centennial Puzzle","Calipers"],"acts_visited":["Exordium"],"potions_floor_usage":[16],"damage_taken":[{"damage":0.0,"enemies":"Small Slimes","floor":1.0,"turns":1.0},{"damage":0.0,"enemies":"Jaw Worm","floor":3.0,"turns":1.0},{"damage":0.0,"enemies":"3 Sentries","floor":6.0,"turns":2.0},{"damage":11.0,"enemies":"Cultist","floor":8.0,"turns":4.0},{"damage":20.0,"enemies":"Blue Slaver","floor":11.0,"turns":4.0},{"damage":65.0,"enemies":"Lagavulin","floor":12.0,"turns":9.0},{"damage":52,"enemies":"The Guardian","floor":16,"turns":8}],"seed_played":"-7592719524840619485","potions_obtained":[{"floor":1.0,"key":"SteroidPotion"},{"floor":3.0,"key":"BloodPotion"},{"floor":8.0,"key":"Strength Potion"}],"is_trial":false,"path_per_floor":["M","?","M","$","?","E","R","M","T","R","M","E","R","$","R","B"],"character_chosen":"IRONCLAD","items_purchased":["Calipers"],"campfire_rested":1,"item_purchase_floors":[14],"current_hp_per_floor":[80,69,75,75,75,80,80,75,85,85,71,12,12,12,39,5,5],"gold":11,"neow_bonus":"THREE_ENEMY_KILL","is_daily":false,"chose_seed":false,"campfire_upgraded":3,"win_rate":0.0,"timestamp":1607952778,"path_taken":["M","?","M","$","?","E","R","M","T","R","M","E","R","$","R","BOSS"],"items_purchased_type":["Relic"],"build_version":"2020-12-13","purchased_purges":1,"victory":false,"max_hp_per_floor":[80,80,80,80,80,80,80,80,90,90,90,90,90,90,90,90,90],"card_choices":[{"not_picked":["Bloodletting","Cleave"],"picked":"Dual Wield","floor":1.0},{"not_picked":["Anger","Dropkick"],"picked":"Dark Embrace","floor":3.0},{"not_picked":["Armaments","Entrench","Havoc"],"picked":"SKIP","floor":6.0},{"not_picked":["Clash","Double Tap"],"picked":"Clothesline","floor":8.0},{"not_picked":["Twin Strike","Reckless Charge"],"picked":"True Grit","floor":11.0},{"not_picked":["Power Through","Uppercut","Evolve"],"picked":"SKIP","floor":12.0}],"player_experience":475827,"relics_obtained":[{"floor":6.0,"key":"Lizard Tail"},{"floor":9.0,"key":"Pear"},{"floor":12.0,"key":"Centennial Puzzle"}],"event_choices":[{"damage_healed":0.0,"max_hp_gain":0.0,"max_hp_loss":0.0,"gold_gain":75.0,"event_name":"World of Goop","player_choice":"Gather Gold","floor":2.0,"gold_loss":0.0,"damage_taken":11.0},{"damage_healed":0.0,"max_hp_gain":0.0,"max_hp_loss":0.0,"gold_gain":100.0,"event_name":"Golden Shrine","player_choice":"Pray","floor":5.0,"gold_loss":0.0,"damage_taken":0.0}],"is_beta":false,"boss_relics":[],"items_purged_floors":[4],"is_endless":false,"potions_floor_spawned":[1,3,8,11],"killed_by":"The Guardian","ascension_level":4}}