{"host":"1rcu5ixl4icqax5v","time":1607979311,"event":{"mods":["BaseMod","Bestiary","Block Reminder","Colored Map","DeckTracker","Highlight Path","Minty Spire (QoL Compilation)","Quick Restart","Relic Sorter","Relic Stats"],"gold_per_floor":[114,131,145,220,236,261,261,276,302,302,327,353,353,3,3,114,114,138,164,164,164,191,229,229,271,319,348,358,383,154,168,168,265,265,289,316,333,359,378,378,417,16,42,76,76,76,104,123,123,123,123,123,25,55,55,55],"floor_reached":55,"playtime":5206,"items_purged":["Strike_R","Strike_R"],"score":1114,"play_id":"f9cbc4b1-5311-447f-9697-1a489017dfc7","local_time":"20201214235511","is_ascension_mode":true,"campfire_choices":[{"floor":7.0,"key":"REST"},{"floor":13.0,"key":"REST"},{"data":"Berserk","floor":15.0,"key":"SMITH"},{"floor":24.0,"key":"REST"},{"data":"Brutality","floor":32.0,"key":"SMITH"},{"data":"Heavy Blade","floor":40.0,"key":"SMITH"},{"floor":46.0,"key":"RECALL"},{"data":"Heavy Blade","floor":49,"key":"SMITH"},{"data":"Bash","floor":52,"key":"SMITH"}],"circlet_count":0,"master_deck":["Strike_R","Strike_R","Strike_R","Defend_R","Defend_R+1","Defend_R","Defend_R","Bash+1","Berserk+1","Headbutt","Sword Boomerang","Rupture+1","Spot Weakness+1","Reaper","Inflame","Hemokinesis","Brutality+1","Warcry","Shrug It Off","Corruption","Power Through","Immolate","Entrench+1","Heavy Blade+1","Headbutt","Feel No Pain","Pommel Strike+1","Heavy Blade+1","Intimidate+1","Armaments+1","Burning Pact","Dark Embrace"],"relics":["Burning Blood","Calling Bell","Bag of Preparation","Vajra","War Paint","Black Star","Ancient Tea Set","Bottled Tornado","PreservedInsect","Omamori","Anchor","CeramicFish","Gambling Chip","Gremlin Horn","Calipers","Necronomicon","Red Skull","Bird Faced Urn","Paper Frog","Art of War","Eternal Feather","Mercury Hourglass","Sundial","Lantern"],"acts_visited":["TheCity","TheBeyond","TheEnding"],"potions_floor_usage":[55,55,55],"damage_taken":[{"damage":5.0,"enemies":"Cultist","floor":1.0,"turns":5.0},{"damage":1.0,"enemies":"2 Louse","floor":2.0,"turns":2.0},{"damage":7.0,"enemies":"Jaw Worm","floor":3.0,"turns":3.0},{"damage":12.0,"enemies":"Large Slime","floor":5.0,"turns":7.0},{"damage":50.0,"enemies":"3 Sentries","floor":6.0,"turns":8.0},{"damage":20.0,"enemies":"2 Fungi Beasts","floor":8.0,"turns":4.0},{"damage":26.0,"enemies":"Lagavulin","floor":11.0,"turns":6.0},{"damage":36.0,"enemies":"Gremlin Gang","floor":12.0,"turns":6.0},{"damage":5.0,"enemies":"Slime Boss","floor":16.0,"turns":4.0},{"damage":29.0,"enemies":"Spheric Guardian","floor":18.0,"turns":5.0},{"damage":24.0,"enemies":"2 Thieves","floor":19.0,"turns":4.0},{"damage":20.0,"enemies":"Snecko","floor":22.0,"turns":4.0},{"damage":89.0,"enemies":"Slavers","floor":23.0,"turns":6.0},{"damage":15.0,"enemies":"Gremlin Leader","floor":25.0,"turns":4.0},{"damage":54.0,"enemies":"Book of Stabbing","floor":27.0,"turns":5.0},{"damage":4.0,"enemies":"Chosen and Byrds","floor":28.0,"turns":3.0},{"damage":1.0,"enemies":"Slavers","floor":29.0,"turns":3.0},{"damage":0.0,"enemies":"Centurion and Healer","floor":31.0,"turns":2.0},{"damage":31.0,"enemies":"Automaton","floor":33.0,"turns":5.0},{"damage":15.0,"enemies":"Orb Walker","floor":35.0,"turns":2.0},{"damage":6.0,"enemies":"3 Shapes","floor":36.0,"turns":2.0},{"damage":6.0,"enemies":"Jaw Worm Horde","floor":37.0,"turns":1.0},{"damage":15.0,"enemies":"Spire Growth","floor":38.0,"turns":3.0},{"damage":14.0,"enemies":"Transient","floor":39.0,"turns":5.0},{"damage":16.0,"enemies":"Giant Head","floor":41.0,"turns":5.0},{"damage":54.0,"enemies":"Nemesis","floor":44.0,"turns":5.0},{"damage":37,"enemies":"Maw","floor":47,"turns":7},{"damage":29,"enemies":"Spire Growth","floor":48,"turns":4},{"damage":100,"enemies":"Donu and Deca","floor":50,"turns":6},{"damage":43,"enemies":"Shield and Spear","floor":54,"turns":5},{"damage":151,"enemies":"The Heart","floor":55,"turns":6}],"seed_played":"-4297885727578941067","potions_obtained":[{"floor":2.0,"key":"GamblersBrew"},{"floor":6.0,"key":"Dexterity Potion"},{"floor":12.0,"key":"Dexterity Potion"},{"floor":16.0,"key":"SteroidPotion"},{"floor":18.0,"key":"DistilledChaos"},{"floor":22.0,"key":"Fruit Juice"},{"floor":25.0,"key":"Regen Potion"},{"floor":28.0,"key":"Weak Potion"},{"floor":39.0,"key":"FearPotion"},{"floor":47,"key":"BloodPotion"},{"floor":48,"key":"Regen Potion"}],"is_trial":false,"path_per_floor":["M","M","M","?","M","E","R","M","T","?","E","M","R","$","R","B",null,"M","M","?","?","M","E","R","E","T","E","M","E","$","M","R","B",null,"M","M","M","M","M","R","E","$","T","E","?","R","M","M","R","B",null,"R","$","E","B"],"character_chosen":"IRONCLAD","items_purchased":["Gambling Chip","PowerPotion","Offering","Bottled Tornado","Heavy Blade","Burning Pact","Dark Embrace"],"campfire_rested":3,"item_purchase_floors":[14,14,30,42,42,53,53],"current_hp_per_floor":[80,80,79,68,62,18,42,36,36,33,25,13,37,37,37,64,76,63,62,46,46,47,29,54,79,79,31,62,82,82,85,85,85,85,85,85,85,80,78,78,80,80,80,40,40,55,80,85,85,62,79,85,85,85,0,0],"gold":55,"neow_bonus":"ONE_RANDOM_RARE_CARD","is_daily":false,"chose_seed":false,"campfire_upgraded":5,"win_rate":0.0,"timestamp":1607979311,"path_taken":["M","M","M","?","M","E","R","M","T","?","E","M","R","?","R","BOSS","M","M","?","?","?","E","R","E","T","E","M","E","$","M","R","BOSS","M","M","M","M","M","R","E","$","T","E","?","R","M","M","R","BOSS","R","$","E","BOSS"],"items_purchased_type":["Relic","Potion","Card","Relic","Card","Card","Card"],"build_version":"2020-12-13","purchased_purges":2,"victory":false,"max_hp_per_floor":[80,80,80,80,80,80,80,80,80,80,80,80,80,80,80,80,80,80,80,80,80,80,85,85,85,85,85,85,85,85,85,85,85,85,85,85,85,85,85,85,85,85,85,85,85,85,85,85,85,85,85,85,85,85,85,85],"relic_stats":{"Gremlin Horn":[17,17],"counters":[31,137],"CeramicFish":162,"Eternal Feather":21,"PreservedInsect":115,"Bag of Preparation":[44],"War Paint":["Defend_R","Spot Weakness"],"Burning Blood":141,"Mercury Hourglass":[93],"Sundial":[0],"Gambling Chip":[105],"Bird Faced Urn":[87],"Black Star":3,"Necronomicon":[44],"Art of War":[9],"obtain_stats":[{"Lantern":54,"Calipers":17,"Gremlin Horn":17,"CeramicFish":11,"Vajra":23,"Eternal Feather":44,"PreservedInsect":43,"Omamori":6,"Bag of Preparation":17,"War Paint":26,"Bottled Tornado":42,"Ancient Tea Set":41,"Burning Blood":0,"Mercury Hourglass":44,"Calling Bell":17,"Anchor":10,"Sundial":54,"Gambling Chip":14,"Bird Faced Urn":27,"Necronomicon":20,"Black Star":34,"Art of War":41,"Red Skull":25,"Paper Frog":29},{"Lantern":30,"Calipers":9,"Gremlin Horn":9,"CeramicFish":7,"Vajra":13,"Eternal Feather":26,"PreservedInsect":25,"Omamori":5,"Bag of Preparation":9,"War Paint":14,"Bottled Tornado":25,"Ancient Tea Set":25,"Burning Blood":0,"Mercury Hourglass":26,"Calling Bell":9,"Anchor":6,"Sundial":30,"Gambling Chip":8,"Bird Faced Urn":15,"Necronomicon":11,"Black Star":19,"Art of War":25,"Red Skull":14,"Paper Frog":17},{"Lantern":131,"Calipers":45,"Gremlin Horn":45,"CeramicFish":35,"Vajra":64,"Eternal Feather":109,"PreservedInsect":104,"Omamori":25,"Bag of Preparation":45,"War Paint":68,"Bottled Tornado":104,"Ancient Tea Set":104,"Burning Blood":0,"Mercury Hourglass":109,"Calling Bell":45,"Anchor":29,"Sundial":131,"Gambling Chip":41,"Bird Faced Urn":73,"Necronomicon":54,"Black Star":86,"Art of War":104,"Red Skull":68,"Paper Frog":79}]},"card_choices":[{"not_picked":["Clash","Perfected Strike"],"picked":"Headbutt","floor":1.0},{"not_picked":["Pummel","Heavy Blade"],"picked":"Sword Boomerang","floor":2.0},{"not_picked":["Pommel Strike","Cleave"],"picked":"Rupture","floor":3.0},{"not_picked":["Second Wind","Rampage"],"picked":"Spot Weakness","floor":5.0},{"not_picked":["Rage","Cleave"],"picked":"Reaper","floor":6.0},{"not_picked":["Dual Wield","Shrug It Off"],"picked":"Inflame","floor":8.0},{"not_picked":["Sentinel","Anger","Dual Wield"],"picked":"SKIP","floor":11.0},{"not_picked":["Twin Strike","Cleave"],"picked":"Hemokinesis","floor":12.0},{"not_picked":["Reaper","Exhume"],"picked":"Brutality","floor":16.0},{"not_picked":["Twin Strike","Flex+1"],"picked":"Warcry","floor":18.0},{"not_picked":["Power Through+1","Havoc"],"picked":"Shrug It Off","floor":19.0},{"not_picked":["Iron Wave+1","Perfected Strike"],"picked":"Corruption","floor":22.0},{"not_picked":["Headbutt","Perfected Strike"],"picked":"Power Through","floor":23.0},{"not_picked":["Pommel Strike","Bloodletting"],"picked":"Immolate","floor":25.0},{"not_picked":["Flex","Perfected Strike","Body Slam"],"picked":"SKIP","floor":27.0},{"not_picked":["Wild Strike","Fire Breathing","Thunderclap"],"picked":"SKIP","floor":28.0},{"not_picked":["Sword Boomerang","Cleave","Reckless Charge"],"picked":"SKIP","floor":29.0},{"not_picked":["Anger","Havoc","Hemokinesis"],"picked":"SKIP","floor":31.0},{"not_picked":["Ghostly Armor","Clash"],"picked":"Entrench+1","floor":35.0},{"not_picked":["Evolve+1","Spot Weakness+1"],"picked":"Heavy Blade","floor":36.0},{"not_picked":["Sword Boomerang+1","Cleave","Flex+1"],"picked":"SKIP","floor":37.0},{"not_picked":["Pommel Strike+1","Clash+1"],"picked":"Headbutt","floor":38.0},{"not_picked":["Headbutt+1","Anger"],"picked":"Feel No Pain","floor":39.0},{"not_picked":["Fire Breathing","Twin Strike"],"picked":"Pommel Strike+1","floor":41.0},{"not_picked":["Rupture+1","Flex+1"],"picked":"Intimidate+1","floor":44.0},{"not_picked":["Headbutt","Corruption"],"picked":"Armaments+1","floor":47},{"not_picked":["Warcry","Fire Breathing","Intimidate"],"picked":"SKIP","floor":48},{"not_picked":["Combust","Clash","Body Slam+1"],"picked":"SKIP","floor":54}],"player_experience":638701,"relics_obtained":[{"floor":6.0,"key":"Omamori"},{"floor":11.0,"key":"CeramicFish"},{"floor":17.0,"key":"Bag of Preparation"},{"floor":17.0,"key":"Gremlin Horn"},{"floor":17.0,"key":"Calipers"},{"floor":20.0,"key":"Necronomicon"},{"floor":23.0,"key":"Vajra"},{"floor":25.0,"key":"Red Skull"},{"floor":26.0,"key":"War Paint"},{"floor":27.0,"key":"Bird Faced Urn"},{"floor":29.0,"key":"Paper Frog"},{"floor":41.0,"key":"Art of War"},{"floor":41.0,"key":"Ancient Tea Set"},{"floor":43.0,"key":"PreservedInsect"},{"floor":44.0,"key":"Eternal Feather"},{"floor":44.0,"key":"Mercury Hourglass"},{"floor":54,"key":"Sundial"},{"floor":54,"key":"Lantern"}],"event_choices":[{"damage_healed":0.0,"max_hp_gain":0.0,"max_hp_loss":0.0,"gold_gain":75.0,"event_name":"World of Goop","player_choice":"Gather Gold","floor":4.0,"gold_loss":0.0,"damage_taken":11.0},{"damage_healed":0.0,"max_hp_gain":0.0,"max_hp_loss":0.0,"gold_gain":0.0,"event_name":"Scrap Ooze","player_choice":"Success","floor":10.0,"gold_loss":0.0,"damage_taken":3.0,"relics_obtained":["Anchor"]},{"damage_healed":0.0,"max_hp_gain":0.0,"max_hp_loss":0.0,"gold_gain":0.0,"event_name":"Cursed Tome","player_choice":"Obtained Book","floor":20.0,"gold_loss":0.0,"damage_taken":16.0},{"damage_healed":0.0,"max_hp_gain":0.0,"max_hp_loss":0.0,"gold_gain":0.0,"event_name":"Upgrade Shrine","player_choice":"Upgraded","floor":21.0,"gold_loss":0.0,"damage_taken":0.0,"cards_upgraded":["Rupture"]},{"cards_removed":["Offering"],"damage_healed":0.0,"max_hp_gain":0.0,"max_hp_loss":0.0,"gold_gain":0.0,"event_name":"Falling","player_choice":"Removed Skill","floor":45.0,"gold_loss":0.0,"damage_taken":0.0}],"is_beta":false,"boss_relics":[{"not_picked":["Sozu","Runic Dome"],"picked":"Calling Bell"},{"not_picked":["Empty Cage","Busted Crown"],"picked":"Black Star"}],"items_purged_floors":[30,42],"is_endless":false,"potions_floor_spawned":[2,6,12,16,18,22,25,28,39,47,48,54],"killed_by":"The Heart","ascension_level":5}}