{"host":"avjwtc49fhlk6kym","time":1607986186,"event":{"mods":["AchievementEnabler","BaseMod","Better Match","Better Note","Better Third Choice","Colored Map","Colored Powertips","Displayed Cursed Tome","Highlight Path","Minty Spire (QoL Compilation)","Permanent Neow","Quick Restart","StSLib"],"gold_per_floor":[116,136,136,136,136,136,151,179,203,234,251,251,286,300,300,404,404,417,332,56,56,56,56,56,56,82,108,126,126,137,155,155,257,257,276,294,294,24,24,24,36,36,36,36,36,36,36],"floor_reached":46,"playtime":2122,"items_purged":["Strike_P","Strike_P"],"score":527,"play_id":"12c646e2-a3ba-4993-a93f-f752f0e85d47","local_time":"20201214174946","is_ascension_mode":true,"campfire_choices":[{"data":"Conclude","floor":6.0,"key":"SMITH"},{"floor":15.0,"key":"REST"},{"floor":23.0,"key":"REST"},{"data":"CrushJoints","floor":25.0,"key":"SMITH"},{"floor":29.0,"key":"REST"},{"floor":32.0,"key":"REST"},{"data":"ForeignInfluence","floor":40,"key":"SMITH"},{"floor":42,"key":"REST"},{"data":"Bandage Up","floor":45,"key":"SMITH"}],"circlet_count":0,"master_deck":["Strike_P","Defend_P","Defend_P","Defend_P","Eruption+1","Vigilance","Bandage Up+1","Conclude+1","FlyingSleeves","Protect","ForeignInfluence+1","ThirdEye","CutThroughFate","BowlingBash","Establishment+1","FlurryOfBlows","CrushJoints+1","InnerPeace","Evaluate","Consecrate","BowlingBash+1","Wallop","LessonLearned","CrushJoints","PathToVictory","Protect","FlurryOfBlows"],"relics":["PureWater","Damaru","Sundial","Omamori","HornCleat","Incense Burner","SacredBark","Blue Candle","Strange Spoon","Nilry\u0027s Codex","Vajra","Art of War","Cursed Key","Medical Kit","Akabeko"],"acts_visited":["Exordium","TheCity","TheBeyond"],"potions_floor_usage":[36,41],"damage_taken":[{"damage":1.0,"enemies":"2 Louse","floor":1.0,"turns":3.0},{"damage":0.0,"enemies":"Jaw Worm","floor":2.0,"turns":2.0},{"damage":0.0,"enemies":"Small Slimes","floor":7.0,"turns":2.0},{"damage":31.0,"enemies":"Lagavulin","floor":8.0,"turns":5.0},{"damage":10.0,"enemies":"3 Sentries","floor":10.0,"turns":8.0},{"damage":1.0,"enemies":"Gremlin Gang","floor":11.0,"turns":2.0},{"damage":0.0,"enemies":"Gremlin Nob","floor":13.0,"turns":3.0},{"damage":0.0,"enemies":"Large Slime","floor":14.0,"turns":2.0},{"damage":28.0,"enemies":"Hexaghost","floor":16.0,"turns":10.0},{"damage":3.0,"enemies":"2 Thieves","floor":18.0,"turns":4.0},{"damage":33.0,"enemies":"Book of Stabbing","floor":27.0,"turns":4.0},{"damage":2.0,"enemies":"3 Byrds","floor":28.0,"turns":5.0},{"damage":22.0,"enemies":"Centurion and Healer","floor":30.0,"turns":4.0},{"damage":5.0,"enemies":"Snecko","floor":31.0,"turns":5.0},{"damage":40.0,"enemies":"Champ","floor":33.0,"turns":12.0},{"damage":21,"enemies":"3 Darklings","floor":35,"turns":4},{"damage":5,"enemies":"3 Shapes","floor":36,"turns":6},{"damage":30,"enemies":"Sphere and 2 Shapes","floor":41,"turns":5},{"damage":79,"enemies":"Giant Head","floor":46,"turns":8}],"seed_played":"-8906482757125691464","potions_obtained":[{"floor":2.0,"key":"DistilledChaos"},{"floor":7.0,"key":"Explosive Potion"},{"floor":11.0,"key":"Explosive Potion"},{"floor":13.0,"key":"EssenceOfSteel"},{"floor":18.0,"key":"Strength Potion"},{"floor":28.0,"key":"LiquidBronze"},{"floor":31.0,"key":"Ancient Potion"},{"floor":35,"key":"EssenceOfSteel"},{"floor":36,"key":"SteroidPotion"},{"floor":41,"key":"SkillPotion"}],"is_trial":false,"path_per_floor":["M","M","?","?","?","R","M","E","T","E","M","?","E","M","R","B",null,"M","?","$","?","?","R","?","R","T","E","M","R","M","M","R","B",null,"M","M","?","$","$","R","M","R","T","?","R","E"],"character_chosen":"WATCHER","items_purchased":["Strange Spoon","CrushJoints","Medical Kit","Protect"],"campfire_rested":5,"item_purchase_floors":[20,20,38,38],"current_hp_per_floor":[71,72,72,69,69,69,72,41,41,35,38,38,42,46,67,43,72,72,72,72,59,43,66,66,66,66,37,39,62,40,39,62,30,77,60,59,59,59,59,59,33,56,56,56,56,0,0],"gold":36,"neow_bonus":"RANDOM_COLORLESS","is_daily":false,"chose_seed":false,"campfire_upgraded":4,"win_rate":0.0,"timestamp":1607986186,"path_taken":["M","M","?","?","?","R","M","E","T","E","M","?","E","?","R","BOSS","M","?","$","?","?","R","?","R","T","E","M","R","M","M","R","BOSS","M","M","?","?","$","R","?","R","T","?","R","E"],"items_purchased_type":["Relic","Card","Relic","Card"],"build_version":"2020-12-13","purchased_purges":2,"victory":false,"max_hp_per_floor":[72,72,72,72,72,72,72,72,72,72,72,72,72,72,72,72,72,72,72,72,77,77,77,77,77,77,77,77,77,77,77,77,77,77,77,77,77,77,77,77,77,77,77,77,77,77,77],"card_choices":[{"not_picked":["Forethought","Trip"],"picked":"Bandage Up","floor":0.0},{"not_picked":["Wireheading","FollowUp"],"picked":"Conclude","floor":1.0},{"not_picked":["WreathOfFlame","SashWhip"],"picked":"FlyingSleeves","floor":2.0},{"not_picked":["TalkToTheHand","EmptyBody","Prostrate"],"picked":"SKIP","floor":7.0},{"not_picked":["MentalFortress","FlyingSleeves"],"picked":"Protect","floor":8.0},{"not_picked":["FlurryOfBlows","Perseverance"],"picked":"ForeignInfluence","floor":10.0},{"not_picked":["Vengeance","Vault"],"picked":"ThirdEye","floor":11.0},{"not_picked":["Indignation","Pray"],"picked":"CutThroughFate","floor":13.0},{"not_picked":["JustLucky","ClearTheMind"],"picked":"BowlingBash","floor":14.0},{"not_picked":["DeusExMachina","Omniscience"],"picked":"Establishment","floor":16.0},{"not_picked":["Crescendo","CarveReality"],"picked":"FlurryOfBlows","floor":18.0},{"not_picked":["Protect","BowlingBash"],"picked":"Evaluate","floor":27.0},{"not_picked":["EmptyBody","Halt"],"picked":"Consecrate","floor":28.0},{"not_picked":["Consecrate","Weave"],"picked":"BowlingBash+1","floor":30.0},{"not_picked":["Collect","SashWhip"],"picked":"Wallop","floor":31.0},{"not_picked":["Omniscience","Brilliance"],"picked":"LessonLearned","floor":33.0},{"not_picked":["FlyingSleeves+1","EmptyFist+1"],"picked":"CrushJoints","floor":35},{"not_picked":["ClearTheMind+1","ThirdEye+1"],"picked":"PathToVictory","floor":36},{"not_picked":["ThirdEye","EmptyBody"],"picked":"FlurryOfBlows","floor":41}],"player_experience":501382,"relics_obtained":[{"floor":8.0,"key":"Sundial"},{"floor":9.0,"key":"Omamori"},{"floor":10.0,"key":"HornCleat"},{"floor":13.0,"key":"Incense Burner"},{"floor":26.0,"key":"Vajra"},{"floor":27.0,"key":"Art of War"}],"event_choices":[{"damage_healed":0.0,"max_hp_gain":0.0,"max_hp_loss":0.0,"gold_gain":0.0,"event_name":"Living Wall","player_choice":"Grow","floor":3.0,"gold_loss":0.0,"damage_taken":0.0,"cards_upgraded":["Eruption"]},{"damage_healed":0.0,"max_hp_gain":0.0,"max_hp_loss":0.0,"gold_gain":0.0,"event_name":"betterThird:BetterScrap","player_choice":"Relic ","floor":4.0,"gold_loss":0.0,"damage_taken":3.0,"cards_obtained":["Genetic Algorithm"]},{"damage_healed":0.0,"max_hp_gain":0.0,"max_hp_loss":0.0,"gold_gain":0.0,"event_name":"Golden Idol","player_choice":"Ignored","floor":5.0,"gold_loss":0.0,"damage_taken":0.0},{"cards_removed":["Defend_P"],"damage_healed":0.0,"max_hp_gain":0.0,"max_hp_loss":0.0,"gold_gain":0.0,"event_name":"Bonfire Elementals","player_choice":"Offered Basic","floor":12.0,"gold_loss":0.0,"damage_taken":0.0},{"damage_healed":0.0,"max_hp_gain":0.0,"max_hp_loss":0.0,"gold_gain":0.0,"event_name":"Addict","player_choice":"Obtained Relic","floor":19.0,"gold_loss":85.0,"damage_taken":0.0,"relics_obtained":["Blue Candle"]},{"damage_healed":0.0,"max_hp_gain":5.0,"max_hp_loss":0.0,"gold_gain":0.0,"event_name":"Forgotten Altar","player_choice":"Shed Blood","floor":21.0,"gold_loss":0.0,"damage_taken":18.0},{"damage_healed":0.0,"max_hp_gain":0.0,"max_hp_loss":0.0,"gold_gain":0.0,"event_name":"Cursed Tome","player_choice":"Obtained Book","floor":22.0,"gold_loss":0.0,"damage_taken":16.0},{"damage_healed":0.0,"max_hp_gain":0.0,"max_hp_loss":0.0,"gold_gain":0.0,"cards_transformed":["Strike_P"],"event_name":"Transmorgrifier","player_choice":"Transformed","floor":24.0,"gold_loss":0.0,"damage_taken":0.0,"cards_obtained":["InnerPeace"]},{"damage_healed":0,"gold_gain":0,"player_choice":"Upgraded","damage_taken":0,"max_hp_gain":0,"max_hp_loss":0,"event_name":"Upgrade Shrine","floor":37,"gold_loss":0,"cards_upgraded":["Establishment"]},{"damage_healed":0,"gold_gain":0,"player_choice":"Gave Potion","damage_taken":0,"relics_obtained":["Akabeko"],"max_hp_gain":0,"max_hp_loss":0,"event_name":"WeMeetAgain","floor":44,"gold_loss":0}],"is_beta":false,"boss_relics":[{"not_picked":["Philosopher\u0027s Stone","Coffee Dripper"],"picked":"SacredBark"},{"not_picked":["HolyWater","Fusion Hammer"],"picked":"Cursed Key"}],"items_purged_floors":[20,38],"is_endless":false,"potions_floor_spawned":[2,7,11,13,18,28,31,35,36,41],"killed_by":"Giant Head","ascension_level":2}}