{"host":"gbop6m4qugddaz18","time":1607980656,"event":{"mods":["2.2 Compatiblity","BaseMod","Better Third Choice","Block Reminder","Downfall","GifTheSpireLib","Highlight Path","Minty Spire (QoL Compilation)","Replay The Spire","StSLib"],"gold_per_floor":[99,15,46,31,31,61,73,85,97,109,133,160,182,220,255,375,387,399,454,484,555,567,606,700,712,724,780,819,864,826,178,209,320,320,320,170,170,51,78,105,105,105,105],"floor_reached":42,"playtime":3490,"items_purged":["ReplayTheSpireMod:Splinters"],"score":594,"play_id":"a028e510-b29d-43ae-a1af-eac53181d463","local_time":"20201214161736","is_ascension_mode":false,"campfire_choices":[{"data":"hexamod:Float","floor":1,"key":"SMITH"},{"data":"hexamod:GhostOfSpirePresent","floor":10,"key":"SMITH"},{"data":"hexamod:ThermalTransfer","floor":18,"key":"SMITH"},{"floor":22,"key":"REST"},{"floor":26,"key":"REST"},{"data":"hexamod:ExtraCrispy","floor":35,"key":"SMITH"},{"data":"hexamod:ThermalTransfer","floor":37,"key":"SMITH"}],"circlet_count":0,"master_deck":["hexamod:Strike","hexamod:Strike","hexamod:Strike","hexamod:Defend+1","hexamod:Defend","hexamod:Defend","hexamod:Defend","hexamod:Sear","hexamod:Float+1","hexamod:ThermalTransfer+1","hexamod:GhostOfSpirePresent+1","hexamod:ThermalTransfer+1","hexamod:AdvancingGuard","hexamod:Firestarter+1","hexamod:Firestarter+1","hexamod:AdvancingGuard","hexamod:SecondSeal","hexamod:Hexaguard","hexamod:ExtraCrispy+1","hexamod:FifthSeal","hexamod:SecondSeal","hexamod:Firestarter+1","hexamod:FourthSeal","hexamod:Firestarter+1","hexamod:ThermalTransfer","hexamod:FirstSeal","hexamod:EmpoweredFlame+1","hexamod:BurningTouch+1","hexamod:GhostShield+1","hexamod:GhostShield+1","hexamod:FourthSeal","hexamod:SuperheatedStrike","hexamod:GhostShield","hexamod:HeatMetal","hexamod:SixthSeal","hexamod:FastForward","hexamod:VolcanoVisage","hexamod:VolcanoVisage","hexamod:ThermalTransfer+1","hexamod:ThirdSeal"],"relics":["hexamod:SpiritBrand","ReplayFunnel","Vajra","MawBank","Garlic","Philosopher\u0027s Stone","Mango","Replay:Bottled Eggs","Onion Ring","Oddly Smooth Stone","Replay:Rubber Ducky","Replay:Baseball","Strange Spoon","SacredBark","Molten Egg 2"],"acts_visited":["Exordium","TheCity","TheBeyond"],"potions_floor_usage":[12,16,16,16,23,27,27,27,28,32,33,39,39,42,42],"damage_taken":[{"damage":0,"enemies":"downfall:FleeingMerchant","floor":2,"turns":4},{"damage":23,"enemies":"3 Sentries","floor":3,"turns":10},{"damage":4,"enemies":"downfall:FleeingMerchant","floor":4,"turns":4},{"damage":13,"enemies":"Lagavulin","floor":6,"turns":6},{"damage":0,"enemies":"Cultist","floor":11,"turns":3},{"damage":0,"enemies":"2 Louse","floor":12,"turns":2},{"damage":0,"enemies":"Small Slimes","floor":13,"turns":4},{"damage":1,"enemies":"2 Fungi Beasts","floor":14,"turns":4},{"damage":4,"enemies":"Red Slaver","floor":15,"turns":3},{"damage":10,"enemies":"downfall:Watcher","floor":16,"turns":10},{"damage":53,"enemies":"Book of Stabbing","floor":19,"turns":7},{"damage":23,"enemies":"Spheric Guardian","floor":20,"turns":6},{"damage":5,"enemies":"Shell Parasite","floor":23,"turns":6},{"damage":33,"enemies":"Slavers","floor":27,"turns":6},{"damage":10,"enemies":"Snake Plant","floor":28,"turns":4},{"damage":17,"enemies":"Shelled Parasite and Fungi","floor":29,"turns":7},{"damage":0,"enemies":"downfall:FleeingMerchant","floor":31,"turns":4},{"damage":0,"enemies":"Cultist and Chosen","floor":32,"turns":8},{"damage":22,"enemies":"downfall:Ironclad","floor":33,"turns":9},{"damage":4,"enemies":"downfall:FleeingMerchant","floor":38,"turns":4},{"damage":5,"enemies":"3 Darklings","floor":39,"turns":8},{"damage":5,"enemies":"Orb Walker","floor":40,"turns":4},{"damage":145,"enemies":"Giant Head","floor":42,"turns":11}],"seed_played":"-1547563455507988892","potions_obtained":[{"floor":6,"key":"Energy Potion"},{"floor":9,"key":"Reflective Coating"},{"floor":9,"key":"BlessingOfTheForge"},{"floor":11,"key":"Explosive Potion"},{"floor":12,"key":"Doom Potion"},{"floor":20,"key":"SpeedPotion"},{"floor":21,"key":"LiquidBronze"},{"floor":23,"key":"PowerPotion"},{"floor":23,"key":"DistilledChaos"},{"floor":25,"key":"CultistPotion"},{"floor":27,"key":"Languid Potion"},{"floor":29,"key":"Fire Potion"},{"floor":29,"key":"SpeedPotion"},{"floor":32,"key":"Ancient Potion"},{"floor":32,"key":"Energy Potion"},{"floor":33,"key":"Weak Potion"},{"floor":33,"key":"hexamod:InfernoChargePotion"},{"floor":38,"key":"AttackPotion"},{"floor":39,"key":"Regen Potion"},{"floor":39,"key":"SpeedPotion"}],"is_trial":false,"path_per_floor":["R","$","E","$","?","E","T","?","?","R","M","M","M","M","M","B",null,"R","E","M","?","R","M","T","?","R","E","M","M","?","$","M","B",null,"R","?","R","$","M","M","T","E"],"character_chosen":"THE_SPIRIT","items_purchased":["hexamod:GhostOfSpirePresent","Replay:Rubber Ducky","Replay:Baseball","Strange Spoon","hexamod:SuperheatedStrike","hexamod:GhostShield","hexamod:VolcanoVisage"],"campfire_rested":2,"item_purchase_floors":[2,31,31,31,31,31,38],"current_hp_per_floor":[70,70,47,43,66,53,53,53,53,53,53,53,53,52,48,38,70,70,31,8,8,33,28,28,28,53,27,24,14,45,52,59,44,84,84,94,94,90,92,87,87,0,0],"gold":105,"neow_bonus":"RANDOM_COMMON_RELIC","is_daily":false,"chose_seed":false,"campfire_upgraded":5,"win_rate":0.0,"timestamp":1607980656,"path_taken":["R","?","E","$","?","E","T","?","?","R","M","?","M","M","M","BOSS","R","E","M","?","R","M","T","?","R","E","M","M","?","?","M","BOSS","R","?","R","?","M","M","T","E"],"items_purchased_type":["Card","Relic","Relic","Relic","Card","Card","Card"],"build_version":"2020-12-13","purchased_purges":1,"victory":false,"max_hp_per_floor":[70,70,70,70,70,70,70,70,70,70,70,70,70,70,70,70,70,70,84,84,84,84,84,84,84,84,84,84,84,84,84,84,84,84,84,94,94,94,94,94,94,94,94],"card_choices":[{"not_picked":["hexamod:PowerFromBeyond","hexamod:BurningTouch"],"picked":"hexamod:ThermalTransfer","floor":2},{"not_picked":["hexamod:PhantomFireball","hexamod:BurningTouch"],"picked":"hexamod:ThermalTransfer","floor":3},{"not_picked":["hexamod:HeatShield","hexamod:ShieldOfDarkness"],"picked":"hexamod:AdvancingGuard","floor":4},{"not_picked":["hexamod:RadiantFlame","hexamod:HauntingEcho"],"picked":"hexamod:Firestarter","floor":6},{"not_picked":["hexamod:SuperheatedStrike","hexamod:PhantomCloak"],"picked":"hexamod:Firestarter","floor":11},{"not_picked":["hexamod:BurningTouch","hexamod:SuperheatedStrike"],"picked":"hexamod:AdvancingGuard","floor":12},{"not_picked":["hexamod:GhostOfSpirePast","hexamod:PhantomFireball"],"picked":"hexamod:SecondSeal","floor":13},{"not_picked":["hexamod:NightmareStrike","hexamod:NecessarySacrifice"],"picked":"hexamod:Hexaguard","floor":14},{"not_picked":["hexamod:HauntingEcho","hexamod:NecessarySacrifice"],"picked":"hexamod:ExtraCrispy","floor":15},{"not_picked":["hexamod:UnlimitedPower","hexamod:ParanormalForm"],"picked":"hexamod:FifthSeal","floor":16},{"not_picked":["hexamod:FifthSeal","hexamod:ThirdSeal"],"picked":"hexamod:SecondSeal","floor":19},{"not_picked":["hexamod:SuperheatedStrike+1","hexamod:ShieldOfDarkness+1"],"picked":"hexamod:Firestarter","floor":19},{"not_picked":["hexamod:FifthSeal","hexamod:SixthSeal"],"picked":"hexamod:FourthSeal","floor":20},{"not_picked":["hexamod:DynamicBlow","hexamod:BacktrackSmack+1"],"picked":"hexamod:Firestarter","floor":20},{"not_picked":["hexamod:TimeWarp","hexamod:SpectralSpark"],"picked":"hexamod:ThermalTransfer","floor":21},{"not_picked":["hexamod:SixthSeal","hexamod:SecondSeal"],"picked":"hexamod:FirstSeal","floor":23},{"not_picked":["hexamod:HeatShield","hexamod:ThirdSeal"],"picked":"hexamod:EmpoweredFlame+1","floor":23},{"not_picked":["hexamod:FirstSeal","hexamod:WildfireWeapon"],"picked":"hexamod:BurningTouch+1","floor":27},{"not_picked":["hexamod:PhantomCloak","hexamod:BurningTouch"],"picked":"hexamod:GhostShield+1","floor":28},{"not_picked":["hexamod:GhostLash","hexamod:BacktrackSmack+1"],"picked":"hexamod:GhostShield","floor":29},{"not_picked":["hexamod:UnleashSpirits","hexamod:NightmareStrike"],"picked":"hexamod:FourthSeal","floor":31},{"not_picked":["hexamod:SwordOfDarkness","hexamod:Hexaguard"],"picked":"hexamod:HeatMetal","floor":32},{"not_picked":["hexamod:Toasty","hexamod:TimeOfNeed"],"picked":"hexamod:SixthSeal","floor":33},{"not_picked":["hexamod:UnlimitedPower","hexamod:RainOfEmbers+1"],"picked":"hexamod:FastForward","floor":38},{"not_picked":["hexamod:GhostOfSpireFuture+1","hexamod:ShieldOfDarkness+1"],"picked":"hexamod:ThermalTransfer+1","floor":39},{"not_picked":["hexamod:SpectersWail","hexamod:NightmareStrike+1"],"picked":"hexamod:ThirdSeal","floor":40}],"player_experience":410635,"relics_obtained":[{"floor":3,"key":"Vajra"},{"floor":6,"key":"MawBank"},{"floor":7,"key":"Garlic"},{"floor":19,"key":"Mango"},{"floor":21,"key":"Replay:Bottled Eggs"},{"floor":24,"key":"Onion Ring"},{"floor":27,"key":"Oddly Smooth Stone"},{"floor":41,"key":"Molten Egg 2"}],"event_choices":[{"damage_healed":23,"gold_gain":0,"player_choice":"Banana","damage_taken":0,"max_hp_gain":0,"max_hp_loss":0,"event_name":"Big Fish","floor":5,"gold_loss":0},{"damage_healed":0,"gold_gain":0,"player_choice":"Got Potions","damage_taken":0,"max_hp_gain":0,"max_hp_loss":0,"event_name":"Lab","floor":9,"gold_loss":0}],"is_beta":false,"boss_relics":[{"not_picked":["Empty Cage","Tiny House"],"picked":"Philosopher\u0027s Stone"},{"not_picked":["Coffee Dripper","Replay:Drink Me"],"picked":"SacredBark"}],"items_purged_floors":[31],"is_endless":false,"potions_floor_spawned":[6,11,12,15,20,23,29,32,39],"killed_by":"Giant Head","ascension_level":0}}