{"host":"zekcc3vicrep0och","time":1607951275,"event":{"mods":["AchievementEnabler","BaseMod","Colored Map","Colored Powertips","Displayed Cursed Tome","Minty Spire (QoL Compilation)","Relic Stats","StSLib"],"gold_per_floor":[363,379,391,391,54,70,95,110,165,201,213,259,271,283,295,405,417,454,489,501,513,513],"floor_reached":21,"playtime":810,"items_purged":["Decay"],"score":352,"play_id":"2569bd38-80c8-43f8-b055-ccd64215a7f7","local_time":"20201214160755","is_ascension_mode":true,"campfire_choices":[{"data":"Fire Breathing","floor":11.0,"key":"SMITH"},{"floor":13.0,"key":"REST"},{"data":"Uppercut","floor":15.0,"key":"SMITH"}],"circlet_count":0,"master_deck":["AscendersBane","Strike_R","Strike_R","Strike_R","Strike_R","Strike_R","Defend_R","Defend_R","Defend_R","Defend_R","Bash","Sword Boomerang","Fire Breathing+1","Uppercut+1","Cleave","Headbutt","True Grit","Shrug It Off","Feed","Impervious","Metallicize+1","Battle Trance"],"relics":["Burning Blood","Golden Idol","Oddly Smooth Stone","Happy Flower","MawBank","Pantograph","Black Star"],"acts_visited":["Exordium","TheCity"],"potions_floor_usage":[],"damage_taken":[{"damage":14.0,"enemies":"Small Slimes","floor":1.0,"turns":5.0},{"damage":13.0,"enemies":"Jaw Worm","floor":2.0,"turns":4.0},{"damage":12.0,"enemies":"2 Louse","floor":3.0,"turns":3.0},{"damage":3.0,"enemies":"Blue Slaver","floor":6.0,"turns":4.0},{"damage":15.0,"enemies":"3 Louse","floor":7.0,"turns":3.0},{"damage":17.0,"enemies":"2 Fungi Beasts","floor":8.0,"turns":3.0},{"damage":12.0,"enemies":"Gremlin Nob","floor":10.0,"turns":4.0},{"damage":15.0,"enemies":"3 Sentries","floor":12.0,"turns":5.0},{"damage":0.0,"enemies":"Lagavulin","floor":14.0,"turns":1.0},{"damage":48.0,"enemies":"Hexaghost","floor":16.0,"turns":11.0},{"damage":3.0,"enemies":"Chosen","floor":18.0,"turns":5.0},{"damage":18.0,"enemies":"Shell Parasite","floor":19.0,"turns":6.0},{"damage":57,"enemies":"3 Cultists","floor":21,"turns":5}],"seed_played":"2392498769709019758","potions_obtained":[{"floor":3.0,"key":"SkillPotion"},{"floor":7.0,"key":"HeartOfIron"},{"floor":12.0,"key":"SmokeBomb"},{"floor":16.0,"key":"PowerPotion"}],"is_trial":false,"path_per_floor":["M","M","M","?","$","M","M","M","T","E","R","E","R","E","R","B",null,"M","M","?","M"],"character_chosen":"IRONCLAD","items_purchased":["Oddly Smooth Stone","Fire Breathing","Uppercut"],"campfire_rested":1,"item_purchase_floors":[5,5,5],"current_hp_per_floor":[60,53,47,47,47,50,41,30,30,24,24,15,35,41,41,24,57,60,48,48,0,0],"gold":513,"neow_bonus":"TWO_FIFTY_GOLD","is_daily":false,"chose_seed":false,"campfire_upgraded":2,"win_rate":0.0,"timestamp":1607951275,"path_taken":["M","M","M","?","$","M","M","M","T","E","R","E","R","E","R","BOSS","M","M","?","M"],"items_purchased_type":["Relic","Card","Card"],"build_version":"2020-12-13","purchased_purges":1,"victory":false,"max_hp_per_floor":[75,75,75,68,68,68,68,68,68,68,68,68,68,68,68,68,68,68,68,68,68,68],"relic_stats":{"Happy Flower":[12],"counters":[13,59],"Golden Idol":61,"Pantograph":25,"Black Star":0,"MawBank":132,"obtain_stats":[{"Happy Flower":9,"Golden Idol":4,"Pantograph":12,"Oddly Smooth Stone":5,"Black Star":17,"MawBank":10,"Burning Blood":0},{"Happy Flower":6,"Golden Idol":3,"Pantograph":8,"Oddly Smooth Stone":3,"Black Star":10,"MawBank":7,"Burning Blood":0},{"Happy Flower":22,"Golden Idol":12,"Pantograph":31,"Oddly Smooth Stone":12,"Black Star":43,"MawBank":26,"Burning Blood":0}],"Burning Blood":72},"card_choices":[{"not_picked":["Perfected Strike","Sentinel","Iron Wave"],"picked":"SKIP","floor":1.0},{"not_picked":["Evolve","Dual Wield","Sever Soul"],"picked":"SKIP","floor":2.0},{"not_picked":["Searing Blow","Body Slam"],"picked":"Sword Boomerang","floor":3.0},{"not_picked":["Perfected Strike","Bludgeon"],"picked":"Cleave","floor":6.0},{"not_picked":["Intimidate","Flex"],"picked":"Headbutt","floor":7.0},{"not_picked":["Blood for Blood","Flex"],"picked":"True Grit","floor":8.0},{"not_picked":["Pummel","Cleave"],"picked":"Shrug It Off","floor":10.0},{"not_picked":["Clothesline","Heavy Blade"],"picked":"Feed","floor":12.0},{"not_picked":["Feed","Exhume"],"picked":"Impervious","floor":16.0},{"not_picked":["Evolve+1","Twin Strike+1"],"picked":"Metallicize+1","floor":18.0},{"not_picked":["Dark Embrace","Iron Wave","Searing Blow+1"],"picked":"SKIP","floor":19.0}],"player_experience":403761,"relics_obtained":[{"floor":9.0,"key":"Happy Flower"},{"floor":10.0,"key":"MawBank"},{"floor":12.0,"key":"Pantograph"}],"event_choices":[{"damage_healed":0.0,"max_hp_gain":0.0,"max_hp_loss":7.0,"gold_gain":0.0,"event_name":"Golden Idol","player_choice":"Lose Max HP","floor":4.0,"gold_loss":0.0,"damage_taken":0.0,"relics_obtained":["Golden Idol"]},{"damage_healed":0.0,"max_hp_gain":0.0,"max_hp_loss":0.0,"gold_gain":0.0,"event_name":"The Library","player_choice":"Read","floor":20.0,"gold_loss":0.0,"damage_taken":0.0,"cards_obtained":["Battle Trance"]}],"is_beta":false,"boss_relics":[{"not_picked":["Runic Pyramid","Sozu"],"picked":"Black Star"}],"items_purged_floors":[5],"is_endless":false,"potions_floor_spawned":[3,7,12,14,16],"killed_by":"3 Cultists","ascension_level":15}}