{"host":"6p0attdrtjqaih7v","time":1607979706,"event":{"mods":["2.2 Compatiblity","AchievementEnabler","Bard","BaseMod","Better Skull","Better Third Choice","Colored Powertips","Hermit","Highlight Path","Jorbs\u0027s Wanderer Trilogy","Key Reminder","Minty Spire (QoL Compilation)","Permanent Neow","Quick Restart","Random Character Button","Relic Stats","Replay The Spire","StSLib","The Construct"],"gold_per_floor":[115,135,92,144,156,186,205,241,241,288,288,329,329,350,350,433,433,465,10,10,36,64,64,91,137,207,228,128,128,168,184,184,266,266,285,285,314,314,335,367,367,367,367,385,385,454,454,482,482,491,491,491,59,92,101],"floor_reached":56,"playtime":3336,"items_purged":["construct:AttackMode","construct:Boost","construct:Strike_Gold"],"score":2083,"play_id":"7c0d6108-cfbd-49d0-a165-93d3d42c6533","local_time":"20201214160146","is_ascension_mode":true,"campfire_choices":[{"data":"construct:GuardCore","floor":11,"key":"SMITH"},{"data":"construct:GuardCore+1","floor":13,"key":"SMITH"},{"data":"construct:ReactiveShield","floor":15,"key":"SMITH"},{"data":"construct:ReactiveShield+1","floor":23,"key":"SMITH"},{"data":"construct:DefenseMode","floor":32,"key":"SMITH"},{"data":"construct:GuardCore","floor":42,"key":"SMITH"},{"data":"construct:GuardCore+1","floor":45,"key":"SMITH"},{"data":"construct:BatteryCore","floor":47,"key":"SMITH"},{"floor":49,"key":"RECALL"},{"data":"construct:BatteryCore+1","floor":52,"key":"SMITH"}],"circlet_count":0,"master_deck":["AscendersBane","construct:Strike_Gold+1","construct:Strike_Gold","construct:Strike_Gold+2","construct:Defend_Gold+1","construct:Defend_Gold","construct:Defend_Gold","construct:Defend_Gold","construct:Defend_Gold","construct:DefenseMode+1","construct:GuardCore+2","construct:ReactiveShield+2","construct:Electrocute","construct:SuppressiveFire","construct:LongRangeLance+1","construct:HeavyBolt+1","construct:OneWayMirror+1","construct:ShieldGenerator+2","construct:GuardCore+2","construct:SpinDrive+2","construct:GuardCore+2","construct:BatteryCore+2","Specialist+1"],"relics":["construct:ClockworkPhoenix","PreservedInsect","Replay:Rubber Ducky","Replay:Bandana","Replay:Accelerometer","Onion Ring","Frozen Egg 2","Snecko Eye","Bird Faced Urn","Omamori","War Paint","Cursed Key","Pet Ghost","Molten Egg 2","construct:RocketBooster","Guide Book","construct:MegaBattery","construct:LongRangeLance"],"acts_visited":["Exordium","TheCity","TheBeyond","TheEnding"],"potions_floor_usage":[6,8,10,21,30,37,39,40,54,55],"damage_taken":[{"damage":7,"enemies":"Small Slimes","floor":1,"turns":3},{"damage":0,"enemies":"2 Louse","floor":2,"turns":3},{"damage":0,"enemies":"Cultist","floor":5,"turns":4},{"damage":6,"enemies":"Replay:BlueRogue","floor":6,"turns":8},{"damage":7,"enemies":"3 Louse","floor":7,"turns":4},{"damage":6,"enemies":"Gremlin Nob","floor":8,"turns":4},{"damage":3,"enemies":"3 Sentries","floor":10,"turns":11},{"damage":15,"enemies":"Gremlin Gang","floor":12,"turns":5},{"damage":4,"enemies":"Looter","floor":14,"turns":4},{"damage":25,"enemies":"The Guardian","floor":16,"turns":9},{"damage":14,"enemies":"2 Thieves","floor":18,"turns":4},{"damage":0,"enemies":"Chosen","floor":21,"turns":3},{"damage":0,"enemies":"Centurion and Healer","floor":22,"turns":4},{"damage":11,"enemies":"Cultist and Chosen","floor":24,"turns":5},{"damage":0,"enemies":"Gremlin Leader","floor":25,"turns":5},{"damage":0,"enemies":"Sentry and Sphere","floor":27,"turns":4},{"damage":0,"enemies":"Book of Stabbing","floor":30,"turns":4},{"damage":19,"enemies":"Snake Plant","floor":31,"turns":3},{"damage":9,"enemies":"Champ","floor":33,"turns":8},{"damage":0,"enemies":"Orb Walker","floor":35,"turns":3},{"damage":0,"enemies":"3 Darklings","floor":37,"turns":3},{"damage":25,"enemies":"Writhing Mass","floor":39,"turns":5},{"damage":9,"enemies":"Nemesis","floor":40,"turns":5},{"damage":0,"enemies":"Jaw Worm Horde","floor":44,"turns":4},{"damage":1,"enemies":"2 Orb Walkers","floor":46,"turns":3},{"damage":0,"enemies":"Transient","floor":48,"turns":6},{"damage":30,"enemies":"Awakened One","floor":50,"turns":9},{"damage":11,"enemies":"Shield and Spear","floor":54,"turns":4},{"damage":55,"enemies":"The Heart","floor":55,"turns":7}],"seed_played":"-3165181198621550058","potions_obtained":[{"floor":1,"key":"construct:ShiftPotion"},{"floor":4,"key":"Block Potion"},{"floor":4,"key":"Regen Potion"},{"floor":7,"key":"FairyPotion"},{"floor":8,"key":"Block Potion"},{"floor":16,"key":"Toxic Potion"},{"floor":18,"key":"Adrenaline Potion"},{"floor":21,"key":"Languid Potion"},{"floor":30,"key":"Fire Potion"},{"floor":39,"key":"SpeedPotion"},{"floor":48,"key":"Weak Potion"}],"is_trial":false,"path_per_floor":["M","M","$","?","M","E","M","E","T","E","R","M","R","M","R","B",null,"M","$","?","M","M","R","M","E","T","M","$","?","E","M","R","B",null,"M","?","M","?","M","E","?","R","T","M","R","?","R","M","R","B",null,"R","$","E","B",null],"character_chosen":"THE_CONSTRUCT_MOD","items_purchased":["construct:Electrocute","construct:OneWayMirror","Bird Faced Urn","Swift Potion","Reflective Coating","Guide Book"],"campfire_rested":0,"item_purchase_floors":[3,19,19,53,53,53],"current_hp_per_floor":[65,65,65,39,39,48,41,35,35,32,32,17,17,13,13,24,66,52,52,52,56,62,62,55,61,61,65,65,65,69,52,52,49,72,78,80,80,80,61,60,60,60,60,70,70,77,77,80,80,58,75,75,75,73,26],"gold":101,"neow_bonus":"RANDOM_COMMON_RELIC","is_daily":false,"chose_seed":false,"campfire_upgraded":9,"win_rate":0.0,"timestamp":1607979706,"path_taken":["M","M","$","?","?","E","M","E","T","E","R","M","R","M","R","BOSS","M","$","?","M","?","R","M","E","T","M","$","?","E","?","R","BOSS","M","?","?","?","?","E","?","R","T","M","R","?","R","M","R","BOSS","R","$","E","BOSS"],"items_purchased_type":["Card","Card","Relic","Potion","Potion","Relic"],"build_version":"2020-12-13","purchased_purges":3,"victory":true,"max_hp_per_floor":[80,80,80,80,80,80,80,80,80,80,80,80,80,80,80,80,80,80,80,80,80,80,80,80,80,80,80,80,80,80,80,80,80,80,80,80,80,80,80,80,80,80,80,80,80,80,80,80,80,80,80,80,80,80,80],"relic_stats":{"counters":[29,140],"Bird Faced Urn":[102],"Snecko Eye":[301,336,312,318],"PreservedInsect":297,"War Paint":["construct:Defend_Gold","construct:OneWayMirror"],"Cursed Key":1,"obtain_stats":[{"Replay:Accelerometer":8,"construct:RocketBooster":46,"Guide Book":53,"PreservedInsect":0,"Omamori":25,"construct:LongRangeLance":18,"construct:ClockworkPhoenix":0,"Frozen Egg 2":10,"War Paint":30,"Cursed Key":34,"Pet Ghost":40,"Replay:Rubber Ducky":4,"keyreminder:keyreminder":26,"Replay:Bandana":6,"Bird Faced Urn":19,"Snecko Eye":17,"Onion Ring":9,"Molten Egg 2":43,"construct:MegaBattery":54},{"Replay:Accelerometer":6,"construct:RocketBooster":25,"Guide Book":27,"PreservedInsect":0,"Omamori":15,"construct:LongRangeLance":11,"construct:ClockworkPhoenix":0,"Frozen Egg 2":7,"War Paint":17,"Cursed Key":19,"Pet Ghost":23,"Replay:Rubber Ducky":2,"keyreminder:keyreminder":15,"Replay:Bandana":4,"Bird Faced Urn":11,"Snecko Eye":10,"Onion Ring":6,"Molten Egg 2":23,"construct:MegaBattery":28},{"Replay:Accelerometer":26,"construct:RocketBooster":116,"Guide Book":130,"PreservedInsect":0,"Omamori":75,"construct:LongRangeLance":58,"construct:ClockworkPhoenix":0,"Frozen Egg 2":37,"War Paint":83,"Cursed Key":93,"Pet Ghost":109,"Replay:Rubber Ducky":6,"keyreminder:keyreminder":75,"Replay:Bandana":18,"Bird Faced Urn":58,"Snecko Eye":54,"Onion Ring":26,"Molten Egg 2":109,"construct:MegaBattery":134}]},"card_choices":[{"not_picked":["construct:ModeShift","construct:Isolate"],"picked":"construct:GuardCore","floor":1},{"not_picked":["construct:ForceCore","construct:ScrapCannon"],"picked":"construct:ReactiveShield","floor":2},{"not_picked":["construct:Reinforce","construct:FlammableFog","construct:Versatility"],"picked":"SKIP","floor":5},{"not_picked":["construct:FocusedBeam","construct:Electrocute","construct:FlameCore"],"picked":"SKIP","floor":6},{"not_picked":["construct:Analyze","construct:FierceBash"],"picked":"construct:Boost","floor":7},{"not_picked":["construct:Overcharge","construct:Backfire"],"picked":"construct:SuppressiveFire","floor":8},{"not_picked":["construct:HastyRepair","construct:Versatility","construct:Backfire"],"picked":"SKIP","floor":10},{"not_picked":["construct:FlakBarrage","construct:Impenetrable","construct:HeavyBolt"],"picked":"SKIP","floor":12},{"not_picked":["construct:Forcefield","construct:ElectricArmor","construct:CriticalHit"],"picked":"SKIP","floor":14},{"not_picked":["construct:MemoryTap","construct:DarkFlames"],"picked":"construct:LongRangeLance+1","floor":16},{"not_picked":["construct:PhosphorStorm","construct:ForceCore"],"picked":"construct:HeavyBolt+1","floor":18},{"not_picked":["construct:ShiftStrike","construct:VentSteam"],"picked":"construct:ShieldGenerator+1","floor":21},{"not_picked":["construct:SweepLaser","construct:Forcefield","construct:Accumulate"],"picked":"SKIP","floor":22},{"not_picked":["construct:SweepLaser","construct:Forcefield+1","construct:FocusedBeam"],"picked":"SKIP","floor":24},{"not_picked":["construct:Multistage","construct:ShiftStrike+1","construct:Antimatter"],"picked":"SKIP","floor":25},{"not_picked":["construct:HeavyBolt","construct:UnbalancingBlast","construct:NuclearCore"],"picked":"SKIP","floor":27},{"not_picked":["construct:Forcefield","construct:CreateCores","construct:ShieldGenerator+1"],"picked":"SKIP","floor":30},{"not_picked":["construct:CreateCores","construct:BlazingSpeed+1","construct:CriticalHit"],"picked":"SKIP","floor":31},{"not_picked":["construct:LongRangeLance+1","construct:ShiftingStance+1"],"picked":"construct:SpinDrive+1","floor":33},{"not_picked":["construct:Forcefield","construct:PhosphorStorm","construct:ScopeCore"],"picked":"SKIP","floor":35},{"not_picked":["construct:Backfire+1","construct:FocusedBeam","construct:OmegaCannon"],"picked":"SKIP","floor":37},{"not_picked":["construct:CripplingShot","construct:ScrapCannon+1"],"picked":"construct:GuardCore","floor":39},{"not_picked":["construct:ScrapCannon","construct:FocusedBeam+1"],"picked":"construct:BatteryCore","floor":40},{"not_picked":["ReplayTheSpireMod:Private Reserves","The Bomb"],"picked":"Specialist+1","floor":41},{"not_picked":["construct:QuickAttack+1","construct:LaserCore","construct:SyphonStrike+1"],"picked":"SKIP","floor":44},{"not_picked":["construct:Forcefield+1","construct:ClusterMines+1","construct:ScrapCannon+1"],"picked":"SKIP","floor":48},{"not_picked":["construct:Backup+1","construct:ScrapCannon+1","construct:Versatility+1"],"picked":"SKIP","floor":54}],"player_experience":837423,"relics_obtained":[{"floor":4,"key":"Replay:Rubber Ducky"},{"floor":6,"key":"Replay:Bandana"},{"floor":8,"key":"Replay:Accelerometer"},{"floor":9,"key":"Onion Ring"},{"floor":10,"key":"Frozen Egg 2"},{"floor":25,"key":"Omamori"},{"floor":30,"key":"War Paint"},{"floor":40,"key":"Pet Ghost"},{"floor":43,"key":"Molten Egg 2"},{"floor":46,"key":"construct:RocketBooster"},{"floor":54,"key":"construct:MegaBattery"}],"event_choices":[{"cards_removed":["construct:Strike_Gold"],"damage_healed":0,"gold_gain":0,"player_choice":"Offered Basic","damage_taken":0,"max_hp_gain":0,"max_hp_loss":0,"event_name":"Bonfire Elementals","floor":20,"gold_loss":0},{"damage_healed":0,"gold_gain":0,"player_choice":"Copied","damage_taken":0,"max_hp_gain":0,"max_hp_loss":0,"event_name":"Duplicator","floor":29,"gold_loss":0,"cards_obtained":["construct:GuardCore"]},{"damage_healed":2,"gold_gain":0,"player_choice":"Full Heal","damage_taken":0,"max_hp_gain":0,"max_hp_loss":0,"event_name":"Wheel of Change","floor":36,"gold_loss":0},{"damage_healed":0,"gold_gain":0,"player_choice":"Random: Orange","damage_taken":0,"max_hp_gain":0,"max_hp_loss":0,"event_name":"betterThird:BetterPortal","floor":38,"gold_loss":0},{"damage_healed":0,"gold_gain":0,"player_choice":"0 cards matched","damage_taken":0,"max_hp_gain":0,"max_hp_loss":0,"event_name":"Match and Keep!","floor":38,"gold_loss":0,"cards_obtained":[]},{"damage_healed":0,"gold_gain":0,"player_choice":"Memory 1","damage_taken":0,"max_hp_gain":0,"max_hp_loss":0,"event_name":"SensoryStone","floor":41,"gold_loss":0},{"damage_healed":0,"gold_gain":0,"player_choice":"Fight","damage_taken":0,"max_hp_gain":0,"max_hp_loss":0,"event_name":"Mysterious Sphere","floor":46,"gold_loss":0}],"is_beta":false,"boss_relics":[{"not_picked":["Replay:Wanted Poster","Philosopher\u0027s Stone"],"picked":"Snecko Eye"},{"not_picked":["SlaversCollar","construct:ClawGrip"],"picked":"Cursed Key"}],"items_purged_floors":[19,28,53],"is_endless":false,"potions_floor_spawned":[1,5,7,8,16,18,21,27,30,35,39,48],"ascension_level":17}}