{"host":"m4a4k3ia027windw","time":1607986053,"event":{"mods":["2.2 Compatiblity","AchievementEnabler","BaseMod","Colored Map","DeckTracker","Highlight Path","Minty Spire (QoL Compilation)","Random Character Button","Rare Cards Sparkle"],"gold_per_floor":[115,115,127,138,138,138,167,187,187,202,202,202],"floor_reached":11,"playtime":515,"items_purged":[],"score":150,"play_id":"c72a4579-fe9f-4710-9519-e6bf6f57783f","local_time":"20201214234733","is_ascension_mode":true,"campfire_choices":[{"data":"Heavy Blade","floor":6.0,"key":"SMITH"}],"circlet_count":0,"master_deck":["AscendersBane","Strike_R","Strike_R","Strike_R","Strike_R","Strike_R","Defend_R","Defend_R+1","Defend_R+1","Defend_R","Bash","Heavy Blade+1","Spot Weakness","Battle Trance","Flash of Steel","True Grit","Armaments","Dropkick"],"relics":["Burning Blood","Art of War","Kunai"],"acts_visited":["Exordium"],"potions_floor_usage":[7,7,8,11],"damage_taken":[{"damage":13.0,"enemies":"2 Louse","floor":1.0,"turns":5.0},{"damage":6.0,"enemies":"Jaw Worm","floor":3.0,"turns":4.0},{"damage":9.0,"enemies":"Cultist","floor":4.0,"turns":4.0},{"damage":15,"enemies":"Lagavulin","floor":7,"turns":6},{"damage":12,"enemies":"Exordium Thugs","floor":8,"turns":4},{"damage":12,"enemies":"2 Fungi Beasts","floor":10,"turns":4},{"damage":44,"enemies":"Gremlin Nob","floor":11,"turns":3}],"seed_played":"2425278128741904258","potions_obtained":[{"floor":1.0,"key":"EssenceOfSteel"},{"floor":3.0,"key":"Weak Potion"},{"floor":7,"key":"DuplicationPotion"},{"floor":8,"key":"ColorlessPotion"}],"is_trial":false,"path_per_floor":["M","?","M","M","?","R","E","M","T","M","E"],"character_chosen":"IRONCLAD","items_purchased":[],"campfire_rested":0,"item_purchase_floors":[],"current_hp_per_floor":[61,38,38,35,35,35,26,20,20,14,0,0],"gold":202,"neow_bonus":"RANDOM_COLORLESS","is_daily":false,"chose_seed":false,"campfire_upgraded":1,"win_rate":0.0,"timestamp":1607986053,"path_taken":["M","?","M","M","?","R","E","M","T","?","E"],"items_purchased_type":[],"build_version":"2020-12-13","purchased_purges":0,"victory":false,"max_hp_per_floor":[75,75,75,75,75,75,75,75,75,75,75,75],"card_choices":[{"not_picked":["Impatience","Dark Shackles"],"picked":"Enlightenment","floor":0.0},{"not_picked":["Rupture","Shrug It Off"],"picked":"Heavy Blade","floor":1.0},{"not_picked":["Armaments","Searing Blow"],"picked":"Spot Weakness","floor":3.0},{"not_picked":["Thunderclap","Feel No Pain"],"picked":"Battle Trance","floor":4.0},{"not_picked":["Combust","Body Slam"],"picked":"True Grit","floor":7},{"not_picked":["Body Slam","Perfected Strike"],"picked":"Armaments","floor":8},{"not_picked":["Dark Embrace","Fiend Fire"],"picked":"Dropkick","floor":10}],"player_experience":468096,"relics_obtained":[{"floor":7,"key":"Art of War"},{"floor":9,"key":"Kunai"}],"event_choices":[{"damage_healed":0.0,"max_hp_gain":0.0,"max_hp_loss":0.0,"gold_gain":0.0,"event_name":"Shining Light","player_choice":"Entered Light","floor":2.0,"gold_loss":0.0,"damage_taken":23.0,"cards_upgraded":["Defend_R","Defend_R"]},{"damage_healed":0.0,"max_hp_gain":0.0,"max_hp_loss":0.0,"gold_gain":0.0,"cards_transformed":["Enlightenment"],"event_name":"Transmorgrifier","player_choice":"Transformed","floor":5.0,"gold_loss":0.0,"damage_taken":0.0,"cards_obtained":["Flash of Steel"]}],"is_beta":false,"boss_relics":[],"items_purged_floors":[],"is_endless":false,"potions_floor_spawned":[1,3,7,8],"killed_by":"Gremlin Nob","ascension_level":20}}