{"host":"Fredi","time":1607930868,"event":{"mods":["AchievementEnabler","Act Like it!","BaseMod","Better Altar","Better Match","Better Note","Better Sensory Stone","Better Skull","Better Third Choice","Block Reminder","Colored Map","Colored Powertips","Custom Start","Downfall","Gensokyo","Hermit","Highlight Path","Mimic Mod","Minty Spire (QoL Compilation)","Permanent Neow","Quick Restart","Rare Cards Sparkle","Relic Stats","Shop Mod","StSLib","The Cursed","The Runesmith","Transform Curses","Wandering Minibosses","everything is the same but u backflip on backflip"],"gold_per_floor":[118,118,130,148,148,175,175,190,225,235,235,235,235],"floor_reached":12,"playtime":1375,"items_purged":[],"score":84,"play_id":"68a82aed-30b2-4fd9-a3e8-9fa316464bed","local_time":"20201213232748","is_ascension_mode":true,"campfire_choices":[],"circlet_count":0,"master_deck":["Strike_R","Strike_R","Strike_R","Strike_R","Defend_R","Defend_R","Defend_R","Bash","Mayhem","Flame Barrier","Clothesline+1","Metallicize"],"relics":["Burning Blood","Bottled Flame"],"acts_visited":["Exordium"],"potions_floor_usage":[6,8],"damage_taken":[{"damage":7,"enemies":"2 Louse","floor":1,"turns":4},{"damage":1,"enemies":"Cultist","floor":3,"turns":5},{"damage":0,"enemies":"Small Slimes","floor":4,"turns":4},{"damage":20,"enemies":"Gremlin Nob","floor":6,"turns":6},{"damage":24,"enemies":"Gremlin Gang","floor":8,"turns":4},{"damage":0,"enemies":"Exordium Thugs","floor":9,"turns":9},{"damage":31,"enemies":"Exordium Thugs","floor":10,"turns":6},{"damage":13,"enemies":"3 Sentries","floor":12,"turns":6}],"seed_played":"-3161389027528404425","potions_obtained":[{"floor":3,"key":"Block Potion"},{"floor":6,"key":"champ:CounterPotion"}],"is_trial":false,"path_per_floor":["M","?","M","M","?","E","?","M","MIM","M","?","E"],"character_chosen":"IRONCLAD","items_purchased":[],"campfire_rested":0,"item_purchase_floors":[],"current_hp_per_floor":[55,55,60,66,59,45,45,27,33,8,8,0,0],"gold":235,"neow_bonus":"RANDOM_COLORLESS_2","is_daily":false,"chose_seed":false,"campfire_upgraded":0,"win_rate":0.0,"timestamp":1607930868,"path_taken":["M","?","?","M","?","E","?","M","MIM","M","?","E"],"items_purchased_type":[],"build_version":"2020-12-07","purchased_purges":0,"victory":false,"max_hp_per_floor":[80,80,80,80,80,80,80,80,80,80,80,80,80],"relic_stats":{"counters":[8,44],"obtain_stats":[{"Bottled Flame":6,"Burning Blood":0},{"Bottled Flame":4,"Burning Blood":0},{"Bottled Flame":19,"Burning Blood":0}],"Burning Blood":42},"card_choices":[{"not_picked":["expansioncontent:QuickStudy","The Bomb"],"picked":"Mayhem","floor":0},{"not_picked":["Warcry","Ghostly Armor"],"picked":"Flame Barrier","floor":1},{"not_picked":["True Grit","Cleave"],"picked":"Clothesline","floor":3},{"not_picked":["Exhume","Anger"],"picked":"Metallicize","floor":4},{"not_picked":["Headbutt","Body Slam","Thunderclap"],"picked":"SKIP","floor":6},{"not_picked":["Headbutt","Cleave","Whirlwind"],"picked":"SKIP","floor":8},{"not_picked":["Twin Strike","Evolve","True Grit"],"picked":"SKIP","floor":10}],"player_experience":224417,"relics_obtained":[{"floor":6,"key":"Bottled Flame"}],"event_choices":[{"damage_healed":0,"gold_gain":0,"player_choice":"Bought 0 Potions","damage_taken":0,"max_hp_gain":0,"max_hp_loss":0,"event_name":"The Woman in Blue","floor":2,"gold_loss":0},{"cards_removed":["Defend_R"],"damage_healed":0,"gold_gain":0,"player_choice":"Card Removal","damage_taken":7,"max_hp_gain":0,"max_hp_loss":0,"event_name":"Golden Wing","floor":5,"gold_loss":0},{"damage_healed":0,"gold_gain":0,"player_choice":"Upgraded","damage_taken":0,"max_hp_gain":0,"max_hp_loss":0,"event_name":"Upgrade Shrine","floor":7,"gold_loss":0,"cards_upgraded":["Clothesline"]},{"cards_removed":["Strike_R"],"damage_healed":0,"gold_gain":0,"player_choice":"Offered Basic","damage_taken":0,"max_hp_gain":0,"max_hp_loss":0,"event_name":"Bonfire Elementals","floor":11,"gold_loss":0}],"is_beta":true,"boss_relics":[],"items_purged_floors":[],"is_endless":false,"potions_floor_spawned":[3,6],"killed_by":"3 Sentries","ascension_level":1}}