{"host":"8dhn6p16jorj0i1s","time":1607956849,"event":{"mods":["BaseMod","Colored Map","DeckTracker","Minty Spire (QoL Compilation)","Permanent Neow","Quick Restart"],"gold_per_floor":[14,14,24,24,43,43,58,58,58],"floor_reached":8,"playtime":445,"items_purged":[],"score":53,"play_id":"049ee73e-7d16-42b8-897d-99e729419bb6","local_time":"20201214154049","is_ascension_mode":true,"campfire_choices":[{"floor":6,"key":"RECALL"}],"circlet_count":0,"master_deck":["Strike_B","Strike_B","Defend_B","Defend_B","Defend_B","Defend_B","Zap","Dualcast","Glacier","Steam","Cold Snap","Turbo","Normality","Meteor Strike"],"relics":["Cracked Core","Kunai"],"acts_visited":["Exordium"],"potions_floor_usage":[],"damage_taken":[{"damage":2.0,"enemies":"Cultist","floor":1.0,"turns":5.0},{"damage":1,"enemies":"2 Louse","floor":3,"turns":3},{"damage":7,"enemies":"Jaw Worm","floor":5,"turns":3},{"damage":3,"enemies":"Red Slaver","floor":7,"turns":5},{"damage":60,"enemies":"Gremlin Nob","floor":8,"turns":7}],"seed_played":"7418339147830346036","potions_obtained":[{"floor":1.0,"key":"EssenceOfSteel"}],"is_trial":false,"path_per_floor":["M","T","M","?","M","R","M","E"],"character_chosen":"DEFECT","items_purchased":[],"campfire_rested":0,"item_purchase_floors":[],"current_hp_per_floor":[73,73,72,72,65,65,62,2,2],"gold":58,"neow_bonus":"TRANSFORM_TWO_CARDS","is_daily":false,"chose_seed":false,"campfire_upgraded":0,"win_rate":0.0,"timestamp":1607956849,"path_taken":["M","?","M","?","M","R","M","E"],"items_purchased_type":[],"build_version":"2020-12-13","purchased_purges":0,"victory":false,"max_hp_per_floor":[75,75,75,75,75,75,75,75,75],"card_choices":[{"not_picked":["Capacitor","Barrage"],"picked":"Cold Snap","floor":1.0},{"not_picked":["Compile Driver","Aggregate","Lockon"],"picked":"SKIP","floor":3},{"not_picked":["Leap","Beam Cell","Rip and Tear"],"picked":"SKIP","floor":5},{"not_picked":["Reinforced Body","Aggregate"],"picked":"Meteor Strike","floor":7}],"player_experience":283512,"relics_obtained":[{"floor":2.0,"key":"Kunai"}],"event_choices":[{"damage_healed":0,"gold_gain":0,"player_choice":"2 cards matched","damage_taken":0,"max_hp_gain":0,"max_hp_loss":0,"event_name":"Match and Keep!","floor":4,"gold_loss":0,"cards_obtained":["Turbo","Normality"]},{"damage_healed":0,"gold_gain":0,"player_choice":"2 cards matched","damage_taken":0,"max_hp_gain":0,"max_hp_loss":0,"event_name":"Match and Keep!","floor":4,"gold_loss":0,"cards_obtained":["Turbo","Normality"]}],"is_beta":false,"boss_relics":[],"items_purged_floors":[],"is_endless":false,"potions_floor_spawned":[1],"killed_by":"Gremlin Nob","ascension_level":2}}