{"host":"msmkw03x1o7nq45i","time":1607952021,"event":{"mods":["AchievementEnabler","BaseMod","Bestiary","Colored Powertips","GifTheSpireLib","Highlight Path","Minty Spire (QoL Compilation)","Random Character Button","StSLib","everything is the same but u backflip on backflip"],"gold_per_floor":[110,110,121,141,159,159,234,234,287,313,313,313,329,362,362,462,462,473,11,11,11,11,11,37,37,37,67,104,104,135,183,183,307,307,321,321,321,360,360,414,470,509,581,581,506,506,506,54,54,74],"floor_reached":51,"playtime":5236,"items_purged":["Strike_G"],"score":965,"play_id":"67979cb1-e1e4-4459-8bd3-76aac7f06ae7","local_time":"20201214152021","is_ascension_mode":true,"campfire_choices":[{"data":"Dagger Spray","floor":6,"key":"SMITH"},{"data":"Neutralize","floor":8,"key":"SMITH"},{"floor":11,"key":"REST"},{"data":"Skewer","floor":15,"key":"SMITH"},{"data":"Wraith Form v2","floor":23,"key":"SMITH"},{"data":"Ghostly","floor":25,"key":"SMITH"},{"data":"Well Laid Plans","floor":29,"key":"SMITH"},{"data":"Ghostly","floor":32,"key":"SMITH"},{"data":"Ghostly","floor":44,"key":"SMITH"},{"data":"Deadly Poison","floor":46,"key":"SMITH"},{"data":"Ghostly","floor":49,"key":"SMITH"}],"circlet_count":0,"master_deck":["Strike_G","Strike_G+1","Defend_G+1","Defend_G","Defend_G","Defend_G+1","Defend_G","Survivor","Neutralize+1","Quick Slash","PiercingWail","Deadly Poison+1","Dagger Spray+1","Flying Knee","Skewer+1","Envenom","Wraith Form v2+1","Well Laid Plans+1","HandOfGreed","Leg Sweep","Ghostly+1","Ghostly+1","Ghostly+1","Ghostly","Ghostly+1","Bouncing Flask+1","Wraith Form v2+1","Riddle With Holes+1","Phantasmal Killer"],"relics":["Snecko Eye","Whetstone","War Paint","Tiny Chest","Velvet Choker","Toy Ornithopter","Bag of Preparation","Pantograph","Art of War","Sozu","StoneCalendar","PreservedInsect","Eternal Feather","Gremlin Horn","Ice Cream"],"acts_visited":["Exordium","TheCity","TheBeyond"],"potions_floor_usage":[10,14,16,33,40],"damage_taken":[{"damage":1,"enemies":"2 Louse","floor":1,"turns":5},{"damage":2,"enemies":"Small Slimes","floor":3,"turns":5},{"damage":7,"enemies":"Jaw Worm","floor":4,"turns":5},{"damage":6,"enemies":"Exordium Wildlife","floor":5,"turns":6},{"damage":19,"enemies":"Gremlin Nob","floor":10,"turns":4},{"damage":0,"enemies":"Blue Slaver","floor":13,"turns":4},{"damage":2,"enemies":"3 Sentries","floor":14,"turns":5},{"damage":19,"enemies":"Slime Boss","floor":16,"turns":9},{"damage":4,"enemies":"Chosen","floor":18,"turns":4},{"damage":0,"enemies":"Book of Stabbing","floor":24,"turns":6},{"damage":0,"enemies":"Spheric Guardian","floor":27,"turns":5},{"damage":2,"enemies":"Snecko","floor":28,"turns":7},{"damage":1,"enemies":"Centurion and Healer","floor":30,"turns":6},{"damage":1,"enemies":"Slavers","floor":31,"turns":8},{"damage":5,"enemies":"Champ","floor":33,"turns":11},{"damage":0,"enemies":"3 Darklings","floor":35,"turns":6},{"damage":0,"enemies":"3 Shapes","floor":38,"turns":7},{"damage":3,"enemies":"Giant Head","floor":40,"turns":8},{"damage":0,"enemies":"Jaw Worm Horde","floor":41,"turns":5},{"damage":1,"enemies":"Spire Growth","floor":42,"turns":5},{"damage":2,"enemies":"Donu and Deca","floor":50,"turns":8}],"seed_played":"1731010953448780928","potions_obtained":[{"floor":3,"key":"LiquidBronze"},{"floor":4,"key":"Strength Potion"},{"floor":14,"key":"Ancient Potion"},{"floor":16,"key":"BlessingOfTheForge"},{"floor":27,"key":"ColorlessPotion"},{"floor":33,"key":"Poison Potion"}],"is_trial":false,"path_per_floor":["M","?","M","M","M","R","?","R","T","E","R","?","M","E","R","B",null,"M","$","?","?","?","R","E","R","T","M","M","R","M","E","R","B",null,"M","T","?","M","?","E","M","M","T","R","$","R","T","$","R","B",null],"character_chosen":"THE_SILENT","items_purchased":["Toy Ornithopter","Well Laid Plans","AttackPotion","HandOfGreed","Ice Cream","Phantasmal Killer"],"campfire_rested":1,"item_purchase_floors":[19,19,19,19,48,48],"current_hp_per_floor":[62,62,60,53,47,47,36,36,36,17,38,31,31,29,29,10,55,51,51,51,51,35,35,35,35,35,35,33,33,32,31,31,31,34,34,34,34,34,34,34,34,33,33,35,35,35,35,35,35,33],"gold":74,"neow_bonus":"BOSS_RELIC","is_daily":false,"chose_seed":false,"campfire_upgraded":10,"win_rate":0.0,"timestamp":1607952021,"path_taken":["M","?","M","M","M","R","?","R","T","E","R","?","?","E","R","BOSS","M","$","?","?","?","R","E","R","T","M","M","R","M","E","R","BOSS","M","?","?","M","?","E","M","?","T","R","$","R","?","$","R","BOSS"],"items_purchased_type":["Relic","Card","Potion","Card","Relic","Card"],"build_version":"2020-12-13","purchased_purges":1,"victory":true,"max_hp_per_floor":[70,70,70,70,70,70,70,70,70,70,70,70,70,70,70,70,70,70,70,70,70,35,35,35,35,35,35,35,35,35,35,35,35,35,35,35,35,35,35,35,35,35,35,35,35,35,35,35,35,35],"card_choices":[{"not_picked":["Slice","Deadly Poison"],"picked":"Quick Slash","floor":1},{"not_picked":["Backflip","Cloak And Dagger"],"picked":"PiercingWail","floor":3},{"not_picked":["Bane","Reflex"],"picked":"Deadly Poison","floor":4},{"not_picked":["Burst","Poisoned Stab"],"picked":"Dagger Spray","floor":5},{"not_picked":["Sucker Punch","PiercingWail"],"picked":"Flying Knee","floor":10},{"not_picked":["Well Laid Plans","Reflex"],"picked":"Skewer","floor":13},{"not_picked":["Prepared","Dagger Throw"],"picked":"Envenom","floor":14},{"not_picked":["Tools of the Trade","A Thousand Cuts"],"picked":"Wraith Form v2","floor":16},{"not_picked":["Outmaneuver","Flying Knee","Expertise"],"picked":"SKIP","floor":18},{"not_picked":["Flying Knee","Calculated Gamble","Concentrate"],"picked":"SKIP","floor":24},{"not_picked":["Footwork+1","Bane","Dagger Spray"],"picked":"SKIP","floor":27},{"not_picked":["PiercingWail","Finisher","Dagger Spray"],"picked":"SKIP","floor":28},{"not_picked":["PiercingWail","Finisher","Dagger Spray"],"picked":"SKIP","floor":28},{"not_picked":["Infinite Blades","Unload","Poisoned Stab"],"picked":"SKIP","floor":30},{"not_picked":["Well Laid Plans","Leg Sweep+1"],"picked":"Bouncing Flask+1","floor":31},{"not_picked":["Unload","Die Die Die"],"picked":"Wraith Form v2","floor":33},{"not_picked":["Quick Slash","Backflip","Sucker Punch+1"],"picked":"SKIP","floor":35},{"not_picked":["Noxious Fumes+1","Quick Slash"],"picked":"Riddle With Holes+1","floor":38},{"not_picked":["Finisher","Well Laid Plans+1","Choke+1"],"picked":"SKIP","floor":40},{"not_picked":["Calculated Gamble+1","Flying Knee","Cloak And Dagger"],"picked":"SKIP","floor":41},{"not_picked":["Eviscerate","Backflip+1","Deflect"],"picked":"SKIP","floor":42}],"player_experience":289632,"relics_obtained":[{"floor":9,"key":"Whetstone"},{"floor":10,"key":"War Paint"},{"floor":14,"key":"Tiny Chest"},{"floor":24,"key":"Bag of Preparation"},{"floor":26,"key":"Pantograph"},{"floor":31,"key":"Art of War"},{"floor":36,"key":"StoneCalendar"},{"floor":40,"key":"PreservedInsect"},{"floor":43,"key":"Eternal Feather"},{"floor":47,"key":"Gremlin Horn"}],"event_choices":[{"damage_healed":0,"gold_gain":0,"player_choice":"Ignored","damage_taken":0,"max_hp_gain":0,"max_hp_loss":0,"event_name":"Liars Game","floor":2,"gold_loss":0},{"damage_healed":0,"gold_gain":75,"player_choice":"Gather Gold","damage_taken":11,"max_hp_gain":0,"max_hp_loss":0,"event_name":"World of Goop","floor":7,"gold_loss":0},{"cards_removed":["Strike_G"],"damage_healed":0,"gold_gain":0,"player_choice":"Card Removal","damage_taken":7,"max_hp_gain":0,"max_hp_loss":0,"event_name":"Golden Wing","floor":12,"gold_loss":0},{"damage_healed":0,"gold_gain":0,"player_choice":"Ignored","damage_taken":0,"max_hp_gain":0,"max_hp_loss":0,"event_name":"Vampires","floor":20,"gold_loss":0},{"damage_healed":0,"gold_gain":0,"player_choice":"Read","damage_taken":0,"max_hp_gain":0,"max_hp_loss":0,"event_name":"The Library","floor":21,"gold_loss":0,"cards_obtained":["Leg Sweep"]},{"damage_healed":0,"gold_gain":0,"player_choice":"Became a Ghost","damage_taken":0,"max_hp_gain":0,"max_hp_loss":35,"event_name":"Ghosts","floor":22,"gold_loss":0,"cards_obtained":["Ghostly","Ghostly","Ghostly","Ghostly","Ghostly"]},{"cards_removed":["Strike_G"],"damage_healed":0,"gold_gain":0,"player_choice":"Removed Attack","damage_taken":0,"max_hp_gain":0,"max_hp_loss":0,"event_name":"Falling","floor":37,"gold_loss":0},{"damage_healed":0,"gold_gain":0,"player_choice":"Upgraded","damage_taken":0,"max_hp_gain":0,"max_hp_loss":0,"event_name":"Upgrade Shrine","floor":39,"gold_loss":0,"cards_upgraded":["Wraith Form v2"]}],"is_beta":false,"boss_relics":[{"not_picked":["Black Star","WristBlade"],"picked":"Velvet Choker"},{"not_picked":["Runic Pyramid","HoveringKite"],"picked":"Sozu"}],"items_purged_floors":[45],"is_endless":false,"potions_floor_spawned":[3,4,14,16,27,28,30,33,38,41],"ascension_level":7}}