{"host":"6qo42zgaknezulyg","time":1607940094,"event":{"mods":["2.2 Compatiblity","BaseMod","Keyboard Shortcuts","Minty Spire (QoL Compilation)","Permanent Neow","Quick Restart","StSLib","SuperFastMode","The Cursed"],"gold_per_floor":[109,109,120,120,133,133,167,167,190,208,243,260,80,112,112,183,183,203,118,118,134,144,175,187,99,99,125,125,125,125,135,135,211,211,230,241,241,254,273,273,318,318,342,49,49,6,16,35,35,35],"floor_reached":51,"playtime":2492,"items_purged":["TheCursedMod:Strike_TheCursed","TheCursedMod:Strike_TheCursed","TheCursedMod:Strike_TheCursed"],"score":1333,"play_id":"4ab37085-ffba-448b-9e18-d11affeea590","local_time":"20201214190134","is_ascension_mode":true,"campfire_choices":[{"floor":6.0,"key":"REST"},{"floor":8.0,"key":"REST"},{"data":"TheCursedMod:SpitefulPlan","floor":15.0,"key":"SMITH"},{"floor":24.0,"key":"REST"},{"floor":28.0,"key":"REST"},{"floor":32.0,"key":"REST"},{"floor":40.0,"key":"REST"},{"floor":42,"key":"REST"},{"data":"TheCursedMod:VoidForm","floor":45,"key":"SMITH"},{"data":"TheCursedMod:ManaCirculation","floor":49,"key":"SMITH"}],"circlet_count":0,"master_deck":["AscendersBane","TheCursedMod:Strike_TheCursed+1","TheCursedMod:Defend_TheCursed","TheCursedMod:Defend_TheCursed","TheCursedMod:Defend_TheCursed","TheCursedMod:Defend_TheCursed","TheCursedMod:CursedWand","TheCursedMod:CleanUpWorkshop","TheCursedMod:Dregs","Apotheosis+1","TheCursedMod:WearCloak","TheCursedMod:CursedSpellbook","TheCursedMod:StunningStrike","TheCursedMod:SpitefulPray","TheCursedMod:SpitefulPlan+1","TheCursedMod:CursedMace","TheCursedMod:DoubleShield","TheCursedMod:WearCloak","TheCursedMod:VoidForm+1","TheCursedMod:SpitefulStrike","TheCursedMod:SoulCrush","TheCursedMod:HellsGateOpen+1","TheCursedMod:NeowsMight","TheCursedMod:SurpriseAttack","TheCursedMod:SurpriseAttack","TheCursedMod:CursedArmor","TheCursedMod:ManaCirculation+1","TheCursedMod:BlessingInDisguise","TheCursedMod:NeowsMight","TheCursedMod:ReleasedStrength","TheCursedMod:WearCloak"],"relics":["TheCursedMod:BlackMagic101","Oddly Smooth Stone","Akabeko","Ancient Tea Set","Boot","Bag of Marbles","Runic Dome","Art of War","MawBank","StoneCalendar","Strawberry","FaceOfCleric","Sozu","Dream Catcher","Dead Branch","Orichalcum","DollysMirror"],"acts_visited":["Exordium","TheCity","TheBeyond"],"potions_floor_usage":[],"damage_taken":[{"damage":0.0,"enemies":"2 Louse","floor":1.0,"turns":4.0},{"damage":3.0,"enemies":"Jaw Worm","floor":3.0,"turns":3.0},{"damage":0.0,"enemies":"Cultist","floor":5.0,"turns":4.0},{"damage":11.0,"enemies":"Lagavulin","floor":7.0,"turns":6.0},{"damage":0.0,"enemies":"Exordium Thugs","floor":10.0,"turns":3.0},{"damage":3.0,"enemies":"3 Sentries","floor":11.0,"turns":9.0},{"damage":3.0,"enemies":"Large Slime","floor":12.0,"turns":2.0},{"damage":15.0,"enemies":"Gremlin Nob","floor":14.0,"turns":5.0},{"damage":12.0,"enemies":"The Guardian","floor":16.0,"turns":19.0},{"damage":0.0,"enemies":"Spheric Guardian","floor":18.0,"turns":3.0},{"damage":4.0,"enemies":"Shell Parasite","floor":21.0,"turns":4.0},{"damage":6.0,"enemies":"Snake Plant","floor":22.0,"turns":4.0},{"damage":38.0,"enemies":"Slavers","floor":23.0,"turns":5.0},{"damage":0.0,"enemies":"Gremlin Leader","floor":27.0,"turns":5.0},{"damage":9.0,"enemies":"Shelled Parasite and Fungi","floor":31.0,"turns":3.0},{"damage":9.0,"enemies":"Automaton","floor":33.0,"turns":6.0},{"damage":15.0,"enemies":"3 Darklings","floor":35.0,"turns":5.0},{"damage":2.0,"enemies":"3 Shapes","floor":36.0,"turns":4.0},{"damage":0.0,"enemies":"Maw","floor":38.0,"turns":6.0},{"damage":7.0,"enemies":"Sphere and 2 Shapes","floor":39.0,"turns":5.0},{"damage":19,"enemies":"2 Orb Walkers","floor":41,"turns":5},{"damage":0,"enemies":"Spire Growth","floor":47,"turns":2},{"damage":1,"enemies":"3 Darklings","floor":48,"turns":2},{"damage":47,"enemies":"Time Eater","floor":50,"turns":9}],"seed_played":"2887507261683558701","potions_obtained":[{"floor":1.0,"key":"GamblersBrew"},{"floor":3.0,"key":"FearPotion"},{"floor":7.0,"key":"SteroidPotion"},{"floor":11.0,"key":"Energy Potion"},{"floor":23.0,"key":"PowerPotion"},{"floor":27.0,"key":"Energy Potion"}],"is_trial":false,"path_per_floor":["M","?","M","?","M","R","E","R","T","M","E","M","$","E","R","B",null,"M","?","?","M","M","E","R","$","T","E","R","?","?","M","R","B",null,"M","M","?","M","M","R","?","R","T","$","R","$","M","M","R","B",null],"character_chosen":"THE_CURSED","items_purchased":["TheCursedMod:CursedMace","TheCursedMod:DoubleShield","DollysMirror","TheCursedMod:ReleasedStrength"],"campfire_rested":7,"item_purchase_floors":[13,13,44,46],"current_hp_per_floor":[46,41,38,17,17,38,27,48,48,48,45,42,42,27,27,15,57,57,57,57,53,47,9,30,30,30,37,60,38,38,30,55,47,76,62,61,61,62,56,82,64,90,90,90,90,90,91,91,91,45],"gold":35,"neow_bonus":"RANDOM_COLORLESS_2","is_daily":false,"chose_seed":false,"campfire_upgraded":3,"win_rate":0.0,"timestamp":1607940094,"path_taken":["M","?","M","?","M","R","E","R","T","M","E","M","$","E","R","BOSS","M","?","?","M","M","E","R","$","T","E","R","?","?","M","R","BOSS","M","?","?","?","M","R","?","R","T","$","R","$","M","M","R","BOSS"],"items_purchased_type":["Card","Card","Relic","Card"],"build_version":"2020-12-13","purchased_purges":3,"victory":true,"max_hp_per_floor":[71,71,71,71,71,71,71,71,71,71,71,71,71,71,71,71,71,71,71,71,71,71,71,71,71,71,78,78,83,83,84,84,85,85,86,87,87,88,89,89,90,90,90,90,90,90,91,92,92,93],"card_choices":[{"not_picked":["HandOfGreed","Secret Weapon"],"picked":"Apotheosis","floor":0.0},{"not_picked":["TheCursedMod:ReleasedKnowledge","TheCursedMod:Stretching","TheCursedMod:EmpowerCircles"],"picked":"SKIP","floor":1.0},{"not_picked":["TheCursedMod:Mangle","TheCursedMod:SmokeScreen","TheCursedMod:CircleOfFlame"],"picked":"SKIP","floor":3.0},{"not_picked":["TheCursedMod:CursedShiv","TheCursedMod:CircleOfFocus"],"picked":"TheCursedMod:WearCloak","floor":5.0},{"not_picked":["TheCursedMod:SmokeScreen","TheCursedMod:Stigma"],"picked":"TheCursedMod:CursedSpellbook","floor":7.0},{"not_picked":["TheCursedMod:EmpowerCircles","TheCursedMod:TacticalStrike"],"picked":"TheCursedMod:StunningStrike","floor":10.0},{"not_picked":["TheCursedMod:CircleOfAbyss","TheCursedMod:Stretching"],"picked":"TheCursedMod:SpitefulPray","floor":11.0},{"not_picked":["TheCursedMod:RapidMovement","TheCursedMod:Stretching"],"picked":"TheCursedMod:SpitefulPlan","floor":12.0},{"not_picked":["TheCursedMod:StingEye","TheCursedMod:CircleOfBlood"],"picked":"TheCursedMod:WearCloak","floor":14.0},{"not_picked":["TheCursedMod:CircleOfAbyss","TheCursedMod:ParallelWorld"],"picked":"TheCursedMod:VoidForm","floor":16.0},{"not_picked":["TheCursedMod:Wield","TheCursedMod:CircleOfAmplification"],"picked":"TheCursedMod:SpitefulStrike","floor":18.0},{"not_picked":["TheCursedMod:CursedStaff","TheCursedMod:VitalStrike"],"picked":"TheCursedMod:SoulCrush","floor":21.0},{"not_picked":["TheCursedMod:HellsGateOpen","TheCursedMod:Stretching","TheCursedMod:RapidMovement"],"picked":"SKIP","floor":22.0},{"not_picked":["TheCursedMod:CircleOfWindfury+1","TheCursedMod:SaltUponWound+1","TheCursedMod:HellsGateOpen"],"picked":"SKIP","floor":23.0},{"not_picked":["TheCursedMod:ParallelWorld","TheCursedMod:FleshFromBone","TheCursedMod:CursedMace"],"picked":"SKIP","floor":27.0},{"not_picked":["TheCursedMod:CircleOfCorruption","TheCursedMod:SpreadPlague"],"picked":"TheCursedMod:HellsGateOpen+1","floor":31.0},{"not_picked":["TheCursedMod:DemonSword","TheCursedMod:AntiAging"],"picked":"TheCursedMod:NeowsMight","floor":33.0},{"not_picked":["TheCursedMod:RapidMovement","TheCursedMod:Stigma"],"picked":"TheCursedMod:SurpriseAttack","floor":35.0},{"not_picked":["TheCursedMod:CircleOfFlame","TheCursedMod:CircleOfWindfury"],"picked":"TheCursedMod:SurpriseAttack","floor":36.0},{"not_picked":["TheCursedMod:CursedShiv","TheCursedMod:ForbiddenAlchemy","TheCursedMod:CircleOfCorruption"],"picked":"SKIP","floor":38.0},{"not_picked":["TheCursedMod:SoulReap","TheCursedMod:Torture+1"],"picked":"TheCursedMod:CursedArmor","floor":39.0},{"not_picked":["TheCursedMod:CircleOfFlame","TheCursedMod:CursedShiv"],"picked":"TheCursedMod:ManaCirculation","floor":40.0},{"not_picked":["TheCursedMod:Wield","TheCursedMod:CursedShiv"],"picked":"TheCursedMod:BlessingInDisguise","floor":41},{"not_picked":["TheCursedMod:CursedMace","TheCursedMod:CursedArmor","TheCursedMod:CircleOfCorruption"],"picked":"SKIP","floor":47},{"not_picked":["TheCursedMod:Stigma","TheCursedMod:TacticalStrike+1"],"picked":"TheCursedMod:WearCloak","floor":48}],"player_experience":779386,"relics_obtained":[{"floor":7.0,"key":"Akabeko"},{"floor":9.0,"key":"Ancient Tea Set"},{"floor":11.0,"key":"Boot"},{"floor":14.0,"key":"Bag of Marbles"},{"floor":23.0,"key":"MawBank"},{"floor":26.0,"key":"StoneCalendar"},{"floor":27.0,"key":"Strawberry"},{"floor":37.0,"key":"Dream Catcher"},{"floor":41,"key":"Dead Branch"},{"floor":43,"key":"Orichalcum"}],"event_choices":[{"damage_healed":0.0,"max_hp_gain":0.0,"max_hp_loss":0.0,"gold_gain":0.0,"event_name":"Scrap Ooze","player_choice":"Success","floor":2.0,"gold_loss":0.0,"damage_taken":5.0,"relics_obtained":["Oddly Smooth Stone"]},{"damage_healed":0.0,"max_hp_gain":0.0,"max_hp_loss":0.0,"gold_gain":0.0,"event_name":"Shining Light","player_choice":"Entered Light","floor":4.0,"gold_loss":0.0,"damage_taken":21.0,"cards_upgraded":["TheCursedMod:Strike_TheCursed","Apotheosis"]},{"damage_healed":0.0,"max_hp_gain":0.0,"max_hp_loss":0.0,"gold_gain":0.0,"event_name":"Addict","player_choice":"Obtained Relic","floor":19.0,"gold_loss":85.0,"damage_taken":0.0,"relics_obtained":["Art of War"]},{"damage_healed":0.0,"max_hp_gain":0.0,"max_hp_loss":0.0,"gold_gain":0.0,"event_name":"The Mausoleum","player_choice":"Ignored","floor":20.0,"gold_loss":0.0,"damage_taken":0.0},{"damage_healed":0.0,"max_hp_gain":5.0,"max_hp_loss":0.0,"gold_gain":0.0,"event_name":"Forgotten Altar","player_choice":"Shed Blood","floor":29.0,"gold_loss":0.0,"damage_taken":27.0},{"damage_healed":0.0,"max_hp_gain":0.0,"max_hp_loss":0.0,"gold_gain":0.0,"event_name":"FaceTrader","player_choice":"Trade","floor":30.0,"gold_loss":0.0,"damage_taken":0.0,"relics_obtained":["FaceOfCleric"]},{"damage_healed":0.0,"max_hp_gain":0.0,"max_hp_loss":0.0,"gold_gain":0.0,"event_name":"Wheel of Change","player_choice":"Relic","floor":37.0,"gold_loss":0.0,"damage_taken":0.0},{"damage_healed":0,"gold_gain":0,"player_choice":"Fight","damage_taken":0,"max_hp_gain":0,"max_hp_loss":0,"event_name":"Mysterious Sphere","floor":41,"gold_loss":0}],"is_beta":false,"boss_relics":[{"not_picked":["Runic Pyramid","Black Star"],"picked":"Runic Dome"},{"not_picked":["Empty Cage","Philosopher\u0027s Stone"],"picked":"Sozu"}],"items_purged_floors":[13,25,44],"is_endless":false,"potions_floor_spawned":[1,3,7,11,23,27,36,48],"ascension_level":17}}