{"host":"kqqjvufdj6ouyvqb","time":1607939306,"event":{"mods":["Act Like it!","BaseMod","Downfall","HololiveMod","LagranYue(拉格朗・月)","Lobotomy","LobotomyExtend","Minty Spire (QoL Compilation)","Prisma Mod","Quick Restart","Replay The Spire","Shop Mod","StSLib","WarShipGirlsR/战舰少女R mod","[IsaacMod]以撒尖塔"],"gold_per_floor":[83,100,117,117,117,117,133,133,133,159,182,192,192,219,231,261,261,356,356,367,379,407,419,431,443,455,493,505,517,529,579,591,646,683,675,687,828,840,866,893,905,917,968,980,263,291,365,436,447,511,584,669,669,694],"floor_reached":55,"playtime":3228,"items_purged":["Hololive_Strike"],"score":1434,"play_id":"b22b8d01-f5df-40e8-8f76-899e10746b69","local_time":"20201214174826","is_ascension_mode":true,"campfire_choices":[{"data":"Hololive_MaximGun","floor":8,"key":"SMITH"},{"data":"Hololive_Yoholoon","floor":13,"key":"SMITH"},{"data":"Hololive_OvertimeWork","floor":17,"key":"SMITH"},{"data":"Hololive_CandyCastle","floor":17,"key":"SMITH"},{"data":"Hololive_Thief","floor":28,"key":"SMITH"},{"data":"Hololive_Thief","floor":28,"key":"SMITH"},{"data":"Hololive_Rebound","floor":32,"key":"SMITH"},{"data":"Hololive_CallMinatoAqua","floor":32,"key":"SMITH"},{"data":"Hololive_BeCareful","floor":36,"key":"SMITH"},{"data":"Hololive_CandyCastle","floor":36,"key":"SMITH"},{"data":"Madness","floor":44,"key":"SMITH"},{"data":"Madness","floor":44,"key":"SMITH"},{"floor":53,"key":"DIG"}],"circlet_count":0,"master_deck":["Hololive_Strike","Hololive_Strike","Hololive_Defend","Hololive_Defend","Hololive_Defend+1","Hololive_Sequa","Hololive_Rebound","BettingIsNotGood+1","Hololive_StrengthChampion","Hololive_Rebound+1","Hololive_Psychosis","Hololive_MaximGun+1","Hololive_Yoholoon+1","Hololive_Thief+1","Hololive_OvertimeWork+1","Hololive_CandyCastle+1","Hololive_CallMinatoAqua+1","Hololive_Thief+1","Hololive_CallNakiriAyame","Hololive_LuckPotion","Hololive_CallMurasakiShion+1","Hololive_CandyCastle+1","Hololive_BeCareful+1","Hololive_StarCraft","Hololive_OvertimeWork+1","Madness+1","Madness+1","Replay:SS_forest_2","Hololive_Rebound+1","Hololive_DurableLive","Hololive_Drill+1"],"relics":["Hololive_TheStar","Hololive_OneManArmy","HushsDoor","LagranYue:GuideDeadRelic","Question Card","LetterFromLob","War Paint","Dream Catcher","Oddly Smooth Stone","Strawberry","BookOfRevelations","Hololive_LightStick","Ancient Tea Set","Replay:WaspNest","Bag of Preparation","Calipers","InkBottle","Nunchaku","Replay:Arrowhead","Busted Crown","GuppysCollar","MawBank","Enchiridion","ShedSkin_r","Letter Opener","Sundial","HornCleat","MagicMushroom","NineLifeCat","ReplayTheSpireMod:Ring of Collecting","Ring of Fury","GuppysTail","Bottled Flame","Toy Ornithopter","DeadEye","ReplayTheSpireMod:Ring of Challenge","Centennial Puzzle","BelialBook","ReplayTheSpireMod:Ninjato","Chameleon Ring"],"acts_visited":["Exordium","TheCity","TheBeyond"],"potions_floor_usage":[27,54,54],"damage_taken":[{"damage":0,"enemies":"2 Louse","floor":1,"turns":1},{"damage":0,"enemies":"Jaw Worm","floor":2,"turns":3},{"damage":0,"enemies":"Small Slimes","floor":3,"turns":3},{"damage":0,"enemies":"Looter","floor":7,"turns":2},{"damage":1,"enemies":"Gremlin Nob","floor":10,"turns":3},{"damage":0,"enemies":"2 Fungi Beasts","floor":12,"turns":3},{"damage":0,"enemies":"3 Sentries","floor":14,"turns":2},{"damage":0,"enemies":"Large Slime","floor":15,"turns":2},{"damage":0,"enemies":"Gremlin Nob","floor":16,"turns":2},{"damage":0,"enemies":"The Guardian","floor":18,"turns":5},{"damage":0,"enemies":"Chosen","floor":20,"turns":2},{"damage":0,"enemies":"3 Byrds","floor":22,"turns":2},{"damage":0,"enemies":"Gremlin Leader","floor":27,"turns":4},{"damage":0,"enemies":"Snecko","floor":31,"turns":2},{"damage":0,"enemies":"Sentry and Sphere","floor":33,"turns":2},{"damage":0,"enemies":"Slavers","floor":34,"turns":2},{"damage":0,"enemies":"Champ","floor":37,"turns":7},{"damage":0,"enemies":"3 Darklings","floor":39,"turns":2},{"damage":0,"enemies":"3 Shapes","floor":40,"turns":2},{"damage":0,"enemies":"Transient","floor":43,"turns":6},{"damage":0,"enemies":"R_Hoarder","floor":46,"turns":2},{"damage":0,"enemies":"Giant Head","floor":48,"turns":4},{"damage":0,"enemies":"Spire Growth","floor":49,"turns":1},{"damage":0,"enemies":"Writhing Mass","floor":50,"turns":1},{"damage":0,"enemies":"R_Hoarder","floor":51,"turns":3},{"damage":0,"enemies":"Sphere and 2 Shapes","floor":52,"turns":1},{"damage":287,"enemies":"LittleHush","floor":54,"turns":26}],"seed_played":"-8721728790409071085","potions_obtained":[{"floor":7,"key":"Swift Potion"},{"floor":10,"key":"FairyPotion"},{"floor":14,"key":"Regen Potion"},{"floor":22,"key":"FearPotion"},{"floor":27,"key":"BlessingOfTheForge"}],"is_trial":false,"path_per_floor":["M","M","M","?","PTL","PTL","M","R","T","E","T","M","R","E","M","E","R","B",null,"M","?","M","?","PTL","PTL","M","E","R","?","T","M","R","M","E","?","R","B",null,"M","M","?","?","M","R","$","E","T","E","M","M","E","M","R","B",null],"character_chosen":"Hololive_HololiveCharacter","items_purchased":["GuppysCollar","NineLifeCat","GuppysTail","Replay:SS_forest_2","Bottled Flame"],"campfire_rested":0,"item_purchase_floors":[19,38,45,45,45],"current_hp_per_floor":[26,31,31,31,31,31,31,31,38,37,37,37,37,37,37,37,37,42,29,29,8,8,8,8,8,1,23,23,23,23,23,23,23,26,26,26,26,5,5,5,5,4,5,5,5,5,5,5,5,5,5,5,5,5],"gold":694,"neow_bonus":"ONE_RARE_RELIC","is_daily":false,"chose_seed":false,"campfire_upgraded":12,"win_rate":0.0,"timestamp":1607939306,"path_taken":["M","M","M","?","PTL","PTL","M","R","?","E","T","M","R","E","M","E","R","BOSS","M","?","M","?","PTL","PTL","M","E","R","?","T","M","R","M","E","?","R","BOSS","M","?","?","?","M","R","$","E","T","E","M","M","E","M","R","BOSS"],"items_purchased_type":["Relic","Relic","Relic","Card","Relic"],"build_version":"2020-12-13","purchased_purges":1,"victory":true,"max_hp_per_floor":[35,35,35,35,35,35,35,35,42,42,42,42,42,42,42,42,42,42,29,29,29,29,29,29,29,26,26,26,26,26,26,26,26,26,26,26,26,5,5,5,5,5,5,5,5,5,5,5,5,5,5,5,5,5],"card_choices":[{"not_picked":[],"picked":"BettingIsNotGood","floor":0},{"not_picked":["Hololive_HuntDinosaur","Hololive_LuckPotion","Hololive_Sequa"],"picked":"Hololive_StrengthChampion","floor":1},{"not_picked":["Hololive_CallSpadeEcho","Hololive_Watashimo","Hololive_CallNatsuiroMatsuri","Hololive_CallUruhaRushia"],"picked":"Hololive_Rebound","floor":2},{"not_picked":["Hololive_CallShiroganeNoel","Hololive_Trident","Hololive_Recruit","Hololive_CallYogiri"],"picked":"Hololive_Psychosis","floor":3},{"not_picked":["Hololive_FlyingPonyTail","Hololive_HuntDinosaur","Bomb","Hololive_Psychosis"],"picked":"Hololive_Yoholoon","floor":7},{"not_picked":["Hololive_FlyingPonyTail","Hololive_Watashimo","Hololive_ILoveYou","Hololive_CallOzoraSubaru"],"picked":"Bomb","floor":10},{"not_picked":["Hololive_CocoNews","Hololive_Trident","Hololive_CallOkamiMio","Hololive_CallOzoraSubaru"],"picked":"Hololive_Thief","floor":12},{"not_picked":["Hololive_CallFriendA","Hololive_CallUruhaRushia","Hololive_CallUsadaPekora","Hololive_FlyingPonyTail"],"picked":"Hololive_OvertimeWork","floor":14},{"not_picked":["Hololive_CallTsunomakiWatame","Hololive_Breathe","Hololive_Drill","Hololive_CallYuzukiChoco"],"picked":"Hololive_CandyCastle","floor":15},{"not_picked":["Hololive_CocoNews","Hololive_CallKiryuuCoco","Hololive_CallNekomataOkayu","Hololive_CallFriendA"],"picked":"Hololive_CallMinatoAqua","floor":16},{"not_picked":["Hololive_Nanodesu","Hololive_HighAtkLowDef","Hololive_DDD","Hololive_DiamondStrike"],"picked":"Hololive_Thief","floor":18},{"not_picked":["Hololive_Trident","Hololive_Sequa","Hololive_CallRoboco"],"picked":"SKIP","floor":20},{"not_picked":["Hololive_RevenueBasedLive+1","Hololive_CallShiranuiFlare+1"],"picked":"Hololive_CallNakiriAyame","floor":22},{"not_picked":["Hololive_Breathe","Hololive_CallMinatoAqua","Hololive_CallTokoyamiTowa"],"picked":"SKIP","floor":27},{"not_picked":["Hololive_CallSakuraMiko","Hololive_CocoNews"],"picked":"Hololive_LuckPotion","floor":31},{"not_picked":["Hololive_LuckPotion","Hololive_Rebound+1"],"picked":"Hololive_CallMurasakiShion+1","floor":33},{"not_picked":["Hololive_Sequa+1","Hololive_CallOmaruPolka"],"picked":"Hololive_CandyCastle","floor":34},{"not_picked":[],"picked":"Hololive_BeCareful","floor":35},{"not_picked":["Hololive_WolfAndLamb","Hololive_ASMR"],"picked":"Hololive_StarCraft","floor":37},{"not_picked":["Hololive_Rebound+1","Hololive_CallAkaiHaato+1"],"picked":"Hololive_OvertimeWork+1","floor":39},{"not_picked":["Hololive_CocoNews+1","Hololive_CallInugamiKorone+1","Hololive_Breathe"],"picked":"SKIP","floor":40},{"not_picked":["Hololive_OvertimeWork","Hololive_DDD","Hololive_CallCivia"],"picked":"SKIP","floor":43},{"not_picked":["Hololive_Trident","Hololive_CocoNews"],"picked":"Hololive_Rebound+1","floor":46},{"not_picked":["Hololive_CallArtia+1","Hololive_CocoNews"],"picked":"Hololive_DurableLive","floor":48},{"not_picked":["Hololive_LuckPotion","Hololive_Trident+1","Hololive_SoulCatcher+1"],"picked":"SKIP","floor":49},{"not_picked":["Hololive_OvertimeWork+1","Hololive_CocoNews+1","Hololive_Watashimo+1"],"picked":"SKIP","floor":50},{"not_picked":["Hololive_Psychosis","Hololive_DiamondStrike","Hololive_Rebound+1"],"picked":"SKIP","floor":51},{"not_picked":["Hololive_Psychosis","Hololive_CallAZKi+1"],"picked":"Hololive_Drill+1","floor":52}],"player_experience":193887,"relics_obtained":[{"floor":1,"key":"Question Card"},{"floor":1,"key":"LetterFromLob"},{"floor":2,"key":"War Paint"},{"floor":3,"key":"Dream Catcher"},{"floor":7,"key":"Oddly Smooth Stone"},{"floor":9,"key":"Strawberry"},{"floor":10,"key":"BookOfRevelations"},{"floor":10,"key":"Hololive_LightStick"},{"floor":11,"key":"Ancient Tea Set"},{"floor":12,"key":"Replay:WaspNest"},{"floor":14,"key":"Bag of Preparation"},{"floor":14,"key":"Calipers"},{"floor":15,"key":"InkBottle"},{"floor":16,"key":"Nunchaku"},{"floor":16,"key":"Replay:Arrowhead"},{"floor":20,"key":"MawBank"},{"floor":21,"key":"Enchiridion"},{"floor":27,"key":"Letter Opener"},{"floor":30,"key":"Sundial"},{"floor":34,"key":"HornCleat"},{"floor":41,"key":"ReplayTheSpireMod:Ring of Collecting"},{"floor":41,"key":"Ring of Fury"},{"floor":46,"key":"Toy Ornithopter"},{"floor":47,"key":"DeadEye"},{"floor":47,"key":"ReplayTheSpireMod:Ring of Challenge"},{"floor":48,"key":"Centennial Puzzle"},{"floor":51,"key":"BelialBook"},{"floor":52,"key":"ReplayTheSpireMod:Ninjato"},{"floor":53,"key":"Chameleon Ring"}],"event_choices":[{"damage_healed":0,"gold_gain":0,"cards_transformed":["Hololive_Strike"],"player_choice":"Change","damage_taken":0,"max_hp_gain":0,"max_hp_loss":0,"event_name":"Living Wall","floor":4,"gold_loss":0,"cards_obtained":["Hololive_MaximGun"]},{"damage_healed":0,"gold_gain":0,"player_choice":"Obtained Book","damage_taken":16,"max_hp_gain":0,"max_hp_loss":0,"event_name":"Cursed Tome","floor":21,"gold_loss":0},{"cards_removed":["Hololive_Defend"],"damage_healed":0,"gold_gain":0,"player_choice":"Elegance","damage_taken":0,"max_hp_gain":0,"max_hp_loss":0,"event_name":"Back to Basics","floor":29,"gold_loss":0},{"damage_healed":0,"gold_gain":0,"player_choice":"Embrace Madness","damage_taken":1,"max_hp_gain":0,"max_hp_loss":0,"event_name":"Winding Halls","floor":42,"gold_loss":0,"cards_obtained":["Madness","Madness"]}],"is_beta":false,"boss_relics":[{"not_picked":["Astrolabe","Runic Pyramid"],"picked":"Busted Crown"},{"not_picked":[]},{"not_picked":["SlaversCollar","Hololive_ChaosS"],"picked":"MagicMushroom"},{"not_picked":[]}],"items_purged_floors":[45],"is_endless":false,"potions_floor_spawned":[7,10,14,15,22,27,37,43,48,51],"ascension_level":5}}