{"host":"lqtll83nun4jn4k7","time":1607917442,"event":{"mods":["BaseMod","Challenge The Spire","Colored Map","Colored Powertips","Downfall","Highlight Path","KinomotoSakuraMod(Ä¾Ö®±¾Ó£)","Minty Spire (QoL Compilation)","Prisma Mod","Quick Restart","StSLib","SuperFastMode","The Bug Knight","Waifu the Spire"],"gold_per_floor":[99,134,148,166,91,106,132,162,87,119,119,129,147,147,161,161,161],"floor_reached":16,"playtime":699,"items_purged":[],"score":129,"play_id":"155b958a-2b25-4376-a158-ff58927eb683","local_time":"20201214114402","is_ascension_mode":true,"campfire_choices":[{"floor":1,"key":"RECALL"},{"data":"PrismaMod:ChloeEyeOfTheEuryale","floor":5,"key":"SMITH"},{"data":"PrismaMod:ChloeRhongomyniad","floor":9,"key":"SMITH"}],"circlet_count":0,"master_deck":["PrismaMod:ChloeCommonAttack","PrismaMod:ChloeCommonAttack","PrismaMod:ChloeCommonAttack","PrismaMod:ChloeCommonAttack","PrismaMod:ChloeCommonAttack","PrismaMod:ChloeCommonDefend","PrismaMod:ChloeCommonDefend","PrismaMod:ChloeCommonDefend","PrismaMod:ChloeCommonDefend","PrismaMod:ChloeCommonDefend","PrismaMod:ChloeCheapAttack","PrismaMod:ChloeCheapDefend","PrismaMod:ChloeCommonAOEAttack","PrismaMod:ChloeEyeOfTheEuryale+1","PrismaMod:ChloeRitsuka","PrismaMod:ChloeRhongomyniad+1","PrismaMod:ChloeRhongomyniad"],"relics":["PrismaMod:PrismaTraceOn","Tiny Chest","downfall:HeartBlessingRed","Odd Mushroom","downfall:HeartBlessingBlue","Pen Nib","Turnip"],"acts_visited":["Exordium"],"potions_floor_usage":[10,16,16],"damage_taken":[{"damage":36,"enemies":"Lagavulin","floor":2,"turns":10},{"damage":9,"enemies":"Jaw Worm","floor":3,"turns":2},{"damage":0,"enemies":"Small Slimes","floor":4,"turns":5},{"damage":0,"enemies":"Cultist","floor":6,"turns":3},{"damage":0,"enemies":"The Mushroom Lair","floor":8,"turns":1},{"damage":24,"enemies":"3 Sentries","floor":10,"turns":10},{"damage":0,"enemies":"Large Slime","floor":12,"turns":5},{"damage":0,"enemies":"2 Fungi Beasts","floor":13,"turns":1},{"damage":0,"enemies":"Blue Slaver","floor":15,"turns":2},{"damage":16,"enemies":"downfall:Defect","floor":16,"turns":4}],"seed_played":"-3039648949175905603","potions_obtained":[{"floor":6,"key":"PowerPotion"},{"floor":8,"key":"Swift Potion"},{"floor":13,"key":"Energy Potion"}],"is_trial":false,"path_per_floor":["R","E","M","M","R","M","T","?","R","E","?","M","M","T","M","B"],"character_chosen":"CHLOE","items_purchased":[],"campfire_rested":0,"item_purchase_floors":[],"current_hp_per_floor":[75,39,30,30,30,30,30,30,40,16,16,16,16,16,16,0,0],"gold":161,"neow_bonus":"THREE_CARDS","is_daily":false,"chose_seed":false,"campfire_upgraded":2,"win_rate":0.0,"timestamp":1607917442,"path_taken":["R","E","M","M","R","M","T","?","R","E","?","M","?","?","M","BOSS"],"items_purchased_type":[],"build_version":"2020-12-13","purchased_purges":0,"victory":false,"max_hp_per_floor":[75,75,75,75,75,75,75,75,85,85,85,85,85,85,85,85,85],"card_choices":[{"not_picked":["PrismaMod:ChloeDiscardRecovery","PrismaMod:ChloeBetterTracePools"],"picked":"PrismaMod:ChloeCommonAOEAttack","floor":0},{"not_picked":["PrismaMod:ChloeCheapDefendTwo","PrismaMod:ChloeCheapAttack"],"picked":"PrismaMod:ChloeUncommonAOEAttack","floor":2},{"not_picked":["PrismaMod:ChloeCaladbolg","PrismaMod:ChloeCheapDefendTwo"],"picked":"PrismaMod:ChloeEyeOfTheEuryale","floor":3},{"not_picked":["PrismaMod:ChloeCheapDefendTwo","PrismaMod:ChloeCheapAttackTwo","PrismaMod:ChloeCheapDefend"],"picked":"SKIP","floor":4},{"not_picked":["PrismaMod:ChloeDiscardRecovery","PrismaMod:ChloeBetterTracePools"],"picked":"PrismaMod:ChloeRitsuka","floor":6},{"not_picked":["PrismaMod:ChloeCheapAttackTwo","PrismaMod:ChloeUncommonDefend"],"picked":"PrismaMod:ChloeRhongomyniad","floor":8},{"not_picked":["PrismaMod:ChloeMaid","PrismaMod:ChloeCheapAttack","PrismaMod:ChloeExhaustTwo"],"picked":"SKIP","floor":10},{"not_picked":["PrismaMod:ChloeUncommonAOEAttack","PrismaMod:ChloeUncommonAttack","PrismaMod:ChloeExhaustOne"],"picked":"SKIP","floor":12},{"not_picked":["PrismaMod:ChloeExhaustOne","PrismaMod:ChloeCheapDefend","PrismaMod:ChloeCommonAOEAttack"],"picked":"SKIP","floor":13},{"not_picked":["PrismaMod:ChloeExhaustOne","PrismaMod:ChloeExhaustTwo"],"picked":"PrismaMod:ChloeRhongomyniad","floor":15}],"player_experience":629819,"relics_obtained":[{"floor":2,"key":"Tiny Chest"},{"floor":8,"key":"Odd Mushroom"},{"floor":10,"key":"Pen Nib"},{"floor":14,"key":"Turnip"}],"event_choices":[{"damage_healed":0,"gold_gain":0,"player_choice":"Fought Mushrooms","damage_taken":0,"max_hp_gain":0,"max_hp_loss":0,"event_name":"Mushrooms","floor":8,"gold_loss":0},{"cards_removed":["PrismaMod:ChloeUncommonAOEAttack"],"damage_healed":0,"gold_gain":0,"player_choice":"Purged","damage_taken":0,"max_hp_gain":0,"max_hp_loss":0,"event_name":"Purifier","floor":11,"gold_loss":0}],"is_beta":false,"boss_relics":[],"items_purged_floors":[],"is_endless":false,"potions_floor_spawned":[6,8,13],"killed_by":"downfall:Defect","ascension_level":3}}