{"host":"do5be0rrwzdbe7ng","time":1607949665,"event":{"mods":["AchievementEnabler","BaseMod","Colored Map","Colored Powertips","Custom Start","DeckTracker","Keyboard Shortcuts","Minty Spire (QoL Compilation)","Quick Restart","StSLib","SuperFastMode","everything is the same but u backflip on backflip"],"gold_per_floor":[116,116,129,143,160,160,174,174,223,21,171,171,198,209,209,285,285,302,316,366,366,266,266,266],"floor_reached":23,"playtime":676,"items_purged":["Strike_B","Doubt"],"score":439,"play_id":"1da08811-83bf-4731-b78f-809db615e8f7","local_time":"20201214214105","is_ascension_mode":true,"campfire_choices":[{"data":"White Noise","floor":6.0,"key":"SMITH"},{"data":"Fission","floor":12.0,"key":"SMITH"},{"floor":15.0,"key":"REST"}],"circlet_count":0,"master_deck":["AscendersBane","Defend_B","Defend_B","Zap","Dualcast","Fission+1","Rebound","Cold Snap","Compile Driver","Heatsinks","White Noise+1","Storm","White Noise","Biased Cognition","Meteor Strike","Steam+1","Core Surge+1","Consume+1","Turbo"],"relics":["Cracked Core","DataDisk","Bag of Preparation","Odd Mushroom","Astrolabe"],"acts_visited":["Exordium","TheCity"],"potions_floor_usage":[23],"damage_taken":[{"damage":3.0,"enemies":"Cultist","floor":1.0,"turns":3.0},{"damage":6.0,"enemies":"Small Slimes","floor":3.0,"turns":3.0},{"damage":5.0,"enemies":"2 Louse","floor":4.0,"turns":2.0},{"damage":3.0,"enemies":"Large Slime","floor":5.0,"turns":3.0},{"damage":4.0,"enemies":"Looter","floor":7.0,"turns":4.0},{"damage":5.0,"enemies":"The Mushroom Lair","floor":13.0,"turns":4.0},{"damage":23.0,"enemies":"Blue Slaver","floor":14.0,"turns":5.0},{"damage":0.0,"enemies":"Hexaghost","floor":16.0,"turns":8.0},{"damage":14.0,"enemies":"2 Thieves","floor":18.0,"turns":2.0},{"damage":0.0,"enemies":"Chosen","floor":19.0,"turns":3.0},{"damage":46,"enemies":"Slavers","floor":23,"turns":4}],"seed_played":"2866710114751049179","potions_obtained":[{"floor":3.0,"key":"Fire Potion"},{"floor":4.0,"key":"Fire Potion"},{"floor":5.0,"key":"Strength Potion"},{"floor":19.0,"key":"ColorlessPotion"}],"is_trial":false,"path_per_floor":["M","T","M","M","M","R","M","?","T","$","?","R","?","M","R","B",null,"M","M","?","?","$","E"],"character_chosen":"DEFECT","items_purchased":["Storm","White Noise"],"campfire_rested":1,"item_purchase_floors":[10,10],"current_hp_per_floor":[61,61,55,50,47,47,43,36,36,36,36,36,31,8,29,29,61,47,47,47,47,47,1,1],"gold":266,"neow_bonus":"TRANSFORM_TWO_CARDS","is_daily":false,"chose_seed":false,"campfire_upgraded":2,"win_rate":0.0,"timestamp":1607949665,"path_taken":["M","?","?","M","M","R","M","?","T","$","?","R","?","M","R","BOSS","M","M","?","?","$","E"],"items_purchased_type":["Card","Card"],"build_version":"2020-12-13","purchased_purges":2,"victory":false,"max_hp_per_floor":[71,71,71,71,71,71,71,71,71,71,71,71,71,71,71,71,71,71,71,71,71,71,71,71],"card_choices":[{"not_picked":["Steam","Stack"],"picked":"Cold Snap","floor":1.0},{"not_picked":["Storm","Rebound"],"picked":"Compile Driver","floor":3.0},{"not_picked":["Compile Driver","Rebound"],"picked":"Heatsinks","floor":4.0},{"not_picked":["Tempest","Lockon"],"picked":"White Noise","floor":5.0},{"not_picked":["Fission","Conserve Battery","Compile Driver"],"picked":"SKIP","floor":7.0},{"not_picked":["Conserve Battery","Beam Cell"],"picked":"Biased Cognition","floor":14.0},{"not_picked":["Hyperbeam","Amplify"],"picked":"Meteor Strike","floor":16.0},{"not_picked":["Storm","Hologram"],"picked":"Turbo","floor":18.0},{"not_picked":["Lockon","Steam+1","Compile Driver"],"picked":"SKIP","floor":19.0}],"player_experience":338641,"relics_obtained":[{"floor":2.0,"key":"DataDisk"},{"floor":9.0,"key":"Bag of Preparation"},{"floor":13.0,"key":"Odd Mushroom"}],"event_choices":[{"cards_removed":["Pain"],"damage_healed":0.0,"max_hp_gain":0.0,"max_hp_loss":0.0,"gold_gain":0.0,"event_name":"Golden Wing","player_choice":"Card Removal","floor":8.0,"gold_loss":0.0,"damage_taken":7.0},{"damage_healed":0.0,"max_hp_gain":0.0,"max_hp_loss":0.0,"gold_gain":150.0,"event_name":"Liars Game","player_choice":"AGREE","floor":11.0,"gold_loss":0.0,"damage_taken":0.0,"cards_obtained":["Doubt"]},{"damage_healed":0.0,"max_hp_gain":0.0,"max_hp_loss":0.0,"gold_gain":0.0,"event_name":"Mushrooms","player_choice":"Fought Mushrooms","floor":13.0,"gold_loss":0.0,"damage_taken":0.0},{"damage_healed":0.0,"max_hp_gain":0.0,"max_hp_loss":0.0,"gold_gain":50.0,"event_name":"Nest","player_choice":"Stole From Cult","floor":20.0,"gold_loss":0.0,"damage_taken":0.0},{"damage_healed":0.0,"max_hp_gain":0.0,"max_hp_loss":0.0,"gold_gain":0.0,"event_name":"The Mausoleum","player_choice":"Ignored","floor":21.0,"gold_loss":0.0,"damage_taken":0.0}],"is_beta":false,"boss_relics":[{"not_picked":["Black Star","Pandora\u0027s Box"],"picked":"Astrolabe"}],"items_purged_floors":[10,22],"is_endless":false,"potions_floor_spawned":[3,4,5,7,19],"killed_by":"Slavers","ascension_level":18}}