{"host":"cr9rpoy6dx9riis3","time":1607970043,"event":{"mods":["AchievementEnabler","BaseMod","Better Altar","Better Note","Better Sensory Stone","Better Skull","Better Third Choice","Better-Laid Plans","BetterRewards","Block Reminder","Curses Come First","Displayed Cursed Tome","Emptier Cage","Marked Mod","Minty Spire (QoL Compilation)","Permanent Neow","Relic Sorter","StSLib","The Blue Laboratory","Transform Curses"],"gold_per_floor":[109,129,142,36,49,80,80,110,180,180,193,206,206,217,217,321,321,341,145,159,159,175,175,200,234,234,234,234],"floor_reached":27,"playtime":1110,"items_purged":["Bash","Strike_R"],"score":397,"play_id":"531d8c05-4d4a-4776-b13d-24e5147e8f41","local_time":"20201214192043","is_ascension_mode":true,"campfire_choices":[{"data":"Exhume","floor":7.0,"key":"SMITH"},{"data":"Spot Weakness","floor":10.0,"key":"SMITH"},{"data":"Rampage","floor":13.0,"key":"SMITH"},{"floor":15.0,"key":"REST"},{"data":"Carnage","floor":23.0,"key":"SMITH"}],"circlet_count":0,"master_deck":["Strike_R","Strike_R","Strike_R","Strike_R","Defend_R","Defend_R","Defend_R","Defend_R","Hemokinesis","Exhume+1","Spot Weakness+1","Disarm","Carnage+1","Rampage+1","Impervious","Blood for Blood","Flash of Steel","Rampage"],"relics":["Burning Blood","Coffee Dripper","Bottled Lightning","Ginger","Self Forming Clay","Shuriken"],"acts_visited":["Exordium","TheCity"],"potions_floor_usage":[25,25,25],"damage_taken":[{"damage":6.0,"enemies":"Jaw Worm","floor":1.0,"turns":4.0},{"damage":13.0,"enemies":"Small Slimes","floor":2.0,"turns":4.0},{"damage":2.0,"enemies":"2 Louse","floor":3.0,"turns":3.0},{"damage":16.0,"enemies":"2 Fungi Beasts","floor":5.0,"turns":5.0},{"damage":36.0,"enemies":"3 Sentries","floor":6.0,"turns":8.0},{"damage":33.0,"enemies":"Gremlin Nob","floor":8.0,"turns":4.0},{"damage":5.0,"enemies":"Red Slaver","floor":11.0,"turns":4.0},{"damage":2.0,"enemies":"3 Louse","floor":12.0,"turns":3.0},{"damage":9.0,"enemies":"Looter","floor":14.0,"turns":4.0},{"damage":29.0,"enemies":"Hexaghost","floor":16.0,"turns":10.0},{"damage":22.0,"enemies":"3 Byrds","floor":18.0,"turns":5.0},{"damage":16.0,"enemies":"2 Thieves","floor":20.0,"turns":4.0},{"damage":24.0,"enemies":"Shelled Parasite and Fungi","floor":22.0,"turns":5.0},{"damage":21.0,"enemies":"Masked Bandits","floor":24.0,"turns":4.0},{"damage":25,"enemies":"Slavers","floor":25,"turns":6},{"damage":11,"enemies":"Book of Stabbing","floor":27,"turns":2}],"seed_played":"1191347081965184370","potions_obtained":[{"floor":2.0,"key":"SpeedPotion"},{"floor":3.0,"key":"blueLaboratory:NullPotion"},{"floor":8.0,"key":"SteroidPotion"},{"floor":11.0,"key":"blueLaboratory:EntrenchedPotion"},{"floor":18.0,"key":"SpeedPotion"},{"floor":20.0,"key":"DuplicationPotion"},{"floor":24.0,"key":"CultistPotion"}],"is_trial":false,"path_per_floor":["M","M","M","$","M","E","R","E","T","R","M","M","R","M","R","B",null,"M","$","M","?","M","R","?","E","T","E"],"character_chosen":"IRONCLAD","items_purchased":["Hemokinesis","Lee\u0027s Waffle","Spot Weakness","Disarm","Flash of Steel"],"campfire_rested":1,"item_purchase_floors":[0,0,4,4,19],"current_hp_per_floor":[87,80,84,84,74,44,44,17,17,17,18,22,22,19,45,22,87,71,71,61,61,43,43,28,9,9,0,0],"gold":234,"neow_bonus":"","is_daily":false,"chose_seed":false,"campfire_upgraded":4,"win_rate":0.0,"timestamp":1607970043,"path_taken":["M","M","M","$","M","E","R","E","T","R","M","M","R","M","R","BOSS","M","$","M","?","M","R","?","E","T","E"],"items_purchased_type":["Card","Relic","Card","Card","Card"],"build_version":"2020-12-13","purchased_purges":2,"victory":false,"max_hp_per_floor":[87,87,87,87,87,87,87,87,87,87,87,87,87,87,87,87,87,87,87,87,87,87,87,87,87,87,87,87],"card_choices":[{"not_picked":["Entrench","Perfected Strike","Feel No Pain"],"picked":"SKIP","floor":1.0},{"not_picked":["Heavy Blade","Iron Wave","Flex"],"picked":"SKIP","floor":2.0},{"not_picked":["Dark Embrace","Body Slam"],"picked":"Exhume","floor":3.0},{"not_picked":["Clash","Perfected Strike","Anger"],"picked":"SKIP","floor":5.0},{"not_picked":["Armaments","Clothesline","Sentinel"],"picked":"SKIP","floor":6.0},{"not_picked":["Sword Boomerang","Feel No Pain"],"picked":"Carnage","floor":8.0},{"not_picked":["Intimidate","Shrug It Off","Clash"],"picked":"SKIP","floor":11.0},{"not_picked":["Heavy Blade","Cleave"],"picked":"Rampage","floor":12.0},{"not_picked":["Perfected Strike","Twin Strike","Wild Strike"],"picked":"SKIP","floor":14.0},{"not_picked":["Corruption","Fiend Fire"],"picked":"Impervious","floor":16.0},{"not_picked":["Iron Wave","Twin Strike"],"picked":"Blood for Blood","floor":18.0},{"not_picked":["Body Slam","Thunderclap","Shrug It Off"],"picked":"SKIP","floor":20.0},{"not_picked":["Fiend Fire","Twin Strike","Thunderclap"],"picked":"SKIP","floor":22.0},{"not_picked":["Fiend Fire","Twin Strike","Thunderclap"],"picked":"SKIP","floor":22.0},{"not_picked":["Entrench","Shrug It Off"],"picked":"Rampage","floor":24.0},{"not_picked":["Flex","Havoc","Wild Strike+1"],"picked":"SKIP","floor":25}],"player_experience":698842,"relics_obtained":[{"floor":6.0,"key":"Self Forming Clay"},{"floor":8.0,"key":"Ginger"},{"floor":9.0,"key":"Shuriken"},{"floor":26,"key":"Bottled Lightning"}],"event_choices":[{"cards_removed":["Spot Weakness"],"damage_healed":0.0,"max_hp_gain":0.0,"max_hp_loss":0.0,"gold_gain":0.0,"event_name":"betterNote:BetterNote","player_choice":"Give","floor":21.0,"gold_loss":0.0,"damage_taken":0.0,"cards_obtained":["None"]},{"damage_healed":0.0,"max_hp_gain":0.0,"max_hp_loss":0.0,"gold_gain":0.0,"event_name":"Masked Bandits","player_choice":"Fought Bandits","floor":24.0,"gold_loss":0.0,"damage_taken":0.0}],"is_beta":false,"boss_relics":[{"not_picked":["Pandora\u0027s Box","Mark of Pain"],"picked":"Coffee Dripper"}],"items_purged_floors":[0,19],"is_endless":false,"potions_floor_spawned":[2,3,8,11,18,20,24],"killed_by":"Book of Stabbing","ascension_level":3}}