{"host":"eyd8pf3bw1xm0qjv","time":1607968960,"event":{"mods":["AchievementEnabler","Aspiration","Bard","BaseMod","Beaked The Cultist","BetterRewards","CCEM","Challenge The Spire","Clawfect","Colored Map","Conspire","Downfall","Duelist Mod","Ekko","GifTheSpireLib","Glutton Mod","Googly Eyes","Halation","Hermit","Highlight Path","Hubris","Jedi Mod","Jorbs\u0027s Wanderer Trilogy","Mad Scientist","Marisa????????","Mimic Mod","Minty Spire (QoL Compilation)","Permanent Neow","Potionbrewer","Relic Sorter","Replay The Spire","StSLib","Stuff the Spire","The Administrix","The Animator","The Blackbeard","The Bug Knight","The Construct","The Cursed","The Dragon Tamer","The Florist","The Gatherer","The Hierophant","The IronCluck","The Jungle","The Mystic","The Necromancer","The Problem Sleuth","The Runesmith","The Servant 0.9.4","The Spell Scribe","vexMod"],"gold_per_floor":[110,128,128,8,26,58,58,75,75,92,107,107,150,166,166,176,176],"floor_reached":16,"playtime":1026,"items_purged":[],"score":114,"play_id":"212aa31f-d958-4f3b-8bbb-98323c5079e0","local_time":"20201214130240","is_ascension_mode":false,"campfire_choices":[{"data":"potionbrewer:Collect","floor":7,"key":"SMITH"},{"floor":15,"key":"REST"}],"circlet_count":0,"master_deck":["potionbrewer:PotionbrewerStrike","potionbrewer:PotionbrewerStrike","potionbrewer:PotionbrewerStrike","potionbrewer:PotionbrewerStrike","potionbrewer:PotionbrewerDefend","potionbrewer:PotionbrewerDefend","potionbrewer:PotionbrewerDefend","potionbrewer:PotionbrewerDefend","potionbrewer:Collect+1","potionbrewer:ChemicalSpill","potionbrewer:HazardousWaste","potionbrewer:FuelCell","potionbrewer:EmptyBottle","potionbrewer:IronHeart","potionbrewer:FortifiedSerum","potionbrewer:Shovel","potionbrewer:UnstableFormula","potionbrewer:BrokenBeakers","potionbrewer:Biohazard","potionbrewer:Prototype","potionbrewer:ChemicalShroud","potionbrewer:WizBang"],"relics":["potionbrewer:PotionKit","aspiration:Lifesprig","halation:PrussianBluePaint","NlothsMask","aspiration:HummingbirdHeart"],"acts_visited":["Exordium"],"potions_floor_usage":[1,2,5,6,6,8,8,10,10,11,13,13,13,16,16,16],"damage_taken":[{"damage":2,"enemies":"2 Louse","floor":1,"turns":4},{"damage":1,"enemies":"Cultist","floor":2,"turns":4},{"damage":8,"enemies":"Small Slimes","floor":5,"turns":7},{"damage":9,"enemies":"Lagavulin","floor":6,"turns":5},{"damage":7,"enemies":"Gremlin Gang","floor":8,"turns":5},{"damage":10,"enemies":"Exordium Thugs","floor":10,"turns":3},{"damage":3,"enemies":"Exordium Wildlife","floor":11,"turns":4},{"damage":17,"enemies":"3 Sentries","floor":13,"turns":6},{"damage":4,"enemies":"3 Louse","floor":14,"turns":2},{"damage":36,"enemies":"Fading Forest","floor":16,"turns":7}],"seed_played":"14028198508778226","potions_obtained":[{"floor":5,"key":"Adrenaline Potion"},{"floor":8,"key":"potionbrewer:AcidPotion"},{"floor":11,"key":"Swift Potion"},{"floor":14,"key":"Block Potion"}],"is_trial":false,"path_per_floor":["M","M","?","$","M","E","R","M","T","M","M","?","E","M","R","B"],"character_chosen":"POTIONBREWER","items_purchased":["potionbrewer:IronHeart","potionbrewer:FortifiedSerum"],"campfire_rested":1,"item_purchase_floors":[4,4],"current_hp_per_floor":[73,72,72,72,64,55,55,48,48,38,35,35,18,14,36,0,0],"gold":176,"neow_bonus":"ONE_RANDOM_RARE_CARD","is_daily":false,"chose_seed":false,"campfire_upgraded":1,"win_rate":0.0,"timestamp":1607968960,"path_taken":["M","M","?","$","?","E","R","M","T","M","M","?","E","M","R","BOSS"],"items_purchased_type":["Card","Card"],"build_version":"2020-12-13","purchased_purges":0,"victory":false,"max_hp_per_floor":[75,75,75,75,75,75,75,75,75,75,75,75,75,75,75,75,75],"card_choices":[{"not_picked":["potionbrewer:QuickStep","potionbrewer:Refill"],"picked":"potionbrewer:FuelCell","floor":1},{"not_picked":["potionbrewer:TestSubject","potionbrewer:Spark"],"picked":"potionbrewer:EmptyBottle","floor":2},{"not_picked":["potionbrewer:Refill","potionbrewer:CrossReference"],"picked":"potionbrewer:Shovel","floor":5},{"not_picked":["potionbrewer:Biohazard","potionbrewer:ExplosiveReaction"],"picked":"potionbrewer:UnstableFormula","floor":6},{"not_picked":["potionbrewer:UnstableFormula","potionbrewer:FlashPowder"],"picked":"potionbrewer:BrokenBeakers","floor":8},{"not_picked":["potionbrewer:Brandish","potionbrewer:TimeBomb"],"picked":"potionbrewer:Biohazard","floor":10},{"not_picked":["potionbrewer:TimeBomb","potionbrewer:BlindingSpray","potionbrewer:IronFist"],"picked":"potionbrewer:Prototype","floor":11},{"not_picked":["potionbrewer:FortifiedSerum","potionbrewer:TimeBomb"],"picked":"potionbrewer:ChemicalShroud","floor":13},{"not_picked":["potionbrewer:Biohazard","potionbrewer:FlashPowder"],"picked":"potionbrewer:WizBang","floor":14}],"player_experience":151490,"relics_obtained":[{"floor":6,"key":"halation:PrussianBluePaint"},{"floor":13,"key":"aspiration:HummingbirdHeart"}],"event_choices":[{"damage_healed":0,"gold_gain":0,"player_choice":"Gave Potion","damage_taken":0,"relics_obtained":["aspiration:Lifesprig"],"max_hp_gain":0,"max_hp_loss":0,"event_name":"WeMeetAgain","floor":3,"gold_loss":0},{"damage_healed":0,"gold_gain":0,"player_choice":"Trade","damage_taken":0,"relics_obtained":["NlothsMask"],"max_hp_gain":0,"max_hp_loss":0,"event_name":"FaceTrader","floor":12,"gold_loss":0}],"is_beta":false,"boss_relics":[],"items_purged_floors":[],"is_endless":false,"potions_floor_spawned":[5,8,11,14],"killed_by":"Fading Forest","ascension_level":0}}