{"host":"jmyzvm1p6bjfuoy1","time":1607929499,"event":{"mods":["2.2 Compatiblity","AchievementEnabler","Aspiration","BaseMod","BetterRewards","Conspire","Hubris","Hunter ??","Jedi Mod","Minty Spire (QoL Compilation)","Permanent Neow","Rare Cards Sparkle","Shop Mod","Spicy Shops","StSLib","The Runesmith"],"gold_per_floor":[119,131,146,90,105,105,139,139,139,139,157,1,15,25,25,129,129,148,161,174,98,98,98],"floor_reached":22,"playtime":2510,"items_purged":[],"score":190,"play_id":"414d201a-d03e-4ecb-badf-0d9a90236dda","local_time":"20201214020459","is_ascension_mode":false,"campfire_choices":[{"data":"Hello World","floor":6.0,"key":"SMITH"},{"floor":8.0,"key":"REST"},{"data":"Fusion","floor":10.0,"key":"SMITH"},{"data":"Static Discharge","floor":15.0,"key":"SMITH"}],"circlet_count":0,"master_deck":["Strike_B","Strike_B","Strike_B","Strike_B","Defend_B","Defend_B","Defend_B","Defend_B","Zap","Dualcast","Static Discharge+1","Melter","jedi:BurstLightning","Ball Lightning","Hello World+1","Fusion+1","Loop","jedi:blockon","Loop","Thunder Strike","jedi:blockon","Cold Snap+1","Sunder"],"relics":["Cracked Core","aspiration:Nostalgia","Burning Blood","conspire:TopHat","Gremlin Horn","Runic Capacitor","Inserter","Pen Nib"],"acts_visited":["Exordium","TheCity"],"potions_floor_usage":[],"damage_taken":[{"damage":1.0,"enemies":"Cultist","floor":1.0,"turns":3.0},{"damage":1.0,"enemies":"conspire:RoseBush","floor":2.0,"turns":3.0},{"damage":6.0,"enemies":"Jaw Worm","floor":3.0,"turns":3.0},{"damage":10.0,"enemies":"Looter","floor":5.0,"turns":3.0},{"damage":21.0,"enemies":"Lagavulin","floor":7.0,"turns":5.0},{"damage":7.0,"enemies":"conspire:2 RoseBushes","floor":11.0,"turns":4.0},{"damage":14.0,"enemies":"3 Louse","floor":13.0,"turns":3.0},{"damage":1.0,"enemies":"2 Fungi Beasts","floor":14.0,"turns":3.0},{"damage":24.0,"enemies":"Hexaghost","floor":16.0,"turns":6.0},{"damage":10.0,"enemies":"3 Byrds","floor":18.0,"turns":4.0},{"damage":33.0,"enemies":"conspire:FuzzyDice","floor":19.0,"turns":6.0},{"damage":19.0,"enemies":"conspire:HollyBat","floor":20.0,"turns":6.0},{"damage":31,"enemies":"Centurion and Healer","floor":22,"turns":2}],"seed_played":"1327450923682237880","potions_obtained":[{"floor":2.0,"key":"FocusPotion"},{"floor":5.0,"key":"BlessingOfTheForge"},{"floor":11.0,"key":"CultistPotion"},{"floor":16.0,"key":"AttackPotion"},{"floor":19.0,"key":"LiquidBronze"}],"is_trial":false,"path_per_floor":["M","M","M","$","M","R","E","R","T","R","M","$","M","M","R","B",null,"M","M","M","$","M"],"character_chosen":"DEFECT","items_purchased":["Ball Lightning","Runic Capacitor","Pen Nib"],"campfire_rested":1,"item_purchase_floors":[4,12,21],"current_hp_per_floor":[75,75,75,75,71,71,56,75,75,75,74,74,66,71,71,53,75,71,44,31,31,0,0],"gold":98,"neow_bonus":"NOSTALGIA","is_daily":false,"chose_seed":false,"campfire_upgraded":3,"win_rate":0.0,"timestamp":1607929499,"path_taken":["M","M","M","$","M","R","E","R","T","R","M","$","M","?","R","BOSS","M","?","M","$","M"],"items_purchased_type":["Card","Relic","Relic"],"build_version":"2020-12-13","purchased_purges":0,"victory":false,"max_hp_per_floor":[75,75,75,75,75,75,75,75,75,75,75,75,75,75,75,75,75,75,75,75,75,75,75],"card_choices":[{"not_picked":["Rebound","Turbo"],"picked":"Static Discharge","floor":1.0},{"not_picked":["Beam Cell","Cold Snap"],"picked":"Melter","floor":2.0},{"not_picked":["Barrage","Leap"],"picked":"jedi:BurstLightning","floor":3.0},{"not_picked":["conspire:SharedLibrary","Conserve Battery"],"picked":"Hello World","floor":5.0},{"not_picked":["Creative AI","Tempest"],"picked":"Fusion","floor":7.0},{"not_picked":["Skim","Turbo"],"picked":"Loop","floor":11.0},{"not_picked":["Cold Snap","Compile Driver"],"picked":"jedi:blockon","floor":13.0},{"not_picked":["Cold Snap","Leap"],"picked":"Loop","floor":14.0},{"not_picked":["hubris:DoWhile","jedi:studyfrost"],"picked":"Thunder Strike","floor":16.0},{"not_picked":["Rebound","Beam Cell+1"],"picked":"jedi:blockon","floor":18.0},{"not_picked":["Coolheaded+1","Conserve Battery"],"picked":"Cold Snap+1","floor":19.0},{"not_picked":["Tempest+1","Ball Lightning+1"],"picked":"Sunder","floor":20.0}],"player_experience":277186,"relics_obtained":[{"floor":7.0,"key":"conspire:TopHat"},{"floor":9.0,"key":"Gremlin Horn"}],"event_choices":[],"is_beta":false,"boss_relics":[{"not_picked":["hubris:BlackHole","Tiny House"],"picked":"Inserter"}],"items_purged_floors":[],"is_endless":false,"potions_floor_spawned":[2,5,11,13,16,19],"killed_by":"Centurion and Healer","ascension_level":0}}