{"host":"z9rwthyxsf7d04ix","time":1607965389,"event":{"mods":["AchievementEnabler","BaseMod","Colored Map","Colored Powertips","Minty Spire (QoL Compilation)","Quick Restart"],"gold_per_floor":[364,539,552,552,564,599,599,629,629,648,667,362,362,362,362,457,507,519,519,519,56,56,56,90,90,90,125,140,140,140],"floor_reached":29,"playtime":2123,"items_purged":[],"score":295,"play_id":"85f285e8-be6b-43b9-bd8d-b19a8df97244","local_time":"20201214190309","is_ascension_mode":true,"campfire_choices":[{"floor":7,"key":"REST"},{"floor":15,"key":"REST"},{"floor":23,"key":"RECALL"},{"floor":25,"key":"REST"}],"circlet_count":0,"master_deck":["Strike_R","Strike_R","Strike_R","Strike_R","Strike_R","Defend_R","Defend_R+1","Defend_R","Defend_R","Bash","Anger","Metallicize","Flex","Berserk","Evolve","Dark Embrace","Fiend Fire","Writhe","Feel No Pain","Cleave","Storm of Steel","Dagger Spray+1","White Noise"],"relics":["Burning Blood","Spirit Poop","Sundial","Bag of Marbles","White Beast Statue","MealTicket","PrismaticShard","Strawberry","Tiny House","MutagenicStrength","Meat on the Bone","Question Card","Strange Spoon","Juzu Bracelet","Paper Frog","Happy Flower"],"acts_visited":["Exordium","TheCity"],"potions_floor_usage":[8,11,16,16,24,28,29],"damage_taken":[{"damage":1,"enemies":"Cultist","floor":1,"turns":4},{"damage":2,"enemies":"Jaw Worm","floor":3,"turns":3},{"damage":3,"enemies":"Small Slimes","floor":5,"turns":4},{"damage":42,"enemies":"3 Sentries","floor":6,"turns":12},{"damage":18,"enemies":"Gremlin Nob","floor":8,"turns":4},{"damage":27,"enemies":"3 Louse","floor":10,"turns":4},{"damage":16,"enemies":"Large Slime","floor":11,"turns":7},{"damage":57,"enemies":"Hexaghost","floor":16,"turns":10},{"damage":17,"enemies":"Chosen","floor":18,"turns":6},{"damage":30,"enemies":"Gremlin Leader","floor":24,"turns":6},{"damage":79,"enemies":"Slavers","floor":27,"turns":9},{"damage":38,"enemies":"Spheric Guardian","floor":28,"turns":7},{"damage":40,"enemies":"Gremlin Leader","floor":29,"turns":4}],"seed_played":"4157732925323668437","potions_obtained":[{"floor":3,"key":"SteroidPotion"},{"floor":6,"key":"SkillPotion"},{"floor":8,"key":"BloodPotion"},{"floor":10,"key":"DuplicationPotion"},{"floor":11,"key":"SmokeBomb"},{"floor":16,"key":"ColorlessPotion"},{"floor":17,"key":"FearPotion"},{"floor":24,"key":"Energy Potion"},{"floor":27,"key":"BloodPotion"},{"floor":28,"key":"Swift Potion"}],"is_trial":false,"path_per_floor":["M","?","M","?","M","E","R","E","T","M","M","$","?","?","R","B",null,"M","?","?","$","?","R","E","R","T","E","M","E"],"character_chosen":"IRONCLAD","items_purchased":["MealTicket","PrismaticShard","Question Card","Feel No Pain","Strange Spoon"],"campfire_rested":3,"item_purchase_floors":[12,12,21,21,21],"current_hp_per_floor":[61,61,65,65,68,32,56,44,44,23,29,29,36,36,62,11,92,81,81,81,92,92,92,68,92,92,31,29,0,0],"gold":140,"neow_bonus":"TWO_FIFTY_GOLD","is_daily":false,"chose_seed":false,"campfire_upgraded":0,"win_rate":0.0,"timestamp":1607965389,"path_taken":["M","?","M","?","M","E","R","E","T","?","M","$","?","?","R","BOSS","M","?","?","$","?","R","E","R","T","E","M","E"],"items_purchased_type":["Relic","Relic","Relic","Card","Relic"],"build_version":"2020-12-13","purchased_purges":0,"victory":false,"max_hp_per_floor":[80,80,80,80,80,80,80,80,80,80,80,80,87,87,87,87,92,92,92,92,92,92,92,92,92,92,92,92,92,92],"card_choices":[{"not_picked":["Warcry","Iron Wave"],"picked":"Anger","floor":1},{"not_picked":["Infernal Blade","Perfected Strike"],"picked":"Metallicize","floor":3},{"not_picked":["Warcry","Uppercut"],"picked":"Flex","floor":5},{"not_picked":["Offering","Flame Barrier"],"picked":"Berserk","floor":6},{"not_picked":["Reckless Charge","Armaments"],"picked":"Evolve","floor":8},{"not_picked":["Intimidate","Perfected Strike"],"picked":"Dark Embrace","floor":10},{"not_picked":["Clash","Sword Boomerang","Searing Blow"],"picked":"SKIP","floor":11},{"not_picked":["Limit Break","Bludgeon"],"picked":"Fiend Fire","floor":16},{"not_picked":["Clash","Steam Power","Body Slam"],"picked":"SKIP","floor":18},{"not_picked":["Protect","Armaments","Havoc+1"],"picked":"Storm of Steel","floor":24},{"not_picked":["Ball Lightning","Backflip","Perfected Strike"],"picked":"Dagger Spray+1","floor":27},{"not_picked":["FollowUp","Enlightenment","Headbutt"],"picked":"White Noise","floor":28}],"player_experience":727781,"relics_obtained":[{"floor":6,"key":"Sundial"},{"floor":8,"key":"Bag of Marbles"},{"floor":9,"key":"White Beast Statue"},{"floor":24,"key":"Juzu Bracelet"},{"floor":26,"key":"Paper Frog"},{"floor":27,"key":"Happy Flower"}],"event_choices":[{"damage_healed":0,"gold_gain":175,"player_choice":"AGREE","damage_taken":0,"max_hp_gain":0,"max_hp_loss":0,"event_name":"Liars Game","floor":2,"gold_loss":0,"cards_obtained":["Doubt"]},{"cards_removed":["Doubt"],"damage_healed":0,"gold_gain":0,"player_choice":"Offered Curse","damage_taken":0,"relics_obtained":["Spirit Poop"],"max_hp_gain":0,"max_hp_loss":0,"event_name":"Bonfire Elementals","floor":4,"gold_loss":0},{"damage_healed":0,"gold_gain":0,"player_choice":"Box","damage_taken":0,"relics_obtained":["Strawberry"],"max_hp_gain":0,"max_hp_loss":0,"event_name":"Big Fish","floor":13,"gold_loss":0,"cards_obtained":["Regret"]},{"cards_removed":["Regret"],"damage_healed":0,"gold_gain":0,"player_choice":"Forget","damage_taken":0,"max_hp_gain":0,"max_hp_loss":0,"event_name":"Living Wall","floor":14,"gold_loss":0},{"damage_healed":0,"gold_gain":0,"player_choice":"Inject Mutagens","damage_taken":0,"relics_obtained":["MutagenicStrength"],"max_hp_gain":0,"max_hp_loss":0,"event_name":"Drug Dealer","floor":19,"gold_loss":0},{"damage_healed":0,"gold_gain":0,"player_choice":"Opened","damage_taken":0,"relics_obtained":["Meat on the Bone"],"max_hp_gain":0,"max_hp_loss":0,"event_name":"The Mausoleum","floor":20,"gold_loss":0,"cards_obtained":["Writhe"]},{"damage_healed":0,"gold_gain":0,"player_choice":"Read","damage_taken":0,"max_hp_gain":0,"max_hp_loss":0,"event_name":"The Library","floor":22,"gold_loss":0,"cards_obtained":["Cleave"]}],"is_beta":false,"boss_relics":[{"not_picked":["Runic Dome","Busted Crown"],"picked":"Tiny House"}],"items_purged_floors":[],"is_endless":false,"potions_floor_spawned":[3,6,8,10,11,16,18,24,27,28],"killed_by":"Gremlin Leader","ascension_level":2}}