{"host":"3j2m8n0ywf988fwb","time":1607934037,"event":{"mods":["BaseMod","Colored Map","Colored Powertips","Downfall","Highlight Path","Minty Spire (QoL Compilation)","StSLib"],"gold_per_floor":[99,124,124,29,29,60,140,57,77,77,97,108,108,108,126,225,225,225,235,235,235,248,267,313,338,263,263,263],"floor_reached":27,"playtime":1218,"items_purged":[],"score":289,"play_id":"047077bf-b9b5-4e53-8d05-19b426acf9eb","local_time":"20201214022037","daily_mods":["downfall:ExchangeController"],"is_ascension_mode":false,"campfire_choices":[{"data":"Bash","floor":1,"key":"SMITH"},{"data":"Infernal Blade","floor":5,"key":"SMITH"},{"floor":10,"key":"REST"},{"data":"Entrench","floor":18,"key":"SMITH"},{"data":"Havoc","floor":26,"key":"SMITH"}],"circlet_count":0,"master_deck":["Strike_R","Strike_R","Strike_R+1","Strike_R","Defend_R","Defend_R","Defend_R","Defend_R","Bash+1","True Grit","Bludgeon","Infernal Blade+1","Anger","Power Through+1","Inflame","Anger","Flex+1","Spot Weakness","Regret","Entrench+1","Anger","Impervious","Battle Trance","RitualDagger","Havoc+1","Thunderclap","Havoc+1"],"relics":["Black Blood","downfall:NeowBlessing_Player","MealTicket","Anchor","Paper Frog","Bottled Flame","Tiny Chest","Bag of Marbles","downfall:HeartBlessingGreen"],"acts_visited":["Exordium","TheCity"],"potions_floor_usage":[],"damage_taken":[{"damage":99,"enemies":"Lagavulin","floor":2,"turns":11},{"damage":0,"enemies":"downfall:FleeingMerchant","floor":4,"turns":4},{"damage":73,"enemies":"3 Sentries","floor":6,"turns":15},{"damage":15,"enemies":"downfall:FleeingMerchant","floor":8,"turns":4},{"damage":2,"enemies":"2 Louse","floor":9,"turns":4},{"damage":0,"enemies":"Cultist","floor":11,"turns":3},{"damage":0,"enemies":"Small Slimes","floor":12,"turns":4},{"damage":11,"enemies":"2 Fungi Beasts","floor":15,"turns":4},{"damage":92,"enemies":"downfall:Silent","floor":16,"turns":12},{"damage":38,"enemies":"Shell Parasite","floor":19,"turns":8},{"damage":0,"enemies":"Chosen","floor":22,"turns":4},{"damage":62,"enemies":"Shelled Parasite and Fungi","floor":23,"turns":9},{"damage":189,"enemies":"Gremlin Leader","floor":25,"turns":16},{"damage":35,"enemies":"Book of Stabbing","floor":27,"turns":5}],"seed_played":"8809616277112285721","potions_obtained":[{"floor":6,"key":"LiquidMemories"},{"floor":9,"key":"LiquidMemories"},{"floor":11,"key":"SteroidPotion"},{"floor":16,"key":"DuplicationPotion"},{"floor":19,"key":"champ:CounterPotion"},{"floor":22,"key":"Fire Potion"}],"is_trial":true,"path_per_floor":["R","E","?","$","R","E","T","$","M","R","M","M","?","?","M","B",null,"R","M","?","T","M","M","T","E","R","E"],"character_chosen":"IRONCLAD","items_purchased":["Infernal Blade","Inflame"],"campfire_rested":1,"item_purchase_floors":[4,8],"current_hp_per_floor":[180,87,87,108,108,41,41,47,51,105,111,117,117,117,112,26,280,280,254,248,248,260,210,210,33,33,0,0],"gold":263,"neow_bonus":"","is_daily":false,"chose_seed":false,"campfire_upgraded":4,"win_rate":0.0,"timestamp":1607934037,"path_taken":["R","E","?","?","R","E","T","$","M","R","?","M","?","?","M","BOSS","R","?","?","?","?","M","T","E","R","E"],"items_purchased_type":["Card","Card"],"build_version":"2020-12-13","purchased_purges":0,"victory":false,"max_hp_per_floor":[180,180,180,180,180,180,180,180,180,180,180,180,180,180,180,180,280,280,280,280,280,280,280,280,280,280,280,280],"card_choices":[{"not_picked":["Warcry","Entrench"],"picked":"True Grit","floor":2},{"not_picked":["Shrug It Off","Burning Pact"],"picked":"Bludgeon","floor":4},{"not_picked":["Body Slam","Wild Strike"],"picked":"Anger","floor":6},{"not_picked":["Headbutt","Clothesline"],"picked":"Power Through","floor":8},{"not_picked":["Clothesline","Shrug It Off"],"picked":"Anger","floor":9},{"not_picked":["Warcry","Disarm"],"picked":"Flex","floor":11},{"not_picked":["Demon Form","Pommel Strike"],"picked":"Spot Weakness","floor":12},{"not_picked":["Iron Wave","Warcry"],"picked":"Anger","floor":15},{"not_picked":["Feed","Exhume"],"picked":"Impervious","floor":16},{"not_picked":["Rampage","Whirlwind"],"picked":"Battle Trance","floor":19},{"not_picked":["Shockwave","Rampage"],"picked":"Havoc","floor":22},{"not_picked":["Cleave","True Grit"],"picked":"Thunderclap","floor":23},{"not_picked":["Seeing Red","Twin Strike"],"picked":"Havoc+1","floor":25}],"player_experience":920439,"relics_obtained":[{"floor":2,"key":"MealTicket"},{"floor":6,"key":"Anchor"},{"floor":7,"key":"Paper Frog"},{"floor":21,"key":"Bottled Flame"},{"floor":24,"key":"Tiny Chest"},{"floor":25,"key":"Bag of Marbles"}],"event_choices":[{"damage_healed":0,"gold_gain":0,"player_choice":"Ignored","damage_taken":0,"max_hp_gain":0,"max_hp_loss":0,"event_name":"Purifier","floor":3,"gold_loss":0},{"damage_healed":0,"gold_gain":0,"cards_transformed":["Strike_R"],"player_choice":"Transformed","damage_taken":0,"max_hp_gain":0,"max_hp_loss":0,"event_name":"Transmorgrifier","floor":14,"gold_loss":0,"cards_obtained":["Entrench"]}],"is_beta":false,"boss_relics":[{"not_picked":["expansioncontent:StudyCardRelic","Velvet Choker"],"picked":"Black Blood"}],"items_purged_floors":[],"is_endless":false,"potions_floor_spawned":[6,9,11,16,19,22],"killed_by":"Book of Stabbing","ascension_level":0}}