{"host":"raai0vtvcfkt8csp","time":1607989080,"event":{"mods":["2.2 Compatiblity","BaseMod","Block Reminder","Booster Modes","DeckTracker","Defective Defect","Dio Mod","GifTheSpireLib","Infinite Spire","Minty Spire (QoL Compilation)","Quick Restart","Random Character Button","Rare Cards Sparkle","StSLib","Unceasing Turn Reminder"],"gold_per_floor":[117,130,205,217,236,262,273,273,273,347,372,372,397,414,414,515,515,515,515,515,495,495,495,495,435,435,435,435,435,435,45,45,45,45,45,0,0,0,0,0,0,0,0,0,0,0,0,0,0,0,0,0,0,0,0],"floor_reached":56,"playtime":3811,"items_purged":[],"score":1338,"play_id":"2011142e-6c05-42dd-a7bd-d246ab4abde0","local_time":"20201215003800","is_ascension_mode":true,"campfire_choices":[{"data":"dioMod:Minions","floor":8,"key":"SMITH"},{"data":"dioMod:BloodTransfusion","floor":12,"key":"SMITH"},{"data":"dioMod:DarkRebirth","floor":15,"key":"SMITH"},{"floor":24,"key":"REST"},{"data":"dioMod:Regeneration","floor":30,"key":"SMITH"},{"data":"dioMod:DarkRebirth","floor":32,"key":"SMITH"},{"data":"infinitespire:UltimateForm","floor":41,"key":"SMITH"},{"floor":45,"key":"RECALL"},{"data":"dioMod:Minions","floor":49,"key":"SMITH"},{"data":"infinitespire:Collect","floor":52,"key":"SMITH"}],"circlet_count":0,"master_deck":["dioMod:Strike","Bite","dioMod:Defend","dioMod:Defend","dioMod:Defend+1","dioMod:Defend+1","dioMod:SadisticLaugh","dioMod:BloodTransfusion+1","dioMod:VengefulMuda","dioMod:RoadRoller","dioMod:Minions+1","dioMod:LaserVision","dioMod:BloodSplash","dioMod:DarkRebirth+1","dioMod:StreetSign","dioMod:PhantomBlood","dioMod:Hiss","infinitespire:Collect+1","dioMod:WRYYY","dioMod:DominatingPresence+1","dioMod:HeavyLifting+1","dioMod:Regeneration+1","dioMod:DarkRebirth+1","dioMod:FlyAway","dioMod:TheWalk","dioMod:SlashThroughTime+1","dioMod:GoldVial+1","dioMod:BloodSplash+1","dioMod:BloodSuck","infinitespire:UltimateForm+1","dioMod:DarkRebirth+1","dioMod:BloodShield+1","dioMod:BloodSuck+1","dioMod:Minions+1","Madness+1","Madness+1","dioMod:DarkRebirth"],"relics":["dioMod:VampireBlood","War Paint","Tiny Chest","Ancient Tea Set","Happy Flower","Gremlin Horn","Ectoplasm","White Beast Statue","infinitespire:Midas Blood","Strawberry","Question Card","Ice Cream","Astrolabe","Red Mask","Bag of Marbles","Toxic Egg 2","HornCleat","Darkstone Periapt","Bronze Scales","Eternal Feather","Kunai"],"acts_visited":["Exordium","TheCity","TheBeyond","TheEnding"],"potions_floor_usage":[11,16,23,23,25,28,33,33,40,44,54,55,55],"damage_taken":[{"damage":1,"enemies":"Jaw Worm","floor":1,"turns":6},{"damage":1,"enemies":"Cultist","floor":2,"turns":4},{"damage":2,"enemies":"2 Louse","floor":4,"turns":3},{"damage":22,"enemies":"Exordium Wildlife","floor":5,"turns":7},{"damage":38,"enemies":"Lagavulin","floor":6,"turns":9},{"damage":20,"enemies":"3 Louse","floor":7,"turns":4},{"damage":22,"enemies":"3 Sentries","floor":11,"turns":5},{"damage":20,"enemies":"Lagavulin","floor":13,"turns":8},{"damage":6,"enemies":"2 Fungi Beasts","floor":14,"turns":3},{"damage":20,"enemies":"Slime Boss","floor":16,"turns":7},{"damage":20,"enemies":"3 Byrds","floor":18,"turns":4},{"damage":70,"enemies":"Slavers","floor":23,"turns":6},{"damage":31,"enemies":"2 Thieves","floor":25,"turns":3},{"damage":5,"enemies":"Gremlin Leader","floor":28,"turns":5},{"damage":24,"enemies":"Cultist and Chosen","floor":29,"turns":5},{"damage":100,"enemies":"StardustCrusaders","floor":33,"turns":11},{"damage":21,"enemies":"3 Shapes","floor":35,"turns":8},{"damage":38,"enemies":"Orb Walker","floor":38,"turns":5},{"damage":73,"enemies":"Nemesis","floor":40,"turns":10},{"damage":38,"enemies":"Reptomancer","floor":44,"turns":9},{"damage":25,"enemies":"Spire Growth","floor":46,"turns":8},{"damage":143,"enemies":"Giant Head","floor":47,"turns":13},{"damage":112,"enemies":"infinitespire:MassOfShapes","floor":50,"turns":19},{"damage":151,"enemies":"Shield and Spear","floor":54,"turns":9},{"damage":143,"enemies":"The Heart","floor":55,"turns":11}],"seed_played":"-2475116697688168005","potions_obtained":[{"floor":6,"key":"Energy Potion"},{"floor":11,"key":"BlessingOfTheForge"},{"floor":14,"key":"dioMod:HumanBlood"},{"floor":16,"key":"SkillPotion"},{"floor":21,"key":"LiquidBronze"},{"floor":23,"key":"Explosive Potion"},{"floor":25,"key":"GamblersBrew"},{"floor":28,"key":"Regen Potion"},{"floor":29,"key":"Fire Potion"},{"floor":33,"key":"Block Potion"},{"floor":35,"key":"Explosive Potion"},{"floor":40,"key":"Fire Potion"},{"floor":44,"key":"Block Potion"},{"floor":54,"key":"Fire Potion"}],"is_trial":false,"path_per_floor":["M","M","?","M","M","E","M","R","T","?","E","R","E","M","R","B",null,"M","AVR","?","?","T","E","R","M","T","?","E","M","R","$","R","B",null,"M","?","AVR","M","T","E","R","T","T","E","R","M","E","?","R","B",null,"R","$","E","B",null],"character_chosen":"THE_DEFAULT","items_purchased":["Ice Cream","dioMod:DarkRebirth","dioMod:FlyAway"],"campfire_rested":1,"item_purchase_floors":[31,31,31],"current_hp_per_floor":[75,75,64,75,73,52,55,55,55,55,54,54,56,58,58,51,75,75,75,61,61,61,45,69,57,57,64,87,71,71,71,71,58,87,87,87,87,82,82,60,60,60,60,87,87,87,59,48,69,87,87,87,87,80,51],"gold":0,"neow_bonus":"RANDOM_COMMON_RELIC","is_daily":false,"chose_seed":false,"campfire_upgraded":8,"win_rate":0.0,"timestamp":1607989080,"path_taken":["M","M","?","M","M","E","M","R","T","?","E","R","E","M","R","BOSS","M","AVR","?","?","?","E","R","M","T","?","E","?","R","$","R","BOSS","M","?","AVR","M","?","E","R","?","T","E","R","M","E","?","R","BOSS","R","$","E","BOSS"],"items_purchased_type":["Relic","Card","Card"],"build_version":"2020-12-13","purchased_purges":0,"victory":true,"max_hp_per_floor":[75,75,75,75,75,75,75,75,75,75,75,75,75,75,75,75,75,75,75,80,80,80,80,80,80,80,87,87,87,87,87,87,87,87,87,87,87,87,87,87,87,87,87,87,87,87,87,87,87,87,87,87,87,87,87],"card_choices":[{"not_picked":["dioMod:StreetSign","dioMod:Roundabout"],"picked":"dioMod:SadisticLaugh","floor":1},{"not_picked":["dioMod:FlyAway","dioMod:WRYYY"],"picked":"dioMod:BloodTransfusion","floor":2},{"not_picked":["dioMod:TripleThreat","dioMod:Roundabout"],"picked":"dioMod:VengefulMuda","floor":4},{"not_picked":["dioMod:VengefulMuda","dioMod:SadisticLaugh"],"picked":"dioMod:RoadRoller","floor":5},{"not_picked":["dioMod:StreetSign","dioMod:Muda"],"picked":"dioMod:Minions","floor":6},{"not_picked":["dioMod:ComposedMuda","dioMod:CoffinBath"],"picked":"dioMod:LaserVision","floor":7},{"not_picked":["dioMod:BloodShield","dioMod:Refresh"],"picked":"dioMod:BloodSplash","floor":11},{"not_picked":["dioMod:SlashThroughTime","dioMod:BlendIn"],"picked":"dioMod:DarkRebirth","floor":13},{"not_picked":["dioMod:ComposedMuda","dioMod:Roundabout"],"picked":"dioMod:StreetSign","floor":14},{"not_picked":["dioMod:TheWalk","dioMod:ZaWarudo"],"picked":"dioMod:PhantomBlood","floor":16},{"not_picked":["dioMod:StreetSign","dioMod:BlendIn"],"picked":"dioMod:Hiss","floor":18},{"not_picked":["dioMod:DaggerSpree","dioMod:CautiousMuda"],"picked":"dioMod:WRYYY","floor":23},{"not_picked":["dioMod:Roundabout","dioMod:HeavyLifting"],"picked":"dioMod:DominatingPresence+1","floor":25},{"not_picked":["dioMod:ComposedMuda","dioMod:BloodSplash"],"picked":"dioMod:HeavyLifting+1","floor":28},{"not_picked":["dioMod:SlashThroughTime","dioMod:CutDeep","dioMod:WRYYY"],"picked":"dioMod:Regeneration","floor":29},{"not_picked":["dioMod:PathToHeaven","dioMod:UltimateSacrifice","dioMod:RoadRoller"],"picked":"dioMod:TheWalk","floor":33},{"not_picked":["dioMod:BloodShield","dioMod:DaggerToss+1","dioMod:Hiss+1"],"picked":"dioMod:BloodSuck","floor":35},{"not_picked":["dioMod:Hiss+1","dioMod:Freeze","dioMod:BloodShield"],"picked":"dioMod:DarkRebirth+1","floor":38},{"not_picked":["dioMod:SlashThroughTime+1","dioMod:Donut","dioMod:Refresh+1"],"picked":"dioMod:BloodShield+1","floor":40},{"not_picked":["dioMod:WRYYY","dioMod:Freeze+1","dioMod:BloodSplash+1"],"picked":"dioMod:BloodSuck+1","floor":44},{"not_picked":["dioMod:CutDeep+1","dioMod:BloodSplash+1","dioMod:ComboFever+1"],"picked":"dioMod:Minions","floor":46},{"not_picked":["dioMod:StreetSign+1","dioMod:FlyAway+1","dioMod:Freeze+1","dioMod:PathToHeaven+1"],"picked":"SKIP","floor":47},{"not_picked":["dioMod:DaggerToss+1","dioMod:ComposedMuda","dioMod:StreetSign+1"],"picked":"dioMod:DarkRebirth","floor":54}],"player_experience":442684,"relics_obtained":[{"floor":6,"key":"Tiny Chest"},{"floor":9,"key":"Ancient Tea Set"},{"floor":11,"key":"Happy Flower"},{"floor":13,"key":"Gremlin Horn"},{"floor":23,"key":"White Beast Statue"},{"floor":26,"key":"infinitespire:Midas Blood"},{"floor":28,"key":"Question Card"},{"floor":39,"key":"Bag of Marbles"},{"floor":40,"key":"Toxic Egg 2"},{"floor":42,"key":"HornCleat"},{"floor":43,"key":"Darkstone Periapt"},{"floor":44,"key":"Bronze Scales"},{"floor":47,"key":"Eternal Feather"},{"floor":54,"key":"Kunai"}],"event_choices":[{"damage_healed":0,"gold_gain":75,"player_choice":"Gather Gold","damage_taken":11,"max_hp_gain":0,"max_hp_loss":0,"event_name":"World of Goop","floor":3,"gold_loss":0},{"damage_healed":0,"gold_gain":74,"player_choice":"Gained Gold","damage_taken":0,"max_hp_gain":0,"max_hp_loss":0,"event_name":"Golden Wing","floor":10,"gold_loss":0},{"damage_healed":0,"gold_gain":0,"player_choice":"Shed Blood","damage_taken":19,"max_hp_gain":5,"max_hp_loss":0,"event_name":"Forgotten Altar","floor":20,"gold_loss":0},{"damage_healed":0,"gold_gain":0,"player_choice":"Bought 1 Potion","damage_taken":0,"max_hp_gain":0,"max_hp_loss":0,"event_name":"The Woman in Blue","floor":21,"gold_loss":0},{"damage_healed":0,"gold_gain":0,"player_choice":"Opened","damage_taken":0,"relics_obtained":["Strawberry"],"max_hp_gain":0,"max_hp_loss":0,"event_name":"The Mausoleum","floor":27,"gold_loss":0},{"damage_healed":0,"gold_gain":0,"player_choice":"Paid","damage_taken":0,"relics_obtained":["Red Mask"],"max_hp_gain":0,"max_hp_loss":0,"event_name":"Tomb of Lord Red Mask","floor":36,"gold_loss":45},{"damage_healed":0,"gold_gain":0,"player_choice":"Embrace Madness","damage_taken":11,"max_hp_gain":0,"max_hp_loss":0,"event_name":"Winding Halls","floor":48,"gold_loss":0,"cards_obtained":["Madness","Madness"]}],"is_beta":false,"boss_relics":[{"not_picked":["Coffee Dripper","Fusion Hammer"],"picked":"Ectoplasm"},{"not_picked":["Snecko Eye","Velvet Choker"],"picked":"Astrolabe"}],"items_purged_floors":[],"is_endless":false,"potions_floor_spawned":[6,11,14,16,23,25,28,29,33,35,38,40,44,46,47,54],"ascension_level":1}}