{"host":"kqqjvufdj6ouyvqb","time":1607935025,"event":{"mods":["Act Like it!","BaseMod","Downfall","HololiveMod","LagranYue(拉格朗・月)","Lobotomy","LobotomyExtend","Minty Spire (QoL Compilation)","Prisma Mod","Quick Restart","Replay The Spire","Shop Mod","StSLib","WarShipGirlsR/战舰少女R mod","[IsaacMod]以撒尖塔"],"gold_per_floor":[99,123,147,171,195,219,244,57,57,96,120,144,168,198,222,331,331,181,181,205,265,290,322,331,373,232,276,318,331,340,340,375,493,493,418,450,125,146,178,435,510,539,581,581,581,625,625,563,627,643,643,707,187,187,225],"floor_reached":56,"playtime":3111,"items_purged":["Replay:Hysterical Blindness","Apotheosis"],"score":1668,"play_id":"afdd0fb9-e358-41b3-8a4a-7993ac47b52e","local_time":"20201214163705","daily_mods":["Allstar","Time Dilation","Terminal"],"is_ascension_mode":false,"campfire_choices":[{"floor":1,"key":"RECALL"},{"data":"Apotheosis","floor":9,"key":"SMITH"},{"data":"PrismaMod:IllyaRapidFire","floor":18,"key":"SMITH"},{"data":"RitualDagger","floor":35,"key":"SMITH"},{"data":"PrismaMod:IllyaGrail","floor":44,"key":"SMITH"},{"data":"PrismaMod:IllyaGrail","floor":54,"key":"SMITH"}],"circlet_count":0,"master_deck":["PrismaMod:IllyaCommonAttack","PrismaMod:IllyaCommonDefend","PrismaMod:IllyaCommonAttack","PrismaMod:IllyaCommonDefend","PrismaMod:IllyaCommonAttack","PrismaMod:IllyaCommonDefend","PrismaMod:IllyaCommonAttack","PrismaMod:IllyaCommonDefend","PrismaMod:IllyaCommonAttack","PrismaMod:IllyaCommonDefend","PrismaMod:IllyaUncommonAttack","PrismaMod:IllyaUncommonDefend","BloodyBrimstone","expansioncontent:Sear","Thinking Ahead","expansioncontent:Flail","Apotheosis+1","PrismaMod:IllyaAlice","PrismaMod:IllyaFeed","PrismaMod:IllyaCheapChannelDefend","PrismaMod:IllyaGrail+1","PrismaMod:IllyaRapidFire+1","PrismaMod:IllyaStunPoison","PrismaMod:IllyaInstallRider","PrismaMod:IllyaInstallArcher","PrismaMod:IllyaMinorReinForce","PrismaMod:IllyaBoysLove","PrismaMod:IllyaCommandSeal","PrismaMod:IllyaRussianRoulette","PrismaMod:IllyaCarnivalAttack","PrismaMod:IllyaGrailKun+1","PrismaMod:IllyaBride+1","Ghostly","PrismaMod:IllyaReinForce+1","PrismaMod:IllyaPoisonTippedWeapons+1","RitualDagger+1","PrismaMod:IllyaCheapDefend+1","PrismaMod:IllyaBlindPoisonToss+1","PrismaMod:IllyaGrail+1","PrismaMod:IllyaCheapDefend","PrismaMod:IllyaCarnivalOrbs","Pot Of Greed","Pot Of Greed","Pot Of Greed","Pot Of Greed","PrismaMod:IllyaGrail","PrismaMod:IllyaBride"],"relics":["PrismaMod:PrismaZwei","HushsDoor","Damocles","CeramicFish","LetterFromLob","Pen Nib","ReplayTheSpireMod:TigerMarble","Dream Catcher","Onion Ring","Pet Ghost","Lantern","PreservedInsect","Boot","GuppysHead","WingedGreaves","Anchor","Cursed Key","downfall:HeartBlessingRed","downfall:HeartBlessingBlue","Replay:Bandana","Singing Bowl","Blood Vial","Pantograph","PrismaMod:AliceRelic","Replay:Rubber Ducky","hexamod:BolsterEngine","The Courier","Mirror","Nunchaku","Omamori","Art of War","Bronze Scales","Ice Cream","MutagenicStrength","Happy Flower","GuppysTail","GuppysPaw","downfall:HeartBlessingGreen","Bag of Marbles","OrangePellets","BookofShadows","Hololive_LightStick","Ancient Tea Set","Matryoshka","BloodDonationMachine","Vajra","ReplayFunnel","SharpPlug","Frozen Egg 2","PokeGo","Darkstone Periapt","Bottled Tornado","Bottled Flame","Turnip","Toy Ornithopter","Ring of Hypnosis","Grinning Jar","Guardian:BottledAnomaly","Orichalcum","Golden Egg","SatanicBible","Guardian:PocketSentry","Quantum Egg"],"acts_visited":["Exordium","TheCity","TheBeyond","TheEnding"],"potions_floor_usage":[4,5,10,16,52],"damage_taken":[{"damage":0,"enemies":"Cultist","floor":2,"turns":3},{"damage":0,"enemies":"Small Slimes","floor":3,"turns":6},{"damage":0,"enemies":"2 Louse","floor":4,"turns":2},{"damage":0,"enemies":"Gremlin Gang","floor":5,"turns":3},{"damage":0,"enemies":"2 Fungi Beasts","floor":6,"turns":3},{"damage":0,"enemies":"downfall:FleeingMerchant","floor":8,"turns":4},{"damage":0,"enemies":"Gremlin Nob","floor":10,"turns":3},{"damage":0,"enemies":"Blue Slaver","floor":11,"turns":2},{"damage":0,"enemies":"3 Louse","floor":12,"turns":2},{"damage":0,"enemies":"Lots of Slimes","floor":13,"turns":1},{"damage":0,"enemies":"2 Fungi Beasts","floor":15,"turns":3},{"damage":0,"enemies":"downfall:Defect","floor":16,"turns":4},{"damage":0,"enemies":"Spheric Guardian","floor":20,"turns":1},{"damage":0,"enemies":"Book of Stabbing","floor":21,"turns":3},{"damage":0,"enemies":"Chosen","floor":22,"turns":2},{"damage":0,"enemies":"Snecko","floor":23,"turns":1},{"damage":0,"enemies":"Gremlin Leader","floor":25,"turns":1},{"damage":0,"enemies":"Slavers","floor":27,"turns":3},{"damage":0,"enemies":"3 Cultists","floor":28,"turns":3},{"damage":0,"enemies":"downfall:FleeingMerchant","floor":29,"turns":4},{"damage":0,"enemies":"Centurion and Healer","floor":32,"turns":3},{"damage":0,"enemies":"downfall:Silent","floor":33,"turns":7},{"damage":0,"enemies":"3 Darklings","floor":36,"turns":4},{"damage":0,"enemies":"Orb Walker","floor":38,"turns":1},{"damage":0,"enemies":"3 Darklings","floor":39,"turns":3},{"damage":0,"enemies":"R_Hoarder","floor":40,"turns":3},{"damage":0,"enemies":"Maw","floor":42,"turns":2},{"damage":0,"enemies":"2 Orb Walkers","floor":43,"turns":2},{"damage":0,"enemies":"4 Shapes","floor":49,"turns":1},{"damage":0,"enemies":"downfall:Watcher","floor":50,"turns":2},{"damage":0,"enemies":"downfall:CharBossMerchant","floor":52,"turns":4},{"damage":0,"enemies":"downfall:NeowBoss","floor":55,"turns":12}],"seed_played":"1880613833527945180","potions_obtained":[{"floor":3,"key":"Explosive Potion"},{"floor":4,"key":"BlessingOfTheForge"},{"floor":5,"key":"Fire Potion"},{"floor":11,"key":"Regen Potion"},{"floor":12,"key":"LiquidBronze"},{"floor":40,"key":"SteroidPotion"}],"is_trial":false,"path_per_floor":["R","M","M","M","M","M","T","$","R","E","M","M","M","?","M","B",null,"R","?","M","E","M","M","T","E","?","E","M","$","?","?","M","B",null,"R","M","$","M","M","E","T","M","?","R","?","?","?","?","M","B",null,"E","$","R","B",null],"character_chosen":"ILLYA","items_purchased":["PrismaMod:IllyaStunPoison","PrismaMod:IllyaInstallRider","FairyPotion","FairyPotion","Ice Cream","PrismaMod:IllyaPoisonTippedWeapons+1","GuppysTail","GuppysPaw","OrangePellets","SuicideKing","SatanicBible","Guardian:PocketSentry","Quantum Egg"],"campfire_rested":0,"item_purchase_floors":[8,8,17,17,29,29,34,34,37,37,53,53,53],"current_hp_per_floor":[73,72,71,70,69,68,67,66,65,64,63,62,61,60,59,58,49,58,43,43,50,54,57,56,57,56,57,56,57,51,51,55,59,38,37,36,35,36,35,24,24,28,38,38,37,22,22,36,44,45,44,43,42,41,39],"gold":225,"neow_bonus":"","is_daily":true,"chose_seed":false,"campfire_upgraded":5,"win_rate":0.0,"timestamp":1607935025,"path_taken":["R","M","M","M","M","M","T","?","R","E","M","M","M","?","M","BOSS","R","?","?","E","M","M","T","E","?","E","M","$","?","?","M","BOSS","R","M","$","M","M","E","T","M","?","R","?","?","?","?","M","BOSS","E","$","R","BOSS"],"items_purchased_type":["Card","Card","Potion","Potion","Relic","Card","Relic","Relic","Relic","Card","Relic","Relic","Relic"],"build_version":"2020-12-13","purchased_purges":2,"victory":true,"max_hp_per_floor":[73,72,71,70,69,68,67,66,65,64,63,62,61,60,59,58,49,58,57,56,57,58,57,56,57,56,57,56,57,56,55,56,59,38,37,36,35,36,35,40,39,40,39,38,37,36,35,48,44,45,44,43,42,41,39],"card_choices":[{"not_picked":[],"picked":"BloodyBrimstone","floor":0},{"not_picked":["PrismaMod:IllyaUncommonAttack","PrismaMod:IllyaCheapChannelAttack"],"picked":"PrismaMod:IllyaAlice","floor":2},{"not_picked":["PrismaMod:IllyaReinForce","PrismaMod:IllyaGrailKun"],"picked":"PrismaMod:IllyaFeed","floor":3},{"not_picked":["PrismaMod:IllyaPoisonBlock","PrismaMod:IllyaFriendMaker"],"picked":"PrismaMod:IllyaCheapChannelDefend","floor":4},{"not_picked":["PrismaMod:IllyaUncommonEvoke","PrismaMod:IllyaFriendMaker"],"picked":"PrismaMod:IllyaGrail","floor":5},{"not_picked":["PrismaMod:IllyaReinForce","PrismaMod:IllyaUberPoisonBlock"],"picked":"PrismaMod:IllyaRapidFire","floor":6},{"not_picked":["Bomb","PrismaMod:IllyaGrailKun"],"picked":"PrismaMod:IllyaHassanGift","floor":8},{"not_picked":["PrismaMod:IllyaCheapChannelPoison","PrismaMod:IllyaCheapChannelAttack"],"picked":"PrismaMod:IllyaInstallArcher","floor":10},{"not_picked":["PrismaMod:IllyaPoisoningPhantasm","PrismaMod:IllyaDualEvoke"],"picked":"PrismaMod:IllyaMinorReinForce","floor":11},{"not_picked":["PrismaMod:IllyaCheapAttack","PrismaMod:IllyaBerserCAR"],"picked":"PrismaMod:IllyaBoysLove","floor":12},{"not_picked":["PrismaMod:IllyaGrailKun","PrismaMod:IllyaUncommonAttack"],"picked":"PrismaMod:IllyaCommandSeal","floor":13},{"not_picked":["PrismaMod:IllyaCheapDefend","PrismaMod:IllyaGun"],"picked":"PrismaMod:IllyaRussianRoulette","floor":15},{"not_picked":["PrismaMod:IllyaUberDefendChannel","PrismaMod:IllyaInstallAvenger"],"picked":"PrismaMod:IllyaCarnivalAttack","floor":16},{"not_picked":["PrismaMod:IllyaStunPoison+1","PrismaMod:IllyaHassanGift"],"picked":"PrismaMod:IllyaGrailKun+1","floor":20},{"not_picked":["PrismaMod:IllyaPoisoningPhantasm","PrismaMod:IllyaMinorZwei","PrismaMod:IllyaDetonatingBlow"],"picked":"Singing Bowl","floor":21},{"not_picked":["PrismaMod:IllyaHassanGift","PrismaMod:IllyaBerserCAR","PrismaMod:IllyaFriendMaker"],"picked":"Singing Bowl","floor":22},{"not_picked":["PrismaMod:IllyaPartialInstallAssassin","PrismaMod:IllyaUberChannel"],"picked":"PrismaMod:IllyaBride+1","floor":23},{"not_picked":["PrismaMod:IllyaInstallAssassin","PrismaMod:IllyaUncommonAttack","PrismaMod:IllyaFriendMaker"],"picked":"Singing Bowl","floor":25},{"not_picked":["PrismaMod:IllyaCheapChannelAttack","PrismaMod:IllyaSaphire","PrismaMod:IllyaCheapChannelDefend+1"],"picked":"Singing Bowl","floor":27},{"not_picked":["PrismaMod:IllyaGun","PrismaMod:IllyaUncommonAttack"],"picked":"PrismaMod:IllyaReinForce+1","floor":28},{"not_picked":["PrismaMod:IllyaTestament","PrismaMod:IllyaInstallArcher","PrismaMod:IllyaPoisonBomb"],"picked":"Singing Bowl","floor":29},{"not_picked":["PrismaMod:IllyaDevil","PrismaMod:IllyaBoysLove","PrismaMod:IllyaCommonEvoke"],"picked":"Singing Bowl","floor":32},{"not_picked":["PrismaMod:IllyaUberDefendChannel","PrismaMod:IllyaInstallBerserker","PrismaMod:IllyaInstallAssassin"],"picked":"Singing Bowl","floor":33},{"not_picked":["PrismaMod:IllyaAlice+1","PrismaMod:IllyaMinorRapidFire"],"picked":"PrismaMod:IllyaCheapDefend+1","floor":36},{"not_picked":["PrismaMod:IllyaRubysPotion","PrismaMod:IllyaCheapChannelDefend+1","PrismaMod:IllyaFeed+1"],"picked":"Singing Bowl","floor":38},{"not_picked":["PrismaMod:IllyaSaphire+1","PrismaMod:IllyaCheapChannelPoison+1"],"picked":"PrismaMod:IllyaBlindPoisonToss+1","floor":39},{"not_picked":["PrismaMod:IllyaRussianRoulette","PrismaMod:IllyaBlindPoisonToss","PrismaMod:IllyaAlice+1"],"picked":"Singing Bowl","floor":40},{"not_picked":["PrismaMod:IllyaGrailKun","PrismaMod:IllyaDualEvoke","PrismaMod:IllyaCarnivalDefend"],"picked":"Singing Bowl","floor":40},{"not_picked":["PrismaMod:IllyaStunPoison+1","PrismaMod:IllyaGun+1","PrismaMod:IllyaMinorReinForce+1"],"picked":"Singing Bowl","floor":40},{"not_picked":["PrismaMod:IllyaRussianRoulette","PrismaMod:IllyaPartialInstallAssassin","PrismaMod:IllyaStunPoison"],"picked":"Singing Bowl","floor":42},{"not_picked":["PrismaMod:IllyaPartialInstallAssassin+1","PrismaMod:IllyaUncommonEvoke+1"],"picked":"PrismaMod:IllyaGrail","floor":43},{"not_picked":["PrismaMod:IllyaBoysLove"],"picked":"Singing Bowl","floor":48},{"not_picked":[],"picked":"PrismaMod:IllyaCheapDefend","floor":48},{"not_picked":["PrismaMod:IllyaPoisonTippedWeapons"],"picked":"Singing Bowl","floor":48},{"not_picked":["PrismaMod:IllyaAOECommonAttack"],"picked":"Singing Bowl","floor":48},{"not_picked":["PrismaMod:IllyaPoisonTippedWeapons"],"picked":"Singing Bowl","floor":48},{"not_picked":["PrismaMod:IllyaCheapChannelAttack"],"picked":"Singing Bowl","floor":48},{"not_picked":["PrismaMod:IllyaBoysLove"],"picked":"Singing Bowl","floor":48},{"not_picked":["PrismaMod:IllyaPoisonBomb"],"picked":"Singing Bowl","floor":48},{"not_picked":[],"picked":"PrismaMod:IllyaCarnivalOrbs","floor":48},{"not_picked":["PrismaMod:IllyaBoysLove+1","PrismaMod:IllyaRubysPotion"],"picked":"PrismaMod:IllyaGrail","floor":49},{"not_picked":["PrismaMod:IllyaGun","PrismaMod:IllyaStunPoison+1"],"picked":"PrismaMod:IllyaBride","floor":52}],"player_experience":190646,"relics_obtained":[{"floor":2,"key":"CeramicFish"},{"floor":2,"key":"LetterFromLob"},{"floor":3,"key":"Pen Nib"},{"floor":4,"key":"ReplayTheSpireMod:TigerMarble"},{"floor":5,"key":"Dream Catcher"},{"floor":6,"key":"Onion Ring"},{"floor":8,"key":"Pet Ghost"},{"floor":10,"key":"Lantern"},{"floor":10,"key":"PreservedInsect"},{"floor":12,"key":"Boot"},{"floor":13,"key":"GuppysHead"},{"floor":15,"key":"Anchor"},{"floor":20,"key":"Replay:Bandana"},{"floor":21,"key":"Singing Bowl"},{"floor":21,"key":"Blood Vial"},{"floor":22,"key":"Pantograph"},{"floor":23,"key":"Replay:Rubber Ducky"},{"floor":24,"key":"hexamod:BolsterEngine"},{"floor":25,"key":"The Courier"},{"floor":25,"key":"Mirror"},{"floor":27,"key":"Nunchaku"},{"floor":27,"key":"Omamori"},{"floor":28,"key":"Art of War"},{"floor":29,"key":"Bronze Scales"},{"floor":32,"key":"Happy Flower"},{"floor":36,"key":"Bag of Marbles"},{"floor":38,"key":"BookofShadows"},{"floor":39,"key":"Hololive_LightStick"},{"floor":40,"key":"Ancient Tea Set"},{"floor":40,"key":"Matryoshka"},{"floor":40,"key":"BloodDonationMachine"},{"floor":40,"key":"Vajra"},{"floor":40,"key":"ReplayFunnel"},{"floor":40,"key":"SharpPlug"},{"floor":40,"key":"Frozen Egg 2"},{"floor":40,"key":"PokeGo"},{"floor":41,"key":"Darkstone Periapt"},{"floor":41,"key":"Bottled Tornado"},{"floor":42,"key":"Bottled Flame"},{"floor":43,"key":"Turnip"},{"floor":43,"key":"Toy Ornithopter"},{"floor":45,"key":"Ring of Hypnosis"},{"floor":49,"key":"Grinning Jar"},{"floor":52,"key":"Guardian:BottledAnomaly"},{"floor":52,"key":"Orichalcum"},{"floor":52,"key":"Golden Egg"}],"event_choices":[{"damage_healed":0,"gold_gain":0,"player_choice":"Inject Mutagens","damage_taken":0,"relics_obtained":["MutagenicStrength"],"max_hp_gain":0,"max_hp_loss":0,"event_name":"Drug Dealer","floor":31,"gold_loss":0},{"damage_healed":0,"gold_gain":0,"player_choice":"Fight","damage_taken":0,"max_hp_gain":0,"max_hp_loss":0,"event_name":"Mysterious Sphere","floor":43,"gold_loss":0},{"cards_removed":["PrismaMod:IllyaHassanGift"],"damage_healed":0,"gold_gain":0,"player_choice":"Removed Skill","damage_taken":0,"max_hp_gain":0,"max_hp_loss":0,"event_name":"Falling","floor":47,"gold_loss":0}],"is_beta":false,"boss_relics":[{"not_picked":["ChampionBelt","Honey Jar"],"picked":"Cursed Key"},{"not_picked":[]},{"not_picked":["Runic Dome","Runic Pyramid"],"picked":"PrismaMod:PrismaZwei"},{"not_picked":[]}],"items_purged_floors":[29,37],"is_endless":false,"potions_floor_spawned":[3,4,5,11,12,20,21,25,32,36,42],"ascension_level":0}}