{"host":"rcanb95qz4o6v6pp","time":1607971350,"event":{"mods":["AchievementEnabler","BaseMod","Better Third Choice","Colored Map","Downfall","Minty Spire (QoL Compilation)","Replay The Spire","Spicy Shops","StSLib"],"gold_per_floor":[113,133,194,194,213,244,22,22,22,297,297,323,323,340,340,445,445,455,474,474,489,489,489,517,550,574,71,98,126,126,126,126,227,227,243,243,47,65,65,99,131,131,131,58,86,104,104,154,154,154,154,154,21,49,49],"floor_reached":56,"playtime":21534,"items_purged":["Decay","Pain"],"score":1390,"play_id":"4131b6da-f98b-49c0-85d8-0a94e1d2dce2","local_time":"20201214134230","daily_mods":["Draft","Heirloom","Flight","downfall:Jewelcrafting"],"is_ascension_mode":false,"campfire_choices":[{"data":"Double Energy","floor":15,"key":"SMITH"},{"floor":23,"key":"REST"},{"floor":30,"key":"REST"},{"floor":32,"key":"REST"},{"floor":42,"key":"RECALL"},{"floor":49,"key":"REST"},{"data":"Double Energy","floor":52,"key":"SMITH"}],"circlet_count":0,"master_deck":["Guardian:ExploitGems","Guardian:ExploitGems","Conserve Battery","Conserve Battery+1","Steam","Steam","Gash","Hello World+1","Sweeping Beam","Gash","Beam Cell","Melter","Gash","BootSequence","Gash","Sweeping Beam","Beam Cell","Double Energy+1","Double Energy+1","Self Repair","Guardian:Gem_Yellow","Regret","Electrodynamics","Guardian:Gem_Lightblue","All For One","ReplayGash+1","J.A.X.","ReplayTheSpireMod:Calculation Training+1","CurseOfTheBell","White Noise","Ball Lightning","Panacea","Enlightenment","expansioncontent:ManipulateTime","Sunder+1","Static Discharge+1","Gash+1","Stack+1","Conserve Battery+1","Force Field","Static Discharge","Static Discharge","Auto Shields+1"],"relics":["Cracked Core","Guardian:PickAxe","Ring of Chaos","Prayer Wheel","Sundial","Vajra","Guardian:BottledAnomaly","Blue Candle","Bronze Scales","Empty Cage","WarpedTongs","Strawberry","Bag of Preparation","MealTicket","Replay:WaspNest","Strange Spoon","Replay:PocketPolymizer","Guardian:GemstoneGun","Calling Bell","Regal Pillow","HornCleat","Replay:Kaleidoscope","champ:Barbells","Blood Vial","Nunchaku","CaptainsWheel","Potion Belt","Snack Pack","champ:DuelingGlove","Orichalcum"],"acts_visited":["Exordium","TheCity","TheBeyond","TheEnding"],"potions_floor_usage":[16,16,24,25,41,50,50,50,54,55],"damage_taken":[{"damage":0,"enemies":"Jaw Worm","floor":1,"turns":3},{"damage":0,"enemies":"Small Slimes","floor":2,"turns":3},{"damage":0,"enemies":"2 Louse","floor":5,"turns":1},{"damage":20,"enemies":"Gremlin Nob","floor":6,"turns":3},{"damage":4,"enemies":"Lagavulin","floor":12,"turns":4},{"damage":0,"enemies":"Exordium Thugs","floor":14,"turns":3},{"damage":6,"enemies":"Hexaghost","floor":16,"turns":5},{"damage":5,"enemies":"3 Byrds","floor":18,"turns":3},{"damage":11,"enemies":"Shell Parasite","floor":19,"turns":4},{"damage":30,"enemies":"Snake Plant","floor":21,"turns":4},{"damage":25,"enemies":"Slavers","floor":24,"turns":4},{"damage":14,"enemies":"Gremlin Leader","floor":25,"turns":4},{"damage":15,"enemies":"Book of Stabbing","floor":28,"turns":4},{"damage":15,"enemies":"Gremlin Leader","floor":29,"turns":3},{"damage":7,"enemies":"Automaton","floor":33,"turns":5},{"damage":1,"enemies":"Orb Walker","floor":35,"turns":3},{"damage":1,"enemies":"3 Shapes","floor":38,"turns":2},{"damage":29,"enemies":"R_Hoarder","floor":40,"turns":7},{"damage":8,"enemies":"Nemesis","floor":41,"turns":5},{"damage":12,"enemies":"Reptomancer","floor":45,"turns":5},{"damage":31,"enemies":"Writhing Mass","floor":46,"turns":3},{"damage":2,"enemies":"Mind Bloom Boss Battle","floor":48,"turns":3},{"damage":65,"enemies":"Time Eater","floor":50,"turns":8},{"damage":3,"enemies":"Shield and Spear","floor":54,"turns":3},{"damage":76,"enemies":"The Heart","floor":55,"turns":8}],"seed_played":"-1806564093799028877","potions_obtained":[{"floor":1,"key":"Weak Potion"},{"floor":6,"key":"Block Potion"},{"floor":14,"key":"EssenceOfSteel"},{"floor":16,"key":"champ:CounterPotion"},{"floor":19,"key":"Guardian:BlockOnCardUsePotion"},{"floor":24,"key":"FearPotion"},{"floor":28,"key":"Block Potion"},{"floor":46,"key":"FocusPotion"},{"floor":48,"key":"Weak Potion"},{"floor":54,"key":"Block Potion"}],"is_trial":true,"path_per_floor":["M","M","?","?","M","E","$","R","T","?","R","E","R","M","R","B",null,"M","M","?","M","?","R","E","E","T","$","E","E","R","?","R","B",null,"M","?","$","M","?","E","E","R","T","$","E","M","T","?","R","B",null,"R","$","E","B",null],"character_chosen":"DEFECT","items_purchased":["Guardian:BottledAnomaly","Replay:WaspNest","Strange Spoon","champ:Barbells","Sunder","CaptainsWheel","Static Discharge","Adrenaline Potion"],"campfire_rested":4,"item_purchase_floors":[7,27,27,37,37,44,53,53],"current_hp_per_floor":[75,75,75,75,75,55,55,55,55,55,55,58,58,58,58,59,75,75,71,71,48,48,70,59,52,52,67,59,44,68,68,82,82,82,82,72,82,81,81,59,60,60,60,75,72,50,50,63,82,26,82,82,82,82,18],"gold":49,"neow_bonus":"","is_daily":false,"chose_seed":false,"campfire_upgraded":2,"win_rate":0.0,"timestamp":1607971350,"path_taken":["M","M","?","?","?","E","$","R","T","?","R","E","R","M","R","BOSS","M","?","?","?","?","R","E","E","T","$","E","E","R","?","R","BOSS","M","?","$","M","?","E","E","R","T","$","E","?","?","?","R","BOSS","R","$","E","BOSS"],"items_purchased_type":["Relic","Relic","Relic","Relic","Card","Relic","Card","Potion"],"build_version":"2020-12-13","purchased_purges":2,"victory":true,"max_hp_per_floor":[75,75,75,75,75,75,75,75,75,75,75,75,75,75,75,75,75,75,75,75,75,75,75,82,82,82,82,82,82,82,82,82,82,82,82,82,82,82,82,82,82,82,82,82,82,82,82,82,82,82,82,82,82,82,82],"card_choices":[{"not_picked":["Auto Shields","Coolheaded"],"picked":"Conserve Battery","floor":0},{"not_picked":["Crystallizer","Streamline"],"picked":"Conserve Battery","floor":0},{"not_picked":["Stack","Force Field"],"picked":"Undo","floor":0},{"not_picked":["Cold Snap","Undo"],"picked":"Steam","floor":0},{"not_picked":["Recycle","Fusion"],"picked":"Skim","floor":0},{"not_picked":["Fusion","ReplayGash"],"picked":"Steam","floor":0},{"not_picked":["Compile Driver","Ball Lightning"],"picked":"Gash","floor":0},{"not_picked":["Sweeping Beam","Redo"],"picked":"Hello World","floor":0},{"not_picked":["Barrage","Panic Button"],"picked":"Sweeping Beam","floor":0},{"not_picked":["Loop","Genetic Algorithm"],"picked":"Gash","floor":0},{"not_picked":["Darkness","Rebound"],"picked":"Beam Cell","floor":0},{"not_picked":["Panic Button","Ball Lightning"],"picked":"Melter","floor":0},{"not_picked":["Barrage","Scrape"],"picked":"Coolheaded","floor":0},{"not_picked":["Genetic Algorithm","ReplaySort"],"picked":"Gash","floor":0},{"not_picked":["Compile Driver","Ball Lightning"],"picked":"BootSequence","floor":0},{"not_picked":["Streamline","Turbo"],"picked":"Gash","floor":1},{"not_picked":["Genetic Algorithm","Streamline"],"picked":"Sweeping Beam","floor":1},{"not_picked":["Panic Button","Skim"],"picked":"Beam Cell","floor":2},{"not_picked":["Panic Button","Coolheaded","Glacier"],"picked":"SKIP","floor":2},{"not_picked":["BasicCrystalCard","Skim"],"picked":"Double Energy","floor":3},{"not_picked":["Compile Driver","Steam"],"picked":"Double Energy","floor":5},{"not_picked":["Go for the Eyes","Force Field","Skim"],"picked":"SKIP","floor":5},{"not_picked":["Recycle","Turbo"],"picked":"Self Repair","floor":6},{"not_picked":["All For One","Barrage"],"picked":"Electrodynamics","floor":12},{"not_picked":["Beam Cell","Rebound","Compile Driver"],"picked":"SKIP","floor":14},{"not_picked":["BasicCrystalCard","Streamline","Hologram"],"picked":"SKIP","floor":14},{"not_picked":["Fission","Hyperbeam"],"picked":"All For One","floor":16},{"not_picked":["ReplaySolidLightProjector","Stack+1","Barrage"],"picked":"SKIP","floor":18},{"not_picked":["Tempest","Streamline","Cold Snap"],"picked":"SKIP","floor":18},{"not_picked":["Coolheaded","Barrage","Leap"],"picked":"SKIP","floor":19},{"not_picked":["Electrodynamics","Stack","Doom and Gloom+1"],"picked":"SKIP","floor":19},{"not_picked":["Stack","Skim"],"picked":"ReplayGash+1","floor":21},{"not_picked":["Cold Snap+1","Glacier","Genetic Algorithm+1"],"picked":"SKIP","floor":21},{"not_picked":["Force Field","Rainbow","Conserve Battery"],"picked":"SKIP","floor":24},{"not_picked":["BasicCrystalCard","Conserve Battery"],"picked":"ReplayTheSpireMod:Calculation Training+1","floor":25},{"not_picked":["FTL+1","Sunder","Static Discharge"],"picked":"SKIP","floor":28},{"not_picked":["Cold Snap","Skim","Streamline"],"picked":"SKIP","floor":29},{"not_picked":["Beam Cell+1","Stack+1"],"picked":"White Noise","floor":35},{"not_picked":["Mirror Shield","Sweeping Beam"],"picked":"Ball Lightning","floor":35},{"not_picked":["Replay:SS_forest_6","Replay:Parry"],"picked":"Panacea","floor":36},{"not_picked":["expansioncontent:LastStand","expansioncontent:CaCaw"],"picked":"Enlightenment","floor":36},{"not_picked":["PanicButton","Specialist"],"picked":"expansioncontent:ManipulateTime","floor":36},{"not_picked":["ReplayTheSpireMod:GoodbyeWorld+1","Steam+1","BasicCrystalCard+1"],"picked":"SKIP","floor":38},{"not_picked":["Coolheaded","Redo","Conserve Battery"],"picked":"SKIP","floor":38},{"not_picked":["Redo","Steam"],"picked":"Static Discharge+1","floor":40},{"not_picked":["Compile Driver","Aggregate"],"picked":"Gash+1","floor":41},{"not_picked":["Glacier","Crystallizer+1"],"picked":"Stack+1","floor":45},{"not_picked":["Sunder+1","Ball Lightning+1"],"picked":"Conserve Battery+1","floor":46},{"not_picked":["Sweeping Beam","Crystallizer","Lockon"],"picked":"SKIP","floor":46},{"not_picked":["Coolheaded","Beam Cell"],"picked":"Auto Shields+1","floor":54}],"player_experience":1190231,"relics_obtained":[{"floor":3,"key":"Sundial"},{"floor":6,"key":"Vajra"},{"floor":9,"key":"Blue Candle"},{"floor":12,"key":"Bronze Scales"},{"floor":24,"key":"Strawberry"},{"floor":25,"key":"Bag of Preparation"},{"floor":26,"key":"MealTicket"},{"floor":28,"key":"Replay:PocketPolymizer"},{"floor":29,"key":"Guardian:GemstoneGun"},{"floor":34,"key":"Regal Pillow"},{"floor":34,"key":"HornCleat"},{"floor":34,"key":"Replay:Kaleidoscope"},{"floor":40,"key":"Blood Vial"},{"floor":41,"key":"Nunchaku"},{"floor":45,"key":"Potion Belt"},{"floor":47,"key":"Snack Pack"},{"floor":48,"key":"champ:DuelingGlove"},{"floor":54,"key":"Orichalcum"}],"event_choices":[{"damage_healed":0,"gold_gain":0,"player_choice":"Cursed","damage_taken":0,"max_hp_gain":0,"max_hp_loss":0,"event_name":"Wheel of Change","floor":4,"gold_loss":0,"cards_obtained":["Decay"]},{"damage_healed":0,"gold_gain":275,"player_choice":"Desecrate","damage_taken":0,"max_hp_gain":0,"max_hp_loss":0,"event_name":"Golden Shrine","floor":10,"gold_loss":0,"cards_obtained":["Regret"]},{"damage_healed":0,"gold_gain":0,"player_choice":"Rummage","damage_taken":0,"relics_obtained":["WarpedTongs"],"max_hp_gain":0,"max_hp_loss":0,"event_name":"Accursed Blacksmith","floor":20,"gold_loss":0,"cards_obtained":["Pain"]},{"damage_healed":0,"gold_gain":0,"player_choice":"Obtain J.A.X.","damage_taken":0,"max_hp_gain":0,"max_hp_loss":0,"event_name":"Drug Dealer","floor":22,"gold_loss":0,"cards_obtained":["J.A.X."]},{"damage_healed":0,"gold_gain":0,"player_choice":"Memory 3","damage_taken":10,"max_hp_gain":0,"max_hp_loss":0,"event_name":"SensoryStone","floor":36,"gold_loss":0},{"damage_healed":0,"gold_gain":0,"player_choice":"Random: Yellow","damage_taken":0,"max_hp_gain":0,"max_hp_loss":0,"event_name":"betterThird:BetterPortal","floor":39,"gold_loss":0},{"damage_healed":0,"gold_gain":0,"player_choice":"Ignored","damage_taken":0,"max_hp_gain":0,"max_hp_loss":0,"event_name":"NoteForYourself","floor":39,"gold_loss":0},{"damage_healed":0,"gold_gain":0,"player_choice":"Fight","damage_taken":0,"max_hp_gain":0,"max_hp_loss":0,"event_name":"MindBloom","floor":48,"gold_loss":0}],"is_beta":false,"boss_relics":[{"not_picked":["Inserter","Busted Crown"],"picked":"Empty Cage"},{"not_picked":["Painkiller Herb","Replay:Wanted Poster"],"picked":"Calling Bell"}],"items_purged_floors":[7,27],"is_endless":false,"potions_floor_spawned":[1,6,14,16,19,24,28,33,38,46,48,54],"ascension_level":0}}