{"host":"87w2793jpavfbt1o","time":1607934943,"event":{"mods":["AchievementEnabler","Aspiration","BaseMod","Better Altar","Better Match","Better Note","Better Sensory Stone","Better Skull","Better Third Choice","Better Vampires","BetterRewards","Conspire","Displayed Cursed Tome","Downfall","Energized Spire","Filter the Spire","Halation","Highlight Path","Hubris","Infinite Spire","Marked Mod","Minty Spire (QoL Compilation)","Practice Mode","Prisma Mod","Relic Filter","Relic Sorter","Replay The Spire","SIMod","Shop Mod","StSLib","TestMod","??????REMEMod"],"gold_per_floor":[114,133,144,144,156,156,170,198,225,225,238,106,106,116,116,211,211,227,227,238,238,238,253,253,270,297,324,0,0,0],"floor_reached":29,"playtime":2023,"items_purged":[],"score":399,"play_id":"902fa484-5e08-45ba-9135-faa197b1a231","local_time":"20201214003543","is_ascension_mode":true,"campfire_choices":[{"floor":6,"key":"RECALL"},{"floor":10,"key":"REST"},{"floor":13,"key":"REST"},{"floor":24,"key":"REST"}],"circlet_count":0,"master_deck":["Strike_B","Strike_B","Strike_B","Strike_B","Defend_B","Defend_B","Defend_B","Defend_B","Zap","Dualcast","Guardian:HyperBeam_Guardian+1","Barrage","conspire:SharedLibrary","ReplayGash","BasicCrystalCard","Undo","ReplayRNGCard","Fusion+1","White Noise","Conserve Battery","Thunder Strike","Recycle+1","Darkness","Clumsy","hubris:Despair","ReplayTheSpireMod:Book of Names","hubris:PowerSurge","Rip and Tear","REME_Whirling","hubris:Ukulele","Storm"],"relics":["Cracked Core","REME_ComplimentaryCards","testmod-TestBox","testmod-PortableAltar","MerchantsRug","aspiration:MysteriousAuxiliaryCore","testmod-DragonStarHat","aspiration:Stellarator","hubris:Towel","testmod-Antiphasic","aspiration:Stabinomicon","CeramicFish"],"acts_visited":["Exordium","TheCity"],"potions_floor_usage":[14,20,23,27,27,29],"damage_taken":[{"damage":10,"enemies":"conspire:RoseBush","floor":1,"turns":2},{"damage":14,"enemies":"Jaw Worm","floor":2,"turns":2},{"damage":10,"enemies":"Cultist","floor":3,"turns":4},{"damage":0,"enemies":"2 Fungi Beasts","floor":5,"turns":1},{"damage":6,"enemies":"Looter","floor":7,"turns":3},{"damage":32,"enemies":"Replay:BlueRogue","floor":8,"turns":5},{"damage":0,"enemies":"Blue Slaver","floor":11,"turns":2},{"damage":0,"enemies":"Red Slaver","floor":14,"turns":1},{"damage":36,"enemies":"Hexaghost","floor":16,"turns":6},{"damage":7,"enemies":"conspire:FuzzyDice","floor":18,"turns":3},{"damage":8,"enemies":"3 Byrds","floor":20,"turns":2},{"damage":32,"enemies":"3 Cultists","floor":23,"turns":4},{"damage":4,"enemies":"Shelled Parasite and Fungi","floor":25,"turns":4},{"damage":16,"enemies":"Book of Stabbing","floor":27,"turns":4},{"damage":11,"enemies":"Snake Plant","floor":29,"turns":1}],"seed_played":"1632960189117563731","potions_obtained":[{"floor":7,"key":"Swift Potion"},{"floor":8,"key":"BlessingOfTheForge"},{"floor":11,"key":"Dexterity Potion"},{"floor":14,"key":"Explosive Potion"},{"floor":16,"key":"AttackPotion"},{"floor":20,"key":"SpeedPotion"},{"floor":23,"key":"Doom Potion"}],"is_trial":false,"path_per_floor":["M","M","M","?","M","R","M","E","T","R","M","$","R","M","R","B",null,"M","?","M","?","?","M","R","M","T","E","$","M"],"character_chosen":"DEFECT","items_purchased":["MerchantsRug","White Noise","Conserve Battery","CeramicFish","hubris:Ukulele","Storm","Energy Potion"],"campfire_rested":3,"item_purchase_floors":[0,12,12,28,28,28,28],"current_hp_per_floor":[64,50,40,40,40,40,34,2,2,21,21,21,39,39,57,21,58,50,50,42,42,47,15,30,26,26,10,10,0,0],"gold":0,"neow_bonus":"","is_daily":false,"chose_seed":false,"campfire_upgraded":0,"win_rate":0.0,"timestamp":1607934943,"path_taken":["M","M","?","?","M","R","M","E","T","R","?","$","R","M","R","BOSS","M","?","M","?","?","M","R","M","T","E","?","M"],"items_purchased_type":["Relic","Card","Card","Relic","Card","Card","Potion"],"build_version":"2020-12-13","purchased_purges":0,"victory":false,"max_hp_per_floor":[74,73,72,71,70,69,68,67,66,65,64,63,62,61,60,59,58,57,56,55,54,53,52,51,50,49,48,47,46,46],"card_choices":[{"not_picked":["Defragment","Stack"],"picked":"Barrage","floor":1},{"not_picked":["Panic Button","Coolheaded"],"picked":"conspire:SharedLibrary","floor":2},{"not_picked":["Doom and Gloom","REME_DataAnalysis"],"picked":"ReplayGash","floor":3},{"not_picked":["Consume","Panic Button"],"picked":"BasicCrystalCard","floor":5},{"not_picked":["Rebound","Skim"],"picked":"Undo","floor":7},{"not_picked":["Barrage","Self Repair"],"picked":"ReplayRNGCard","floor":8},{"not_picked":["Hologram","Sunder"],"picked":"Fusion","floor":11},{"not_picked":["BootSequence","Sweeping Beam","Coolheaded"],"picked":"SKIP","floor":14},{"not_picked":["REME_ForAll","All For One"],"picked":"Thunder Strike","floor":16},{"not_picked":["Sweeping Beam","Rip and Tear"],"picked":"Recycle+1","floor":18},{"not_picked":["Coolheaded","REME_Compress"],"picked":"Darkness","floor":20},{"not_picked":["infinitespire:Oblivion","ReplayTheSpireMod:Black Plague"],"picked":"ReplayTheSpireMod:Book of Names","floor":21},{"not_picked":["Sweeping Beam","Rebound+1"],"picked":"hubris:PowerSurge","floor":23},{"not_picked":["Cold Snap","Heatsinks"],"picked":"Rip and Tear","floor":25},{"not_picked":["Hologram","Coolheaded"],"picked":"REME_Whirling","floor":27}],"player_experience":625404,"relics_obtained":[{"floor":8,"key":"testmod-DragonStarHat"},{"floor":26,"key":"testmod-Antiphasic"},{"floor":27,"key":"aspiration:Stabinomicon"}],"event_choices":[{"damage_healed":0,"gold_gain":0,"player_choice":"Upgraded","damage_taken":0,"max_hp_gain":0,"max_hp_loss":0,"event_name":"Upgrade Shrine","floor":4,"gold_loss":0,"cards_upgraded":["Guardian:HyperBeam_Guardian"]}],"is_beta":false,"boss_relics":[{"not_picked":["Nuclear Battery","Inserter"],"picked":"aspiration:Stellarator"}],"items_purged_floors":[],"is_endless":false,"potions_floor_spawned":[7,8,11,14,16,20,23],"killed_by":"Snake Plant","ascension_level":3}}