{"host":"a3tkw4nmq0wjqe8p","time":1607936582,"event":{"mods":["2.2 Compatiblity","AchievementEnabler","Act Like it!","BaseMod","Better Note","Better Sensory Stone","Better Third Choice","ChefMod","Colored Map","Colored Powertips","Conspire","Downfall","Hermit","Jorbs\u0027s Wanderer Trilogy","Marked Mod","Minty Spire (QoL Compilation)","Potionbrewer","Quick Restart","Rare Cards Sparkle","Replay The Spire","Shade Mod","Shop Mod","StSLib","The Blackbeard","The Bug Knight","The Cursed","The Disciple","The Hierophant","The Judge","The Juggle","The Runesmith","The Servant 0.9.4","TheArtist","TheBandit","TheFirefly","everything is the same but u backflip on backflip"],"gold_per_floor":[109,109,109,71,83,112,112,144,144,144,144,163,185,203,203,300,300,317,337,337,337,12,12,37,49,49,115,115,128,144,160,160,259,259,273,323,340,390,440,440,450,461,461,6,67,117,184,195,195,195],"floor_reached":51,"playtime":2758,"items_purged":[],"score":706,"play_id":"c3334074-b820-4ae4-8d45-dd1cf7151283","local_time":"20201214020302","is_ascension_mode":false,"campfire_choices":[{"data":"Inflame","floor":7.0,"key":"SMITH"},{"data":"Bash","floor":10.0,"key":"SMITH"},{"data":"Metallicize","floor":15.0,"key":"SMITH"},{"data":"Hemokinesis","floor":23.0,"key":"SMITH"},{"floor":28.0,"key":"REST"},{"floor":32.0,"key":"REST"},{"floor":40.0,"key":"REST"},{"data":"Demon Form","floor":49,"key":"SMITH"}],"circlet_count":0,"master_deck":["Strike_R","Strike_R","Strike_R","Defend_R","Defend_R","Defend_R","Defend_R","Bash+1","Sword Boomerang","Inflame+1","Combust","Run Through","Metallicize+1","Juggernaut","Pot Of Greed","Pot Of Greed","Hemokinesis+1","Evolve","Hemogenesis","Rampage","True Grit","Thunderclap","Demonic Infusion+1","Armaments+1","Pot Of Greed+1","Madness+1","Madness+1","Demon Form+1","Battle Trance+1","ReplayReversal+1","Heavy Blade+1","Shrug It Off+1","Demon Form"],"relics":["Burning Blood","Ring of Misfortune","ReplayTheSpireMod:Ring of Addiction","Toy Ornithopter","Chameleon Ring","Eternal Feather","Nunchaku","Grinning Jar","Odd Mushroom","Busted Crown","Akabeko","SsserpentHead","Replay:Bottled Steam","Replay:Ringing Soul","Toxic Egg 2","Runic Pyramid","conspire:BottledYoYo","King of Hearts","ClockworkSouvenir","ReplayTheSpireMod:TigerMarble"],"acts_visited":["Exordium","TheCity","TheBeyond"],"potions_floor_usage":[42,45],"damage_taken":[{"damage":0.0,"enemies":"Small Slimes","floor":1.0,"turns":3.0},{"damage":7.0,"enemies":"2 Louse","floor":5.0,"turns":2.0},{"damage":7.0,"enemies":"Gremlin Nob","floor":6.0,"turns":3.0},{"damage":23.0,"enemies":"3 Sentries","floor":8.0,"turns":5.0},{"damage":0.0,"enemies":"Cultist","floor":12.0,"turns":3.0},{"damage":16.0,"enemies":"The Mushroom Lair","floor":13.0,"turns":3.0},{"damage":10.0,"enemies":"Large Slime","floor":14.0,"turns":2.0},{"damage":11.0,"enemies":"Fading Forest","floor":16.0,"turns":11.0},{"damage":35.0,"enemies":"2 Thieves","floor":18.0,"turns":4.0},{"damage":10.0,"enemies":"Spheric Guardian","floor":19.0,"turns":3.0},{"damage":52.0,"enemies":"Slavers","floor":24.0,"turns":6.0},{"damage":8.0,"enemies":"Cultist and Chosen","floor":25.0,"turns":5.0},{"damage":16.0,"enemies":"Snake Plant","floor":27.0,"turns":4.0},{"damage":16.0,"enemies":"Chosen and Byrds","floor":29.0,"turns":5.0},{"damage":11.0,"enemies":"Cultist and Chosen","floor":30.0,"turns":4.0},{"damage":41.0,"enemies":"3 Cultists","floor":31.0,"turns":5.0},{"damage":44.0,"enemies":"conspire:MysteriousRune","floor":33.0,"turns":8.0},{"damage":22.0,"enemies":"Orb Walker","floor":35.0,"turns":4.0},{"damage":58.0,"enemies":"3 Darklings","floor":37.0,"turns":6.0},{"damage":39.0,"enemies":"Maw","floor":41.0,"turns":7.0},{"damage":15,"enemies":"Transient","floor":42,"turns":5},{"damage":26,"enemies":"Jaw Worm Horde","floor":45,"turns":4},{"damage":34,"enemies":"Maw","floor":47,"turns":6},{"damage":11,"enemies":"4 Shapes","floor":48,"turns":5},{"damage":88,"enemies":"Donu and Deca","floor":50,"turns":8}],"seed_played":"-5385554381133071304","potions_obtained":[{"floor":1.0,"key":"AttackPotion"},{"floor":2.0,"key":"potionbrewer:DiscountPotion"},{"floor":2.0,"key":"ColorlessPotion"},{"floor":6.0,"key":"Milkshake"},{"floor":12.0,"key":"LiquidMemories"},{"floor":13.0,"key":"potionbrewer:EndurancePotion"},{"floor":24.0,"key":"SkillPotion"},{"floor":25.0,"key":"Toxic Potion"},{"floor":29.0,"key":"LiquidMemories"},{"floor":30.0,"key":"ElixirPotion"},{"floor":31.0,"key":"potionbrewer:DiscountPotion"},{"floor":35.0,"key":"LifebloodPotion"},{"floor":42,"key":"potionbrewer:AcidPotion"},{"floor":45,"key":"potionbrewer:ToxicPotion"},{"floor":48,"key":"Swift Potion"}],"is_trial":false,"path_per_floor":["M","?","?","$","M","E","R","E","T","R","?","M","?","M","R","B",null,"M","M","?","?","$","R","E","M","T","M","R","M","M","M","R","B",null,"M","?","M","?","?","R","M","M","T","$","M","?","M","M","R","B",null],"character_chosen":"IRONCLAD","items_purchased":["Combust","Replay:Bottled Steam","Rampage","King of Hearts","ClockworkSouvenir","ReplayTheSpireMod:TigerMarble"],"campfire_rested":3,"item_purchase_floors":[4,22,22,44,44,44],"current_hp_per_floor":[80,80,80,80,79,77,78,61,61,70,70,76,64,65,74,74,74,50,46,46,46,46,58,17,23,23,21,55,45,40,15,49,26,79,81,74,44,31,34,75,68,78,78,78,66,69,52,56,74,17],"gold":195,"neow_bonus":"THREE_CARDS","is_daily":false,"chose_seed":false,"campfire_upgraded":5,"win_rate":0.0,"timestamp":1607936582,"path_taken":["M","?","?","$","?","E","R","E","T","R","?","M","?","M","R","BOSS","M","M","?","?","$","R","E","M","T","?","R","M","M","M","R","BOSS","M","?","M","?","?","R","M","M","T","$","?","?","?","M","R","BOSS"],"items_purchased_type":["Card","Relic","Card","Relic","Relic","Relic"],"build_version":"2020-12-13","purchased_purges":0,"victory":true,"max_hp_per_floor":[80,80,80,80,80,78,78,78,78,76,76,76,74,74,74,74,74,74,74,74,74,72,72,72,73,73,76,76,76,76,76,76,79,79,82,85,83,86,89,89,90,93,93,93,96,99,99,99,97,97],"card_choices":[{"not_picked":["Disarm","Defy Death"],"picked":"Sword Boomerang","floor":0.0},{"not_picked":["Power Through","Ghostly Armor"],"picked":"Inflame","floor":1.0},{"not_picked":["Sentinel","Replay:Undeath\u0027s Touch"],"picked":"Run Through","floor":5.0},{"not_picked":["Life Link","Clash"],"picked":"Metallicize","floor":6.0},{"not_picked":["True Grit","Armaments"],"picked":"Juggernaut","floor":8.0},{"not_picked":["Blood for Blood","Sentinel"],"picked":"Hemokinesis","floor":12.0},{"not_picked":["Blood for Blood","Sever Soul"],"picked":"Evolve","floor":13.0},{"not_picked":["Run Through","Havoc","Abandon"],"picked":"SKIP","floor":14.0},{"not_picked":["Double Tap","Brutality"],"picked":"Hemogenesis","floor":16.0},{"not_picked":["Evolve"],"picked":"SKIP","floor":18.0},{"not_picked":["ReplayTheSpireMod:Strike From Hell+1"],"picked":"SKIP","floor":19.0},{"not_picked":["Perfected Strike"],"picked":"SKIP","floor":24.0},{"not_picked":[],"picked":"True Grit","floor":25.0},{"not_picked":[],"picked":"Thunderclap","floor":27.0},{"not_picked":["Replay:Undeath\u0027s Touch"],"picked":"SKIP","floor":29.0},{"not_picked":["Defy Death+1"],"picked":"SKIP","floor":30.0},{"not_picked":["Rampage"],"picked":"SKIP","floor":31.0},{"not_picked":[],"picked":"Demonic Infusion+1","floor":33.0},{"not_picked":[],"picked":"Armaments+1","floor":35.0},{"not_picked":["Massacre+1"],"picked":"SKIP","floor":37.0},{"not_picked":[],"picked":"ReplayReversal+1","floor":41.0},{"not_picked":[],"picked":"Heavy Blade+1","floor":42},{"not_picked":[],"picked":"Shrug It Off+1","floor":45},{"not_picked":["Warcry+1"],"picked":"SKIP","floor":47},{"not_picked":["Cleave+1"],"picked":"SKIP","floor":48}],"player_experience":634260,"relics_obtained":[{"floor":2.0,"key":"Ring of Misfortune"},{"floor":2.0,"key":"ReplayTheSpireMod:Ring of Addiction"},{"floor":2.0,"key":"Toy Ornithopter"},{"floor":2.0,"key":"Chameleon Ring"},{"floor":6.0,"key":"Eternal Feather"},{"floor":8.0,"key":"Nunchaku"},{"floor":9.0,"key":"Grinning Jar"},{"floor":13.0,"key":"Odd Mushroom"},{"floor":24.0,"key":"Replay:Ringing Soul"},{"floor":26.0,"key":"Toxic Egg 2"},{"floor":43,"key":"conspire:BottledYoYo"}],"event_choices":[{"cards_removed":["Looming Evil"],"damage_healed":0.0,"max_hp_gain":0.0,"max_hp_loss":0.0,"gold_gain":0.0,"event_name":"Fountain of Cleansing","player_choice":"Removed Curses","floor":3.0,"gold_loss":0.0,"damage_taken":0.0},{"damage_healed":0.0,"max_hp_gain":0.0,"max_hp_loss":0.0,"gold_gain":0.0,"event_name":"Mushrooms","player_choice":"Fought Mushrooms","floor":13.0,"gold_loss":0.0,"damage_taken":0.0},{"damage_healed":0.0,"max_hp_gain":0.0,"max_hp_loss":0.0,"gold_gain":0.0,"event_name":"WeMeetAgain","player_choice":"Gave Potion","floor":20.0,"gold_loss":0.0,"damage_taken":0.0,"relics_obtained":["Akabeko"]},{"damage_healed":0.0,"max_hp_gain":0.0,"max_hp_loss":0.0,"gold_gain":0.0,"event_name":"FaceTrader","player_choice":"Trade","floor":21.0,"gold_loss":0.0,"damage_taken":0.0,"relics_obtained":["SsserpentHead"]},{"damage_healed":0.0,"max_hp_gain":0.0,"max_hp_loss":0.0,"gold_gain":0.0,"event_name":"Winding Halls","player_choice":"Embrace Madness","floor":36.0,"gold_loss":0.0,"damage_taken":10.0,"cards_obtained":["Madness","Madness"]},{"damage_healed":0.0,"max_hp_gain":0.0,"max_hp_loss":16.0,"gold_gain":3.0,"event_name":"betterStone:BetterStone","player_choice":"2","floor":38.0,"gold_loss":0.0,"damage_taken":0.0},{"damage_healed":0.0,"max_hp_gain":0.0,"max_hp_loss":0.0,"gold_gain":0.0,"cards_transformed":["Strike_R"],"event_name":"Transmorgrifier","player_choice":"Transformed","floor":39.0,"gold_loss":0.0,"damage_taken":0.0,"cards_obtained":["Battle Trance"]},{"damage_healed":0,"gold_gain":0,"player_choice":"Copied","damage_taken":0,"max_hp_gain":0,"max_hp_loss":0,"event_name":"Duplicator","floor":46,"gold_loss":0,"cards_obtained":["Demon Form"]}],"is_beta":false,"boss_relics":[{"not_picked":["Tiny House","Painkiller Herb"],"picked":"Busted Crown"},{"not_picked":["SacredBark","Black Blood"],"picked":"Runic Pyramid"}],"items_purged_floors":[],"is_endless":false,"potions_floor_spawned":[1,6,12,13,24,25,29,30,31,35,42,45,48],"ascension_level":0}}