{"host":"4nqeo0vu1vuav7gg","time":1607953397,"event":{"mods":["AchievementEnabler","BaseMod","Block Reminder","Colored Map","Colored Powertips","Highlight Path","Minty Spire (QoL Compilation)","Quick Restart","Rare Cards Sparkle","Relic Relevance Reorder","StSLib"],"gold_per_floor":[113,113,188,204,204,243,243,282,357,376,376,376,420,30,30,158,158,174,192,79,79,100,143,167,167,167,207,207,85,85,419,419,539,539,563,581,209,209,229,249,285,285,285],"floor_reached":42,"playtime":2098,"items_purged":["Injury","Strike_B","Strike_B"],"score":786,"play_id":"2fa84313-f881-4849-8e08-73e1338c44b5","local_time":"20201214144317","is_ascension_mode":true,"campfire_choices":[{"data":"Tempest","floor":7.0,"key":"SMITH"},{"floor":11.0,"key":"REST"},{"floor":15.0,"key":"REST"},{"floor":25.0,"key":"REST"},{"floor":28.0,"key":"REST"},{"floor":32.0,"key":"REST"}],"circlet_count":0,"master_deck":["AscendersBane","Defend_B","Defend_B","Defend_B","Defend_B","Zap+1","Dualcast","Gash+1","Cold Snap","Tempest+1","Go for the Eyes","Rebound+1","Doom and Gloom","Compile Driver","Rainbow","Static Discharge","Hologram+1","Leap","BootSequence","Cold Snap","Go for the Eyes","Gash","Capacitor","Turbo","Force Field","Defragment","Defragment+1","Echo Form","Glacier+1","Seek","Static Discharge","Coolheaded"],"relics":["Cracked Core","Shuriken","Ornamental Fan","Blue Candle","Dead Branch","Lantern","HornCleat","Calipers","Busted Crown","Mercury Hourglass","NeowsBlessing","Red Mask","Pantograph","Symbiotic Virus","Black Star","Question Card","The Courier","Golden Idol","Whetstone","Old Coin"],"acts_visited":["Exordium","TheCity","TheBeyond"],"potions_floor_usage":[36,37,40,42],"damage_taken":[{"damage":0.0,"enemies":"Small Slimes","floor":1.0,"turns":1.0},{"damage":0.0,"enemies":"2 Louse","floor":4.0,"turns":1.0},{"damage":0.0,"enemies":"Gremlin Nob","floor":6.0,"turns":1.0},{"damage":28.0,"enemies":"3 Sentries","floor":8.0,"turns":7.0},{"damage":0.0,"enemies":"Cultist","floor":10.0,"turns":2.0},{"damage":13.0,"enemies":"Gremlin Nob","floor":13.0,"turns":4.0},{"damage":49.0,"enemies":"Hexaghost","floor":16.0,"turns":10.0},{"damage":5.0,"enemies":"Chosen","floor":18.0,"turns":3.0},{"damage":14.0,"enemies":"3 Byrds","floor":19.0,"turns":4.0},{"damage":7.0,"enemies":"3 Cultists","floor":22.0,"turns":4.0},{"damage":38.0,"enemies":"Book of Stabbing","floor":23.0,"turns":4.0},{"damage":11.0,"enemies":"Shelled Parasite and Fungi","floor":24.0,"turns":4.0},{"damage":0.0,"enemies":"Masked Bandits","floor":27.0,"turns":2.0},{"damage":69.0,"enemies":"Slavers","floor":31.0,"turns":6.0},{"damage":60,"enemies":"Automaton","floor":33,"turns":10},{"damage":1,"enemies":"Orb Walker","floor":35,"turns":4},{"damage":30,"enemies":"3 Darklings","floor":36,"turns":5},{"damage":6,"enemies":"Transient","floor":39,"turns":5},{"damage":3,"enemies":"Jaw Worm Horde","floor":40,"turns":4},{"damage":23,"enemies":"Nemesis","floor":41,"turns":7},{"damage":4,"enemies":"Spire Growth","floor":42,"turns":3}],"seed_played":"8645204081066054907","potions_obtained":[{"floor":13.0,"key":"Regen Potion"},{"floor":16.0,"key":"EntropicBrew"},{"floor":18.0,"key":"Block Potion"},{"floor":21.0,"key":"Block Potion"},{"floor":24.0,"key":"SkillPotion"},{"floor":27.0,"key":"FairyPotion"},{"floor":33,"key":"FocusPotion"},{"floor":39,"key":"PowerPotion"},{"floor":41,"key":"GamblersBrew"}],"is_trial":false,"path_per_floor":["M","?","?","M","?","E","R","E","T","M","R","T","E","$","R","B",null,"M","M","$","?","M","E","M","R","T","?","R","$","?","E","R","B",null,"M","M","$","?","M","M","E","M"],"character_chosen":"DEFECT","items_purchased":["Fruit Juice","Shuriken","Compile Driver","Leap","BootSequence","Cold Snap","Turbo","Seek","Static Discharge","Fruit Juice"],"campfire_rested":5,"item_purchase_floors":[14,14,14,20,20,20,29,37,37,37],"current_hp_per_floor":[68,68,57,57,57,57,57,29,29,29,51,51,38,38,60,16,64,59,45,45,45,50,12,1,25,25,25,49,49,49,12,36,1,60,59,29,34,34,28,25,2,0,0],"gold":285,"neow_bonus":"THREE_ENEMY_KILL","is_daily":false,"chose_seed":false,"campfire_upgraded":1,"win_rate":0.0,"timestamp":1607953397,"path_taken":["M","?","?","M","?","E","R","E","T","M","R","?","E","$","R","BOSS","M","M","$","?","?","E","M","R","T","?","R","$","?","E","R","BOSS","M","M","$","?","M","M","E","M"],"items_purchased_type":["Potion","Relic","Card","Card","Card","Card","Card","Card","Card","Potion"],"build_version":"2020-12-13","purchased_purges":3,"victory":false,"max_hp_per_floor":[75,75,75,75,75,75,75,75,75,75,75,75,75,75,75,80,80,80,80,80,80,80,80,80,80,80,80,80,80,80,80,80,80,80,80,80,85,85,85,85,85,85,85],"card_choices":[{"not_picked":["Cold Snap","Rebound"],"picked":"Gash","floor":1.0},{"not_picked":["Rebound","Compile Driver"],"picked":"Cold Snap","floor":4.0},{"not_picked":["Stack","Compile Driver"],"picked":"Tempest","floor":6.0},{"not_picked":["Steam","Storm"],"picked":"Go for the Eyes","floor":8.0},{"not_picked":["Steam","Meteor Strike"],"picked":"Rebound","floor":10.0},{"not_picked":["Rip and Tear","Recycle"],"picked":"Doom and Gloom","floor":13.0},{"not_picked":["Buffer","Biased Cognition"],"picked":"Rainbow","floor":16.0},{"not_picked":["Ball Lightning","Gash"],"picked":"Static Discharge","floor":18.0},{"not_picked":["Aggregate","Ball Lightning+1"],"picked":"Hologram+1","floor":19.0},{"not_picked":["Hologram","Cold Snap"],"picked":"Go for the Eyes","floor":22.0},{"not_picked":["Force Field","Cold Snap+1"],"picked":"Gash","floor":23.0},{"not_picked":["Skim+1","Buffer"],"picked":"Capacitor","floor":24.0},{"not_picked":["Heatsinks","Steam"],"picked":"Defragment+1","floor":31.0},{"not_picked":["Hyperbeam","Rainbow"],"picked":"Echo Form","floor":33},{"not_picked":["Rip and Tear+1"],"picked":"SKIP","floor":35},{"not_picked":[],"picked":"Glacier+1","floor":36},{"not_picked":["Doom and Gloom+1"],"picked":"SKIP","floor":39},{"not_picked":["Streamline"],"picked":"SKIP","floor":40},{"not_picked":[],"picked":"Coolheaded","floor":41}],"player_experience":879628,"relics_obtained":[{"floor":6.0,"key":"Lantern"},{"floor":8.0,"key":"The Courier"},{"floor":9.0,"key":"HornCleat"},{"floor":12.0,"key":"Symbiotic Virus"},{"floor":13.0,"key":"Dead Branch"},{"floor":23.0,"key":"Whetstone"},{"floor":23.0,"key":"Calipers"},{"floor":26.0,"key":"Ornamental Fan"},{"floor":27.0,"key":"Red Mask"},{"floor":31.0,"key":"Pantograph"},{"floor":31.0,"key":"Old Coin"},{"floor":38,"key":"Mercury Hourglass"},{"floor":41,"key":"Blue Candle"},{"floor":41,"key":"Question Card"}],"event_choices":[{"damage_healed":0.0,"max_hp_gain":0.0,"max_hp_loss":0.0,"gold_gain":0.0,"event_name":"Living Wall","player_choice":"Grow","floor":2.0,"gold_loss":0.0,"damage_taken":0.0,"cards_upgraded":["Zap"]},{"damage_healed":0.0,"max_hp_gain":0.0,"max_hp_loss":0.0,"gold_gain":75.0,"event_name":"World of Goop","player_choice":"Gather Gold","floor":3.0,"gold_loss":0.0,"damage_taken":11.0},{"damage_healed":0.0,"max_hp_gain":0.0,"max_hp_loss":0.0,"gold_gain":0.0,"event_name":"Golden Idol","player_choice":"Take Wound","floor":5.0,"gold_loss":0.0,"damage_taken":0.0,"relics_obtained":["Golden Idol"],"cards_obtained":["Injury"]},{"damage_healed":0.0,"max_hp_gain":0.0,"max_hp_loss":0.0,"gold_gain":0.0,"event_name":"Lab","player_choice":"Got Potions","floor":21.0,"gold_loss":0.0,"damage_taken":0.0},{"damage_healed":0.0,"max_hp_gain":0.0,"max_hp_loss":0.0,"gold_gain":0.0,"event_name":"Masked Bandits","player_choice":"Fought Bandits","floor":27.0,"gold_loss":0.0,"damage_taken":0.0},{"damage_healed":0.0,"max_hp_gain":0.0,"max_hp_loss":0.0,"gold_gain":0.0,"cards_transformed":["Strike_B","Strike_B"],"event_name":"Drug Dealer","player_choice":"Became Test Subject","floor":30.0,"gold_loss":0.0,"damage_taken":0.0,"cards_obtained":["Force Field","Defragment"]},{"damage_healed":0,"gold_gain":0,"player_choice":"Relic","damage_taken":0,"max_hp_gain":0,"max_hp_loss":0,"event_name":"Wheel of Change","floor":38,"gold_loss":0}],"is_beta":false,"boss_relics":[{"not_picked":["Empty Cage","Snecko Eye"],"picked":"Black Star"},{"not_picked":["SacredBark","Cursed Key"],"picked":"Busted Crown"}],"items_purged_floors":[14,29,37],"is_endless":false,"potions_floor_spawned":[13,16,18,24,27,33,39,41],"killed_by":"Spire Growth","ascension_level":10}}