{"host":"3qkmyeoym75lj4wn","time":1607963547,"event":{"mods":["2.2 Compatiblity","BaseMod","Block Reminder","Colored Powertips","Highlight Path","Minty Spire (QoL Compilation)","Permanent Neow","Potion Indicator Mod","Rare Cards Sparkle","Relic Stats","StSLib"],"gold_per_floor":[117,192,210,210,0,0,31,51,126,126,45,123,149,165,165,239,239,249,249,268,268,268],"floor_reached":21,"playtime":885,"items_purged":["Strike_R"],"score":424,"play_id":"40f8762f-23c0-4168-b538-9d6e6149eec5","local_time":"20201214163227","is_ascension_mode":true,"campfire_choices":[{"data":"Bash","floor":6,"key":"SMITH"},{"data":"Armaments","floor":10,"key":"SMITH"},{"floor":15,"key":"REST"}],"circlet_count":0,"master_deck":["AscendersBane","Bash+1","Metallicize","Spot Weakness","Pummel","Armaments+1","Shrug It Off","Twin Strike","Pommel Strike","Shockwave","Heavy Blade","Iron Wave","True Grit","Iron Wave","Dark Embrace","Wild Strike","Dropkick","Hemokinesis"],"relics":["Burning Blood","NeowsBlessing","Matryoshka","Paper Frog","Regal Pillow","Gremlin Horn","PreservedInsect","Pandora\u0027s Box","Ancient Tea Set"],"acts_visited":["Exordium","TheCity"],"potions_floor_usage":[13,13,20,21],"damage_taken":[{"damage":0,"enemies":"Cultist","floor":1,"turns":1},{"damage":0,"enemies":"Jaw Worm","floor":3,"turns":1},{"damage":0,"enemies":"3 Sentries","floor":7,"turns":1},{"damage":17,"enemies":"2 Louse","floor":8,"turns":3},{"damage":25,"enemies":"Lagavulin","floor":13,"turns":5},{"damage":22,"enemies":"Red Slaver","floor":14,"turns":4},{"damage":20,"enemies":"The Guardian","floor":16,"turns":12},{"damage":15,"enemies":"Chosen","floor":18,"turns":7},{"damage":18,"enemies":"Spheric Guardian","floor":20,"turns":5},{"damage":49,"enemies":"Snake Plant","floor":21,"turns":5}],"seed_played":"2321116384703354015","potions_obtained":[{"floor":1,"key":"SkillPotion"},{"floor":13,"key":"ElixirPotion"},{"floor":16,"key":"ColorlessPotion"},{"floor":18,"key":"DistilledChaos"},{"floor":20,"key":"LiquidBronze"}],"is_trial":false,"path_per_floor":["M","?","M","T","$","R","E","M","T","R","$","?","E","M","R","B",null,"M","?","M","M"],"character_chosen":"IRONCLAD","items_purchased":["Spot Weakness","FearPotion","Shrug It Off","Twin Strike"],"campfire_rested":1,"item_purchase_floors":[5,5,11,11],"current_hp_per_floor":[74,63,69,69,69,69,75,64,64,64,64,64,45,29,66,52,69,60,60,48,0,0],"gold":268,"neow_bonus":"THREE_ENEMY_KILL","is_daily":false,"chose_seed":false,"campfire_upgraded":2,"win_rate":0.0,"timestamp":1607963547,"path_taken":["M","?","M","?","$","R","E","M","T","R","$","?","E","?","R","BOSS","M","?","M","?"],"items_purchased_type":["Card","Potion","Card","Card"],"build_version":"2020-12-13","purchased_purges":1,"victory":false,"max_hp_per_floor":[75,75,75,75,75,75,75,75,75,75,75,75,75,75,75,75,75,75,75,75,75,75],"relic_stats":{"Regal Pillow":15,"Gremlin Horn":[0,0],"counters":[10,44],"Pandora\u0027s Box":["Shockwave","Heavy Blade","Iron Wave","True Grit","Iron Wave","Dark Embrace","Wild Strike","Dropkick"],"PreservedInsect":0,"obtain_stats":[{"Regal Pillow":9,"Matryoshka":4,"NeowsBlessing":0,"Gremlin Horn":9,"Pandora\u0027s Box":17,"PreservedInsect":13,"Ancient Tea Set":19,"Burning Blood":0,"Paper Frog":7},{"Regal Pillow":4,"Matryoshka":2,"NeowsBlessing":0,"Gremlin Horn":4,"Pandora\u0027s Box":7,"PreservedInsect":5,"Ancient Tea Set":8,"Burning Blood":0,"Paper Frog":3},{"Regal Pillow":6,"Matryoshka":2,"NeowsBlessing":0,"Gremlin Horn":6,"Pandora\u0027s Box":27,"PreservedInsect":11,"Ancient Tea Set":34,"Burning Blood":0,"Paper Frog":3}],"Burning Blood":54},"card_choices":[{"not_picked":["Whirlwind","Reckless Charge"],"picked":"Metallicize","floor":1},{"not_picked":["Flex","True Grit","Wild Strike"],"picked":"SKIP","floor":3},{"not_picked":["Shrug It Off","Havoc"],"picked":"Pummel","floor":7},{"not_picked":["Headbutt","Reckless Charge"],"picked":"Armaments","floor":8},{"not_picked":["Perfected Strike","Burning Pact","Wild Strike"],"picked":"SKIP","floor":13},{"not_picked":["Rupture","Feel No Pain"],"picked":"Pommel Strike","floor":14},{"not_picked":["Fire Breathing","Anger","Body Slam"],"picked":"SKIP","floor":18},{"not_picked":["Wild Strike","Pommel Strike"],"picked":"Hemokinesis","floor":20}],"player_experience":1590702,"relics_obtained":[{"floor":4,"key":"Matryoshka"},{"floor":7,"key":"Paper Frog"},{"floor":9,"key":"Regal Pillow"},{"floor":9,"key":"Gremlin Horn"},{"floor":13,"key":"PreservedInsect"}],"event_choices":[{"damage_healed":0,"gold_gain":75,"player_choice":"Gather Gold","damage_taken":11,"max_hp_gain":0,"max_hp_loss":0,"event_name":"World of Goop","floor":2,"gold_loss":0},{"damage_healed":0,"gold_gain":78,"player_choice":"Gained Gold","damage_taken":0,"max_hp_gain":0,"max_hp_loss":0,"event_name":"Golden Wing","floor":12,"gold_loss":0},{"damage_healed":0,"gold_gain":0,"player_choice":"Gave Potion","damage_taken":0,"relics_obtained":["Ancient Tea Set"],"max_hp_gain":0,"max_hp_loss":0,"event_name":"WeMeetAgain","floor":19,"gold_loss":0}],"is_beta":false,"boss_relics":[{"not_picked":["Busted Crown","Runic Dome"],"picked":"Pandora\u0027s Box"}],"items_purged_floors":[5],"is_endless":false,"potions_floor_spawned":[1,13,16,18,20],"killed_by":"Snake Plant","ascension_level":20}}