{"host":"121m0oxswv9tg9hk","time":1607956504,"event":{"mods":["AchievementEnabler","BaseMod","Better Third Choice","Downfall","Hermit","Hubris","Infinite Spire","MarisaÅiñ∂âJÅ@ñÇóùçπÅj","Minty Spire (QoL Compilation)","Replay The Spire","Shade Mod","StSLib","The Construct","The Cursed","The Gatherer","The Hierophant","The Mystic"],"gold_per_floor":[117,117,82,97,49,49,84,95,119,119,146,166,185,204,204,304,304,317,134,134,134,146,146,172,172,221,253,253,264,264,264,264,363,363,380,380,407,407,426,456,456,476,499,499,499,527,537,537,537,637,637,637,44,70,70,70],"floor_reached":55,"playtime":3191,"items_purged":["Shade:Defend_Shade"],"score":1045,"play_id":"9eca30ee-015c-45c9-bb98-14fc2709ecec","local_time":"20201214153504","is_ascension_mode":true,"campfire_choices":[{"data":"Shade:CallWraith","floor":6,"key":"SMITH"},{"floor":10,"key":"DIG"},{"floor":15,"key":"DIG"},{"floor":23,"key":"DIG"},{"data":"Shade:LichForm","floor":25,"key":"SMITH"},{"floor":30,"key":"DIG"},{"data":"infinitespire:Collect","floor":32,"key":"SMITH"},{"floor":41,"key":"RECALL"},{"floor":44,"key":"DIG"},{"floor":49,"key":"DIG"},{"floor":52,"key":"DIG"}],"circlet_count":0,"master_deck":["Shade:Strike_Shade","Shade:Strike_Shade","Shade:Strike_Shade","Shade:Defend_Shade","Shade:Defend_Shade","Shade:Defend_Shade","Shade:AnimateDead","Shade:CarefulCut","Shade:SoulToxin","infinitespire:Collect+1","Shade:CallWraith+1","Shade:AncientSpear","Shade:WallOfFlesh","Shade:Bite_Shade","Shade:PoundOfFlesh","Shade:LichForm+1","Shade:OpenGraves+1","Shade:SoulPierce","Shade:Premonition+1","Shade:BoneShards","Shade:ClawBack","Shade:LyeBath+1","Shade:AuraOfUnlife+1","Shade:FleshToFlesh+1","Shade:OpenGraves+1","Replay:Dark Deal","Shade:ClawBack","Shade:OpenGraves","Shade:FleshLikeOak+1"],"relics":["Shade:YorickSkull","Replay:Baseball","Shovel","Bag of Marbles","hubris:MedicalManual","Snack Pack","Blue Doll","hubris:GrandSneckoEye","Lantern","Replay:PocketPolymizer","Guardian:PocketSentry","Tiny Chest","hubris:Icosahedron","Pet Ghost","ChewingGum","infinitespire:Lucky Rock","Dream Catcher","Onion Ring","Fusion Hammer","hubris:SphereOfDissonance","hubris:TenFootPole","sneckomod:BlankCard","Mirror","Bronze Scales","Toolbox","Art of War"],"acts_visited":["Exordium","TheCity","TheBeyond","TheEnding"],"potions_floor_usage":[33,33,50,50,55],"damage_taken":[{"damage":0,"enemies":"Jaw Worm","floor":1,"turns":4},{"damage":0,"enemies":"Small Slimes","floor":4,"turns":3},{"damage":11,"enemies":"Lagavulin","floor":7,"turns":5},{"damage":0,"enemies":"Cultist","floor":8,"turns":2},{"damage":5,"enemies":"Replay:BlueRogue","floor":11,"turns":2},{"damage":0,"enemies":"Exordium Thugs","floor":12,"turns":3},{"damage":0,"enemies":"2 Fungi Beasts","floor":13,"turns":2},{"damage":3,"enemies":"Exordium Wildlife","floor":14,"turns":3},{"damage":13,"enemies":"Fading Forest","floor":16,"turns":11},{"damage":5,"enemies":"Shell Parasite","floor":18,"turns":3},{"damage":5,"enemies":"2 Thieves","floor":22,"turns":3},{"damage":1,"enemies":"Book of Stabbing","floor":24,"turns":5},{"damage":11,"enemies":"Gremlin Leader","floor":27,"turns":4},{"damage":5,"enemies":"Snake Plant","floor":29,"turns":2},{"damage":16,"enemies":"Champ","floor":33,"turns":5},{"damage":5,"enemies":"3 Darklings","floor":35,"turns":2},{"damage":5,"enemies":"Orb Walker","floor":39,"turns":3},{"damage":15,"enemies":"R_Hoarder","floor":40,"turns":5},{"damage":5,"enemies":"4 Shapes","floor":42,"turns":6},{"damage":10,"enemies":"Giant Head","floor":46,"turns":6},{"damage":7,"enemies":"Jaw Worm Horde","floor":47,"turns":3},{"damage":14,"enemies":"hubris:GrandSnecko","floor":50,"turns":10},{"damage":41,"enemies":"Shield and Spear","floor":54,"turns":6},{"damage":38,"enemies":"The Heart","floor":55,"turns":3}],"seed_played":"3472366004586867100","potions_obtained":[{"floor":8,"key":"Guardian:BlockOnCardUsePotion"},{"floor":13,"key":"Explosive Potion"},{"floor":16,"key":"Energy Potion"},{"floor":24,"key":"LiquidBronze"},{"floor":33,"key":"BlessingOfTheForge"},{"floor":39,"key":"SkillPotion"},{"floor":40,"key":"Regen Potion"}],"is_trial":false,"path_per_floor":["M","?","?","M","$","R","E","M","T","R","E","M","M","M","R","B",null,"M","$","?","$","M","R","E","R","T","E","?","M","R","?","R","B",null,"M","?","T","?","M","E","R","M","T","R","AVR","E","M","?","R","B",null,"R","$","E","B"],"character_chosen":"SHADE","items_purchased":["Shade:AncientSpear","Ancient Potion","Shade:Premonition+1","Bronze Scales","Toolbox","Replay:Dark Deal","Shade:ClawBack","Shade:OpenGraves"],"campfire_rested":0,"item_purchase_floors":[5,19,19,53,53,53,53,53],"current_hp_per_floor":[65,50,65,65,65,65,54,54,54,54,51,53,57,56,56,65,65,60,60,60,60,57,57,62,62,62,55,55,52,52,65,65,53,62,57,57,57,57,56,47,47,60,60,60,60,57,55,55,55,49,61,61,61,24,0,0],"gold":70,"neow_bonus":"RANDOM_COMMON_RELIC","is_daily":false,"chose_seed":false,"campfire_upgraded":3,"win_rate":0.0,"timestamp":1607956504,"path_taken":["M","?","?","M","?","R","E","M","T","R","E","?","M","M","R","BOSS","M","$","?","?","?","R","E","R","T","E","?","M","R","?","R","BOSS","M","?","?","?","M","E","R","M","T","R","AVR","E","M","?","R","BOSS","R","$","E","BOSS"],"items_purchased_type":["Card","Potion","Card","Relic","Relic","Card","Card","Card"],"build_version":"2020-12-13","purchased_purges":1,"victory":false,"max_hp_per_floor":[65,65,65,65,65,65,65,65,65,65,65,65,65,65,65,65,65,65,65,65,65,65,65,65,65,65,65,65,65,65,65,65,65,65,65,65,65,65,65,65,65,65,65,65,65,65,65,65,65,65,65,65,65,65,65,65],"card_choices":[{"not_picked":["Shade:Frenzy","Shade:ScuttlingHand"],"picked":"Shade:SoulToxin","floor":1},{"not_picked":["infinitespire:Fortify","ReplayTheSpireMod:??????????????????????"],"picked":"infinitespire:Collect","floor":2},{"not_picked":["Shade:Premonition","Shade:SkeletonArmy"],"picked":"Shade:CallWraith","floor":4},{"not_picked":["Shade:ExtraLimbs","Shade:Haruspicy"],"picked":"Shade:WallOfFlesh","floor":7},{"not_picked":["Shade:Premonition","Shade:Excise"],"picked":"Shade:Bite_Shade","floor":8},{"not_picked":["Shade:FreshBones","Shade:FuneraryArmor"],"picked":"Shade:PoundOfFlesh","floor":11},{"not_picked":["Shade:SpontaneousRitual","Shade:SkeletonHug","Shade:ExtraLimbs"],"picked":"SKIP","floor":12},{"not_picked":["Shade:FleshToFlesh","Shade:OpenGraves"],"picked":"Shade:LichForm","floor":13},{"not_picked":["Shade:AncientSpear","Shade:CommandSoldier"],"picked":"Shade:OpenGraves","floor":14},{"not_picked":["Shade:Putrefaction","Shade:Consume"],"picked":"Shade:SoulPierce","floor":16},{"not_picked":["Shade:FingerOfDeath","Shade:Frenzy+1","Shade:StitchTogether+1"],"picked":"SKIP","floor":18},{"not_picked":["Shade:CommandSoldier+1","Shade:StitchTogether","Shade:ExtraLimbs"],"picked":"SKIP","floor":22},{"not_picked":["Shade:Asphyxiate+1","Shade:FeralStrike","Shade:SpectralStrikes+1"],"picked":"SKIP","floor":24},{"not_picked":["Shade:Frenzy","Shade:Premonition","Shade:Trample"],"picked":"SKIP","floor":27},{"not_picked":["Shade:Haruspicy","Shade:FleshToFlesh"],"picked":"Shade:ClawBack","floor":29},{"not_picked":["Shade:AncientSpear","Shade:SkeletonHug+1","Shade:FuneraryArmor"],"picked":"SKIP","floor":35},{"not_picked":["Shade:Awaken+1","Shade:Frenzy"],"picked":"Shade:LyeBath+1","floor":39},{"not_picked":["Shade:FreshBones","Shade:Carnophage"],"picked":"Shade:AuraOfUnlife+1","floor":40},{"not_picked":["Shade:FreshBones+1","Shade:FleshOffering"],"picked":"Shade:FleshToFlesh+1","floor":42},{"not_picked":["Shade:DangerousRitual+1","Shade:CloudOfShrapnel"],"picked":"Shade:OpenGraves+1","floor":46},{"not_picked":["Shade:FleshToFlesh+1","Shade:PoundOfFlesh+1","Shade:PotionOfRestlessness"],"picked":"SKIP","floor":47},{"not_picked":["Shade:GreyBargain+1","Shade:BoneShards"],"picked":"Shade:FleshLikeOak+1","floor":54}],"player_experience":2829555,"relics_obtained":[{"floor":7,"key":"Shovel"},{"floor":9,"key":"Bag of Marbles"},{"floor":10,"key":"hubris:MedicalManual"},{"floor":11,"key":"Snack Pack"},{"floor":15,"key":"Blue Doll"},{"floor":23,"key":"Lantern"},{"floor":24,"key":"Replay:PocketPolymizer"},{"floor":26,"key":"Guardian:PocketSentry"},{"floor":27,"key":"Tiny Chest"},{"floor":30,"key":"Pet Ghost"},{"floor":40,"key":"infinitespire:Lucky Rock"},{"floor":43,"key":"Dream Catcher"},{"floor":44,"key":"Onion Ring"},{"floor":46,"key":"hubris:TenFootPole"},{"floor":49,"key":"sneckomod:BlankCard"},{"floor":52,"key":"Mirror"},{"floor":54,"key":"Art of War"}],"event_choices":[{"damage_healed":16,"gold_gain":0,"player_choice":"Healed","damage_taken":0,"max_hp_gain":0,"max_hp_loss":0,"event_name":"The Cleric","floor":3,"gold_loss":35},{"damage_healed":0,"gold_gain":0,"player_choice":"Got Potions","damage_taken":0,"max_hp_gain":0,"max_hp_loss":0,"event_name":"Lab","floor":20,"gold_loss":0},{"damage_healed":21,"gold_gain":0,"player_choice":"Heal","damage_taken":0,"max_hp_gain":0,"max_hp_loss":0,"event_name":"The Library","floor":31,"gold_loss":0},{"damage_healed":0,"gold_gain":0,"player_choice":"Upgraded","damage_taken":0,"max_hp_gain":0,"max_hp_loss":0,"event_name":"Upgrade Shrine","floor":36,"gold_loss":0,"cards_upgraded":["Shade:OpenGraves"]},{"damage_healed":0,"gold_gain":0,"player_choice":"Ignored","damage_taken":0,"max_hp_gain":0,"max_hp_loss":0,"event_name":"Mysterious Sphere","floor":38,"gold_loss":0}],"is_beta":false,"boss_relics":[{"not_picked":["Empty Cage","Ring of Chaos"],"picked":"hubris:GrandSneckoEye"},{"not_picked":["Painkiller Herb","hubris:Stopwatch"],"picked":"ChewingGum"}],"items_purged_floors":[19],"is_endless":false,"potions_floor_spawned":[8,13,16,22,24,33,39,40,46],"killed_by":"The Heart","ascension_level":5}}