{"host":"a8v0czv88scrgx5i","time":1607909188,"event":{"mods":["2.2 Compatiblity","Act Like it!","Aspiration","Astrologer","Bard","BaseMod","Beaked The Cultist","Better Third Choice","BetterRewards","Colored Map","Colored Powertips","Dota2Spire","Downfall","Friendly Minions","GifTheSpireLib","GungeonMod","Hermit","Hubris","Infinite Spire","Luminous","Marisa????????","Minty Spire (QoL Compilation)","READ ME - Guardian Mod","Rare Cards Sparkle","Relic Sorter","Replay The Spire","Shade Mod","Shop Mod","StSLib","The Animator","The Blackbeard","The Bug Knight","The Construct","The Cursed","The Disciple","The Elementalist","The Hierophant","The Jungle","The Mystic","The Necromancer","The Runesmith","The Servant 0.9.4","The Spell Scribe","vexMod"],"gold_per_floor":[99,127,52,68,68,94,94,19,39,39,54,69,54,67,87,199,199,199,224,224,224,224,224,224,261,261,294,308,335,350,387,408,519,519,519,537,552,572,593,593,618,618,618,644,662,662,678,697,707,707],"floor_reached":51,"playtime":2658,"items_purged":[],"score":901,"play_id":"f35c6be5-54ab-4ba9-89d4-eaf4715e58cf","local_time":"20201213202628","is_ascension_mode":false,"campfire_choices":[{"floor":1,"key":"RECALL"},{"data":"hexamod:Float","floor":3,"key":"SMITH"},{"data":"hexamod:ShieldOfDarkness","floor":5,"key":"SMITH"},{"data":"hexamod:Defend","floor":8,"key":"SMITH"},{"data":"hexamod:Strike","floor":10,"key":"SMITH"},{"data":"hexamod:GhostflameInferno","floor":18,"key":"SMITH"},{"data":"Replay:Sssssssssshield","floor":23,"key":"SMITH"},{"data":"hexamod:Rewind","floor":26,"key":"SMITH"},{"floor":35,"key":"DIG"},{"data":"hexamod:EmpoweringStance","floor":40,"key":"SMITH"},{"data":"hexamod:WildfireWeapon","floor":43,"key":"SMITH"}],"circlet_count":0,"master_deck":["hexamod:Strike","hexamod:Strike","hexamod:Strike","hexamod:Strike+1","hexamod:Defend+1","hexamod:Defend","hexamod:Defend","hexamod:Defend","hexamod:Sear","hexamod:Float+1","hexamod:ShieldOfDarkness+1","hexamod:EmpoweredFlame","hexamod:TimeWarp","hexamod:SwordOfDarkness","hexamod:SkipABeat","hexamod:Rewind+1","hexamod:GhostflameInferno+1","hexamod:EmpoweredFlame","hexamod:PhantomCloak+1","hexamod:Sear","Replay:Sssssssssshield+1","hexamod:SearingWound","hubris:InfiniteBlow+60","hexamod:BurningTouch+1","hexamod:TurnItUp","hexamod:EmpoweredFlame+1","hexamod:FastForward+1","hexamod:EmpoweringStance+1","hexamod:FastForward","hexamod:SpectersWail+1","hexamod:WildfireWeapon+1","hexamod:SixthSeal","hexamod:SoulSteal+1","hexamod:GhostOfSpirePast"],"relics":["hexamod:SpiritBrand","Dota2Spire:Satanic","DemoMod:Antibody","infinitespire:Beetle Shell","downfall:HeartBlessingRed","Akabeko","downfall:HeartBlessingBlue","Odd Mushroom","Coffee Dripper","beaked:MawFillet","hubris:CrystalStatue","aspiration:Lifesprig","MealTicket","PreservedInsect","aspiration:PoetsPen_weak","Happy Flower","hexamod:TheBrokenSeal","ReplayTheSpireMod:TigerMarble","DemoMod:WhiteGuonStone","DemoMod:GlassGuonStoneRelic"],"acts_visited":["Exordium","TheCity","TheBeyond"],"potions_floor_usage":[13],"damage_taken":[{"damage":14,"enemies":"HollowMod:MossKnight","floor":2,"turns":7},{"damage":0,"enemies":"Cultist","floor":4,"turns":3},{"damage":0,"enemies":"Lagavulin","floor":6,"turns":7},{"damage":0,"enemies":"The Mushroom Lair","floor":9,"turns":5},{"damage":0,"enemies":"Jaw Worm","floor":11,"turns":4},{"damage":0,"enemies":"Small Slimes","floor":12,"turns":3},{"damage":0,"enemies":"downfall:FleeingMerchant","floor":13,"turns":4},{"damage":0,"enemies":"Red Slaver","floor":14,"turns":3},{"damage":0,"enemies":"2 Fungi Beasts","floor":15,"turns":3},{"damage":3,"enemies":"downfall:Watcher","floor":16,"turns":8},{"damage":4,"enemies":"Chosen","floor":19,"turns":4},{"damage":28,"enemies":"Slavers","floor":25,"turns":4},{"damage":3,"enemies":"Gremlin Leader","floor":27,"turns":2},{"damage":15,"enemies":"Snake Plant","floor":28,"turns":4},{"damage":0,"enemies":"Snecko","floor":29,"turns":4},{"damage":0,"enemies":"Centurion and Healer","floor":30,"turns":4},{"damage":14,"enemies":"Replay:Snechameleon","floor":31,"turns":5},{"damage":4,"enemies":"Chosen and Byrds","floor":32,"turns":4},{"damage":35,"enemies":"downfall:Silent","floor":33,"turns":7},{"damage":0,"enemies":"Orb Walker","floor":36,"turns":1},{"damage":26,"enemies":"3 Darklings","floor":37,"turns":5},{"damage":39,"enemies":"4 Shapes","floor":38,"turns":4},{"damage":39,"enemies":"Sphere and 2 Shapes","floor":39,"turns":13},{"damage":0,"enemies":"Nemesis","floor":44,"turns":5},{"damage":8,"enemies":"Jaw Worm Horde","floor":45,"turns":3},{"damage":0,"enemies":"Transient","floor":47,"turns":4},{"damage":0,"enemies":"Sphere and 2 Shapes","floor":48,"turns":3},{"damage":0,"enemies":"4 Shapes","floor":49,"turns":3},{"damage":0,"enemies":"downfall:Defect","floor":50,"turns":3}],"seed_played":"-294345621417283470","potions_obtained":[{"floor":6,"key":"Energy Potion"},{"floor":12,"key":"AttackPotion"},{"floor":14,"key":"sneckomod:MuddlingPotion"},{"floor":16,"key":"sneckomod:MuddlingPotion"},{"floor":19,"key":"Weak Potion"},{"floor":25,"key":"hexamod:DoubleChargePotion"},{"floor":28,"key":"EntropicBrew"},{"floor":29,"key":"Flashbang"},{"floor":36,"key":"hexamod:DoubleChargePotion"}],"is_trial":false,"path_per_floor":["R","E","R","M","R","E","T","R","?","R","M","M","$","M","M","B",null,"R","M","?","?","AVR","R","T","E","R","E","M","M","M","E","M","B",null,"R_BF","M","M","M","M","R","T","?","R","E","M","?","M","M","M","B",null],"character_chosen":"THE_SPIRIT","items_purchased":[],"campfire_rested":0,"item_purchase_floors":[],"current_hp_per_floor":[49,35,35,49,49,56,56,66,66,66,73,80,80,80,80,80,80,80,80,80,80,80,80,80,80,80,77,76,76,80,73,80,59,80,80,80,78,80,90,90,90,90,90,90,82,82,82,82,82,82],"gold":707,"neow_bonus":"ONE_RARE_RELIC","is_daily":false,"chose_seed":false,"campfire_upgraded":9,"win_rate":0.0,"timestamp":1607909188,"path_taken":["R","E","R","M","R","E","T","R","?","R","M","M","$","M","M","BOSS","R","M","?","?","AVR","R","T","E","R","E","M","?","M","E","M","BOSS","R_BF","M","M","M","M","R","T","?","R","E","M","?","M","?","M","BOSS"],"items_purchased_type":[],"build_version":"2020-12-13","purchased_purges":0,"victory":true,"max_hp_per_floor":[70,70,70,70,70,70,70,80,80,80,80,80,80,80,80,80,80,80,80,80,80,80,80,80,80,80,80,80,80,80,80,80,80,80,80,80,80,80,90,90,90,90,90,90,90,90,90,90,90,90],"card_choices":[{"not_picked":["hexamod:InspiringFlames","hexamod:ShieldOfDarkness"],"picked":"hexamod:FirstSeal","floor":2},{"not_picked":["hexamod:FlamesFromBeyond","hexamod:HauntingEcho"],"picked":"hexamod:ShieldOfDarkness","floor":4},{"not_picked":["hexamod:ThermalTransfer","hexamod:SpectersWail","hexamod:ExtraCrispy"],"picked":"SKIP","floor":6},{"not_picked":["hexamod:AdvancingGuard","hexamod:SkipABeat"],"picked":"hexamod:ThirdSeal","floor":9},{"not_picked":["hexamod:FastForward","hexamod:BurningTouch"],"picked":"hexamod:EmpoweredFlame","floor":11},{"not_picked":["hexamod:Firestarter","hexamod:HeatCrush"],"picked":"hexamod:TimeWarp","floor":11},{"not_picked":["hexamod:NightmareStrike","hexamod:HauntingEcho","hexamod:Firestarter"],"picked":"SKIP","floor":12},{"not_picked":["hexamod:NecessarySacrifice","hexamod:Incineration"],"picked":"hexamod:SwordOfDarkness","floor":13},{"not_picked":["hexamod:NightmareGuise","hexamod:NecessarySacrifice"],"picked":"hexamod:SkipABeat","floor":13},{"not_picked":["hexamod:Hexaguard","hexamod:NecessarySacrifice"],"picked":"hexamod:Rewind","floor":14},{"not_picked":["hexamod:NecessarySacrifice","hexamod:NightmareStrike"],"picked":"hexamod:SecondSeal","floor":14},{"not_picked":["hexamod:GhostLash","hexamod:ShieldOfDarkness","hexamod:ThermalTransfer"],"picked":"SKIP","floor":15},{"not_picked":["hexamod:BacktrackSmack","hexamod:NightmareGuise","hexamod:RainOfEmbers"],"picked":"SKIP","floor":15},{"not_picked":["hexamod:TimeOfNeed","hexamod:TimeWarp"],"picked":"hexamod:GhostflameInferno","floor":16},{"not_picked":["hexamod:GhostLash","hexamod:FlamesFromBeyond+1"],"picked":"hexamod:EmpoweredFlame","floor":19},{"not_picked":["hexamod:SuperheatedStrike","hexamod:BurningTouch"],"picked":"hexamod:PhantomCloak","floor":19},{"not_picked":["hexamod:SpectersWail","hexamod:NightmareStrike"],"picked":"hexamod:BurningTouch+1","floor":25},{"not_picked":["hexamod:TimeOfNeed","hexamod:Hexaguard+1"],"picked":"hexamod:TurnItUp","floor":25},{"not_picked":["hexamod:GhostOfSpirePast","hexamod:BacktrackSmack+1"],"picked":"hexamod:FourthSeal","floor":27},{"not_picked":["hexamod:NightmareStrike","hexamod:FirstSeal"],"picked":"hexamod:EmpoweredFlame+1","floor":27},{"not_picked":["hexamod:ShieldOfDarkness","hexamod:FirstSeal"],"picked":"hexamod:FastForward+1","floor":28},{"not_picked":["hexamod:ThermalTransfer","hexamod:GhostOfSpireFuture","hexamod:HeatShield"],"picked":"SKIP","floor":28},{"not_picked":["hexamod:Incineration+1","hexamod:Again+1","hexamod:SecondSeal"],"picked":"SKIP","floor":29},{"not_picked":["hexamod:InspiringFlames","hexamod:ThermalTransfer","hexamod:BacktrackSmack"],"picked":"SKIP","floor":29},{"not_picked":["hexamod:Hexaguard","hexamod:Firestarter","hexamod:BurningTouch"],"picked":"SKIP","floor":30},{"not_picked":["hexamod:ShieldOfDarkness+1","hexamod:BacktrackSmack","hexamod:GhostLash"],"picked":"SKIP","floor":30},{"not_picked":["hexamod:UnleashSpirits","hexamod:ChargedBarrage","hexamod:InspiringFlames"],"picked":"SKIP","floor":31},{"not_picked":["hexamod:RetreatToShadows+1","hexamod:ThirdSeal","hexamod:NightmareGuise"],"picked":"SKIP","floor":31},{"not_picked":["hexamod:FourthSeal","hexamod:SpectersWail","hexamod:SpectralSpark"],"picked":"SKIP","floor":32},{"not_picked":["hexamod:BurningTouch+1","hexamod:InspiringFlames","hexamod:HauntingEcho+1"],"picked":"SKIP","floor":32},{"not_picked":["hexamod:WildfireWeapon","hexamod:HexaLevel"],"picked":"hexamod:FifthSeal","floor":33},{"not_picked":["hexamod:TimeOfNeed","hexamod:TurnItUp"],"picked":"hexamod:EmpoweringStance","floor":33},{"not_picked":["hexamod:RetreatToShadows","hexamod:GhostShield"],"picked":"hexamod:FastForward","floor":36},{"not_picked":["hexamod:FifthSeal","hexamod:FourthSeal"],"picked":"hexamod:SixthSeal","floor":37},{"not_picked":["hexamod:GhostOfSpireFuture+1","hexamod:HauntingEcho","hexamod:ShieldOfDarkness"],"picked":"SKIP","floor":37},{"not_picked":["hexamod:BacktrackSmack+1","hexamod:RainOfEmbers"],"picked":"hexamod:SpectersWail+1","floor":38},{"not_picked":["hexamod:NightmareStrike","hexamod:GhostLash+1","hexamod:Haunt"],"picked":"SKIP","floor":38},{"not_picked":["hexamod:RetreatToShadows+1","hexamod:RecurringNightmare","hexamod:InspiringFlames+1"],"picked":"SKIP","floor":39},{"not_picked":["hexamod:GhostLash+1","hexamod:SkipABeat","hexamod:SpectersWail"],"picked":"SKIP","floor":39},{"not_picked":["hexamod:GhostflameBarrier","hexamod:NightmareGuise"],"picked":"hexamod:SixthSeal","floor":44},{"not_picked":["hexamod:PhantomFireball+1","hexamod:CatchUp","hexamod:BacktrackSmack+1"],"picked":"SKIP","floor":45},{"not_picked":["hexamod:BacktrackSmack+1","hexamod:SecondSeal"],"picked":"hexamod:SoulSteal+1","floor":47},{"not_picked":["hexamod:BurningTouch","hexamod:SpectersWail+1","hexamod:CatchUp+1"],"picked":"SKIP","floor":48},{"not_picked":["hexamod:GhostShield","hexamod:ChargedBarrage+1"],"picked":"hexamod:GhostOfSpirePast","floor":49}],"player_experience":921120,"relics_obtained":[{"floor":2,"key":"infinitespire:Beetle Shell"},{"floor":6,"key":"Akabeko"},{"floor":9,"key":"Odd Mushroom"},{"floor":24,"key":"Dota2Spire:Satanic"},{"floor":25,"key":"aspiration:Lifesprig"},{"floor":27,"key":"MealTicket"},{"floor":31,"key":"PreservedInsect"},{"floor":35,"key":"Happy Flower"},{"floor":41,"key":"ReplayTheSpireMod:TigerMarble"},{"floor":44,"key":"DemoMod:WhiteGuonStone"}],"event_choices":[{"damage_healed":0,"gold_gain":0,"player_choice":"Fought Mushrooms","damage_taken":0,"max_hp_gain":0,"max_hp_loss":0,"event_name":"Mushrooms","floor":9,"gold_loss":0},{"damage_healed":0,"gold_gain":0,"player_choice":"Ignored","damage_taken":0,"max_hp_gain":0,"max_hp_loss":0,"event_name":"Transmorgrifier","floor":46,"gold_loss":0}],"is_beta":false,"boss_relics":[{"not_picked":["aspiration:SecretTechniqueScroll","vexMod:ImprovementManual"],"picked":"Coffee Dripper"},{"not_picked":["construct:ClawGrip","hubris:BlackHole"],"picked":"aspiration:PoetsPen_weak"}],"items_purged_floors":[],"is_endless":false,"potions_floor_spawned":[6,12,14,16,19,25,36,38,44,45],"ascension_level":0}}