{"host":"fflyk188z5ncxlup","time":1607926956,"event":{"mods":["AchievementEnabler","BaseMod","Bestiary","Better Third Choice","Block Reminder","Colored Map","Colored Powertips","DeckTracker","Googly Eyes","Minty Spire (QoL Compilation)","StSLib","SuperFastMode"],"gold_per_floor":[369,369,315,335,132,166,185,185,185,185,89,105,105,125,125,227,227,243,100,111,61,61,61,93,113,140,192,192,192,205,205,220,220,220,322,322,334,96,96,106,117,147,147,147,147,197,223,223,223,242,242,242],"floor_reached":53,"playtime":2015,"items_purged":["Strike_G"],"score":1073,"play_id":"63787215-8e8e-41a9-afdb-971eb6a1c5e2","local_time":"20201214152236","is_ascension_mode":true,"campfire_choices":[{"data":"Dagger Spray","floor":8.0,"key":"SMITH"},{"floor":10.0,"key":"REST"},{"data":"Catalyst","floor":13.0,"key":"SMITH"},{"data":"Catalyst","floor":15.0,"key":"SMITH"},{"floor":23.0,"key":"REST"},{"floor":28.0,"key":"REST"},{"floor":33.0,"key":"REST"},{"floor":34.0,"key":"REST"},{"floor":43.0,"key":"REST"},{"floor":51.0,"key":"REST"}],"circlet_count":0,"master_deck":["Strike_G","Strike_G","Strike_G","Strike_G","Defend_G","Defend_G","Defend_G","Defend_G+1","Defend_G","Survivor","Neutralize+1","Backflip+1","Poisoned Stab","Deadly Poison","Cloak And Dagger","Dagger Spray+1","Catalyst+1","Poisoned Stab","Footwork","Catalyst+1","Corpse Explosion","Noxious Fumes","PiercingWail+1","Deadly Poison","Poisoned Stab","Blur","Crippling Poison"],"relics":["Ring of the Snake","War Paint","Pantograph","Bag of Marbles","Snecko Eye","Nilry\u0027s Codex","Happy Flower","Regal Pillow","Tiny Chest","PreservedInsect","Velvet Choker","TwistedFunnel","Bird Faced Urn","Smiling Mask","Boot","TungstenRod","Oddly Smooth Stone","Toy Ornithopter"],"acts_visited":["Exordium","TheCity","TheBeyond"],"potions_floor_usage":[52,52],"damage_taken":[{"damage":1.0,"enemies":"2 Louse","floor":1.0,"turns":4.0},{"damage":0.0,"enemies":"Cultist","floor":4.0,"turns":3.0},{"damage":19.0,"enemies":"3 Sentries","floor":6.0,"turns":9.0},{"damage":6.0,"enemies":"Small Slimes","floor":7.0,"turns":3.0},{"damage":2.0,"enemies":"Red Slaver","floor":12.0,"turns":3.0},{"damage":9.0,"enemies":"Large Slime","floor":14.0,"turns":5.0},{"damage":0.0,"enemies":"Slime Boss","floor":16.0,"turns":4.0},{"damage":13.0,"enemies":"Chosen","floor":18.0,"turns":5.0},{"damage":0.0,"enemies":"Spheric Guardian","floor":20.0,"turns":2.0},{"damage":35.0,"enemies":"Book of Stabbing","floor":24.0,"turns":6.0},{"damage":12.0,"enemies":"Shelled Parasite and Fungi","floor":25.0,"turns":3.0},{"damage":15.0,"enemies":"Centurion and Healer","floor":30.0,"turns":5.0},{"damage":21.0,"enemies":"Snake Plant","floor":32.0,"turns":5.0},{"damage":49.0,"enemies":"Automaton","floor":35.0,"turns":5.0},{"damage":8.0,"enemies":"Orb Walker","floor":37.0,"turns":5.0},{"damage":0.0,"enemies":"3 Darklings","floor":40.0,"turns":2.0},{"damage":0.0,"enemies":"Transient","floor":41.0,"turns":5.0},{"damage":13.0,"enemies":"Giant Head","floor":42.0,"turns":3.0},{"damage":10.0,"enemies":"Mind Bloom Boss Battle","floor":46.0,"turns":6.0},{"damage":49.0,"enemies":"Reptomancer","floor":47.0,"turns":6.0},{"damage":0.0,"enemies":"Maw","floor":50.0,"turns":4.0},{"damage":49,"enemies":"Awakened One","floor":52,"turns":13}],"seed_played":"1054626941800878167","potions_obtained":[{"floor":1.0,"key":"Explosive Potion"},{"floor":6.0,"key":"AttackPotion"},{"floor":7.0,"key":"EssenceOfSteel"},{"floor":14.0,"key":"DistilledChaos"},{"floor":20.0,"key":"SteroidPotion"},{"floor":25.0,"key":"Explosive Potion"},{"floor":30.0,"key":"GhostInAJar"},{"floor":35.0,"key":"AttackPotion"},{"floor":41.0,"key":"Regen Potion"},{"floor":50.0,"key":"AttackPotion"}],"is_trial":false,"path_per_floor":["M","?","$","M","$","E","M","R","T","R","$","M","R","M","R","B",null,"M","$","M","$","?","R","E","M","T","T","R","?","M","?","M","R","R","B",null,"M","$","T","M","M","E","R","?","T","?","E","?","T","M","R","B",null],"character_chosen":"THE_SILENT","items_purchased":["Backflip","Deadly Poison","War Paint","Catalyst","Poisoned Stab","Noxious Fumes","Deadly Poison","TwistedFunnel","Poisoned Stab","Blur"],"campfire_rested":7,"item_purchase_floors":[3,5,5,11,11,19,21,38,38,38],"current_hp_per_floor":[62,62,62,62,62,43,37,37,37,55,55,53,53,44,44,63,63,50,50,50,50,34,52,17,5,5,5,38,38,23,23,2,35,63,14,51,43,43,43,45,45,34,63,63,63,57,10,10,10,33,63,26],"gold":242,"neow_bonus":"TWO_FIFTY_GOLD","is_daily":false,"chose_seed":false,"campfire_upgraded":3,"win_rate":0.0,"timestamp":1607926956,"path_taken":["M","?","?","M","$","E","M","R","T","R","$","M","R","M","R","BOSS","M","$","M","$","?","R","E","M","T","T","R","?","?","?","M","R","R","BOSS","M","$","?","M","M","E","R","?","T","?","E","?","?","M","R","BOSS"],"items_purchased_type":["Card","Card","Relic","Card","Card","Card","Card","Relic","Card","Card"],"build_version":"2020-12-13","purchased_purges":1,"victory":true,"max_hp_per_floor":[63,63,63,63,63,63,63,63,63,63,63,63,63,63,63,63,63,63,63,63,63,63,63,63,63,63,63,63,63,63,63,63,63,63,63,63,63,63,63,63,63,63,63,63,63,63,63,63,63,63,63,63],"card_choices":[{"not_picked":["Eviscerate","Dagger Throw","Acrobatics"],"picked":"SKIP","floor":1.0},{"not_picked":["Backflip","Concentrate"],"picked":"Poisoned Stab","floor":4.0},{"not_picked":["PiercingWail","Flying Knee"],"picked":"Cloak And Dagger","floor":6.0},{"not_picked":["Dodge and Roll","Storm of Steel"],"picked":"Dagger Spray","floor":7.0},{"not_picked":["Dagger Throw","Slice"],"picked":"Footwork","floor":12.0},{"not_picked":["Distraction","Underhanded Strike"],"picked":"Catalyst","floor":14.0},{"not_picked":["Doppelganger","Burst"],"picked":"Corpse Explosion","floor":16.0},{"not_picked":["Dodge and Roll","Endless Agony","Choke"],"picked":"SKIP","floor":18.0},{"not_picked":["Deadly Poison","Prepared"],"picked":"PiercingWail+1","floor":20.0},{"not_picked":["Dagger Throw+1","Cloak And Dagger","Underhanded Strike"],"picked":"SKIP","floor":24.0},{"not_picked":["Flechettes","Predator","Slice"],"picked":"SKIP","floor":25.0},{"not_picked":["PiercingWail","Eviscerate","Expertise"],"picked":"SKIP","floor":30.0},{"not_picked":["PiercingWail","Eviscerate","Expertise"],"picked":"SKIP","floor":30.0},{"not_picked":["Masterful Stab","Quick Slash","Deadly Poison"],"picked":"SKIP","floor":32.0},{"not_picked":["Cloak And Dagger","Underhanded Strike","Bane"],"picked":"SKIP","floor":37.0},{"not_picked":["Finisher","Terror+1","Masterful Stab"],"picked":"SKIP","floor":40.0},{"not_picked":["Bane+1","Prepared+1","Deflect+1"],"picked":"SKIP","floor":41.0},{"not_picked":["Expertise+1","Poisoned Stab+1","After Image"],"picked":"SKIP","floor":42.0},{"not_picked":["Dash","Cloak And Dagger"],"picked":"Crippling Poison","floor":46.0},{"not_picked":["Riddle With Holes","Acrobatics+1","Flechettes"],"picked":"SKIP","floor":47.0},{"not_picked":["Dagger Throw+1","Concentrate","All Out Attack+1"],"picked":"SKIP","floor":50.0}],"player_experience":360759,"relics_obtained":[{"floor":6.0,"key":"Pantograph"},{"floor":9.0,"key":"Bag of Marbles"},{"floor":22.0,"key":"Nilry\u0027s Codex"},{"floor":24.0,"key":"Happy Flower"},{"floor":26.0,"key":"Regal Pillow"},{"floor":27.0,"key":"Tiny Chest"},{"floor":39.0,"key":"Bird Faced Urn"},{"floor":42.0,"key":"Smiling Mask"},{"floor":45.0,"key":"Boot"},{"floor":46.0,"key":"TungstenRod"},{"floor":47.0,"key":"Oddly Smooth Stone"},{"floor":49.0,"key":"Toy Ornithopter"}],"event_choices":[{"damage_healed":0.0,"max_hp_gain":0.0,"max_hp_loss":0.0,"gold_gain":0.0,"event_name":"Upgrade Shrine","player_choice":"Upgraded","floor":2.0,"gold_loss":0.0,"damage_taken":0.0,"cards_upgraded":["Neutralize"]},{"damage_healed":0.0,"max_hp_gain":0.0,"max_hp_loss":0.0,"gold_gain":0.0,"event_name":"Cursed Tome","player_choice":"Obtained Book","floor":22.0,"gold_loss":0.0,"damage_taken":16.0},{"damage_healed":0.0,"max_hp_gain":0.0,"max_hp_loss":0.0,"gold_gain":0.0,"event_name":"N\u0027loth","player_choice":"Ignored","floor":29.0,"gold_loss":0.0,"damage_taken":0.0},{"damage_healed":0.0,"max_hp_gain":0.0,"max_hp_loss":0.0,"gold_gain":0.0,"event_name":"The Mausoleum","player_choice":"Opened","floor":31.0,"gold_loss":0.0,"damage_taken":0.0,"relics_obtained":["PreservedInsect"]},{"damage_healed":0.0,"max_hp_gain":0.0,"max_hp_loss":0.0,"gold_gain":0.0,"event_name":"Mysterious Sphere","player_choice":"Ignored","floor":44.0,"gold_loss":0.0,"damage_taken":0.0},{"damage_healed":0.0,"max_hp_gain":0.0,"max_hp_loss":0.0,"gold_gain":0.0,"event_name":"MindBloom","player_choice":"Fight","floor":46.0,"gold_loss":0.0,"damage_taken":0.0},{"damage_healed":0.0,"max_hp_gain":0.0,"max_hp_loss":0.0,"gold_gain":0.0,"event_name":"SensoryStone","player_choice":"Memory 1","floor":48.0,"gold_loss":0.0,"damage_taken":0.0}],"is_beta":false,"boss_relics":[{"not_picked":["Tiny House","Ectoplasm"],"picked":"Snecko Eye"},{"not_picked":["Cursed Key","Runic Pyramid"],"picked":"Velvet Choker"}],"items_purged_floors":[19],"is_endless":false,"potions_floor_spawned":[1,6,7,14,20,25,30,35,41,42,46,50],"ascension_level":7}}