{"host":"xb2tau8pgi8aflss","time":1607954262,"event":{"mods":["AchievementEnabler","BaseMod","Hermit","Minty Spire (QoL Compilation)","StSLib","SuperFastMode"],"gold_per_floor":[118,134,134,153,428,428,150,182,182,196,207,222,222,236,236,236,236],"floor_reached":16,"playtime":467,"items_purged":["Regret"],"score":130,"play_id":"7b91ed1d-c5db-4166-9914-391dd042acfa","local_time":"20201214225742","is_ascension_mode":true,"campfire_choices":[{"data":"Rainbow","floor":6,"key":"SMITH"},{"floor":13,"key":"REST"},{"data":"Hologram","floor":15,"key":"SMITH"}],"circlet_count":0,"master_deck":["Strike_B","Strike_B","Strike_B","Defend_B","Defend_B","Defend_B+1","Zap","Dualcast+1","Consume","FTL","Self Repair","Rainbow+1","Skim","Hologram+1","Chaos","Double Energy","Sunder","Self Repair","Aggregate"],"relics":["Cracked Core","War Paint","WingedGreaves","Darkstone Periapt"],"acts_visited":["Exordium"],"potions_floor_usage":[16],"damage_taken":[{"damage":4,"enemies":"Jaw Worm","floor":1,"turns":3},{"damage":0,"enemies":"Small Slimes","floor":2,"turns":2},{"damage":10,"enemies":"Cultist","floor":4,"turns":4},{"damage":37,"enemies":"3 Sentries","floor":8,"turns":8},{"damage":9,"enemies":"Blue Slaver","floor":10,"turns":3},{"damage":19,"enemies":"2 Fungi Beasts","floor":11,"turns":3},{"damage":15,"enemies":"Lots of Slimes","floor":12,"turns":3},{"damage":18,"enemies":"Blue Slaver","floor":14,"turns":4},{"damage":52,"enemies":"Hexaghost","floor":16,"turns":9}],"seed_played":"-3571512365064605835","potions_obtained":[{"floor":1,"key":"Ancient Potion"},{"floor":4,"key":"SteroidPotion"},{"floor":10,"key":"FocusPotion"},{"floor":14,"key":"Regen Potion"}],"is_trial":false,"path_per_floor":["M","M","?","M","?","R","$","E","T","M","M","M","R","M","R","B"],"character_chosen":"DEFECT","items_purchased":["Hologram","War Paint"],"campfire_rested":1,"item_purchase_floors":[7,7],"current_hp_per_floor":[71,71,71,68,68,68,68,38,38,36,24,16,38,34,34,0,0],"gold":236,"neow_bonus":"TRANSFORM_CARD","is_daily":false,"chose_seed":false,"campfire_upgraded":2,"win_rate":0.0,"timestamp":1607954262,"path_taken":["M","M","?","M","?","R","$","E","T","M","M","?","R","M","R","BOSS"],"items_purchased_type":["Card","Relic"],"build_version":"2020-11-30","purchased_purges":1,"victory":false,"max_hp_per_floor":[75,75,75,75,75,75,75,75,75,75,75,75,75,75,75,75,75],"card_choices":[{"not_picked":["Stack","Ball Lightning"],"picked":"FTL","floor":1},{"not_picked":["Compile Driver","Static Discharge"],"picked":"Self Repair","floor":2},{"not_picked":["Stack","Gash"],"picked":"Skim","floor":4},{"not_picked":["Redo","Turbo"],"picked":"Chaos","floor":8},{"not_picked":["Gash","Redo"],"picked":"Double Energy","floor":10},{"not_picked":["Turbo","Coolheaded"],"picked":"Sunder","floor":11},{"not_picked":["Double Energy","Coolheaded"],"picked":"Self Repair","floor":12},{"not_picked":["Hologram","Steam"],"picked":"Aggregate","floor":14}],"player_experience":743043,"relics_obtained":[{"floor":8,"key":"WingedGreaves"},{"floor":9,"key":"Darkstone Periapt"}],"event_choices":[{"damage_healed":0,"gold_gain":0,"cards_transformed":["Defend_B"],"player_choice":"Change","damage_taken":0,"max_hp_gain":0,"max_hp_loss":0,"event_name":"Living Wall","floor":3,"gold_loss":0,"cards_obtained":["Rainbow"]},{"damage_healed":0,"gold_gain":275,"player_choice":"Desecrate","damage_taken":0,"max_hp_gain":0,"max_hp_loss":0,"event_name":"Golden Shrine","floor":5,"gold_loss":0,"cards_obtained":["Regret"]}],"is_beta":false,"boss_relics":[],"items_purged_floors":[7],"is_endless":false,"potions_floor_spawned":[1,4,10,11,14],"killed_by":"Hexaghost","ascension_level":5}}