{"host":"k8gerrcpv9xe1nxe","time":1607923209,"event":{"mods":["2.2 Compatiblity","AchievementEnabler","BaseMod","Bestiary","Minty Spire (QoL Compilation)","Relic Stats","StSLib"],"gold_per_floor":[114,114,130,130,145,177,177,204,204,216,236,251,35,35,35,132,132,150,160,175,21,35,35,35],"floor_reached":23,"playtime":802,"items_purged":["Pain"],"score":246,"play_id":"76dfa6be-c022-4898-b00d-761d630272c6","local_time":"20201214002009","is_ascension_mode":true,"campfire_choices":[{"floor":7,"key":"REST"},{"floor":15,"key":"REST"}],"circlet_count":0,"master_deck":["Strike_B","Strike_B","Strike_B","Strike_B","Defend_B","Defend_B","Defend_B","Defend_B","Zap+1","Dualcast","Lockon","Biased Cognition","Creative AI","Self Repair","Doom and Gloom","Electrodynamics","Cold Snap","Self Repair+1"],"relics":["Fusion Hammer","WarpedTongs","Nunchaku","Mercury Hourglass","Potion Belt","Singing Bowl","Snecko Eye","Orrery"],"acts_visited":["Exordium","TheCity"],"potions_floor_usage":[16,23,23],"damage_taken":[{"damage":0,"enemies":"Small Slimes","floor":1,"turns":3},{"damage":5,"enemies":"Cultist","floor":3,"turns":4},{"damage":18,"enemies":"Jaw Worm","floor":5,"turns":4},{"damage":24,"enemies":"Gremlin Nob","floor":6,"turns":4},{"damage":18,"enemies":"3 Sentries","floor":8,"turns":7},{"damage":3,"enemies":"2 Fungi Beasts","floor":10,"turns":2},{"damage":5,"enemies":"3 Louse","floor":11,"turns":3},{"damage":6,"enemies":"Gremlin Gang","floor":12,"turns":4},{"damage":17,"enemies":"Hexaghost","floor":16,"turns":9},{"damage":6,"enemies":"Spheric Guardian","floor":18,"turns":3},{"damage":19,"enemies":"Chosen","floor":19,"turns":4},{"damage":51,"enemies":"Snake Plant","floor":20,"turns":5},{"damage":0,"enemies":"3 Cultists","floor":22,"turns":3},{"damage":43,"enemies":"Book of Stabbing","floor":23,"turns":5}],"seed_played":"-347613902538534524","potions_obtained":[{"floor":8,"key":"SkillPotion"},{"floor":10,"key":"FocusPotion"},{"floor":12,"key":"Energy Potion"},{"floor":18,"key":"Strength Potion"},{"floor":19,"key":"Explosive Potion"}],"is_trial":false,"path_per_floor":["M","?","M","?","M","E","R","E","T","M","M","M","$","?","R","B",null,"M","M","M","$","M","E"],"character_chosen":"DEFECT","items_purchased":["Self Repair","Doom and Gloom","Orrery"],"campfire_rested":2,"item_purchase_floors":[13,13,21],"current_hp_per_floor":[75,75,70,70,52,28,50,32,32,29,24,18,18,15,37,27,75,77,65,14,24,43,0,0],"gold":35,"neow_bonus":"BOSS_RELIC","is_daily":false,"chose_seed":false,"campfire_upgraded":0,"win_rate":0.0,"timestamp":1607923209,"path_taken":["M","?","?","?","M","E","R","E","T","M","M","?","$","?","R","BOSS","M","M","M","$","M","E"],"items_purchased_type":["Card","Card","Relic"],"build_version":"2020-12-13","purchased_purges":1,"victory":false,"max_hp_per_floor":[75,75,75,75,75,75,75,75,75,75,75,75,75,75,75,75,75,77,77,77,87,89,89,89],"relic_stats":{"Nunchaku":[5],"Singing Bowl":14,"counters":[14,60],"Snecko Eye":[28,36,30,42],"obtain_stats":[{"Potion Belt":9,"Nunchaku":6,"Singing Bowl":14,"Snecko Eye":17,"Orrery":21,"Fusion Hammer":0,"Cracked Core":0,"WarpedTongs":2,"Mercury Hourglass":8},{"Potion Belt":5,"Nunchaku":4,"Singing Bowl":8,"Snecko Eye":9,"Orrery":12,"Fusion Hammer":0,"Cracked Core":0,"WarpedTongs":1,"Mercury Hourglass":5},{"Potion Belt":22,"Nunchaku":15,"Singing Bowl":31,"Snecko Eye":40,"Orrery":52,"Fusion Hammer":0,"Cracked Core":0,"WarpedTongs":3,"Mercury Hourglass":22}],"WarpedTongs":[57],"Mercury Hourglass":[150]},"card_choices":[{"not_picked":["Steam","Stack","Force Field"],"picked":"SKIP","floor":1},{"not_picked":["Conserve Battery","Storm","Hologram"],"picked":"SKIP","floor":3},{"not_picked":["Amplify","Conserve Battery"],"picked":"Lockon","floor":5},{"not_picked":["Aggregate","Leap","Go for the Eyes"],"picked":"SKIP","floor":6},{"not_picked":["Barrage","Compile Driver","Steam"],"picked":"SKIP","floor":8},{"not_picked":["Go for the Eyes","Compile Driver"],"picked":"Biased Cognition","floor":10},{"not_picked":["Coolheaded","Genetic Algorithm"],"picked":"Creative AI","floor":11},{"not_picked":["Gash","FTL","Consume"],"picked":"SKIP","floor":12},{"not_picked":["Fission","Buffer"],"picked":"Electrodynamics","floor":16},{"not_picked":["Steam+1","Conserve Battery","Beam Cell+1"],"picked":"Singing Bowl","floor":18},{"not_picked":["Reinforced Body","Turbo"],"picked":"Cold Snap","floor":19},{"not_picked":["Skim+1","Buffer"],"picked":"Self Repair+1","floor":20},{"not_picked":["Leap","Sweeping Beam","Darkness"],"picked":"Singing Bowl","floor":21},{"not_picked":["Rebound","Compile Driver+1","Leap"],"picked":"Singing Bowl","floor":21},{"not_picked":["Gash","Reinforced Body","Steam"],"picked":"Singing Bowl","floor":21},{"not_picked":["Multi-Cast","Turbo","Rebound+1"],"picked":"Singing Bowl","floor":21},{"not_picked":["Aggregate","Leap+1","Rip and Tear"],"picked":"Singing Bowl","floor":21},{"not_picked":["Recycle","Gash","Storm"],"picked":"Singing Bowl","floor":22}],"player_experience":48670,"relics_obtained":[{"floor":6,"key":"Nunchaku"},{"floor":8,"key":"Mercury Hourglass"},{"floor":9,"key":"Potion Belt"}],"event_choices":[{"damage_healed":0,"gold_gain":0,"player_choice":"Rummage","damage_taken":0,"relics_obtained":["WarpedTongs"],"max_hp_gain":0,"max_hp_loss":0,"event_name":"Accursed Blacksmith","floor":2,"gold_loss":0,"cards_obtained":["Pain"]},{"damage_healed":0,"gold_gain":0,"player_choice":"Upgraded","damage_taken":0,"max_hp_gain":0,"max_hp_loss":0,"event_name":"Upgrade Shrine","floor":4,"gold_loss":0,"cards_upgraded":["Zap"]},{"damage_healed":0,"gold_gain":0,"player_choice":"Success","damage_taken":3,"relics_obtained":["Singing Bowl"],"max_hp_gain":0,"max_hp_loss":0,"event_name":"Scrap Ooze","floor":14,"gold_loss":0}],"is_beta":false,"boss_relics":[{"not_picked":["Calling Bell","Nuclear Battery"],"picked":"Snecko Eye"}],"items_purged_floors":[13],"is_endless":false,"potions_floor_spawned":[8,10,12,18,19],"killed_by":"Book of Stabbing","ascension_level":4}}