{"host":"nox","time":1607943716,"event":{"mods":["BaseMod","Colored Powertips","Minty Spire (QoL Compilation)","Quick Restart","Replay The Spire","StSLib"],"gold_per_floor":[115,115,40,59,59,103,103,127,196,220,255,273,286,300,300,431,431,444,444,458,458,458,502,502,520,520,543,543,543,543,543],"floor_reached":30,"playtime":1056,"items_purged":["Defend_R"],"score":328,"play_id":"a2936f68-e599-4752-9491-6f7736e04450","local_time":"20201214180156","is_ascension_mode":true,"campfire_choices":[{"data":"Bash","floor":7.0,"key":"SMITH"},{"data":"Bludgeon","floor":15.0,"key":"SMITH"},{"data":"Armaments","floor":24.0,"key":"SMITH"}],"circlet_count":0,"master_deck":["Strike_R","Strike_R","Strike_R","Strike_R","Strike_R","Defend_R","Defend_R","Defend_R","Bash+1","Clash","Shrug It Off","Uppercut","Uppercut","Inflame","Metallicize","Bludgeon+1","Demonic Infusion","Sword Boomerang+1","Armaments+1"],"relics":["Burning Blood","Golden Idol","Replay:Rubber Ducky","Juzu Bracelet","Painkiller Herb","The Courier","Art of War","Enchiridion"],"acts_visited":["Exordium","TheCity"],"potions_floor_usage":[30],"damage_taken":[{"damage":8.0,"enemies":"2 Louse","floor":1.0,"turns":3.0},{"damage":6.0,"enemies":"Cultist","floor":4.0,"turns":3.0},{"damage":4.0,"enemies":"Replay:BlueRogue","floor":6.0,"turns":6.0},{"damage":2.0,"enemies":"Jaw Worm","floor":8.0,"turns":3.0},{"damage":5.0,"enemies":"Red Slaver","floor":10.0,"turns":3.0},{"damage":8.0,"enemies":"3 Sentries","floor":11.0,"turns":11.0},{"damage":8.0,"enemies":"3 Louse","floor":12.0,"turns":4.0},{"damage":7.0,"enemies":"Lots of Slimes","floor":13.0,"turns":4.0},{"damage":0.0,"enemies":"2 Fungi Beasts","floor":14.0,"turns":4.0},{"damage":38.0,"enemies":"Hexaghost","floor":16.0,"turns":8.0},{"damage":0.0,"enemies":"Chosen","floor":18.0,"turns":3.0},{"damage":13.0,"enemies":"2 Thieves","floor":20.0,"turns":4.0},{"damage":45.0,"enemies":"Slavers","floor":23.0,"turns":6.0},{"damage":25.0,"enemies":"Chosen and Byrds","floor":25.0,"turns":5.0},{"damage":2,"enemies":"Sentry and Sphere","floor":27,"turns":4},{"damage":37,"enemies":"Gremlin Leader","floor":30,"turns":3}],"seed_played":"5597674129467114050","potions_obtained":[{"floor":1.0,"key":"PowerPotion"},{"floor":4.0,"key":"EssenceOfSteel"},{"floor":10.0,"key":"HeartOfIron"},{"floor":16.0,"key":"Strength Potion"},{"floor":20.0,"key":"Languid Potion"},{"floor":25.0,"key":"SpeedPotion"},{"floor":27,"key":"FearPotion"}],"is_trial":false,"path_per_floor":["M","?","$","M","?","E","R","M","T","M","E","M","M","M","R","B",null,"?","?","?","?","?","E","T","?","T","?","?","?","E"],"character_chosen":"IRONCLAD","items_purchased":[],"campfire_rested":0,"item_purchase_floors":[],"current_hp_per_floor":[86,64,64,64,64,66,66,70,70,71,69,67,66,72,72,40,76,82,82,75,75,75,36,36,17,17,21,5,34,0,0],"gold":543,"neow_bonus":"TEN_PERCENT_HP_BONUS","is_daily":false,"chose_seed":false,"campfire_upgraded":3,"win_rate":0.0,"timestamp":1607943716,"path_taken":["M","?","$","M","?","E","R","?","T","M","E","M","M","M","R","BOSS","?","?","?","?","?","E","T","?","T","?","?","?","E"],"items_purchased_type":[],"build_version":"2020-11-17","purchased_purges":1,"victory":false,"max_hp_per_floor":[88,88,88,88,88,88,88,88,88,88,88,88,88,88,88,88,88,88,88,88,88,88,88,88,88,88,88,88,88,88,88],"card_choices":[{"not_picked":["Sword Boomerang","Headbutt"],"picked":"Clash","floor":1.0},{"not_picked":["Fire Breathing","Flex"],"picked":"Shrug It Off","floor":4.0},{"not_picked":["Cleave","Clothesline","Flex"],"picked":"SKIP","floor":6.0},{"not_picked":["Body Slam","Entrench","Headbutt"],"picked":"SKIP","floor":8.0},{"not_picked":["Flex","Pommel Strike"],"picked":"Uppercut","floor":10.0},{"not_picked":["Armaments","Shrug It Off"],"picked":"Uppercut","floor":11.0},{"not_picked":["Shrug It Off","ReplayTheSpireMod:Stacked"],"picked":"Inflame","floor":12.0},{"not_picked":["Run Through","Sword Boomerang"],"picked":"Metallicize","floor":13.0},{"not_picked":["Flex","Wild Strike"],"picked":"Bludgeon","floor":14.0},{"not_picked":["Impervious","Eclipse"],"picked":"Demonic Infusion","floor":16.0},{"not_picked":["Headbutt","Pommel Strike","Cleave+1"],"picked":"SKIP","floor":18.0},{"not_picked":["Evolve","Seeing Red"],"picked":"Sword Boomerang+1","floor":20.0},{"not_picked":["Inflame","Uppercut"],"picked":"Armaments","floor":23.0},{"not_picked":["Armaments","Shrug It Off","ReplayTheSpireMod:Strike From Hell"],"picked":"SKIP","floor":25.0},{"not_picked":["Whirlwind+1","Infernal Blade","Clothesline"],"picked":"SKIP","floor":27}],"player_experience":95116,"relics_obtained":[{"floor":6.0,"key":"Replay:Rubber Ducky"},{"floor":11.0,"key":"Juzu Bracelet"},{"floor":23.0,"key":"The Courier"},{"floor":26.0,"key":"Art of War"},{"floor":28,"key":"Enchiridion"}],"event_choices":[{"damage_healed":0.0,"max_hp_gain":0.0,"max_hp_loss":0.0,"gold_gain":0.0,"event_name":"Golden Idol","player_choice":"Take Damage","floor":2.0,"gold_loss":0.0,"damage_taken":22.0,"relics_obtained":["Golden Idol"]},{"damage_healed":0.0,"max_hp_gain":0.0,"max_hp_loss":0.0,"gold_gain":0.0,"event_name":"The Woman in Blue","player_choice":"Bought 0 Potions","floor":5.0,"gold_loss":0.0,"damage_taken":0.0},{"damage_healed":0.0,"max_hp_gain":0.0,"max_hp_loss":0.0,"gold_gain":0.0,"event_name":"N\u0027loth","player_choice":"Ignored","floor":19.0,"gold_loss":0.0,"damage_taken":0.0},{"damage_healed":0.0,"max_hp_gain":0.0,"max_hp_loss":0.0,"gold_gain":0.0,"event_name":"Ghosts","player_choice":"Ignored","floor":21.0,"gold_loss":0.0,"damage_taken":0.0},{"damage_healed":0.0,"max_hp_gain":0.0,"max_hp_loss":0.0,"gold_gain":0.0,"event_name":"Match and Keep!","player_choice":"0 cards matched","floor":22.0,"gold_loss":0.0,"damage_taken":0.0,"cards_obtained":[]},{"damage_healed":0,"gold_gain":0,"player_choice":"Obtained Book","damage_taken":16,"max_hp_gain":0,"max_hp_loss":0,"event_name":"Cursed Tome","floor":28,"gold_loss":0},{"damage_healed":29,"gold_gain":0,"player_choice":"Heal","damage_taken":0,"max_hp_gain":0,"max_hp_loss":0,"event_name":"The Library","floor":29,"gold_loss":0}],"is_beta":true,"boss_relics":[{"not_picked":["Replay:Bronze Core","Cursed Key"],"picked":"Painkiller Herb"}],"items_purged_floors":[3],"is_endless":false,"potions_floor_spawned":[1,4,10,16,20,25,27],"killed_by":"Gremlin Leader","ascension_level":5}}