{"host":"ctlqibkg0sskiu65","time":1607937753,"event":{"mods":["2.2 Compatiblity","AchievementEnabler","Aspiration","BaseMod","BetterRewards","Colored Map","Colored Powertips","Conspire","Fiend Mod","Infinite Spire","Minty Spire (QoL Compilation)","Quick Restart","Replay The Spire","Shop Mod","StSLib","The Bladedancer","The Cursed","The Hierophant","The Jungle","The Kombatant","The Servant 0.9.4","TheBandit"],"gold_per_floor":[115,115,1,1,18,43,43,77,77,105,105,118,135,160,160,262,262,277,277,302,312,312,312,312],"floor_reached":23,"playtime":1298,"items_purged":["Strike_G"],"score":278,"play_id":"ac59a31b-cc42-4541-a3fa-a7289bf05551","local_time":"20201214032233","is_ascension_mode":true,"campfire_choices":[{"data":"conspire:PoisonWeapons","floor":7,"key":"SMITH"},{"data":"Dodge and Roll","floor":11,"key":"SMITH"},{"floor":15,"key":"REST"}],"circlet_count":0,"master_deck":["Strike_G","Strike_G+1","Strike_G+1","Defend_G","Defend_G","Defend_G","Defend_G","Survivor","Neutralize","Slice","Slice+1","Deflect","conspire:PoisonWeapons+1","Dodge and Roll+1","Deadly Poison","Slice","Prepared","Bane","Flying Knee","Dagger Spray","Replay:Fractal Strike"],"relics":["Ring of the Snake","NeowsBlessing","Blood Vial","aspiration:HiddenCompartment","Whetstone","aspiration:DSix","Lantern","infinitespire:Beetle Shell","Empty Cage","Art of War","Gambling Chip"],"acts_visited":["Exordium","TheCity"],"potions_floor_usage":[8,12,13,14,14,21],"damage_taken":[{"damage":0,"enemies":"Jaw Worm","floor":1,"turns":1},{"damage":0,"enemies":"Small Slimes","floor":5,"turns":1},{"damage":0,"enemies":"Gremlin Nob","floor":6,"turns":1},{"damage":18,"enemies":"3 Sentries","floor":8,"turns":11},{"damage":10,"enemies":"Lagavulin","floor":10,"turns":5},{"damage":0,"enemies":"Cultist","floor":12,"turns":2},{"damage":4,"enemies":"Exordium Wildlife","floor":13,"turns":3},{"damage":7,"enemies":"Gremlin Nob","floor":14,"turns":4},{"damage":17,"enemies":"The Guardian","floor":16,"turns":14},{"damage":24,"enemies":"conspire:FuzzyDice","floor":18,"turns":5},{"damage":15,"enemies":"2 Thieves","floor":21,"turns":4},{"damage":35,"enemies":"Replay:Snechameleon","floor":23,"turns":5}],"seed_played":"7484731266605171962","potions_obtained":[{"floor":1,"key":"Adrenaline Potion"},{"floor":4,"key":"Swift Potion"},{"floor":4,"key":"Weak Potion"},{"floor":8,"key":"CunningPotion"},{"floor":13,"key":"Adrenaline Potion"},{"floor":18,"key":"PowerPotion"}],"is_trial":false,"path_per_floor":["M","?","$","?","M","E","R","E","T","E","R","M","M","E","R","B",null,"M","?","T","M","AVR","E"],"character_chosen":"THE_SILENT","items_purchased":["Slice+1"],"campfire_rested":1,"item_purchase_floors":[3],"current_hp_per_floor":[70,63,63,63,65,67,67,51,51,43,43,45,43,38,59,44,70,46,46,46,33,33,0,0],"gold":312,"neow_bonus":"THREE_ENEMY_KILL","is_daily":false,"chose_seed":false,"campfire_upgraded":2,"win_rate":0.0,"timestamp":1607937753,"path_taken":["M","?","$","?","M","E","R","E","T","E","R","?","M","E","R","BOSS","M","?","?","?","AVR","E"],"items_purchased_type":["Card"],"build_version":"2020-12-13","purchased_purges":1,"victory":false,"max_hp_per_floor":[70,70,70,70,70,70,70,70,70,70,70,70,70,70,70,70,70,70,70,70,70,70,70,70],"card_choices":[{"not_picked":["ReplayTheSpireMod:Tripwire","Dagger Throw"],"picked":"Slice","floor":1},{"not_picked":["conspire:DoublingDagger","Quick Slash"],"picked":"Deflect","floor":5},{"not_picked":["Eviscerate","Tactician"],"picked":"conspire:PoisonWeapons","floor":6},{"not_picked":["Heel Hook","Masterful Stab"],"picked":"Dodge and Roll","floor":8},{"not_picked":["Dodge and Roll","Flying Knee"],"picked":"Deadly Poison","floor":10},{"not_picked":["PiercingWail","A Thousand Cuts"],"picked":"Slice","floor":12},{"not_picked":["Eviscerate","Distraction"],"picked":"Prepared","floor":13},{"not_picked":["Endless Agony","Slice"],"picked":"Bane","floor":14},{"not_picked":["Acrobatics","Backflip"],"picked":"Flying Knee","floor":18},{"not_picked":["Die Die Die","Quick Slash"],"picked":"Dagger Spray","floor":21}],"player_experience":120591,"relics_obtained":[{"floor":6,"key":"aspiration:HiddenCompartment"},{"floor":8,"key":"Whetstone"},{"floor":9,"key":"aspiration:DSix"},{"floor":10,"key":"Lantern"},{"floor":14,"key":"infinitespire:Beetle Shell"},{"floor":20,"key":"Art of War"}],"event_choices":[{"damage_healed":0,"gold_gain":0,"player_choice":"Success","damage_taken":7,"relics_obtained":["Blood Vial"],"max_hp_gain":0,"max_hp_loss":0,"event_name":"Scrap Ooze","floor":2,"gold_loss":0},{"damage_healed":0,"gold_gain":0,"player_choice":"Got Potions","damage_taken":0,"max_hp_gain":0,"max_hp_loss":0,"event_name":"Lab","floor":4,"gold_loss":0}],"is_beta":false,"boss_relics":[{"not_picked":["Coffee Dripper","conspire:SlowCooker"],"picked":"Empty Cage"}],"items_purged_floors":[3],"is_endless":false,"potions_floor_spawned":[1,6,8,13,18],"killed_by":"Replay:Snechameleon","ascension_level":3}}