{"host":"1c52r9kaxdyo25eq","time":1607963997,"event":{"mods":["AchievementEnabler","BaseMod","Minty Spire (QoL Compilation)","Rare Cards Sparkle","SuperFastMode","everything is the same but u backflip on backflip"],"gold_per_floor":[112,112,37,53,70,70,105,133,133,133,151,164,164,179,179,282,282,296,371,385,44,61,61,79,79,79,104,117,127,137,137,137,234,234,250,99,109,209,229,229,229],"floor_reached":40,"playtime":1213,"items_purged":["Strike_R","Strike_R"],"score":494,"play_id":"5383a8ae-5d74-4e19-9fa3-7dd05daa1f2a","local_time":"20201215013957","is_ascension_mode":true,"campfire_choices":[{"data":"Twin Strike","floor":6.0,"key":"SMITH"},{"data":"Inflame","floor":10.0,"key":"SMITH"},{"data":"Heavy Blade","floor":15.0,"key":"SMITH"},{"data":"Reaper","floor":23,"key":"SMITH"},{"data":"The Bomb","floor":25,"key":"SMITH"},{"data":"Shrug It Off","floor":32,"key":"SMITH"}],"circlet_count":0,"master_deck":["Strike_R","Defend_R","Defend_R","Bash","The Bomb+1","Shrug It Off+1","Inflame+1","Twin Strike+1","Burning Pact","Heavy Blade+1","Reaper+1","Dark Embrace+1","Shrug It Off+1","Dual Wield+1","Spot Weakness+1","Feed","Reckless Charge+1","Pummel+1","Anger+1","Limit Break+1"],"relics":["Burning Blood","Pear","Odd Mushroom","Shuriken","Snecko Eye","Toxic Egg 2","Pantograph","Omamori","Astrolabe"],"acts_visited":["Exordium","TheCity","TheBeyond"],"potions_floor_usage":[27,33,39],"damage_taken":[{"damage":4.0,"enemies":"2 Louse","floor":1.0,"turns":3.0},{"damage":5.0,"enemies":"Cultist","floor":4.0,"turns":4.0},{"damage":2.0,"enemies":"Jaw Worm","floor":5.0,"turns":6.0},{"damage":2.0,"enemies":"Gremlin Nob","floor":7.0,"turns":3.0},{"damage":15.0,"enemies":"The Mushroom Lair","floor":8.0,"turns":3.0},{"damage":31.0,"enemies":"Lots of Slimes","floor":11.0,"turns":3.0},{"damage":18.0,"enemies":"Large Slime","floor":12.0,"turns":5.0},{"damage":6.0,"enemies":"Looter","floor":14.0,"turns":3.0},{"damage":26.0,"enemies":"The Guardian","floor":16.0,"turns":9.0},{"damage":15.0,"enemies":"Shell Parasite","floor":18.0,"turns":4.0},{"damage":9,"enemies":"3 Byrds","floor":20,"turns":3},{"damage":24,"enemies":"Centurion and Healer","floor":22,"turns":4},{"damage":18,"enemies":"Snake Plant","floor":24,"turns":4},{"damage":9,"enemies":"Gremlin Leader","floor":27,"turns":5},{"damage":57,"enemies":"Shelled Parasite and Fungi","floor":28,"turns":5},{"damage":7,"enemies":"Snecko","floor":29,"turns":3},{"damage":21,"enemies":"Snake Plant","floor":30,"turns":4},{"damage":42,"enemies":"Champ","floor":33,"turns":7},{"damage":11,"enemies":"3 Shapes","floor":35,"turns":3},{"damage":28,"enemies":"Orb Walker","floor":37,"turns":4},{"damage":70,"enemies":"Jaw Worm Horde","floor":39,"turns":5},{"damage":44,"enemies":"Giant Head","floor":40,"turns":6}],"seed_played":"5319803231774967578","potions_obtained":[{"floor":1.0,"key":"BlessingOfTheForge"},{"floor":5.0,"key":"GamblersBrew"},{"floor":7.0,"key":"DistilledChaos"},{"floor":18.0,"key":"PowerPotion"},{"floor":22,"key":"GamblersBrew"},{"floor":24,"key":"DistilledChaos"},{"floor":30,"key":"FearPotion"},{"floor":37,"key":"SpeedPotion"}],"is_trial":false,"path_per_floor":["M","?","$","M","M","R","E","?","T","R","M","M","?","M","R","B",null,"M","?","M","$","M","R","M","R","T","E","M","M","M","?","R","B",null,"M","$","M","?","M","E"],"character_chosen":"IRONCLAD","items_purchased":["Toxic Egg 2","Limit Break+1"],"campfire_rested":0,"item_purchase_floors":[21,36],"current_hp_per_floor":[58,58,58,59,63,63,77,68,68,68,43,31,31,31,31,11,90,88,79,82,82,78,78,66,66,66,90,39,56,47,47,47,44,90,90,90,90,90,38,6,6],"gold":229,"neow_bonus":"RANDOM_COLORLESS_2","is_daily":false,"chose_seed":false,"campfire_upgraded":6,"win_rate":0.0,"timestamp":1607963997,"path_taken":["M","?","$","?","M","R","E","?","T","R","M","M","?","?","R","BOSS","M","?","?","$","M","R","M","R","T","E","M","M","M","?","R","BOSS","M","$","M","?","M","E"],"items_purchased_type":["Relic","Card"],"build_version":"2020-12-13","purchased_purges":2,"victory":false,"max_hp_per_floor":[80,80,80,80,80,80,90,90,90,90,90,90,90,90,90,90,90,90,90,90,90,90,90,90,90,90,90,90,90,90,90,90,90,90,90,90,93,93,93,93,93],"card_choices":[{"not_picked":["Metamorphosis","Thinking Ahead"],"picked":"The Bomb","floor":0.0},{"not_picked":["Flex","Armaments"],"picked":"Shrug It Off","floor":1.0},{"not_picked":["Heavy Blade","Dropkick"],"picked":"Inflame","floor":4.0},{"not_picked":["Warcry","True Grit"],"picked":"Twin Strike","floor":5.0},{"not_picked":["Cleave","Clothesline","Feel No Pain"],"picked":"SKIP","floor":7.0},{"not_picked":["Shockwave","Power Through"],"picked":"Burning Pact","floor":8.0},{"not_picked":["Fire Breathing","Second Wind"],"picked":"Heavy Blade","floor":11.0},{"not_picked":["Dropkick","Twin Strike","Perfected Strike"],"picked":"SKIP","floor":12.0},{"not_picked":["Combust","Perfected Strike","Whirlwind"],"picked":"SKIP","floor":14.0},{"not_picked":["Exhume","Corruption"],"picked":"Reaper","floor":16.0},{"not_picked":["True Grit","Cleave+1"],"picked":"Dark Embrace+1","floor":18.0},{"not_picked":["Armaments+1","Cleave","Carnage"],"picked":"SKIP","floor":20},{"not_picked":["Clothesline","Shrug It Off+1","Anger"],"picked":"SKIP","floor":22},{"not_picked":["Clothesline","Shrug It Off+1","Anger"],"picked":"SKIP","floor":22},{"not_picked":["Clothesline","Anger"],"picked":"Shrug It Off+1","floor":22},{"not_picked":["Perfected Strike","Clothesline"],"picked":"Dual Wield+1","floor":24},{"not_picked":["Anger","Armaments+1"],"picked":"Spot Weakness+1","floor":27},{"not_picked":["True Grit+1","Juggernaut","Clothesline"],"picked":"SKIP","floor":28},{"not_picked":["Havoc+1","Sword Boomerang","Uppercut"],"picked":"SKIP","floor":29},{"not_picked":["Perfected Strike","Sword Boomerang","Entrench+1"],"picked":"SKIP","floor":30},{"not_picked":["Exhume+1","Immolate"],"picked":"Feed","floor":33},{"not_picked":["Iron Wave+1","Blood for Blood","Disarm+1"],"picked":"SKIP","floor":35},{"not_picked":["Thunderclap+1","Clothesline","Infernal Blade+1"],"picked":"SKIP","floor":37},{"not_picked":["Uppercut","True Grit+1","Pummel+1"],"picked":"SKIP","floor":39}],"player_experience":477817,"relics_obtained":[{"floor":7.0,"key":"Pear"},{"floor":8.0,"key":"Odd Mushroom"},{"floor":9.0,"key":"Shuriken"},{"floor":26,"key":"Pantograph"},{"floor":27,"key":"Omamori"}],"event_choices":[{"cards_removed":["Defend_R"],"damage_healed":0.0,"max_hp_gain":0.0,"max_hp_loss":0.0,"gold_gain":0.0,"event_name":"Purifier","player_choice":"Purged","floor":2.0,"gold_loss":0.0,"damage_taken":0.0},{"damage_healed":0.0,"max_hp_gain":0.0,"max_hp_loss":0.0,"gold_gain":0.0,"event_name":"Mushrooms","player_choice":"Fought Mushrooms","floor":8.0,"gold_loss":0.0,"damage_taken":0.0},{"damage_healed":0.0,"max_hp_gain":0.0,"max_hp_loss":0.0,"gold_gain":0.0,"event_name":"The Woman in Blue","player_choice":"Bought 0 Potions","floor":13.0,"gold_loss":0.0,"damage_taken":0.0},{"damage_healed":0,"gold_gain":75,"player_choice":"Touch","damage_taken":9,"max_hp_gain":0,"max_hp_loss":0,"event_name":"FaceTrader","floor":19,"gold_loss":0},{"damage_healed":0,"gold_gain":0,"player_choice":"Ignored","damage_taken":0,"max_hp_gain":0,"max_hp_loss":0,"event_name":"Ghosts","floor":31,"gold_loss":0},{"damage_healed":0,"gold_gain":100,"player_choice":"Pray","damage_taken":0,"max_hp_gain":0,"max_hp_loss":0,"event_name":"Golden Shrine","floor":38,"gold_loss":0}],"is_beta":false,"boss_relics":[{"not_picked":["Runic Dome","Coffee Dripper"],"picked":"Snecko Eye"},{"not_picked":["Velvet Choker","Cursed Key"],"picked":"Astrolabe"}],"items_purged_floors":[3,21],"is_endless":false,"potions_floor_spawned":[1,5,7,14,18,22,24,30,37],"killed_by":"Giant Head","ascension_level":4}}