{"host":"126yiuos2nq86se7","time":1607922541,"event":{"mods":["AchievementEnabler","Act Like it!","BaseMod","Colored Map","Colored Powertips","Friendly Minions","Highlight Path","Minty Spire (QoL Compilation)","StSLib","SuperFastMode","The Animator","The Hierophant"],"gold_per_floor":[111,111,122,47,58,58,58,93,146,146,146,163,163,63,63,164,164,181,0,0,20,20,20,32,32,59,59,9,9,9,9,9,104,404,415,415,41,61,61,61,75,75,75,87,87,87,100,118,118,118],"floor_reached":51,"playtime":1598,"items_purged":["Eruption","Strike_P","Strike_P","Decay"],"score":691,"play_id":"42148811-4694-40bc-a5d2-df73aa63cb46","local_time":"20201214160901","is_ascension_mode":false,"campfire_choices":[{"data":"SignatureMove","floor":6,"key":"SMITH"},{"data":"Vigilance","floor":10,"key":"SMITH"},{"data":"ThirdEye","floor":13,"key":"SMITH"},{"data":"DeceiveReality","floor":15,"key":"SMITH"},{"data":"DevaForm","floor":23,"key":"SMITH"},{"data":"Defend_P","floor":27,"key":"SMITH"},{"data":"Defend_P","floor":30,"key":"SMITH"},{"data":"Defend_P","floor":32,"key":"SMITH"},{"data":"Devotion","floor":40,"key":"SMITH"},{"data":"Madness","floor":42,"key":"SMITH"},{"floor":46,"key":"REST"},{"floor":49,"key":"REST"}],"circlet_count":0,"master_deck":["Strike_P","Defend_P+1","Defend_P+1","Defend_P+1","Defend_P","Vigilance+1","SignatureMove+1","ThirdEye+1","DeceiveReality+1","DevaForm+1","CurseOfTheBell","Devotion+1","Madness+1","ThirdEye"],"relics":["PureWater","Juzu Bracelet","Oddly Smooth Stone","TungstenRod","MealTicket","Busted Crown","Smiling Mask","GremlinMask","Calling Bell","Akabeko","Matryoshka","Old Coin","TheAbacus","Kunai","Bag of Preparation"],"acts_visited":["Exordium","TheCity","TheBeyond"],"potions_floor_usage":[8,8,8,16,33,33,33,50],"damage_taken":[{"damage":2,"enemies":"Small Slimes","floor":1,"turns":7},{"damage":0,"enemies":"Cultist","floor":3,"turns":3},{"damage":5,"enemies":"Jaw Worm","floor":5,"turns":5},{"damage":0,"enemies":"Lagavulin","floor":8,"turns":1},{"damage":0,"enemies":"3 Louse","floor":12,"turns":6},{"damage":53,"enemies":"Hexaghost","floor":16,"turns":17},{"damage":0,"enemies":"Shell Parasite","floor":18,"turns":6},{"damage":0,"enemies":"3 Byrds","floor":21,"turns":9},{"damage":0,"enemies":"Centurion and Healer","floor":24,"turns":10},{"damage":38,"enemies":"Champ","floor":33,"turns":20},{"damage":7,"enemies":"3 Shapes","floor":35,"turns":15},{"damage":9,"enemies":"3 Darklings","floor":38,"turns":9},{"damage":9,"enemies":"Jaw Worm Horde","floor":41,"turns":8},{"damage":21,"enemies":"Maw","floor":44,"turns":11},{"damage":8,"enemies":"Spire Growth","floor":47,"turns":6},{"damage":13,"enemies":"4 Shapes","floor":48,"turns":11},{"damage":27,"enemies":"Time Eater","floor":50,"turns":15}],"seed_played":"6926930120906375942","potions_obtained":[{"floor":1,"key":"EntropicBrew"},{"floor":12,"key":"Ancient Potion"},{"floor":16,"key":"StancePotion"},{"floor":21,"key":"GamblersBrew"},{"floor":24,"key":"LiquidBronze"},{"floor":41,"key":"BottledMiracle"},{"floor":44,"key":"SneckoOil"},{"floor":48,"key":"SteroidPotion"}],"is_trial":false,"path_per_floor":["M","?","M","$","M","R","?","E","T","R","?","M","R","$","R","B",null,"M","?","$","M","?","R","M","?","T","R","$","?","R","?","R","B",null,"M","?","$","M","?","R","M","R","T","M","?","R","M","M","R","B",null],"character_chosen":"WATCHER","items_purchased":["Devotion","TheAbacus","Madness"],"campfire_rested":2,"item_purchase_floors":[37,37,37],"current_hp_per_floor":[70,63,63,63,58,58,58,58,58,58,58,58,58,72,72,19,72,72,72,72,72,60,60,60,60,60,60,75,75,75,75,75,37,77,70,70,77,68,68,68,59,59,59,38,38,61,53,40,63,36],"gold":118,"neow_bonus":"RANDOM_COMMON_RELIC","is_daily":false,"chose_seed":false,"campfire_upgraded":10,"win_rate":0.0,"timestamp":1607922541,"path_taken":["M","?","M","$","M","R","?","E","T","R","?","M","R","$","R","BOSS","M","?","$","M","?","R","M","?","T","R","$","?","R","?","R","BOSS","M","?","$","M","?","R","M","R","T","M","?","R","M","M","R","BOSS"],"items_purchased_type":["Card","Relic","Card"],"build_version":"2020-12-13","purchased_purges":4,"victory":true,"max_hp_per_floor":[72,72,72,72,72,72,72,72,72,72,72,72,72,72,72,72,72,72,72,72,72,77,77,77,77,77,77,77,77,77,77,77,77,77,77,77,77,77,77,77,77,77,77,77,77,77,77,77,77,77],"card_choices":[{"not_picked":["WaveOfTheHand","EmptyFist"],"picked":"SignatureMove","floor":1},{"not_picked":["EmptyBody","ClearTheMind","FollowUp"],"picked":"SKIP","floor":3},{"not_picked":["TalkToTheHand","Weave","SandsOfTime"],"picked":"SKIP","floor":5},{"not_picked":["Consecrate","ClearTheMind"],"picked":"ThirdEye","floor":8},{"not_picked":["PathToVictory","Worship"],"picked":"DeceiveReality","floor":12},{"not_picked":["Blasphemy","DeusExMachina"],"picked":"DevaForm","floor":16},{"not_picked":["JustLucky+1"],"picked":"SKIP","floor":18},{"not_picked":["FlurryOfBlows"],"picked":"SKIP","floor":21},{"not_picked":["BattleHymn"],"picked":"SKIP","floor":24},{"not_picked":[],"picked":"Establishment","floor":33},{"not_picked":["FearNoEvil"],"picked":"SKIP","floor":35},{"not_picked":["SandsOfTime"],"picked":"SKIP","floor":38},{"not_picked":[],"picked":"ThirdEye","floor":41},{"not_picked":["ThirdEye"],"picked":"SKIP","floor":44},{"not_picked":["WheelKick+1"],"picked":"SKIP","floor":47},{"not_picked":["JustLucky"],"picked":"SKIP","floor":48}],"player_experience":1506250,"relics_obtained":[{"floor":8,"key":"TungstenRod"},{"floor":9,"key":"MealTicket"},{"floor":26,"key":"Smiling Mask"},{"floor":34,"key":"Akabeko"},{"floor":34,"key":"Matryoshka"},{"floor":34,"key":"Old Coin"},{"floor":43,"key":"Kunai"},{"floor":43,"key":"Bag of Preparation"}],"event_choices":[{"damage_healed":0,"gold_gain":0,"player_choice":"Success","damage_taken":7,"relics_obtained":["Oddly Smooth Stone"],"max_hp_gain":0,"max_hp_loss":0,"event_name":"Scrap Ooze","floor":2,"gold_loss":0},{"damage_healed":0,"gold_gain":0,"player_choice":"Ignored","damage_taken":0,"max_hp_gain":0,"max_hp_loss":0,"event_name":"NoteForYourself","floor":7,"gold_loss":0},{"damage_healed":0,"gold_gain":0,"player_choice":"Ignored","damage_taken":0,"max_hp_gain":0,"max_hp_loss":0,"event_name":"Liars Game","floor":11,"gold_loss":0},{"damage_healed":0,"gold_gain":0,"player_choice":"Paid Fearfully","damage_taken":0,"max_hp_gain":0,"max_hp_loss":0,"event_name":"Masked Bandits","floor":19,"gold_loss":181},{"damage_healed":0,"gold_gain":0,"player_choice":"Shed Blood","damage_taken":18,"max_hp_gain":5,"max_hp_loss":0,"event_name":"Forgotten Altar","floor":22,"gold_loss":0},{"cards_removed":["Strike_P"],"damage_healed":0,"gold_gain":0,"player_choice":"Elegance","damage_taken":0,"max_hp_gain":0,"max_hp_loss":0,"event_name":"Back to Basics","floor":25,"gold_loss":0},{"damage_healed":0,"gold_gain":0,"player_choice":"Ignored","damage_taken":0,"max_hp_gain":0,"max_hp_loss":0,"event_name":"Ghosts","floor":29,"gold_loss":0},{"damage_healed":0,"gold_gain":0,"player_choice":"Trade","damage_taken":0,"relics_obtained":["GremlinMask"],"max_hp_gain":0,"max_hp_loss":0,"event_name":"FaceTrader","floor":31,"gold_loss":0},{"damage_healed":0,"gold_gain":0,"player_choice":"Cursed","damage_taken":0,"max_hp_gain":0,"max_hp_loss":0,"event_name":"Wheel of Change","floor":36,"gold_loss":0,"cards_obtained":["Decay"]},{"damage_healed":0,"gold_gain":0,"player_choice":"Ignored","damage_taken":0,"max_hp_gain":0,"max_hp_loss":0,"event_name":"Mysterious Sphere","floor":39,"gold_loss":0},{"cards_removed":["Establishment"],"damage_healed":0,"gold_gain":0,"player_choice":"Removed Power","damage_taken":0,"max_hp_gain":0,"max_hp_loss":0,"event_name":"Falling","floor":45,"gold_loss":0}],"is_beta":false,"boss_relics":[{"not_picked":["Cursed Key","Sozu"],"picked":"Busted Crown"},{"not_picked":["Pandora\u0027s Box","Astrolabe"],"picked":"Calling Bell"}],"items_purged_floors":[4,14,28,37],"is_endless":false,"potions_floor_spawned":[1,12,16,21,24,41,44,48],"ascension_level":0}}