{"host":"vpnygm79y7yi43ig","time":1607989305,"event":{"mods":["BaseMod","Bestiary","Minty Spire (QoL Compilation)"],"gold_per_floor":[111,127,142,161,173,207,207,223,223,249,269,269,269,280,280,377,377,391,391,409,386,406,439,439,265,317,346,362,387,387,407,407,510,510,526,13,32,43,58,58,91,115,150,181,224,236,268,129,129,129],"floor_reached":51,"playtime":4717,"items_purged":[],"score":810,"play_id":"2b758dfc-a58b-4f63-b430-82bc35413e61","local_time":"20201214154145","daily_mods":["Draft"],"is_ascension_mode":false,"campfire_choices":[{"data":"Footwork","floor":13.0,"key":"SMITH"},{"data":"Cloak And Dagger","floor":15.0,"key":"SMITH"},{"data":"Malaise","floor":24.0,"key":"SMITH"},{"data":"Cloak And Dagger","floor":32.0,"key":"SMITH"},{"data":"Blade Dance","floor":40,"key":"SMITH"},{"data":"Accuracy","floor":49,"key":"SMITH"}],"circlet_count":0,"master_deck":["Choke","Backstab","Cloak And Dagger+1","Acrobatics","Cloak And Dagger+1","Deflect","Sucker Punch","Blade Dance+1","Footwork+1","Slice","Prepared+1","Accuracy+1","Dodge and Roll","Backflip","Backstab","Deflect","Escape Plan","PiercingWail","Malaise+1","Blade Dance+1","Dodge and Roll","Backflip","Panache","Caltrops+1","Escape Plan","Neutralize","Die Die Die","Caltrops+1","Blur","Parasite","Well Laid Plans+1"],"relics":["Ring of the Snake","Ancient Tea Set","Mercury Hourglass","Gambling Chip","StoneCalendar","Philosopher\u0027s Stone","Mango","War Paint","Frozen Egg 2","HornCleat","Empty Cage","Kunai","Ornamental Fan","MawBank","Akabeko","Nunchaku","Lantern"],"acts_visited":["Exordium","TheCity","TheBeyond"],"potions_floor_usage":[50,50,50],"damage_taken":[{"damage":0.0,"enemies":"Cultist","floor":1.0,"turns":2.0},{"damage":0.0,"enemies":"Small Slimes","floor":2.0,"turns":1.0},{"damage":0.0,"enemies":"2 Louse","floor":3.0,"turns":1.0},{"damage":0.0,"enemies":"2 Fungi Beasts","floor":4.0,"turns":2.0},{"damage":0.0,"enemies":"3 Louse","floor":5.0,"turns":1.0},{"damage":4.0,"enemies":"3 Sentries","floor":6.0,"turns":5.0},{"damage":0.0,"enemies":"Blue Slaver","floor":8.0,"turns":1.0},{"damage":0.0,"enemies":"Gremlin Nob","floor":10.0,"turns":2.0},{"damage":0.0,"enemies":"2 Fungi Beasts","floor":11.0,"turns":1.0},{"damage":0.0,"enemies":"Exordium Wildlife","floor":14.0,"turns":2.0},{"damage":1.0,"enemies":"The Guardian","floor":16.0,"turns":7.0},{"damage":0.0,"enemies":"Spheric Guardian","floor":18.0,"turns":2.0},{"damage":0.0,"enemies":"3 Byrds","floor":20.0,"turns":3.0},{"damage":2.0,"enemies":"Snecko","floor":22.0,"turns":3.0},{"damage":11.0,"enemies":"Slavers","floor":23.0,"turns":5.0},{"damage":1.0,"enemies":"Book of Stabbing","floor":27.0,"turns":4.0},{"damage":4.0,"enemies":"Snake Plant","floor":28.0,"turns":4.0},{"damage":7.0,"enemies":"Gremlin Leader","floor":29.0,"turns":5.0},{"damage":0.0,"enemies":"Chosen and Byrds","floor":31.0,"turns":3.0},{"damage":13.0,"enemies":"Champ","floor":33.0,"turns":8.0},{"damage":0.0,"enemies":"3 Darklings","floor":35.0,"turns":3.0},{"damage":0,"enemies":"3 Shapes","floor":37,"turns":4},{"damage":11,"enemies":"Spire Growth","floor":38,"turns":5},{"damage":7,"enemies":"Jaw Worm Horde","floor":39,"turns":4},{"damage":6,"enemies":"Nemesis","floor":41,"turns":7},{"damage":0,"enemies":"Writhing Mass","floor":42,"turns":5},{"damage":9,"enemies":"Transient","floor":44,"turns":5},{"damage":0,"enemies":"Giant Head","floor":45,"turns":7},{"damage":0,"enemies":"Spire Growth","floor":47,"turns":4},{"damage":5,"enemies":"Donu and Deca","floor":50,"turns":7}],"seed_played":"7024459651577306778","potions_obtained":[{"floor":3.0,"key":"Fruit Juice"},{"floor":6.0,"key":"EssenceOfSteel"},{"floor":8.0,"key":"Regen Potion"},{"floor":11.0,"key":"FearPotion"},{"floor":16.0,"key":"CultistPotion"},{"floor":20.0,"key":"Swift Potion"},{"floor":38,"key":"Regen Potion"}],"is_trial":true,"path_per_floor":["M","M","M","M","M","E","?","M","T","E","M","?","R","M","R","B",null,"M","$","M","$","M","E","R","$","T","E","M","E","?","M","R","B",null,"M","$","M","M","M","R","E","M","T","M","E","$","M","$","R","B",null],"character_chosen":"THE_SILENT","items_purchased":["Dodge and Roll","Panache","Kunai","Ornamental Fan","Lantern"],"campfire_rested":0,"item_purchase_floors":[21,25,36,36,48],"current_hp_per_floor":[70,70,75,75,75,71,68,68,68,68,68,68,68,68,68,67,75,75,75,75,75,73,76,76,76,76,75,71,64,64,64,64,51,89,89,89,89,78,71,71,65,65,65,56,56,56,56,56,56,66],"gold":129,"neow_bonus":"","is_daily":false,"chose_seed":false,"campfire_upgraded":6,"win_rate":0.0,"timestamp":1607989305,"path_taken":["M","?","M","M","M","E","?","M","T","E","M","?","R","?","R","BOSS","M","$","?","$","M","E","R","$","T","E","M","E","?","M","R","BOSS","M","$","?","M","M","R","E","M","T","M","E","$","M","$","R","BOSS"],"items_purchased_type":["Card","Card","Relic","Relic","Relic"],"build_version":"2020-12-13","purchased_purges":0,"victory":true,"max_hp_per_floor":[70,70,75,75,75,75,75,75,75,75,75,75,75,75,75,75,75,75,75,75,75,75,89,89,89,89,89,89,89,89,89,89,89,89,89,89,89,89,89,89,89,89,89,89,89,89,89,89,89,89],"card_choices":[{"not_picked":["Deadly Poison","Prepared"],"picked":"Choke","floor":0.0},{"not_picked":["PiercingWail","Slice"],"picked":"Backstab","floor":0.0},{"not_picked":["Dagger Spray","Flying Knee"],"picked":"Cloak And Dagger","floor":0.0},{"not_picked":["Outmaneuver","Heel Hook"],"picked":"Acrobatics","floor":0.0},{"not_picked":["Dash","Escape Plan"],"picked":"Cloak And Dagger","floor":0.0},{"not_picked":["Heel Hook","Distraction"],"picked":"Dagger Spray","floor":0.0},{"not_picked":["Acrobatics","Eviscerate"],"picked":"Dagger Spray","floor":0.0},{"not_picked":["Flechettes","Deadly Poison"],"picked":"Deflect","floor":0.0},{"not_picked":["PiercingWail","Slice"],"picked":"Sucker Punch","floor":0.0},{"not_picked":["Poisoned Stab","Deadly Poison"],"picked":"Predator","floor":0.0},{"not_picked":["PiercingWail","Sucker Punch"],"picked":"Blade Dance","floor":0.0},{"not_picked":["Deadly Poison","PiercingWail"],"picked":"Footwork","floor":0.0},{"not_picked":["Flechettes","Poisoned Stab"],"picked":"Slice","floor":0.0},{"not_picked":["Acrobatics","Sucker Punch"],"picked":"Prepared","floor":0.0},{"not_picked":["Slice","Setup"],"picked":"Accuracy","floor":0.0},{"not_picked":["Sucker Punch","Blade Dance"],"picked":"Dodge and Roll","floor":1.0},{"not_picked":["Slice","Cloak And Dagger"],"picked":"Backflip","floor":2.0},{"not_picked":["Quick Slash","All Out Attack"],"picked":"Backstab","floor":3.0},{"not_picked":["Riddle With Holes","Doppelganger","Poisoned Stab"],"picked":"SKIP","floor":4.0},{"not_picked":["Catalyst","Distraction"],"picked":"Deflect","floor":5.0},{"not_picked":["Dodge and Roll","A Thousand Cuts","Accuracy"],"picked":"SKIP","floor":6.0},{"not_picked":["Flying Knee","Accuracy","Acrobatics"],"picked":"SKIP","floor":8.0},{"not_picked":["Dagger Throw","Cloak And Dagger","Crippling Poison"],"picked":"SKIP","floor":10.0},{"not_picked":["Bouncing Flask","Deflect"],"picked":"Escape Plan","floor":11.0},{"not_picked":["Slice","Quick Slash","Outmaneuver"],"picked":"SKIP","floor":14.0},{"not_picked":["Glass Knife","Night Terror"],"picked":"Malaise","floor":16.0},{"not_picked":["Eviscerate","Cloak And Dagger"],"picked":"Blade Dance","floor":18.0},{"not_picked":["Dagger Spray","Dodge and Roll+1","Footwork"],"picked":"SKIP","floor":20.0},{"not_picked":["Bane","Concentrate","PiercingWail"],"picked":"SKIP","floor":22.0},{"not_picked":["Acrobatics","Accuracy"],"picked":"Backflip","floor":23.0},{"not_picked":["Corpse Explosion","Deflect"],"picked":"Caltrops+1","floor":27.0},{"not_picked":["Skewer","Dodge and Roll+1"],"picked":"Escape Plan","floor":28.0},{"not_picked":["Underhanded Strike","Outmaneuver","Quick Slash"],"picked":"SKIP","floor":29.0},{"not_picked":["Distraction+1","PiercingWail+1","Dodge and Roll+1"],"picked":"SKIP","floor":31.0},{"not_picked":["PiercingWail+1","Deadly Poison","Masterful Stab"],"picked":"SKIP","floor":35.0},{"not_picked":["Dagger Throw","Escape Plan+1"],"picked":"Caltrops+1","floor":37},{"not_picked":["Deflect+1","Slice+1"],"picked":"Blur","floor":38},{"not_picked":["Deflect","Deadly Poison+1","Noxious Fumes+1"],"picked":"SKIP","floor":39},{"not_picked":["Concentrate","Tactician+1","Malaise"],"picked":"SKIP","floor":41},{"not_picked":["Sucker Punch+1","Dagger Spray+1","Predator"],"picked":"SKIP","floor":42},{"not_picked":["Backstab","Endless Agony+1","Distraction+1"],"picked":"SKIP","floor":44},{"not_picked":["Backstab","Poisoned Stab+1"],"picked":"Well Laid Plans+1","floor":45},{"not_picked":["Prepared","Deadly Poison+1","Dagger Spray"],"picked":"SKIP","floor":47}],"player_experience":181917,"relics_obtained":[{"floor":6.0,"key":"Ancient Tea Set"},{"floor":9.0,"key":"Gambling Chip"},{"floor":10.0,"key":"StoneCalendar"},{"floor":23.0,"key":"Mango"},{"floor":26.0,"key":"War Paint"},{"floor":27.0,"key":"Frozen Egg 2"},{"floor":29.0,"key":"HornCleat"},{"floor":41,"key":"MawBank"},{"floor":43,"key":"Akabeko"},{"floor":45,"key":"Nunchaku"}],"event_choices":[{"damage_healed":0.0,"max_hp_gain":0.0,"max_hp_loss":0.0,"gold_gain":0.0,"event_name":"Scrap Ooze","player_choice":"Success","floor":7.0,"gold_loss":0.0,"damage_taken":3.0,"relics_obtained":["Mercury Hourglass"]},{"cards_removed":["Dagger Spray"],"damage_healed":0.0,"max_hp_gain":0.0,"max_hp_loss":0.0,"gold_gain":0.0,"event_name":"NoteForYourself","player_choice":"Took Card","floor":12.0,"gold_loss":0.0,"damage_taken":0.0,"cards_obtained":["PiercingWail"]},{"damage_healed":0.0,"max_hp_gain":0.0,"max_hp_loss":0.0,"gold_gain":0.0,"event_name":"Match and Keep!","player_choice":"2 cards matched","floor":30.0,"gold_loss":0.0,"damage_taken":0.0,"cards_obtained":["Neutralize","Die Die Die"]},{"damage_healed":0.0,"max_hp_gain":0.0,"max_hp_loss":0.0,"gold_gain":0.0,"event_name":"Match and Keep!","player_choice":"2 cards matched","floor":30.0,"gold_loss":0.0,"damage_taken":0.0,"cards_obtained":["Neutralize","Die Die Die"]}],"is_beta":false,"boss_relics":[{"not_picked":["Cursed Key","SlaversCollar"],"picked":"Philosopher\u0027s Stone"},{"not_picked":["Runic Pyramid","HoveringKite"],"picked":"Empty Cage"}],"items_purged_floors":[],"is_endless":false,"potions_floor_spawned":[3,6,8,11,16,20,28,31,33,38,39,42,44,45],"ascension_level":0}}