{"host":"ncjvx38sfs73mj1s","time":1607919261,"event":{"mods":["BaseMod","KinomotoSakuraMod(木之本樱)","Marisa（F雨　魔理沙）","Minty Spire (QoL Compilation)","Remilia（蕾米莉亚）","The Servant 0.9.4","Yuyuko"],"gold_per_floor":[109,86,101,101,101,101,115,135,135,135,310,337,337,337,337,465,465,478,478,494,494,513,65,88,112,112,112,27,65,65,65,65,191,191,206,222,236,236,236,236,236,236,236,236,34,59,93,116,116,116],"floor_reached":51,"playtime":3573,"items_purged":["Clumsy"],"score":733,"play_id":"6b7efe9e-8b5d-433f-b223-b0dfe9bdf722","local_time":"20201214121421","is_ascension_mode":false,"campfire_choices":[{"data":"ClowCardTheShot","floor":6,"key":"SMITH"},{"data":"ClowCardTheJump","floor":10,"key":"SMITH"},{"data":"ClowCardTheShot","floor":13,"key":"SMITH"},{"floor":15,"key":"REST"},{"floor":27,"key":"REST"},{"floor":32,"key":"REST"},{"data":"ClowCardTheTwin","floor":40,"key":"SMITH"},{"data":"Ghostly","floor":42,"key":"SMITH"},{"data":"Ghostly","floor":44,"key":"SMITH"},{"data":"ClowCardTheSand","floor":49,"key":"SMITH"}],"circlet_count":0,"master_deck":["SakuraCardTheSword+","SakuraCardTheMist+","ClowCardTheSword","ClowCardTheSword","ClowCardTheSword+1","ClowCardTheShield","ClowCardTheShield","ClowCardTheShield+1","ClowCardTheShield","SpellCardRelease","ClowCardTheShadow","ClowCardTheShot+1","ClowCardTheShot+1","ClowCardTheJump+1","ClowCardTheThrough","ClowCardTheSand+1","ClowCardTheWood","Ghostly+1","Ghostly+1","Ghostly","Ghostly","Ghostly","ClowCardTheWood+1","ClowCardTheFight","ClowCardTheTwin+1","ClowCardTheJump+1","ClowCardTheFloat+1"],"relics":["KSMOD_SealedBook","KSMOD_StarWand","NeowsBlessing","Golden Idol","Potion Belt","Juzu Bracelet","KSMOD_Cerberus","Anchor","Meat on the Bone","HornCleat","Smiling Mask","Blood Vial","Cursed Key","Toy Ornithopter","Lee\u0027s Waffle","KSMOD_MoonBell"],"acts_visited":["Exordium","TheCity","TheBeyond"],"potions_floor_usage":[16,18,20,50],"damage_taken":[{"damage":0.0,"enemies":"Cultist","floor":1.0,"turns":1.0},{"damage":0.0,"enemies":"Small Slimes","floor":3.0,"turns":2.0},{"damage":0,"enemies":"Jaw Worm","floor":7,"turns":1},{"damage":5,"enemies":"Looter","floor":8,"turns":4},{"damage":41,"enemies":"The Guardian","floor":16,"turns":9},{"damage":10,"enemies":"3 Byrds","floor":18,"turns":4},{"damage":0,"enemies":"Spheric Guardian","floor":20,"turns":4},{"damage":8,"enemies":"Cultist and Chosen","floor":22,"turns":6},{"damage":5,"enemies":"3 Cultists","floor":24,"turns":6},{"damage":8,"enemies":"Chosen and Byrds","floor":25,"turns":7},{"damage":4,"enemies":"Book of Stabbing","floor":29,"turns":5},{"damage":14,"enemies":"Automaton","floor":33,"turns":9},{"damage":0,"enemies":"Orb Walker","floor":35,"turns":4},{"damage":8,"enemies":"3 Shapes","floor":36,"turns":3},{"damage":1,"enemies":"Jaw Worm Horde","floor":37,"turns":4},{"damage":21,"enemies":"4 Shapes","floor":46,"turns":6},{"damage":0,"enemies":"Nemesis","floor":47,"turns":7},{"damage":0,"enemies":"Maw","floor":48,"turns":6},{"damage":21,"enemies":"Donu and Deca","floor":50,"turns":8}],"seed_played":"3274961751653062505","potions_obtained":[{"floor":7,"key":"Block Potion"},{"floor":8,"key":"Block Potion"},{"floor":16,"key":"LiquidMemories"},{"floor":20,"key":"Strength Potion"},{"floor":25,"key":"AttackPotion"},{"floor":29,"key":"KSMOD_MagickBottle"},{"floor":47,"key":"Weak Potion"},{"floor":48,"key":"SpeedPotion"}],"is_trial":false,"path_per_floor":["M","$","M","$","?","R","M","M","T","R","?","T","R","?","R","B",null,"M","?","M","?","M","$","M","M","T","R","?","E","?","?","R","B",null,"M","M","M","?","?","R","?","R","T","R","$","M","E","M","R","B",null],"character_chosen":"KINOMOTOSAKURA","items_purchased":["ClowCardTheShot","KSMOD_Cerberus","Anchor","Lee\u0027s Waffle"],"campfire_rested":3,"item_purchase_floors":[2,23,23,45],"current_hp_per_floor":[70,70,70,70,65,65,65,60,60,60,60,60,60,47,65,24,65,55,55,55,32,24,24,19,11,11,20,20,28,28,28,32,18,32,32,24,25,25,25,25,25,25,25,25,37,28,30,33,33,28],"gold":116,"neow_bonus":"THREE_ENEMY_KILL","is_daily":false,"chose_seed":false,"campfire_upgraded":7,"win_rate":0.0,"timestamp":1607919261,"path_taken":["M","$","M","$","?","R","M","M","T","R","?","?","R","?","R","BOSS","M","?","M","?","M","$","M","M","T","R","?","E","?","?","R","BOSS","M","M","M","?","?","R","?","R","T","R","$","M","E","M","R","BOSS"],"items_purchased_type":["Card","Relic","Relic","Relic"],"build_version":"2020-12-13","purchased_purges":1,"victory":true,"max_hp_per_floor":[70,70,70,70,65,65,65,65,65,65,65,65,65,65,65,65,65,65,65,65,32,32,32,32,32,32,32,32,32,32,32,32,32,32,32,32,32,30,30,30,30,30,30,30,37,37,37,37,37,37],"card_choices":[{"not_picked":["ClowCardTheIllusion","ClowCardTheLittle"],"picked":"ClowCardTheShadow","floor":1.0},{"not_picked":["ClowCardTheSilent","ClowCardTheDream"],"picked":"ClowCardTheShot","floor":3.0},{"not_picked":["ClowCardTheRain","ClowCardTheShadow"],"picked":"ClowCardTheJump","floor":7},{"not_picked":["ClowCardTheLock","ClowCardTheSong"],"picked":"ClowCardTheMist","floor":8},{"not_picked":["ClowCardTheTwin","ClowCardTheThunder"],"picked":"ClowCardTheThrough","floor":16},{"not_picked":["ClowCardTheMaze","ClowCardTheGlow+1"],"picked":"ClowCardTheSand","floor":18},{"not_picked":["ClowCardTheArrow","ClowCardTheGlow+1"],"picked":"ClowCardTheWood","floor":20},{"not_picked":["ClowCardTheSand+1","ClowCardTheSnow"],"picked":"ClowCardTheWood+1","floor":22},{"not_picked":["ClowCardTheWave","ClowCardTheSand","ClowCardTheLibra"],"picked":"SKIP","floor":24},{"not_picked":["ClowCardTheWood","ClowCardTheMove","ClowCardTheEarthy"],"picked":"SKIP","floor":25},{"not_picked":["ClowCardTheSleep","ClowCardTheSilent","ClowCardTheLoop"],"picked":"SKIP","floor":29},{"not_picked":["ClowCardTheFight","ClowCardTheCreate"],"picked":"ClowCardTheTwin","floor":33},{"not_picked":["ClowCardTheIllusion+1","ClowCardTheArrow+1"],"picked":"ClowCardTheJump+1","floor":35},{"not_picked":["ClowCardTheWave+1","ClowCardTheWood","ClowCardTheDream+1"],"picked":"SKIP","floor":36},{"not_picked":["ClowCardTheSand+1","ClowCardTheCloud","ClowCardTheSilent"],"picked":"SKIP","floor":37},{"not_picked":["ClowCardTheCreate","ClowCardTheWave"],"picked":"ClowCardTheFloat+1","floor":46},{"not_picked":["ClowCardTheMirror+1","ClowCardThePower","ClowCardTheThrough"],"picked":"SKIP","floor":47},{"not_picked":["ClowCardTheSleep+1","ClowCardTheSand","ClowCardTheMove"],"picked":"SKIP","floor":48}],"player_experience":81062,"relics_obtained":[{"floor":9,"key":"Potion Belt"},{"floor":12,"key":"Juzu Bracelet"},{"floor":26,"key":"Meat on the Bone"},{"floor":29,"key":"Smiling Mask"},{"floor":43,"key":"Toy Ornithopter"},{"floor":47,"key":"KSMOD_MoonBell"}],"event_choices":[{"damage_healed":0,"gold_gain":0,"player_choice":"Lose Max HP","damage_taken":0,"relics_obtained":["Golden Idol"],"max_hp_gain":0,"max_hp_loss":5,"event_name":"Golden Idol","floor":5,"gold_loss":0},{"damage_healed":0,"gold_gain":175,"player_choice":"AGREE","damage_taken":0,"max_hp_gain":0,"max_hp_loss":0,"event_name":"Liars Game","floor":11,"gold_loss":0,"cards_obtained":["Doubt"]},{"damage_healed":0,"gold_gain":0,"player_choice":"Entered Light","damage_taken":13,"max_hp_gain":0,"max_hp_loss":0,"event_name":"Shining Light","floor":14,"gold_loss":0,"cards_upgraded":["ClowCardTheShield","ClowCardTheSword"]},{"damage_healed":0,"gold_gain":0,"player_choice":"Copied","damage_taken":0,"max_hp_gain":0,"max_hp_loss":0,"event_name":"Duplicator","floor":19,"gold_loss":0,"cards_obtained":["ClowCardTheShot"]},{"damage_healed":0,"gold_gain":0,"player_choice":"Became a Ghost","damage_taken":0,"max_hp_gain":0,"max_hp_loss":33,"event_name":"Ghosts","floor":21,"gold_loss":0,"cards_obtained":["Ghostly","Ghostly","Ghostly","Ghostly","Ghostly"]},{"damage_healed":0,"gold_gain":0,"player_choice":"Obtained Relic","damage_taken":0,"relics_obtained":["HornCleat"],"max_hp_gain":0,"max_hp_loss":0,"event_name":"Addict","floor":28,"gold_loss":85},{"damage_healed":0,"gold_gain":0,"player_choice":"Opened","damage_taken":0,"relics_obtained":["Blood Vial"],"max_hp_gain":0,"max_hp_loss":0,"event_name":"The Mausoleum","floor":30,"gold_loss":0},{"damage_healed":0,"gold_gain":0,"cards_transformed":["Doubt","SpellCardSeal"],"player_choice":"Became Test Subject","damage_taken":0,"max_hp_gain":0,"max_hp_loss":0,"event_name":"Drug Dealer","floor":31,"gold_loss":0,"cards_obtained":["Clumsy","ClowCardTheFight"]},{"damage_healed":0,"gold_gain":0,"player_choice":"Max HP","damage_taken":0,"max_hp_gain":0,"max_hp_loss":2,"event_name":"Winding Halls","floor":38,"gold_loss":0},{"cards_removed":["Clumsy"],"damage_healed":0,"gold_gain":0,"player_choice":"Removed Curses","damage_taken":0,"max_hp_gain":0,"max_hp_loss":0,"event_name":"Fountain of Cleansing","floor":39,"gold_loss":0},{"cards_removed":["ClowCardTheShot"],"damage_healed":0,"gold_gain":0,"player_choice":"Removed Attack","damage_taken":0,"max_hp_gain":0,"max_hp_loss":0,"event_name":"Falling","floor":41,"gold_loss":0}],"is_beta":false,"boss_relics":[{"not_picked":["Snecko Eye","Black Star"],"picked":"KSMOD_StarWand"},{"not_picked":["Sozu","Runic Dome"],"picked":"Cursed Key"}],"items_purged_floors":[45],"is_endless":false,"potions_floor_spawned":[7,8,16,20,25,29,47,48],"ascension_level":0}}