{"host":"0285y92tozoijo7k","time":1607958454,"event":{"mods":["AchievementEnabler","Act Like it!","BaseMod","Colored Map","DeckTracker","Keyboard Shortcuts","Minty Spire (QoL Compilation)","Permanent Neow","StSLib","SuperFastMode"],"gold_per_floor":[114,133,148,148,167,198,198,198,198,85,100,129,129,148,148,252,252,267,167,196,212,212,212,239,252,252,252,263,263,289,306,306,402,402,415,427,427,442,22,40,40,40,115,144,366,366,366,391,391,391,391,391,11,36,36],"floor_reached":56,"playtime":2695,"items_purged":["Strike_B","Doom and Gloom","Sweeping Beam"],"score":1948,"play_id":"cb5486ce-ee32-40f8-8a81-c3f2c5fb4232","local_time":"20201215000734","is_ascension_mode":true,"campfire_choices":[{"data":"Genetic Algorithm","floor":8.0,"key":"SMITH"},{"data":"Barrage","floor":13.0,"key":"SMITH"},{"data":"Coolheaded","floor":15.0,"key":"SMITH"},{"data":"Self Repair","floor":23.0,"key":"SMITH"},{"data":"Biased Cognition","floor":27.0,"key":"SMITH"},{"data":"Defragment","floor":32.0,"key":"SMITH"},{"data":"Turbo","floor":41.0,"key":"SMITH"},{"data":"Blizzard","floor":46.0,"key":"SMITH"},{"floor":49.0,"key":"RECALL"},{"data":"Recycle","floor":52.0,"key":"SMITH"}],"circlet_count":0,"master_deck":["AscendersBane","Dualcast","Genetic Algorithm+1","Go for the Eyes","Cold Snap","Blizzard+1","Self Repair+1","Barrage+1","Coolheaded+1","Biased Cognition+1","Cold Snap","Aggregate","Conserve Battery","Genetic Algorithm","Storm+1","BootSequence+1","Turbo+1","Core Surge","Consume","Reboot+1","Defragment+1","Hologram+1","Flash of Steel","Flash of Steel","Bandage Up+1","Recycle+1","Compile Driver","Chill"],"relics":["Cracked Core","Boot","Unceasing Top","Pandora\u0027s Box","Red Mask","Pen Nib","Cables","Bag of Marbles","Runic Dome","Calipers","Shuriken","Toy Ornithopter","Ancient Tea Set","Runic Capacitor","War Paint","Happy Flower"],"acts_visited":["Exordium","TheCity","TheBeyond","TheEnding"],"potions_floor_usage":[55,55],"damage_taken":[{"damage":8.0,"enemies":"Jaw Worm","floor":1.0,"turns":4.0},{"damage":1.0,"enemies":"Cultist","floor":2.0,"turns":4.0},{"damage":5.0,"enemies":"Small Slimes","floor":3.0,"turns":3.0},{"damage":9.0,"enemies":"Looter","floor":5.0,"turns":3.0},{"damage":12.0,"enemies":"Lagavulin","floor":6.0,"turns":6.0},{"damage":8.0,"enemies":"3 Louse","floor":11.0,"turns":3.0},{"damage":19.0,"enemies":"3 Sentries","floor":12.0,"turns":7.0},{"damage":6.0,"enemies":"Blue Slaver","floor":14.0,"turns":3.0},{"damage":13.0,"enemies":"Slime Boss","floor":16.0,"turns":10.0},{"damage":19.0,"enemies":"Chosen","floor":18.0,"turns":5.0},{"damage":34.0,"enemies":"Masked Bandits","floor":20.0,"turns":5.0},{"damage":10.0,"enemies":"Shell Parasite","floor":21.0,"turns":4.0},{"damage":5.0,"enemies":"Slavers","floor":24.0,"turns":6.0},{"damage":5.0,"enemies":"Snake Plant","floor":25.0,"turns":3.0},{"damage":12.0,"enemies":"Snecko","floor":28.0,"turns":6.0},{"damage":10.0,"enemies":"Gremlin Leader","floor":30.0,"turns":7.0},{"damage":8.0,"enemies":"Sentry and Sphere","floor":31.0,"turns":4.0},{"damage":3.0,"enemies":"Automaton","floor":33.0,"turns":14.0},{"damage":15.0,"enemies":"3 Darklings","floor":35.0,"turns":11.0},{"damage":29.0,"enemies":"3 Shapes","floor":36.0,"turns":5.0},{"damage":32.0,"enemies":"Maw","floor":38.0,"turns":10.0},{"damage":0.0,"enemies":"Transient","floor":40.0,"turns":5.0},{"damage":10.0,"enemies":"Nemesis","floor":44.0,"turns":8.0},{"damage":4.0,"enemies":"Reptomancer","floor":48.0,"turns":12.0},{"damage":0.0,"enemies":"Awakened One","floor":50.0,"turns":13.0},{"damage":0.0,"enemies":"Shield and Spear","floor":54.0,"turns":11.0},{"damage":13,"enemies":"The Heart","floor":55,"turns":11}],"seed_played":"6074925609288575676","potions_obtained":[{"floor":5.0,"key":"Strength Potion"},{"floor":6.0,"key":"Swift Potion"},{"floor":7.0,"key":"Fruit Juice"},{"floor":7.0,"key":"DuplicationPotion"},{"floor":12.0,"key":"GamblersBrew"},{"floor":14.0,"key":"Ancient Potion"},{"floor":18.0,"key":"LiquidMemories"},{"floor":28.0,"key":"LiquidBronze"},{"floor":40.0,"key":"Fire Potion"},{"floor":44.0,"key":"SpeedPotion"}],"is_trial":false,"path_per_floor":["M","M","M","?","M","E","?","R","T","$","M","E","R","M","R","B",null,"M","$","?","M","?","R","E","M","T","R","M","?","E","M","R","B",null,"M","M","?","M","$","M","R","?","T","E","?","R","?","E","R","B",null,"R","$","E","B",null],"character_chosen":"DEFECT","items_purchased":["Self Repair","Calipers","Runic Capacitor","War Paint","DistilledChaos"],"campfire_rested":0,"item_purchase_floors":[10,39,53,53,53],"current_hp_per_floor":[60,59,54,59,50,38,43,43,43,43,35,23,23,24,24,18,68,56,56,29,26,26,26,31,36,36,36,34,34,34,26,26,33,72,67,48,48,36,36,46,46,36,36,40,40,40,40,50,50,64,80,80,80,85,85],"gold":36,"neow_bonus":"TRANSFORM_CARD","is_daily":false,"chose_seed":false,"campfire_upgraded":9,"win_rate":0.0,"timestamp":1607958454,"path_taken":["M","M","M","?","M","E","?","R","T","$","?","E","R","M","R","BOSS","M","$","?","M","?","R","E","M","T","R","M","?","E","M","R","BOSS","M","M","?","M","$","?","R","?","T","E","?","R","?","E","R","BOSS","R","$","E","BOSS"],"items_purchased_type":["Card","Relic","Relic","Relic","Potion"],"build_version":"2020-12-13","purchased_purges":3,"victory":true,"max_hp_per_floor":[75,75,75,80,80,80,85,85,85,85,85,85,85,85,85,85,85,85,85,85,85,85,85,85,85,85,85,85,85,85,85,85,85,85,85,85,85,85,85,85,85,85,85,85,85,85,85,85,85,85,85,85,85,85,85],"card_choices":[{"not_picked":["Redo","Skim"],"picked":"Go for the Eyes","floor":1.0},{"not_picked":["BootSequence","Consume"],"picked":"Cold Snap","floor":2.0},{"not_picked":["Consume","Barrage"],"picked":"Blizzard","floor":3.0},{"not_picked":["Gash","Tempest"],"picked":"Beam Cell","floor":5.0},{"not_picked":["Streamline","Turbo"],"picked":"Sweeping Beam","floor":6.0},{"not_picked":["Sunder","Conserve Battery"],"picked":"Barrage","floor":11.0},{"not_picked":["Amplify","Steam","Sweeping Beam"],"picked":"SKIP","floor":12.0},{"not_picked":["Compile Driver","Streamline"],"picked":"Coolheaded","floor":14.0},{"not_picked":["Amplify","Hyperbeam"],"picked":"Biased Cognition","floor":16.0},{"not_picked":["Sweeping Beam","Streamline","Barrage"],"picked":"SKIP","floor":18.0},{"not_picked":["Compile Driver","Multi-Cast"],"picked":"Storm+1","floor":20.0},{"not_picked":["Sweeping Beam","Barrage"],"picked":"BootSequence+1","floor":21.0},{"not_picked":["Ball Lightning","Chill+1"],"picked":"Core Surge","floor":24.0},{"not_picked":["Stack","Cold Snap+1","Ball Lightning"],"picked":"SKIP","floor":25.0},{"not_picked":["Streamline","Leap"],"picked":"Consume","floor":28.0},{"not_picked":["Turbo","Rainbow","Barrage"],"picked":"SKIP","floor":30.0},{"not_picked":["Stack","Turbo"],"picked":"Hologram+1","floor":31.0},{"not_picked":["Fission","Thunder Strike"],"picked":"Amplify","floor":33.0},{"not_picked":["Doom and Gloom","Rip and Tear","Beam Cell"],"picked":"SKIP","floor":35.0},{"not_picked":["Cold Snap+1","Steam","Hologram"],"picked":"SKIP","floor":36.0},{"not_picked":["Streamline","Cold Snap","Conserve Battery"],"picked":"SKIP","floor":38.0},{"not_picked":["Leap+1","Doom and Gloom+1","Turbo"],"picked":"SKIP","floor":40.0},{"not_picked":["Dramatic Entrance","Trip"],"picked":"Flash of Steel","floor":42.0},{"not_picked":["Jack Of All Trades","Trip"],"picked":"Flash of Steel","floor":42.0},{"not_picked":["PanicButton","Metamorphosis"],"picked":"Bandage Up","floor":42.0},{"not_picked":["Chaos+1","Darkness"],"picked":"Recycle","floor":44.0},{"not_picked":["Reprogram","Stack+1"],"picked":"Compile Driver","floor":48.0},{"not_picked":["Gash","Leap"],"picked":"Chill","floor":54.0}],"player_experience":372802,"relics_obtained":[{"floor":6.0,"key":"Boot"},{"floor":12.0,"key":"Unceasing Top"},{"floor":20.0,"key":"Red Mask"},{"floor":24.0,"key":"Pen Nib"},{"floor":26.0,"key":"Cables"},{"floor":30.0,"key":"Bag of Marbles"},{"floor":43.0,"key":"Shuriken"},{"floor":44.0,"key":"Toy Ornithopter"},{"floor":48.0,"key":"Ancient Tea Set"},{"floor":54.0,"key":"Happy Flower"}],"event_choices":[{"damage_healed":0.0,"max_hp_gain":5.0,"max_hp_loss":0.0,"gold_gain":0.0,"event_name":"Big Fish","player_choice":"Donut","floor":4.0,"gold_loss":0.0,"damage_taken":0.0},{"damage_healed":0.0,"max_hp_gain":0.0,"max_hp_loss":0.0,"gold_gain":0.0,"event_name":"Lab","player_choice":"Got Potions","floor":7.0,"gold_loss":0.0,"damage_taken":0.0},{"damage_healed":0.0,"max_hp_gain":0.0,"max_hp_loss":0.0,"gold_gain":0.0,"event_name":"Masked Bandits","player_choice":"Fought Bandits","floor":20.0,"gold_loss":0.0,"damage_taken":0.0},{"damage_healed":0.0,"max_hp_gain":0.0,"max_hp_loss":0.0,"gold_gain":0.0,"event_name":"The Library","player_choice":"Read","floor":22.0,"gold_loss":0.0,"damage_taken":0.0,"cards_obtained":["Turbo"]},{"damage_healed":0.0,"max_hp_gain":0.0,"max_hp_loss":0.0,"gold_gain":0.0,"cards_transformed":["Sweeping Beam","Zap"],"event_name":"Drug Dealer","player_choice":"Became Test Subject","floor":29.0,"gold_loss":0.0,"damage_taken":0.0,"cards_obtained":["Reboot","Defragment"]},{"cards_removed":["Beam Cell"],"damage_healed":0.0,"max_hp_gain":0.0,"max_hp_loss":0.0,"gold_gain":0.0,"event_name":"Purifier","player_choice":"Purged","floor":37.0,"gold_loss":0.0,"damage_taken":0.0},{"damage_healed":0.0,"max_hp_gain":0.0,"max_hp_loss":0.0,"gold_gain":0.0,"event_name":"SensoryStone","player_choice":"Memory 3","floor":42.0,"gold_loss":0.0,"damage_taken":10.0},{"damage_healed":0.0,"max_hp_gain":0.0,"max_hp_loss":0.0,"gold_gain":222.0,"event_name":"Tomb of Lord Red Mask","player_choice":"Wore Mask","floor":45.0,"gold_loss":0.0,"damage_taken":0.0},{"cards_removed":["Amplify"],"damage_healed":0.0,"max_hp_gain":0.0,"max_hp_loss":0.0,"gold_gain":0.0,"event_name":"Falling","player_choice":"Removed Skill","floor":47.0,"gold_loss":0.0,"damage_taken":0.0}],"is_beta":false,"boss_relics":[{"not_picked":["Empty Cage","Fusion Hammer"],"picked":"Pandora\u0027s Box"},{"not_picked":["Astrolabe","Nuclear Battery"],"picked":"Runic Dome"}],"items_purged_floors":[10,19,39],"is_endless":false,"potions_floor_spawned":[5,6,12,14,18,21,28,40,44],"ascension_level":12}}