{"host":"h5acbxt0wmjo1kpm","time":1607943358,"event":{"mods":["2.2 Compatiblity","Act Like it!","AlwaysNeverKeys","Aspiration","Bartender","BaseMod","Better Third Choice","Colored Map","Downfall","Elementarium","Gensokyo","GifTheSpireLib","Hallownest","Marisa????????","Minty Spire (QoL Compilation)","Permanent Neow","Potionbrewer","Relic Filter","Replay The Spire","Robot Space Explorer","RumiaBox-????????","Shade Mod","Spicy Shops","StSLib","The Blackbeard","The Dragon Tamer","The Forsaken","The Gatherer","The Problem Sleuth","The Servant 0.9.4","Wandering Minibosses","vexMod"],"gold_per_floor":[99,115,68,68,85,50,50,130,163,163,148,168,82,98,112,191,857,857,380,397,410,410,427,451,451,451,483,497,497,497,564,578,651,651,576,609,624,624,641,641,641,676,688,538,553,564,420,436,448,521,521,555,25,25,25],"floor_reached":56,"playtime":6686,"items_purged":["hexamod:Defend","hexamod:Strike","hexamod:Defend"],"score":1910,"play_id":"dc8b9b11-09bf-42e4-9bf4-ac57cd848567","local_time":"20201214025558","is_ascension_mode":true,"campfire_choices":[{"data":"hexamod:Strike","floor":1.0,"key":"PURGE"},{"data":"hexamod:Sear","floor":4.0,"key":"SMITH"},{"data":"hexamod:GiftsFromTheDead","floor":10.0,"key":"SMITH"},{"data":"hexamod:GiftsFromTheDead","floor":18.0,"key":"SMITH"},{"data":"hexamod:ExtraCrispy","floor":22.0,"key":"SMITH"},{"floor":35.0,"key":"RECALL"},{"floor":44.0,"key":"REST"},{"data":"hexamod:WildfireWeapon","floor":54,"key":"SMITH"}],"circlet_count":0,"master_deck":["AscendersBane","hexamod:Defend","hexamod:Sear+1","hexamod:Float","hexamod:SpectersWail","hexamod:Hexaguard","hexamod:Incineration","hexamod:GiftsFromTheDead+1","hexamod:RecurringNightmare","hexamod:ThirdSeal","hexamod:StepThrough","hexamod:CrushingStance","hexamod:FirstSeal","hexamod:Hexaguard","hexamod:ExtraCrispy+1","hexamod:GiftsFromTheDead+1","hexamod:HauntingEcho","hexamod:Hexaguard","hexamod:EtherealExpedition","hexamod:WildfireWeapon+1","Hallownest:pwrSporeShroom","hexamod:FourthSeal","hexamod:FastForward","hexamod:Hexaguard","Dagger Throw","Grand Finale","ReplayTheSpireMod:Exploit Weakness","hexamod:NecessarySacrifice+1","hexamod:FastForward","hexamod:UnleashSpirits","hexamod:Hexaguard","hexamod:FastForward+1","hexamod:StepThrough","hexamod:InspiringFlames","hexamod:EtherealExpedition","hexamod:NightmareGuise","hexamod:Hexaguard+1","hexamod:EmpoweringStance+1","hexamod:GiftsFromTheDead+1"],"relics":["hexamod:SpiritBrand","aspiration:DSix","Regal Pillow","vexMod:RockOfEvil","Guardian:PocketSentry","theForsaken:Lifeblossom","Blue Doll","Vajra","Philosopher\u0027s Stone","downfall:HeartBlessingGreen","ZombieArmy","Bird Faced Urn","wanderingMiniBosses:AbyssPearl","downfall:HeartBlessingRed","downfall:HeartBlessingBlue","GodSword3","hexamod:CandleOfCauterizing","Pear","vexMod:PaidLearning","Counterbalance"],"acts_visited":["Hallownest:Greenpath","Hallownest:CityofTears","Hallownest:KingdomsEdge","TheEnding"],"potions_floor_usage":[52,52,55],"damage_taken":[{"damage":0.0,"enemies":"Hallownest:monsterHuskWarrior","floor":2.0,"turns":3.0},{"damage":0.0,"enemies":"downfall:FleeingMerchant","floor":3.0,"turns":4.0},{"damage":13.0,"enemies":"Hallownest:monsterHuskGuard","floor":5.0,"turns":5.0},{"damage":11.0,"enemies":"Hallownest:eliteVengeflyKing","floor":9.0,"turns":7.0},{"damage":0.0,"enemies":"downfall:FleeingMerchant","floor":11.0,"turns":4.0},{"damage":0.0,"enemies":"Hallownest:2_Tiktiks_and_1_Crawlid","floor":12.0,"turns":2.0},{"damage":9.0,"enemies":"downfall:FleeingMerchant","floor":13.0,"turns":4.0},{"damage":0.0,"enemies":"Hallownest:MossCreep_and_Mosskin","floor":14.0,"turns":5.0},{"damage":14.0,"enemies":"Hallownest:Guard_and_Warrior","floor":15.0,"turns":5.0},{"damage":28.0,"enemies":"downfall:Ironclad","floor":16.0,"turns":7.0},{"damage":14.0,"enemies":"downfall:FleeingMerchant","floor":19.0,"turns":4.0},{"damage":5.0,"enemies":"Hallownest:2_Mistakes","floor":20.0,"turns":7.0},{"damage":4.0,"enemies":"Hallownest:Flukemon_and_Top","floor":21.0,"turns":5.0},{"damage":44.0,"enemies":"Hallownest:Warrior_and_Youth","floor":23.0,"turns":5.0},{"damage":8.0,"enemies":"Hallownest:Nosk","floor":27.0,"turns":6.0},{"damage":24.0,"enemies":"Hallownest:monsterShrumalOgre","floor":28.0,"turns":6.0},{"damage":14.0,"enemies":"Hallownest:Glutton_and_Coward","floor":31.0,"turns":5.0},{"damage":6.0,"enemies":"Hallownest:Warrior_and_Youth","floor":32.0,"turns":4.0},{"damage":32.0,"enemies":"downfall:Silent","floor":33.0,"turns":6.0},{"damage":2.0,"enemies":"Hallownest:eliteHiveKnight","floor":36.0,"turns":7.0},{"damage":19.0,"enemies":"Hallownest:Shield_Heavy","floor":37.0,"turns":5.0},{"damage":38.0,"enemies":"Hallownest:3_Siblings","floor":39.0,"turns":7.0},{"damage":60.0,"enemies":"Hallownest:StalkingDevout","floor":42.0,"turns":5.0},{"damage":14.0,"enemies":"Hallownest:2_Great","floor":43.0,"turns":5.0},{"damage":14.0,"enemies":"Hallownest:Xero_Hu_Marmu","floor":45.0,"turns":6.0},{"damage":19.0,"enemies":"Hallownest:2_Soldiers_and_1_Guardian","floor":46.0,"turns":6.0},{"damage":0.0,"enemies":"downfall:FleeingMerchant","floor":47.0,"turns":3.0},{"damage":6.0,"enemies":"Hallownest:2_Wing_and_1_Kings","floor":48.0,"turns":5.0},{"damage":16.0,"enemies":"Hallownest:monsterPrimalAspid","floor":49.0,"turns":4.0},{"damage":29.0,"enemies":"downfall:Defect","floor":50.0,"turns":9.0},{"damage":54,"enemies":"downfall:CharBossMerchant","floor":52,"turns":8},{"damage":0,"enemies":"downfall:NeowBoss","floor":55,"turns":19}],"seed_played":"3407420668729169276","potions_obtained":[{"floor":2.0,"key":"potionbrewer:ToxicPotion"},{"floor":5.0,"key":"ColorlessPotion"},{"floor":14.0,"key":"Fire Potion"},{"floor":15.0,"key":"Adrenaline Potion"},{"floor":20.0,"key":"potionbrewer:SplittingPotion"},{"floor":27.0,"key":"potionbrewer:QuicksilverPotion"},{"floor":28.0,"key":"Regen Potion"},{"floor":31.0,"key":"Languid Potion"},{"floor":32.0,"key":"Doom Potion"},{"floor":33.0,"key":"Energy Potion"},{"floor":36.0,"key":"Cursed Concoction"},{"floor":37.0,"key":"FearPotion"},{"floor":39.0,"key":"Regen Potion"},{"floor":42.0,"key":"SteroidPotion"},{"floor":43.0,"key":"Adrenaline Potion"},{"floor":45.0,"key":"Swift Potion"},{"floor":46.0,"key":"Energy Potion"},{"floor":48.0,"key":"Strength Potion"},{"floor":49.0,"key":"Fruit Juice"},{"floor":50.0,"key":"DuplicationPotion"},{"floor":50.0,"key":"Adrenaline Potion"},{"floor":52,"key":"SteroidPotion"}],"is_trial":false,"path_per_floor":["R_BF","M","$","R","M","?","T","?","E","R","$","M","$","M","M","B",null,"R","$","M","M","R","M","T","?","?","E","M","?","?","M","M","B",null,"R","E","M","?","M","?","T","E","M","R","M","M","$","M","M","B",null,"E","$","R","B",null],"character_chosen":"THE_SPIRIT","items_purchased":["hexamod:Hexaguard","hexamod:FirstSeal","Guardian:PocketSentry","theForsaken:Lifeblossom","hexamod:HauntingEcho","hexamod:Hexaguard","GodSword3","hexamod:Hexaguard+1","vexMod:PaidLearning","Counterbalance","Regen Potion"],"campfire_rested":1,"item_purchase_floors":[3,13,19,19,19,19,47,47,53,53,53],"current_hp_per_floor":[63,63,63,63,50,55,55,55,44,44,44,44,35,42,35,14,60,60,53,61,70,70,39,39,39,39,46,41,41,41,66,73,53,70,70,75,64,64,39,39,39,12,25,74,80,80,80,80,72,68,81,65,65,65,95],"gold":25,"neow_bonus":"DSIX","is_daily":false,"chose_seed":false,"campfire_upgraded":5,"win_rate":0.0,"timestamp":1607943358,"path_taken":["R_BF","M","$","R","?","?","T","?","E","R","?","M","$","?","M","BOSS","R","$","M","M","R","M","T","?","?","E","?","?","?","M","M","BOSS","R","E","M","?","M","?","T","E","M","R","M","M","$","M","M","BOSS","E","$","R","BOSS"],"items_purchased_type":["Card","Card","Relic","Relic","Card","Card","Relic","Card","Relic","Relic","Potion"],"build_version":"2020-12-13","purchased_purges":3,"victory":true,"max_hp_per_floor":[70,70,70,70,70,75,75,75,75,75,75,75,75,75,75,75,75,75,75,75,75,75,75,75,75,75,75,75,75,75,75,75,75,75,75,75,75,75,75,70,70,70,70,80,80,80,80,80,85,85,85,95,95,95,95],"card_choices":[{"not_picked":["hexamod:SecondSeal","hexamod:GhostShield","hexamod:SwordOfDarkness"],"picked":"SKIP","floor":2.0},{"not_picked":["hexamod:InspiringFlames","hexamod:GhostLash"],"picked":"hexamod:SpectersWail","floor":3.0},{"not_picked":["hexamod:Hexaguard","hexamod:SpectersWail"],"picked":"hexamod:Incineration","floor":5.0},{"not_picked":["hexamod:NightmareGuise","hexamod:HauntingEcho"],"picked":"hexamod:GiftsFromTheDead","floor":9.0},{"not_picked":["hexamod:ThermalTransfer","hexamod:ShieldOfDarkness"],"picked":"hexamod:RecurringNightmare","floor":11.0},{"not_picked":["hexamod:RainOfEmbers","hexamod:BurningTouch"],"picked":"hexamod:ThirdSeal","floor":12.0},{"not_picked":["hexamod:GhostOfSpirePresent","hexamod:PowerFromBeyond"],"picked":"hexamod:StepThrough","floor":13.0},{"not_picked":["hexamod:ThirdSeal","hexamod:SpectersWail"],"picked":"hexamod:CrushingStance","floor":13.0},{"not_picked":["hexamod:StepThrough","hexamod:NightmareStrike"],"picked":"hexamod:Hexaguard","floor":14.0},{"not_picked":["hexamod:ThirdSeal","hexamod:ShieldOfDarkness"],"picked":"hexamod:ExtraCrispy","floor":14.0},{"not_picked":["hexamod:EmpoweredFlame","hexamod:FirstSeal","hexamod:BurningTouch"],"picked":"SKIP","floor":15.0},{"not_picked":["hexamod:ShieldOfDarkness","hexamod:RetreatToShadows","hexamod:GhostOfSpirePast"],"picked":"SKIP","floor":15.0},{"not_picked":["hexamod:CrushingStance","hexamod:SearingWound"],"picked":"hexamod:GiftsFromTheDead","floor":16.0},{"not_picked":["hexamod:NightmareStrike","hexamod:Firestarter","hexamod:AdvancingGuard+1"],"picked":"SKIP","floor":19.0},{"not_picked":["hexamod:SoulSteal","hexamod:InspiringFlames","hexamod:AdvancingGuard"],"picked":"SKIP","floor":19.0},{"not_picked":["hexamod:BacktrackSmack","hexamod:Rewind"],"picked":"hexamod:EtherealExpedition","floor":20.0},{"not_picked":["hexamod:GhostShield","hexamod:RadiantFlame","hexamod:SpectralAdrenaline"],"picked":"SKIP","floor":20.0},{"not_picked":["hexamod:NightmareStrike","hexamod:GhostOfSpirePresent"],"picked":"hexamod:WildfireWeapon","floor":21.0},{"not_picked":["hexamod:InspiringFlames+1","hexamod:HauntingEcho","hexamod:EmpoweredFlame"],"picked":"SKIP","floor":21.0},{"not_picked":["hexamod:Firestarter+1","hexamod:RetreatToShadows+1","hexamod:InspiringFlames"],"picked":"SKIP","floor":23.0},{"not_picked":["hexamod:BacktrackSmack","hexamod:GhostflameBarrier","hexamod:GhostShield"],"picked":"SKIP","floor":23.0},{"not_picked":["hexamod:BacktrackSmack","hexamod:BurningTouch"],"picked":"hexamod:FastForward","floor":27.0},{"not_picked":["hexamod:BurningTouch","hexamod:PowerFromBeyond","hexamod:Rewind"],"picked":"SKIP","floor":27.0},{"not_picked":["hexamod:GhostShield","hexamod:GhostOfSpirePast"],"picked":"hexamod:Hexaguard","floor":28.0},{"not_picked":["hexamod:SpectralAdrenaline","hexamod:InspiringFlames+1","hexamod:BurningTouch"],"picked":"SKIP","floor":28.0},{"not_picked":["hexamod:TurnItUp","hexamod:Firestarter"],"picked":"hexamod:NecessarySacrifice+1","floor":31.0},{"not_picked":["hexamod:Hexaguard+1","hexamod:BurningTouch"],"picked":"hexamod:FastForward","floor":31.0},{"not_picked":["hexamod:RainOfEmbers","hexamod:GhostLash","hexamod:BurningTouch"],"picked":"SKIP","floor":32.0},{"not_picked":["hexamod:SearingWound","hexamod:CrushingStance"],"picked":"hexamod:UnleashSpirits","floor":33.0},{"not_picked":["hexamod:ShieldOfDarkness","hexamod:Rewind+1"],"picked":"hexamod:Hexaguard","floor":36.0},{"not_picked":["hexamod:BacktrackSmack","hexamod:BurningTouch","hexamod:NightmareGuise+1"],"picked":"SKIP","floor":36.0},{"not_picked":["hexamod:GhostOfSpireFuture","hexamod:BurningTouch"],"picked":"hexamod:FastForward+1","floor":37.0},{"not_picked":["hexamod:BurningTouch+1","hexamod:AdvancingGuard","hexamod:HauntingEcho"],"picked":"SKIP","floor":37.0},{"not_picked":["hexamod:AdvancingGuard","hexamod:ApocalypseNow","hexamod:Rewind"],"picked":"SKIP","floor":39.0},{"not_picked":["hexamod:GhostLash","hexamod:ThermalTransfer","hexamod:BurningTouch"],"picked":"SKIP","floor":39.0},{"not_picked":["hexamod:BacktrackSmack","hexamod:CatchUp"],"picked":"hexamod:StepThrough","floor":42.0},{"not_picked":["hexamod:ChargedBarrage","hexamod:CatchUp","hexamod:ShieldOfDarkness+1"],"picked":"SKIP","floor":42.0},{"not_picked":["hexamod:ThermalTransfer+1","hexamod:RadiantFlame+1","hexamod:GhostLash"],"picked":"SKIP","floor":43.0},{"not_picked":["hexamod:HauntingEcho","hexamod:BacktrackSmack+1","hexamod:RainOfEmbers"],"picked":"SKIP","floor":43.0},{"not_picked":["hexamod:Hexaguard","hexamod:ChargedBarrage+1","hexamod:DynamicBlow+1"],"picked":"SKIP","floor":45.0},{"not_picked":["hexamod:SwordOfDarkness+1","hexamod:UnlimitedPower","hexamod:FastForward"],"picked":"SKIP","floor":45.0},{"not_picked":["hexamod:HauntingEcho","hexamod:CatchUp"],"picked":"hexamod:InspiringFlames","floor":46.0},{"not_picked":["hexamod:GhostLash","hexamod:SwordOfDarkness","hexamod:HauntingEcho+1"],"picked":"SKIP","floor":46.0},{"not_picked":["hexamod:ThermalTransfer","hexamod:GhostflameBarrier"],"picked":"hexamod:EtherealExpedition","floor":47.0},{"not_picked":["hexamod:ThirdSeal","hexamod:BacktrackSmack+1"],"picked":"hexamod:NightmareGuise","floor":47.0},{"not_picked":["hexamod:DynamicBlow","hexamod:ThermalTransfer+1","hexamod:InspiringFlames"],"picked":"SKIP","floor":48.0},{"not_picked":["hexamod:FastForward","hexamod:Firestarter","hexamod:NecessarySacrifice"],"picked":"SKIP","floor":48.0},{"not_picked":["hexamod:BurningTouch","hexamod:NightmareGuise"],"picked":"hexamod:EmpoweringStance","floor":49.0},{"not_picked":["hexamod:UnlimitedPower","hexamod:ParanormalForm"],"picked":"hexamod:GiftsFromTheDead","floor":50.0},{"not_picked":["hexamod:Firestarter","hexamod:BacktrackSmack+1","hexamod:FirstSeal"],"picked":"SKIP","floor":52},{"not_picked":["hexamod:GhostShield","hexamod:BacktrackSmack+1","hexamod:ShieldOfDarkness+1"],"picked":"SKIP","floor":52}],"player_experience":2242109,"relics_obtained":[{"floor":9.0,"key":"Regal Pillow"},{"floor":24.0,"key":"Blue Doll"},{"floor":27.0,"key":"Vajra"},{"floor":36.0,"key":"ZombieArmy"},{"floor":42.0,"key":"Bird Faced Urn"},{"floor":43.0,"key":"wanderingMiniBosses:AbyssPearl"},{"floor":52,"key":"hexamod:CandleOfCauterizing"},{"floor":52,"key":"Pear"}],"event_choices":[],"is_beta":false,"boss_relics":[{"not_picked":["vexMod:DeviousBotling","Replay:Ancient Bell"],"picked":"vexMod:RockOfEvil"},{"not_picked":["Fusion Hammer","Snecko Heart"],"picked":"Philosopher\u0027s Stone"}],"items_purged_floors":[19,47,47],"is_endless":false,"potions_floor_spawned":[2,5,14,15,20,28,32,37,39,48,49,50],"ascension_level":13}}