{"host":"en3i0mvpfa3c1sbz","time":1607939700,"event":{"mods":["BaseMod","BetterRewards","Dota2Spire","Downfall","GifTheSpireLib","Hubris","Infinite Spire","Marisa£®ÏF”Í°°ƒß¿Ì…≥£©","Minty Spire (QoL Compilation)","Replay The Spire","Shop Mod","StSLib","Stuff the Spire","The Administrix","The Factory","The Jungle"],"gold_per_floor":[99,118,137,237,254,254,254],"floor_reached":6,"playtime":1454,"items_purged":[],"score":36,"play_id":"b36499e7-d3cc-49ba-b739-4a5037ee1f88","local_time":"20201214175500","is_ascension_mode":false,"campfire_choices":[{"floor":1.0,"key":"RECALL"}],"circlet_count":0,"master_deck":["champ:Strike","champ:Strike","champ:Strike","champ:Strike","champ:Defend","champ:Defend","champ:Defend","champ:Defend","champ:Execute","champ:Taunt","champ:SkillfulDodge","champ:RecklessLeap","champ:DefensiveShout","champ:DefensiveStyle"],"relics":["champ:ChampionCrown","WristBlade"],"acts_visited":["Exordium"],"potions_floor_usage":[6],"damage_taken":[{"damage":5,"enemies":"2 Louse","floor":2,"turns":2},{"damage":17,"enemies":"Small Slimes","floor":3,"turns":5},{"damage":73,"enemies":"Small Slimes","floor":4,"turns":7},{"damage":26,"enemies":"Jaw Worm","floor":5,"turns":2},{"damage":41,"enemies":"Lagavulin","floor":6,"turns":5}],"seed_played":"-8048139767604800883","potions_obtained":[{"floor":5,"key":"LiquidMemories"}],"is_trial":false,"path_per_floor":["R","M","M","?","M","E"],"character_chosen":"THE_CHAMP","items_purchased":[],"campfire_rested":0,"item_purchase_floors":[],"current_hp_per_floor":[99,99,92,44,36,0,0],"gold":254,"neow_bonus":"TEN_PERCENT_HP_BONUS","is_daily":false,"chose_seed":false,"campfire_upgraded":0,"win_rate":0.0,"timestamp":1607939700,"path_taken":["R","M","M","?","M","E"],"items_purchased_type":[],"build_version":"2020-12-13","purchased_purges":0,"victory":false,"max_hp_per_floor":[99,99,99,99,99,99,99],"card_choices":[{"not_picked":["champ:Backstep","champ:BringItOn"],"picked":"champ:SkillfulDodge","floor":2},{"not_picked":["champ:FightOn","champ:ShieldWall"],"picked":"champ:RecklessLeap","floor":3},{"not_picked":["champ:Backstep","champ:PerfectedStrike"],"picked":"champ:DefensiveShout","floor":4},{"not_picked":["champ:BladeFlurry","champ:Circumvent"],"picked":"champ:DefensiveStyle","floor":5}],"player_experience":277996,"relics_obtained":[{"floor":4,"key":"WristBlade"}],"event_choices":[],"is_beta":false,"boss_relics":[],"items_purged_floors":[],"is_endless":false,"potions_floor_spawned":[5],"killed_by":"Lagavulin","ascension_level":0}}