{"host":"d8hh7rr4yzitjeuj","time":1607912753,"event":{"mods":["2.2 Compatiblity","AchievementEnabler","BaseMod","CapriCore","Colored Map","Colored Powertips","Highlight Path","Keyboard Shortcuts","Minty Spire (QoL Compilation)","Permanent Neow","Quick Restart","StSLib","SuperFastMode"],"gold_per_floor":[119,119,119,129,143,143,178,178,178,188,202,217,234,254,254,328,378,393,393,412,427,427,427],"floor_reached":22,"playtime":632,"items_purged":[],"score":384,"play_id":"f4cfa6e9-0564-403e-b5d6-82e64ccda080","local_time":"20201214112553","is_ascension_mode":true,"campfire_choices":[{"data":"Hello World","floor":6.0,"key":"SMITH"},{"data":"Beam Cell","floor":8.0,"key":"SMITH"},{"data":"Hologram","floor":15,"key":"SMITH"}],"circlet_count":0,"master_deck":["AscendersBane","Strike_B+1","Strike_B","Strike_B","Strike_B","Defend_B","Defend_B","Defend_B","Defend_B","Zap","Dualcast","Beam Cell+1","Tempest","Hello World+1","Ball Lightning","Undo","Turbo","Rip and Tear","Hologram+1","Coolheaded","Seek","Rebound","Stack","Go for the Eyes","Melter"],"relics":["Coffee Dripper","NlothsMask","Meat on the Bone","Nloth\u0027s Gift"],"acts_visited":["Exordium","TheCity"],"potions_floor_usage":[12,22],"damage_taken":[{"damage":2.0,"enemies":"Cultist","floor":1.0,"turns":4.0},{"damage":4.0,"enemies":"Small Slimes","floor":4.0,"turns":3.0},{"damage":2.0,"enemies":"Jaw Worm","floor":5.0,"turns":3.0},{"damage":30.0,"enemies":"3 Sentries","floor":7.0,"turns":5.0},{"damage":7.0,"enemies":"2 Fungi Beasts","floor":10.0,"turns":3.0},{"damage":0.0,"enemies":"Blue Slaver","floor":11.0,"turns":4.0},{"damage":2,"enemies":"Red Slaver","floor":12,"turns":2},{"damage":12,"enemies":"Looter","floor":13,"turns":3},{"damage":7,"enemies":"3 Louse","floor":14,"turns":3},{"damage":33,"enemies":"Slime Boss","floor":16,"turns":10},{"damage":27,"enemies":"Shell Parasite","floor":18,"turns":4},{"damage":27,"enemies":"Chosen","floor":20,"turns":6},{"damage":7,"enemies":"3 Cultists","floor":21,"turns":6},{"damage":48,"enemies":"Chosen and Byrds","floor":22,"turns":6}],"seed_played":"3680873137925101649","potions_obtained":[{"floor":7.0,"key":"Block Potion"},{"floor":10.0,"key":"LiquidBronze"},{"floor":14,"key":"FocusPotion"},{"floor":18,"key":"AttackPotion"}],"is_trial":false,"path_per_floor":["M","?","?","M","M","R","E","R","T","M","M","M","M","M","R","B",null,"M","?","M","M","M"],"character_chosen":"DEFECT","items_purchased":[],"campfire_rested":0,"item_purchase_floors":[],"current_hp_per_floor":[62,62,62,58,56,56,26,26,26,31,43,41,41,46,46,25,65,50,50,35,40,0,0],"gold":427,"neow_bonus":"BOSS_RELIC","is_daily":false,"chose_seed":false,"campfire_upgraded":3,"win_rate":0.0,"timestamp":1607912753,"path_taken":["M","?","?","M","M","R","E","R","T","?","M","M","M","M","R","BOSS","M","?","M","M","M"],"items_purchased_type":[],"build_version":"2020-12-13","purchased_purges":0,"victory":false,"max_hp_per_floor":[71,71,71,71,71,71,71,71,71,71,71,71,71,71,71,71,76,76,76,76,76,76,76],"card_choices":[{"not_picked":["Turbo","Stack"],"picked":"Beam Cell","floor":1.0},{"not_picked":["Beam Cell","Barrage"],"picked":"Tempest","floor":4.0},{"not_picked":["Beam Cell","Hologram"],"picked":"Hello World","floor":5.0},{"not_picked":["Barrage","Tempest"],"picked":"Ball Lightning","floor":7.0},{"not_picked":["Compile Driver","Gash"],"picked":"Undo","floor":10.0},{"not_picked":["Barrage","Conserve Battery"],"picked":"Turbo","floor":11.0},{"not_picked":["Rebound","Recycle"],"picked":"Rip and Tear","floor":12},{"not_picked":["Heatsinks","Force Field"],"picked":"Hologram","floor":13},{"not_picked":["Scrape","Fusion"],"picked":"Coolheaded","floor":14},{"not_picked":["Biased Cognition","Thunder Strike"],"picked":"Seek","floor":16},{"not_picked":["Redo","Leap"],"picked":"Rebound","floor":17},{"not_picked":["Capacitor","Force Field"],"picked":"Stack","floor":18},{"not_picked":["Sweeping Beam","Fission"],"picked":"Go for the Eyes","floor":20},{"not_picked":["Compile Driver","Sunder+1"],"picked":"Melter","floor":21}],"player_experience":1334850,"relics_obtained":[{"floor":7.0,"key":"Meat on the Bone"}],"event_choices":[{"damage_healed":0.0,"max_hp_gain":0.0,"max_hp_loss":0.0,"gold_gain":0.0,"event_name":"Shining Light","player_choice":"Ignored","floor":2.0,"gold_loss":0.0,"damage_taken":0.0},{"damage_healed":0.0,"max_hp_gain":0.0,"max_hp_loss":0.0,"gold_gain":0.0,"event_name":"FaceTrader","player_choice":"Trade","floor":3.0,"gold_loss":0.0,"damage_taken":0.0,"relics_obtained":["NlothsMask"]},{"damage_healed":0,"gold_gain":0,"player_choice":"Traded Relic","damage_taken":0,"relics_obtained":["Nloth\u0027s Gift"],"max_hp_gain":0,"max_hp_loss":0,"event_name":"N\u0027loth","floor":19,"relics_lost":["Tiny House"],"gold_loss":0}],"is_beta":false,"boss_relics":[{"not_picked":["Inserter","Snecko Eye"],"picked":"Tiny House"}],"items_purged_floors":[],"is_endless":false,"potions_floor_spawned":[7,10,11,14,18],"killed_by":"Chosen and Byrds","ascension_level":20}}