{"host":"rylkjufw9dlhr07b","time":1607954161,"event":{"mods":["AchievementEnabler","BaseMod","Better Note","BetterRewards","Hubris","Minty Spire (QoL Compilation)","Quick Restart","Replay The Spire","StSLib"],"gold_per_floor":[111,111,161,179,95,95,95,168,250,250,250,250,290,290,351,402,402,633,633,681,759,810,810,1085,1096,55,55,79,168,118,188,238,238,238,426,426,482,482,297,342,416,416,416,416,416,501,501,580,90,114,114,254],"floor_reached":53,"playtime":4897,"items_purged":["ReplayTheSpireMod:Restless Dread","hubris:Disease","Regret","Replay:Hysterical Blindness","hubris:Lust","hubris:Wrath","Sickly","Spreading Infection"],"score":1491,"play_id":"aa0ed605-92ec-4a87-8470-f5cdd857de18","local_time":"20201214145601","is_ascension_mode":true,"campfire_choices":[{"floor":6.0,"key":"REST"},{"floor":17,"key":"REST"},{"data":"Apotheosis","floor":27,"key":"SMITH"},{"data":"ReplayTheSpireMod:Faulty Equipment","floor":34,"key":"SMITH"},{"data":"ReplayTheSpireMod:Faulty Equipment","floor":42,"key":"SMITH"},{"data":"Defend_R","floor":47,"key":"SMITH"},{"data":"Decay","floor":51,"key":"PURGE"}],"circlet_count":0,"master_deck":["AscendersBane","Strike_R","Strike_R","Strike_R+1","Strike_R+1","Strike_R","Defend_R+1","Defend_R","Defend_R","Defend_R","Bash","Apotheosis+1","Inflame+1","Power Through+1","Wild Strike+1","Dropkick","Twin Strike","Iron Wave","Ghostly Armor","Crow Ritual+1","Carnage","Thunderclap","Uppercut","hubris:StunningStrike+1","Cleave","Uppercut","Iron Wave+1","Flex","Clothesline","Intimidate","Impervious+1","Infernal Blade","Inflame+1","Inflame+1","Shrug It Off","Twin Strike","ReplayTheSpireMod:Muscle Training","Metallicize+1","Voices"],"relics":["Burning Blood","Membership Card","Pondfish Scales","Anchor","Bottled Lightning","Happy Flower","Ring of Hypnosis","Ring of Greed","The Courier","Tiny Chest","Replay:Bandana","Golden Idol","Golden Egg","Pantograph","ReplayTheSpireMod:Ninjato","Ooze Armor","Pen Nib","Ancient Tea Set","Red Skull","Replay:WaspNest","PreservedInsect","Akabeko","Mercury Hourglass","Bag of Marbles","Torii","Orichalcum","CaptainsWheel","hubris:PeanutButter","Pear","Juzu Bracelet","Oddly Smooth Stone","Eternal Feather","Onion Ring","Empty Cage","hubris:ChampionShield","Simple Rune","Toy Ornithopter","Guide Book","Quantum Egg","Strawberry","Pet Ghost","Durian","Bag of Preparation"],"acts_visited":["Exordium","TheCity","TheBeyond"],"potions_floor_usage":[16,18,22,25,35],"damage_taken":[{"damage":0.0,"enemies":"2 Louse","floor":1.0,"turns":4.0},{"damage":0.0,"enemies":"Small Slimes","floor":4.0,"turns":3.0},{"damage":14.0,"enemies":"Gremlin Nob","floor":8.0,"turns":4.0},{"damage":0.0,"enemies":"Jaw Worm","floor":13.0,"turns":3.0},{"damage":4,"enemies":"Exordium Wildlife","floor":15,"turns":4},{"damage":1,"enemies":"Large Slime","floor":16,"turns":3},{"damage":26,"enemies":"Fading Forest","floor":18,"turns":11},{"damage":2,"enemies":"Spheric Guardian","floor":20,"turns":4},{"damage":0,"enemies":"Chosen","floor":21,"turns":5},{"damage":1,"enemies":"Snake Plant","floor":22,"turns":3},{"damage":15,"enemies":"Replay:Snechameleon","floor":25,"turns":6},{"damage":0,"enemies":"Book of Stabbing","floor":29,"turns":4},{"damage":0,"enemies":"Replay:Snechameleon","floor":31,"turns":3},{"damage":0,"enemies":"Snecko","floor":32,"turns":3},{"damage":66,"enemies":"Champ","floor":35,"turns":9},{"damage":0,"enemies":"3 Shapes","floor":37,"turns":3},{"damage":0,"enemies":"Orb Walker","floor":40,"turns":2},{"damage":14,"enemies":"Transient","floor":41,"turns":5},{"damage":0,"enemies":"R_Hoarder","floor":46,"turns":4},{"damage":0,"enemies":"Maw","floor":48,"turns":5},{"damage":2,"enemies":"Replay:Hell Engine","floor":52,"turns":8}],"seed_played":"8011396746257258901","potions_obtained":[{"floor":4.0,"key":"SkillPotion"},{"floor":8.0,"key":"Strength Potion"},{"floor":13.0,"key":"SkillPotion"},{"floor":20,"key":"Languid Potion"},{"floor":21,"key":"ColorlessPotion"},{"floor":31,"key":"Regen Potion"},{"floor":32,"key":"Energy Potion"},{"floor":41,"key":"ElixirPotion"}],"is_trial":false,"path_per_floor":["M","?","?","M","$","R","?","E","T","?","PTL","PTL","M","T","M","M","R","B",null,"M","M","M","?","?","E","$","R","T","E","$","E","M","T","R","B",null,"M","?","$","M","M","R","$","?","T","E","R","M","$","T","R","B",null],"character_chosen":"IRONCLAD","items_purchased":["Membership Card","Apotheosis","Inflame","Anchor","Bottled Lightning","Power Through","Wild Strike","Happy Flower","Iron Wave","Replay:Bandana","Ancient Tea Set","Red Skull","Replay:WaspNest","PreservedInsect","Akabeko","Mercury Hourglass","Bag of Marbles","Torii","Orichalcum","CaptainsWheel","hubris:PeanutButter","Pear","hubris:ChampionShield","Inflame","Inflame","Guide Book","Quantum Egg","Strawberry","Pet Ghost","Durian","Metallicize"],"campfire_rested":2,"item_purchase_floors":[0,0,0,0,0,0,0,0,5,5,26,26,26,26,26,26,26,26,26,26,26,26,39,39,39,49,49,49,49,49,49],"current_hp_per_floor":[31,31,31,37,37,59,33,25,25,25,25,25,31,31,33,38,60,55,70,74,75,75,75,75,66,76,76,76,82,82,85,85,85,85,30,71,77,77,77,83,75,85,53,56,56,62,83,88,100,100,100,100],"gold":254,"neow_bonus":"","is_daily":false,"chose_seed":false,"campfire_upgraded":4,"win_rate":0.0,"timestamp":1607954161,"path_taken":["M","?","?","M","?","R","?","E","T","?","PTL","PTL","M","?","?","M","R","BOSS","M","M","M","?","?","E","$","R","T","E","$","E","M","?","R","BOSS","M","?","$","M","M","R","?","?","T","E","R","M","$","?","R","BOSS"],"items_purchased_type":["Relic","Card","Card","Relic","Relic","Card","Card","Relic","Card","Relic","Relic","Relic","Relic","Relic","Relic","Relic","Relic","Relic","Relic","Relic","Relic","Relic","Relic","Card","Card","Relic","Relic","Relic","Relic","Relic","Card"],"build_version":"2020-12-13","purchased_purges":8,"victory":true,"max_hp_per_floor":[75,75,75,75,75,75,75,75,75,75,75,75,75,75,75,75,75,75,75,75,75,75,75,75,75,85,85,85,85,85,85,85,85,85,85,85,85,85,85,85,85,85,85,88,88,88,88,88,100,100,100,100],"card_choices":[{"not_picked":["Bloodletting","Anger"],"picked":"Dropkick","floor":1.0},{"not_picked":["Headbutt","Burning Pact"],"picked":"Twin Strike","floor":4.0},{"not_picked":["Run Through","Havoc"],"picked":"Ghostly Armor","floor":8.0},{"not_picked":["Spot Weakness","hubris:ReadiedAction"],"picked":"Carnage","floor":13.0},{"not_picked":["Perfected Strike","Eclipse"],"picked":"Thunderclap","floor":15},{"not_picked":["ReplayReversal","Headbutt"],"picked":"Uppercut","floor":16},{"not_picked":["Offering","Bludgeon"],"picked":"hubris:StunningStrike","floor":18},{"not_picked":["hubris:SharpeningStone","Body Slam"],"picked":"Cleave","floor":20},{"not_picked":["Headbutt","Havoc","Perfected Strike"],"picked":"SKIP","floor":21},{"not_picked":["Perfected Strike","ReplayTheSpireMod:Strike From Hell"],"picked":"Uppercut","floor":22},{"not_picked":["Rupture","ReplayTheSpireMod:LeadingStrike"],"picked":"Iron Wave+1","floor":25},{"not_picked":["Armaments","Twin Strike"],"picked":"Flex","floor":29},{"not_picked":["Clash","hubris:ReadiedAction"],"picked":"Clothesline","floor":31},{"not_picked":["Perfected Strike","Combust"],"picked":"Intimidate","floor":32},{"not_picked":["Bludgeon","Corruption"],"picked":"Impervious","floor":35},{"not_picked":["Clothesline","Anger"],"picked":"Infernal Blade","floor":37},{"not_picked":["Cleave","Reckless Charge"],"picked":"Shrug It Off","floor":40},{"not_picked":["Massacre","Wild Strike"],"picked":"Twin Strike","floor":41},{"not_picked":["Clash+1","Warcry","Entrench"],"picked":"SKIP","floor":46},{"not_picked":["Clash","Dark Embrace+1"],"picked":"ReplayTheSpireMod:Muscle Training","floor":48}],"player_experience":481789,"relics_obtained":[{"floor":3.0,"key":"Ring of Hypnosis"},{"floor":3.0,"key":"Ring of Greed"},{"floor":3.0,"key":"The Courier"},{"floor":3.0,"key":"Tiny Chest"},{"floor":8.0,"key":"Golden Egg"},{"floor":9.0,"key":"Pantograph"},{"floor":14.0,"key":"ReplayTheSpireMod:Ninjato"},{"floor":25,"key":"Pen Nib"},{"floor":28,"key":"Juzu Bracelet"},{"floor":29,"key":"Oddly Smooth Stone"},{"floor":31,"key":"Eternal Feather"},{"floor":33,"key":"Onion Ring"},{"floor":45,"key":"Simple Rune"},{"floor":46,"key":"Toy Ornithopter"},{"floor":50,"key":"Bag of Preparation"}],"event_choices":[{"damage_healed":0.0,"max_hp_gain":0.0,"max_hp_loss":0.0,"gold_gain":0.0,"event_name":"Golden Idol","player_choice":"Take Damage","floor":7.0,"gold_loss":0.0,"damage_taken":26.0,"relics_obtained":["Golden Idol"]},{"cards_removed":["Iron Wave"],"damage_healed":0.0,"max_hp_gain":0.0,"max_hp_loss":0.0,"gold_gain":0.0,"event_name":"betterNote:BetterNote","player_choice":"Take \u0026 Give","floor":10.0,"gold_loss":0.0,"damage_taken":0.0,"cards_obtained":["Crow Ritual"]},{"damage_healed":0,"gold_gain":275,"player_choice":"Desecrate","damage_taken":0,"max_hp_gain":0,"max_hp_loss":0,"event_name":"Golden Shrine","floor":24,"gold_loss":0,"cards_obtained":["Regret"]},{"cards_removed":["Pain"],"damage_healed":0,"gold_gain":0,"player_choice":"Purged","damage_taken":0,"max_hp_gain":0,"max_hp_loss":0,"event_name":"Purifier","floor":38,"gold_loss":0}],"is_beta":false,"boss_relics":[{"not_picked":["SlaversCollar","hubris:TerracottaHorce"],"picked":"Ooze Armor"},{"not_picked":["Honey Jar","Cursed Key"],"picked":"Empty Cage"}],"items_purged_floors":[26,30,39,43,43,43,43,49],"is_endless":false,"potions_floor_spawned":[4,8,13,20,21,31,32,41],"ascension_level":15}}