{"host":"6gnjg44wf0nz538o","time":1607936735,"event":{"mods":["AchievementEnabler","BaseMod","BetterRewards","Colored Map","Minty Spire (QoL Compilation)","Replay The Spire","Spicy Shops","StSLib"],"gold_per_floor":[114,114,125,125,135,146,174,185,185,185,214,214,244,260,260,361,361,378,378,378,234,252,280,298,314,314,314,333,333,361,378,378,473,473,486,496,496,9,28,28,32,0,0,17,44,44,44,72,72,86,86,86,86,86,45,74,74],"floor_reached":58,"playtime":2171,"items_purged":[],"score":2131,"play_id":"db1869c9-f71d-462e-bebe-d42351c5406c","local_time":"20201214040535","is_ascension_mode":true,"campfire_choices":[{"data":"Perfected Strike","floor":10.0,"key":"SMITH"},{"floor":12.0,"key":"REST"},{"data":"Perfected Strike","floor":15.0,"key":"SMITH"},{"floor":27.0,"key":"REST"},{"floor":29.0,"key":"REST"},{"floor":40.0,"key":"REST"},{"data":"Limit Break","floor":49.0,"key":"SMITH"},{"floor":51.0,"key":"RECALL"},{"data":"Perfected Strike","floor":54,"key":"SMITH"}],"circlet_count":0,"master_deck":["AscendersBane","Strike_R","Strike_R","Strike_R","Strike_R","Defend_R","Defend_R","Defend_R","Bash","Thunderclap","Twin Strike+1","Wild Strike","Twin Strike","Perfected Strike+1","Perfected Strike+1","Pommel Strike","Perfected Strike+1","Limit Break+1","Sword Boomerang","Blood for Blood","Searing Blow","Wild Strike","Cleave","Shrug It Off","Clash","Ghostly Armor","Berserk+1","Double Tap+1","Twin Strike","Dual Wield+1","ReplayTheSpireMod:IOU","ReplayTheSpireMod:IOU","Cleave+1","Twin Strike+1","Wild Strike+1","Inflame+1","Pommel Strike","ReplayTheSpireMod:IOU","ReplayTheSpireMod:IOU","ReplayTheSpireMod:IOU","Dramatic Entrance+1","Heavy Blade+1","Clothesline+1","ReplayTheSpireMod:IOU","Perfected Strike"],"relics":["Burning Blood","Bag of Marbles","King of Hearts","Du-Vu Doll","Snack Pack","TungstenRod","Honey Jar","Enchiridion","Replay:Baseball","Potion Belt","Question Card","Gremlin Horn","SacredBark","Lantern","Guide Book","Replay:Wax Seal","Golden Egg","Red Mask","Replay:Ringing Soul","Replay:Kaleidoscope","ReplayFunnel","Oddly Smooth Stone","Blood Vial"],"acts_visited":["Exordium","TheCity","TheBeyond","TheEnding"],"potions_floor_usage":[52,52,52,52,52,57,57,57,57],"damage_taken":[{"damage":7.0,"enemies":"Small Slimes","floor":1.0,"turns":4.0},{"damage":0.0,"enemies":"Cultist","floor":3.0,"turns":2.0},{"damage":12.0,"enemies":"Jaw Worm","floor":5.0,"turns":2.0},{"damage":10.0,"enemies":"Lots of Slimes","floor":6.0,"turns":3.0},{"damage":32.0,"enemies":"Gremlin Nob","floor":7.0,"turns":4.0},{"damage":8.0,"enemies":"Blue Slaver","floor":8.0,"turns":2.0},{"damage":25.0,"enemies":"3 Sentries","floor":11.0,"turns":5.0},{"damage":11.0,"enemies":"Replay:BlueRogue","floor":13.0,"turns":3.0},{"damage":0.0,"enemies":"Looter","floor":14.0,"turns":1.0},{"damage":34.0,"enemies":"Slime Boss","floor":16.0,"turns":8.0},{"damage":30.0,"enemies":"2 Thieves","floor":18.0,"turns":3.0},{"damage":12.0,"enemies":"Shell Parasite","floor":22.0,"turns":2.0},{"damage":15.0,"enemies":"Replay:Snechameleon","floor":23.0,"turns":2.0},{"damage":5.0,"enemies":"Chosen and Byrds","floor":24.0,"turns":3.0},{"damage":15.0,"enemies":"Cultist and Chosen","floor":25.0,"turns":3.0},{"damage":0.0,"enemies":"Snake Plant","floor":28.0,"turns":2.0},{"damage":8.0,"enemies":"Slavers","floor":30.0,"turns":4.0},{"damage":1.0,"enemies":"Snecko","floor":31.0,"turns":3.0},{"damage":44.0,"enemies":"Automaton","floor":33.0,"turns":6.0},{"damage":34.0,"enemies":"Orb Walker","floor":35.0,"turns":4.0},{"damage":26.0,"enemies":"3 Shapes","floor":36.0,"turns":2.0},{"damage":19.0,"enemies":"Writhing Mass","floor":39.0,"turns":3.0},{"damage":0.0,"enemies":"Transient","floor":44.0,"turns":5.0},{"damage":0.0,"enemies":"Reptomancer","floor":45.0,"turns":2.0},{"damage":24.0,"enemies":"Giant Head","floor":48.0,"turns":5.0},{"damage":4.0,"enemies":"Maw","floor":50.0,"turns":4.0},{"damage":34,"enemies":"Replay:Hell Engine","floor":52,"turns":3},{"damage":16,"enemies":"Shield and Spear","floor":56,"turns":3},{"damage":74,"enemies":"The Heart","floor":57,"turns":5}],"seed_played":"-8894446160706935267","potions_obtained":[{"floor":3.0,"key":"Elixir"},{"floor":5.0,"key":"GamblersBrew"},{"floor":13.0,"key":"Explosive Potion"},{"floor":14.0,"key":"BloodPotion"},{"floor":18.0,"key":"Explosive Potion"},{"floor":24.0,"key":"Weak Potion"},{"floor":25.0,"key":"EntropicBrew"},{"floor":31.0,"key":"Languid Potion"},{"floor":32.0,"key":"Ancient Potion"},{"floor":32.0,"key":"Venom Potion"},{"floor":33.0,"key":"SteroidPotion"},{"floor":39.0,"key":"ElixirPotion"},{"floor":45.0,"key":"SkillPotion"},{"floor":48.0,"key":"FearPotion"}],"is_trial":false,"path_per_floor":["M","?","M","?","M","M","E","M","T","R","E","R","E","M","R","B",null,"M","?","?","$","M","E","M","M","T","R","M","R","E","M","R_BF","B",null,"M","M","T","$","M","R","$","?","T","M","E","PTL","PTL","E","R","M","R","B",null,"R","$","E","B",null],"character_chosen":"IRONCLAD","items_purchased":["Bag of Marbles","Thunderclap","Replay:Baseball","Guide Book","Replay:Wax Seal","Golden Egg","Dual Wield+1","Cleave+1","Twin Strike","BlessingOfTheForge","PowerPotion","Death Potion","ReplayFunnel","Dramatic Entrance","Heavy Blade","Clothesline","Oddly Smooth Stone","Fire Potion","SkillPotion","DistilledChaos"],"campfire_rested":4,"item_purchase_floors":[0,0,21,38,38,38,38,41,41,41,41,41,55,55,55,55,55,55,55,55],"current_hp_per_floor":[71,71,77,77,71,67,41,39,39,39,20,44,39,45,45,37,69,45,33,33,33,27,20,21,14,14,38,44,68,68,73,73,43,71,47,31,31,31,22,46,46,46,46,58,66,66,66,57,57,64,64,40,75,75,78,75,17],"gold":74,"neow_bonus":"","is_daily":false,"chose_seed":false,"campfire_upgraded":4,"win_rate":0.0,"timestamp":1607936735,"path_taken":["M","?","?","?","M","M","E","?","T","R","E","R","E","M","R","BOSS","M","?","?","$","M","E","?","M","T","R","M","R","E","M","R_BF","BOSS","M","M","?","$","M","R","$","?","T","M","E","PTL","PTL","E","R","M","R","BOSS","R","$","E","BOSS"],"items_purchased_type":["Relic","Card","Relic","Relic","Relic","Relic","Card","Card","Card","Potion","Potion","Potion","Relic","Card","Card","Card","Relic","Potion","Potion","Potion"],"build_version":"2020-12-13","purchased_purges":0,"victory":true,"max_hp_per_floor":[80,80,80,80,80,80,80,80,80,80,80,80,80,80,80,80,80,80,80,80,80,80,80,80,80,80,80,80,80,80,80,80,80,80,80,80,80,80,80,80,80,80,80,80,80,80,80,83,83,86,86,86,86,86,89,92,92],"card_choices":[{"not_picked":["Burning Pact","Defy Death"],"picked":"Twin Strike","floor":1.0},{"not_picked":["Infernal Blade","Replay:Undeath\u0027s Touch"],"picked":"Wild Strike","floor":3.0},{"not_picked":["Shrug It Off","Iron Wave"],"picked":"Twin Strike","floor":5.0},{"not_picked":["Run Through","Thunderclap","Dark Embrace"],"picked":"SKIP","floor":6.0},{"not_picked":["Thunderclap","Dual Wield","Flame Barrier"],"picked":"SKIP","floor":7.0},{"not_picked":["Bloodletting","Sever Soul"],"picked":"Perfected Strike","floor":8.0},{"not_picked":["Impervious","Havoc"],"picked":"Perfected Strike","floor":11.0},{"not_picked":["Inflame","ReplayTheSpireMod:LeadingStrike"],"picked":"Pommel Strike","floor":13.0},{"not_picked":["Shrug It Off","Body Slam"],"picked":"Perfected Strike","floor":14.0},{"not_picked":["Impervious","Bludgeon"],"picked":"Limit Break","floor":16.0},{"not_picked":["Replay:Undeath\u0027s Touch","Battle Trance","Seeing Red+1"],"picked":"Sword Boomerang","floor":18.0},{"not_picked":["Feel No Pain","Body Slam","Second Wind"],"picked":"Blood for Blood","floor":22.0},{"not_picked":["Sever Soul","Corruption","Clothesline"],"picked":"Searing Blow","floor":23.0},{"not_picked":["Abandon","Life Link","True Grit"],"picked":"Wild Strike","floor":24.0},{"not_picked":["Run Through","Replay:Undeath\u0027s Touch","Battle Trance"],"picked":"Cleave","floor":25.0},{"not_picked":["Armaments","Sword Boomerang","Battle Trance","Entrench+1"],"picked":"Shrug It Off","floor":28.0},{"not_picked":["Dual Wield","Clothesline","Bludgeon","Hemogenesis"],"picked":"Clash","floor":30.0},{"not_picked":["Dark Embrace","ReplayTheSpireMod:Stacked","ReplayTheSpireMod:Corrosion Curse","Hemokinesis"],"picked":"Ghostly Armor","floor":31.0},{"not_picked":["Barricade","Hemogenesis","Eclipse","Offering"],"picked":"Berserk","floor":33.0},{"not_picked":["Thunderclap","Body Slam+1","Battle Trance","Run Through"],"picked":"Double Tap","floor":35.0},{"not_picked":["Defy Death","Shockwave","Rage","Evolve"],"picked":"Twin Strike","floor":36.0},{"not_picked":["Abandon","True Grit","Sever Soul","Shrug It Off+1","Iron Wave"],"picked":"SKIP","floor":39.0},{"not_picked":["Bloodletting","Shrug It Off+1","ReplayReversal+1","ReplayTheSpireMod:LeadingStrike"],"picked":"Wild Strike+1","floor":44.0},{"not_picked":["Entrench+1","Fiend Fire","Heavy Blade","Life Link","Anger"],"picked":"SKIP","floor":45.0},{"not_picked":["ReplayTheSpireMod:Strike From Hell+1","Sword Boomerang+1","Heavy Blade","Havoc"],"picked":"Inflame+1","floor":48.0},{"not_picked":["Run Through","Iron Wave","Warcry","Infernal Blade"],"picked":"Pommel Strike","floor":50.0},{"not_picked":["Hemogenesis","Wild Strike","Cleave","Body Slam+1"],"picked":"Perfected Strike","floor":56}],"player_experience":497293,"relics_obtained":[{"floor":7.0,"key":"King of Hearts"},{"floor":9.0,"key":"Du-Vu Doll"},{"floor":11.0,"key":"Snack Pack"},{"floor":13.0,"key":"TungstenRod"},{"floor":19.0,"key":"Enchiridion"},{"floor":23.0,"key":"Potion Belt"},{"floor":26.0,"key":"Question Card"},{"floor":30.0,"key":"Gremlin Horn"},{"floor":37.0,"key":"Lantern"},{"floor":45.0,"key":"Replay:Ringing Soul"},{"floor":48.0,"key":"Replay:Kaleidoscope"},{"floor":56,"key":"Blood Vial"}],"event_choices":[{"damage_healed":0.0,"max_hp_gain":0.0,"max_hp_loss":0.0,"gold_gain":0.0,"event_name":"Upgrade Shrine","player_choice":"Upgraded","floor":2.0,"gold_loss":0.0,"damage_taken":0.0,"cards_upgraded":["Twin Strike"]},{"cards_removed":["Strike_R"],"damage_healed":0.0,"max_hp_gain":0.0,"max_hp_loss":0.0,"gold_gain":0.0,"event_name":"Purifier","player_choice":"Purged","floor":4.0,"gold_loss":0.0,"damage_taken":0.0},{"damage_healed":0.0,"max_hp_gain":0.0,"max_hp_loss":0.0,"gold_gain":0.0,"event_name":"Cursed Tome","player_choice":"Obtained Book","floor":19.0,"gold_loss":0.0,"damage_taken":16.0},{"cards_removed":["Defend_R"],"damage_healed":0.0,"max_hp_gain":0.0,"max_hp_loss":0.0,"gold_gain":0.0,"event_name":"Wheel of Change","player_choice":"Card Removal","floor":20.0,"gold_loss":0.0,"damage_taken":0.0},{"damage_healed":0.0,"max_hp_gain":0.0,"max_hp_loss":0.0,"gold_gain":0.0,"event_name":"Tomb of Lord Red Mask","player_choice":"Paid","floor":42.0,"gold_loss":32.0,"damage_taken":0.0,"relics_obtained":["Red Mask"]}],"is_beta":false,"boss_relics":[{"not_picked":["Painkiller Herb","Ooze Armor"],"picked":"Honey Jar"},{"not_picked":["Runic Pyramid","Empty Cage"],"picked":"SacredBark"}],"items_purged_floors":[],"is_endless":false,"potions_floor_spawned":[3,5,13,14,18,24,25,31,33,39,45,48,50],"ascension_level":12}}