{"host":"0fm1w3v00gid44jl","time":1607986126,"event":{"mods":["AchievementEnabler","BaseMod","Colored Map","Colored Powertips","Displayed Cursed Tome","Downfall","Googly Eyes","Highlight Path","Minty Spire (QoL Compilation)","Permanent Neow","Relic Stats","StSLib","SuperFastMode","slay the spire mod where everything is the same but ironclad has a cowboy hat"],"gold_per_floor":[99,132,152,56,56,56,104,104,134,134,134,161,8,8,33,33,33],"floor_reached":16,"playtime":654,"items_purged":[],"score":111,"play_id":"42bbdc0a-9407-4bfc-bbd3-9430ada07a5e","local_time":"20201214164846","is_ascension_mode":true,"campfire_choices":[{"data":"hexamod:Float","floor":1.0,"key":"SMITH"},{"data":"hexamod:EmpoweredFlame","floor":6.0,"key":"SMITH"},{"data":"hexamod:FlamesFromBeyond","floor":8.0,"key":"SMITH"},{"floor":10.0,"key":"REST"}],"circlet_count":0,"master_deck":["hexamod:Strike","hexamod:Strike","hexamod:Strike","hexamod:Strike","hexamod:Defend","hexamod:Defend","hexamod:Defend","hexamod:Defend","hexamod:Sear","hexamod:Float+1","hexamod:FlamesFromBeyond+1","hexamod:SpectersWail","hexamod:HeatMetal","hexamod:EmpoweredFlame+1","hexamod:ExtraCrispy","hexamod:Hexaguard","hexamod:FirstSeal","hexamod:SecondSeal","hexamod:Haunt","hexamod:FirstSeal","hexamod:RadiantFlame","hexamod:Hexaguard","hexamod:GhostShield","hexamod:GhostShield"],"relics":["hexamod:SpiritBrand","Du-Vu Doll","Ancient Tea Set","Meat on the Bone","Boot","GremlinMask"],"acts_visited":["Exordium"],"potions_floor_usage":[16],"damage_taken":[{"damage":24.0,"enemies":"Gremlin Nob","floor":2.0,"turns":4.0},{"damage":0.0,"enemies":"Jaw Worm","floor":3.0,"turns":3.0},{"damage":0.0,"enemies":"downfall:FleeingMerchant","floor":4.0,"turns":4.0},{"damage":21.0,"enemies":"3 Sentries","floor":9.0,"turns":8.0},{"damage":0.0,"enemies":"2 Louse","floor":12.0,"turns":3.0},{"damage":15,"enemies":"downfall:FleeingMerchant","floor":13,"turns":4},{"damage":0,"enemies":"Cultist","floor":15,"turns":4},{"damage":67,"enemies":"downfall:Ironclad","floor":16,"turns":13}],"seed_played":"4192107954269885751","potions_obtained":[{"floor":12.0,"key":"BlessingOfTheForge"},{"floor":15,"key":"Strength Potion"}],"is_trial":false,"path_per_floor":["R","E","M","$","?","R","T","R","E","R","?","M","$","?","M","B"],"character_chosen":"THE_SPIRIT","items_purchased":["hexamod:ExtraCrispy","hexamod:Hexaguard","hexamod:RadiantFlame","hexamod:Hexaguard","hexamod:GhostShield"],"campfire_rested":1,"item_purchase_floors":[4,4,13,13,13],"current_hp_per_floor":[70,46,46,46,39,39,39,39,25,46,28,47,51,51,65,0,0],"gold":33,"neow_bonus":"THREE_CARDS","is_daily":false,"chose_seed":false,"campfire_upgraded":3,"win_rate":0.0,"timestamp":1607986126,"path_taken":["R","E","M","$","?","R","T","R","E","R","?","M","$","?","M","BOSS"],"items_purchased_type":["Card","Card","Card","Card","Card"],"build_version":"2020-12-13","purchased_purges":0,"victory":false,"max_hp_per_floor":[70,70,70,70,70,70,70,70,70,70,70,70,70,70,70,70,70],"relic_stats":{"counters":[8,43],"Boot":[7],"obtain_stats":[{"Du-Vu Doll":2,"GremlinMask":14,"Ancient Tea Set":7,"Boot":11,"hexamod:SpiritBrand":0,"Meat on the Bone":9},{"Du-Vu Doll":1,"GremlinMask":6,"Ancient Tea Set":3,"Boot":4,"hexamod:SpiritBrand":0,"Meat on the Bone":4},{"Du-Vu Doll":4,"GremlinMask":26,"Ancient Tea Set":11,"Boot":19,"hexamod:SpiritBrand":0,"Meat on the Bone":19}],"Meat on the Bone":24},"card_choices":[{"not_picked":["hexamod:SwordOfDarkness","hexamod:RainOfEmbers"],"picked":"hexamod:FlamesFromBeyond","floor":0.0},{"not_picked":["hexamod:Firestarter","hexamod:SwordOfDarkness"],"picked":"hexamod:SpectersWail","floor":2.0},{"not_picked":["hexamod:SwordOfDarkness","hexamod:GhostShield"],"picked":"hexamod:HeatMetal","floor":3.0},{"not_picked":["hexamod:Rewind","hexamod:GhostLash"],"picked":"hexamod:EmpoweredFlame","floor":4.0},{"not_picked":["hexamod:SwordOfDarkness","hexamod:GhostLash"],"picked":"hexamod:SecondSeal","floor":9.0},{"not_picked":["hexamod:NightmareStrike","hexamod:Firestarter"],"picked":"hexamod:Haunt","floor":12.0},{"not_picked":["hexamod:HauntingEcho","hexamod:HeatCrush"],"picked":"hexamod:FirstSeal","floor":13},{"not_picked":["hexamod:FifthSeal","hexamod:AdvancingGuard"],"picked":"hexamod:GhostShield","floor":15}],"player_experience":1231522,"relics_obtained":[{"floor":2.0,"key":"Du-Vu Doll"},{"floor":7.0,"key":"Ancient Tea Set"},{"floor":9.0,"key":"Meat on the Bone"}],"event_choices":[{"damage_healed":0.0,"max_hp_gain":0.0,"max_hp_loss":0.0,"gold_gain":0.0,"event_name":"Scrap Ooze","player_choice":"Success","floor":11.0,"gold_loss":0.0,"damage_taken":18.0,"relics_obtained":["Boot"]},{"damage_healed":0,"gold_gain":0,"player_choice":"Trade","damage_taken":0,"relics_obtained":["GremlinMask"],"max_hp_gain":0,"max_hp_loss":0,"event_name":"FaceTrader","floor":14,"gold_loss":0}],"is_beta":false,"boss_relics":[],"items_purged_floors":[],"is_endless":false,"potions_floor_spawned":[12,15],"killed_by":"downfall:Ironclad","ascension_level":1}}