{"host":"i9o21tdcc8l3o4rw","time":1607976251,"event":{"mods":["2.2 Compatiblity","Act Like it!","BaseMod","BetterRewards","Colored Map","Colored Powertips","Hermit","Hubris","Marisa????????","Menagerie","Minty Spire (QoL Compilation)","Replay The Spire","Shop Mod","StSLib","The Disciple","The Necromancer"],"gold_per_floor":[112,37,50,66,11,45,65,30,30,42,42,59,59,74,74,173,173,185,199,199,13,23,23,40,4,4,4,4,36,48,67,67,166,166,181,196,28,28,38,38,38,38],"floor_reached":41,"playtime":7869,"items_purged":[],"score":574,"play_id":"39aef657-84d6-46cd-b086-f91d68ad20e0","local_time":"20201214210411","is_ascension_mode":false,"campfire_choices":[{"data":"MasterSpark","floor":11,"key":"SMITH"},{"floor":15,"key":"DIG"},{"data":"GasGiant","floor":23,"key":"SMITH"},{"floor":27,"key":"REST"},{"floor":32,"key":"REST"},{"floor":40,"key":"REST"}],"circlet_count":0,"master_deck":["Strike_MRS","Strike_MRS","Strike_MRS","Strike_MRS","Defend_MRS","Defend_MRS","Defend_MRS","Defend_MRS","MasterSpark+1","UpSweep","GasGiant+1","StarBarrage+1","GravityBeat","LuminesStrike","PropBag+1","MysteriousBeam","GravityBeat","GrandCross","GalacticHalo","PowerUp","CasketOfStar+1","DarkMatter","IllusionStar+1","HandOfGreed","PulseMagic","EnergyFlow","MysteriousBeam","MysteriousBeam","RitualDagger","OrrerysSun","Singularity","MagicAbsorber","BlazingStar+1","CurseOfTheBell","GrandCross+1","DC","GrandCross","Backlash"],"relics":["MiniHakkero","NeowsBlessing","hubris:ToyBattleship","hubris:DisguiseKit","Pet Ghost","Painkiller Herb","ReplayTheSpireMod:TigerMarble","Calling Bell","Simple Rune","Darkstone Periapt","hubris:GlazedTorus","Guide Book","Blue Candle"],"acts_visited":["Exordium","TheCity","TheBeyond"],"potions_floor_usage":[39,41],"damage_taken":[{"damage":0,"enemies":"Cultist","floor":1,"turns":1},{"damage":0,"enemies":"2 Louse","floor":3,"turns":1},{"damage":0,"enemies":"Jaw Worm","floor":4,"turns":1},{"damage":24,"enemies":"Lagavulin","floor":6,"turns":6},{"damage":6,"enemies":"2 Fungi Beasts","floor":7,"turns":3},{"damage":2,"enemies":"Blue Slaver","floor":10,"turns":3},{"damage":0,"enemies":"Looter","floor":12,"turns":3},{"damage":0,"enemies":"2 Fungi Beasts","floor":14,"turns":2},{"damage":40,"enemies":"Hexaghost","floor":16,"turns":11},{"damage":10,"enemies":"3 Byrds","floor":18,"turns":5},{"damage":3,"enemies":"Chosen","floor":19,"turns":2},{"damage":0,"enemies":"Snecko","floor":22,"turns":4},{"damage":0,"enemies":"Cultist and Chosen","floor":24,"turns":4},{"damage":10,"enemies":"Centurion and Healer","floor":29,"turns":4},{"damage":2,"enemies":"3 Cultists","floor":30,"turns":3},{"damage":0,"enemies":"Snecko","floor":31,"turns":4},{"damage":19,"enemies":"Pondfish","floor":33,"turns":10},{"damage":12,"enemies":"Orb Walker","floor":35,"turns":3},{"damage":15,"enemies":"3 Shapes","floor":36,"turns":3},{"damage":9,"enemies":"Maw","floor":39,"turns":6},{"damage":89,"enemies":"Orin","floor":41,"turns":6}],"seed_played":"-8721869901516597541","potions_obtained":[{"floor":3,"key":"Weak Potion"},{"floor":6,"key":"Energy Potion"},{"floor":14,"key":"Weak Potion"},{"floor":19,"key":"LifebloodPotion"},{"floor":31,"key":"FairyPotion"}],"is_trial":false,"path_per_floor":["M","$","M","M","$","E","M","?","T","M","R","M","?","M","R_BF","B",null,"?","?","?","T","?","T","?","T","T","T","?","?","?","?","T","B",null,"?","?","T","?","?","T","?"],"character_chosen":"MARISA","items_purchased":["StarBarrage","PropBag+1","HandOfGreed","MysteriousBeam","Guide Book","GrandCross"],"campfire_rested":3,"item_purchase_floors":[2,5,21,25,37,37],"current_hp_per_floor":[75,75,75,75,75,51,45,63,63,61,61,61,61,61,61,21,75,65,62,62,62,62,62,62,62,62,75,69,59,57,57,75,56,75,63,48,48,48,39,61,0,0],"gold":38,"neow_bonus":"THREE_ENEMY_KILL","is_daily":false,"chose_seed":false,"campfire_upgraded":2,"win_rate":0.0,"timestamp":1607976251,"path_taken":["M","$","M","?","$","E","M","?","T","M","R","M","?","M","R_BF","BOSS","?","?","?","T","?","T","?","T","T","T","?","?","?","?","T","BOSS","?","?","T","?","?","T","?"],"items_purchased_type":["Card","Card","Card","Card","Relic","Card"],"build_version":"2020-11-29","purchased_purges":0,"victory":false,"max_hp_per_floor":[75,75,75,75,75,75,75,75,75,75,75,75,75,75,75,75,75,75,75,75,75,75,75,75,75,75,75,75,75,75,75,75,75,75,75,75,75,75,75,75,75,75],"card_choices":[{"not_picked":["WitchOfGreed","OortCloud"],"picked":"GasGiant","floor":1},{"not_picked":["MilkyWay","WitchOfGreed"],"picked":"GravityBeat","floor":3},{"not_picked":["MysteriousBeam","SuperPerseids"],"picked":"LuminesStrike","floor":4},{"not_picked":["WitchLeyline","DarkMatter"],"picked":"MysteriousBeam","floor":6},{"not_picked":["DoubleSpark","ShootingEcho"],"picked":"GravityBeat","floor":7},{"not_picked":["GravityBeat","Acceleration","Echoward"],"picked":"GrandCross","floor":10},{"not_picked":["MillisecondPulsars","WitchLeyline","LockedPlans"],"picked":"GalacticHalo","floor":12},{"not_picked":["LuminesStrike","OortCloud","HandsUpC"],"picked":"PowerUp","floor":14},{"not_picked":["EscapeVelocity","AbsoluteMagnitude","Echonomics"],"picked":"CasketOfStar","floor":16},{"not_picked":["UnstableBomb+1","IllusionStar","Echoward"],"picked":"DarkMatter","floor":18},{"not_picked":["GalacticHalo+1","UnstableBomb","LockedMedicine"],"picked":"IllusionStar+1","floor":19},{"not_picked":["ManaConvection","GrandCross+1","BiteCommand"],"picked":"PulseMagic","floor":22},{"not_picked":["PulseMagic","LuminesStrike","HandsUpB"],"picked":"EnergyFlow","floor":24},{"not_picked":["GrandCross","ShootTheMoon+1","WindUp"],"picked":"OrrerysSun","floor":29},{"not_picked":["MeteoricShower","BigCrunch","Echoward"],"picked":"Singularity","floor":30},{"not_picked":["GrandCross+1","PropBag+1","DaylightSavings"],"picked":"MagicAbsorber","floor":31},{"not_picked":["EscapeVelocity","MaximisePower","OracleForm"],"picked":"BlazingStar","floor":33},{"not_picked":["PowerUp","MeteoricShower","LockedMedicine"],"picked":"GrandCross+1","floor":35},{"not_picked":["UnstableBomb+1","6A+1","VestedLegacy"],"picked":"DC","floor":36},{"not_picked":["AsteroidBelt","DoubleSpark+1","MachineGunSpark"],"picked":"Backlash","floor":39}],"player_experience":46046,"relics_obtained":[{"floor":6,"key":"hubris:ToyBattleship"},{"floor":9,"key":"hubris:DisguiseKit"},{"floor":26,"key":"ReplayTheSpireMod:TigerMarble"},{"floor":34,"key":"Simple Rune"},{"floor":34,"key":"Darkstone Periapt"},{"floor":34,"key":"hubris:GlazedTorus"}],"event_choices":[{"damage_healed":18,"gold_gain":0,"player_choice":"Healed","damage_taken":0,"max_hp_gain":0,"max_hp_loss":0,"event_name":"The Cleric","floor":8,"gold_loss":35},{"damage_healed":0,"gold_gain":0,"player_choice":"Searched \u00271\u0027 times","damage_taken":0,"relics_obtained":["Pet Ghost"],"max_hp_gain":0,"max_hp_loss":0,"event_name":"Dead Adventurer","floor":13,"gold_loss":0},{"damage_healed":0,"gold_gain":0,"player_choice":"Simplicity","damage_taken":0,"max_hp_gain":0,"max_hp_loss":0,"event_name":"Back to Basics","floor":20,"gold_loss":0,"cards_upgraded":["Strike_MRS","Strike_MRS","Strike_MRS","Strike_MRS","Defend_MRS","Defend_MRS","Defend_MRS","Defend_MRS"]},{"damage_healed":0,"gold_gain":0,"player_choice":"Joined the Cult","damage_taken":6,"max_hp_gain":0,"max_hp_loss":0,"event_name":"Nest","floor":28,"gold_loss":0,"cards_obtained":["RitualDagger"]},{"damage_healed":0,"gold_gain":0,"player_choice":"Fight","damage_taken":0,"max_hp_gain":0,"max_hp_loss":0,"event_name":"OrinTheCat","floor":41,"gold_loss":0}],"is_beta":false,"boss_relics":[{"not_picked":["Coffee Dripper","Astrolabe"],"picked":"Painkiller Herb"},{"not_picked":["Replay:Drink Me","Kintsugi"],"picked":"Calling Bell"}],"items_purged_floors":[],"is_endless":false,"potions_floor_spawned":[3,6,14,16,18,19,31,36],"killed_by":"Orin","ascension_level":0}}