{"host":"kqqjvufdj6ouyvqb","time":1607955653,"event":{"mods":["Act Like it!","BaseMod","Downfall","HololiveMod","LagranYue(拉格朗・月)","Lobotomy","LobotomyExtend","Minty Spire (QoL Compilation)","Prisma Mod","Quick Restart","Replay The Spire","Shop Mod","StSLib","The Construct","The Gatherer","WarShipGirlsR/战舰少女R mod","[IsaacMod]以撒尖塔"],"gold_per_floor":[66,98,23,49,63,91,91,116,149,177,177,191,191,202,221,298,298,223,223,250,250,280,307,355,280,309,340,340,197,512,612,632,706,706,706,719,719,325,335,335,383,409,419,452,499,581,248,203,217,294,294,486,93,93,227],"floor_reached":56,"playtime":2688,"items_purged":["Normality","Hololive_Sequa+1","Replay:Hysterical Blindness"],"score":3486,"play_id":"62f916be-2850-4d85-be74-13c0b6e875c7","local_time":"20201214222053","daily_mods":["Heirloom","Flight","downfall:Jewelcrafting"],"is_ascension_mode":true,"campfire_choices":[{"floor":1,"key":"RECALL"},{"data":"Hololive_SummonFox","floor":21,"key":"SMITH"},{"data":"Hololive_Rebirth","floor":25,"key":"SMITH"},{"data":"Guardian:ExploitGems","floor":35,"key":"SMITH"},{"data":"Hololive_Yoholoon","floor":54,"key":"SMITH"}],"circlet_count":0,"master_deck":["AscendersBane","Hololive_Strike","Hololive_Defend","Hololive_OvertimeWork+1","Hololive_CallYogiri+1","Hololive_CallMinatoAqua+1","Hololive_CallOkamiMio+1","Hololive_CallYozoraMel+1","Guardian:ExploitGems+1","Guardian:ExploitGems+1","Hololive_SummonFox+1","Hololive_CallShishiroBotan+1","Hololive_CallDoris+1","Hololive_CallManoAloe+1","Hololive_CallHoshimachiSuisei+1","Hololive_CallHimemoriLuna","Hololive_CallNakiriAyame","Hololive_CallMurasakiShion+1","Hololive_Rebirth+1","AbeCurse","Hololive_ManjiGathering","Hololive_CallAkaiHaato+1","Hololive_CallUruhaRushia","Hololive_CallTokoyamiTowa","Hololive_CallArtia","Hololive_CallRosalyn","J.A.X.+1","Hololive_LuckPotion+1","Hololive_Drill","Hololive_FlyingPonyTail+1","Hololive_MaximGun","Hololive_AWSL","Hololive_CallMomosuzuNene+8","Hololive_CallNekomataOkayu","Hololive_Rebirth+1","Hololive_HuntDinosaur+1","Hololive_LuckPotion+1","Hololive_CallUsadaPekora+1","Hololive_RevenueBasedLive+1","Hololive_DiamondStrike","Hololive_Thief+1","SuicideKing","Hololive_CallCivia","Hololive_Yoholoon+1","Hololive_BeCareful+1"],"relics":["Hololive_TheStar","HushsDoor","SteamSale","construct:RocketBooster","Onion Ring","LetterFromLob","downfall:HeartBlessingRed","MoneyPower","Centennial Puzzle","champ:DeflectingBracers","Bottled Flame","Smiling Mask","ShedSkin_r","Ring of Hypnosis","ReplayTheSpireMod:Ring of Collecting","Abe\u0027s Treasure","downfall:HeartBlessingBlue","downfall:RedIOU","Juzu Bracelet","Whetstone","PokeGo","ReplayTheSpireMod:Ring of Challenge","Ancient Tea Set","downfall:HeartBlessingGreen","Toxic Egg 2","Simple Rune","MutagenicStrength","Replay:Drink Me","GuppysCollar","BargainBundle","AnarchistCookbook","Chameleon Ring","Ring of Searing","hexamod:BolsterEngine","Bottled Lightning","EdensBlessing","Replay:Wax Seal","ReplayTheSpireMod:CursedCoin","Blue Doll","Replay:Mystery Machine","Bag of Preparation","MerchantsRug"],"acts_visited":["Exordium","TheCity","TheBeyond","TheEnding"],"potions_floor_usage":[23,23,27,49,55],"damage_taken":[{"damage":0,"enemies":"Lagavulin","floor":2,"turns":9},{"damage":0,"enemies":"Gremlin Nob","floor":4,"turns":4},{"damage":0,"enemies":"2 Louse","floor":5,"turns":1},{"damage":0,"enemies":"Lagavulin","floor":6,"turns":6},{"damage":0,"enemies":"Gremlin Nob","floor":8,"turns":3},{"damage":0,"enemies":"Lagavulin","floor":9,"turns":4},{"damage":0,"enemies":"Gremlin Nob","floor":10,"turns":3},{"damage":0,"enemies":"Cultist","floor":12,"turns":2},{"damage":2,"enemies":"Jaw Worm","floor":14,"turns":2},{"damage":0,"enemies":"Large Slime","floor":15,"turns":3},{"damage":0,"enemies":"downfall:Silent","floor":16,"turns":6},{"damage":3,"enemies":"Replay:Snechameleon","floor":20,"turns":4},{"damage":3,"enemies":"Slavers","floor":22,"turns":5},{"damage":0,"enemies":"Gremlin Leader","floor":23,"turns":4},{"damage":0,"enemies":"Replay:Snechameleon","floor":26,"turns":4},{"damage":0,"enemies":"Gremlin Leader","floor":27,"turns":3},{"damage":0,"enemies":"downfall:FleeingMerchant","floor":29,"turns":4},{"damage":0,"enemies":"downfall:FleeingMerchant","floor":30,"turns":4},{"damage":0,"enemies":"downfall:Augmenter","floor":31,"turns":1},{"damage":0,"enemies":"3 Byrds","floor":32,"turns":2},{"damage":0,"enemies":"downfall:Ironclad","floor":33,"turns":4},{"damage":0,"enemies":"3 Shapes","floor":36,"turns":1},{"damage":0,"enemies":"3 Darklings","floor":39,"turns":3},{"damage":0,"enemies":"Giant Head","floor":42,"turns":4},{"damage":0,"enemies":"Transient","floor":43,"turns":6},{"damage":0,"enemies":"R_Hoarder","floor":44,"turns":3},{"damage":0,"enemies":"2 Orb Walkers","floor":45,"turns":3},{"damage":12,"enemies":"Jaw Worm Horde","floor":49,"turns":2},{"damage":0,"enemies":"downfall:Watcher","floor":50,"turns":5},{"damage":0,"enemies":"downfall:CharBossMerchant","floor":52,"turns":4},{"damage":0,"enemies":"downfall:NeowBoss","floor":55,"turns":14}],"seed_played":"1071074924112287434","potions_obtained":[{"floor":2,"key":"FearPotion"},{"floor":5,"key":"EssenceOfSteel"},{"floor":20,"key":"Guardian:BlockOnCardUsePotion"},{"floor":23,"key":"Fruit Juice"},{"floor":26,"key":"Swift Potion"},{"floor":33,"key":"ColorlessPotion"},{"floor":52,"key":"EssenceOfSteel"},{"floor":55,"key":"Fire Potion"}],"is_trial":true,"path_per_floor":["R","E","R","E","M","E","T","E","E","E","?","M","?","M","M","B",null,"R","?","E","R","E","E","T","R","E","E","?","$","$","?","M","B",null,"R","M","?","$","M","?","T","E","M","E","?","?","?","$","M","B",null,"E","$","R","B",null],"character_chosen":"Hololive_HololiveCharacter","items_purchased":["Hololive_CallArtia","Hololive_AWSL","GuppysCollar","BargainBundle","Hololive_CallNekomataOkayu","AnarchistCookbook","Chameleon Ring","Replay:Wax Seal","SuicideKing","Replay:Mystery Machine","Bag of Preparation","Hololive_CallCivia","Hololive_Yoholoon","MerchantsRug"],"campfire_rested":0,"item_purchase_floors":[29,34,34,38,38,38,38,48,53,53,53,53,53,53],"current_hp_per_floor":[27,27,27,27,27,27,27,27,27,30,23,30,30,30,30,30,30,40,40,40,40,37,45,45,45,45,45,45,45,45,45,45,45,18,18,19,19,19,20,20,20,21,22,23,24,9,28,28,17,18,27,31,31,31,32],"gold":227,"neow_bonus":"","is_daily":false,"chose_seed":false,"campfire_upgraded":4,"win_rate":0.0,"timestamp":1607955653,"path_taken":["R","E","R","E","M","E","T","E","E","E","?","?","?","M","M","BOSS","R","?","E","R","E","E","T","R","E","E","?","$","$","?","M","BOSS","R","M","?","$","M","?","T","E","M","E","?","?","?","?","M","BOSS","E","$","R","BOSS"],"items_purchased_type":["Card","Card","Relic","Relic","Card","Relic","Relic","Relic","Card","Relic","Relic","Card","Card","Relic"],"build_version":"2020-12-13","purchased_purges":3,"victory":true,"max_hp_per_floor":[30,30,30,30,30,30,30,30,30,30,30,30,30,30,30,30,30,40,40,40,40,40,45,45,45,45,45,45,45,45,45,45,45,18,18,19,19,19,20,20,20,21,22,23,24,24,28,28,29,30,30,31,31,31,32],"card_choices":[{"not_picked":[],"picked":"BloodyBrimstone","floor":0},{"not_picked":["Hololive_OpenUp","Hololive_StrengthChampion","Hololive_CallHimemoriLuna"],"picked":"Hololive_SummonFox","floor":2},{"not_picked":["Hololive_Drill","Hololive_HuntDinosaur","Hololive_CocoNews"],"picked":"Hololive_Sequa","floor":4},{"not_picked":["Hololive_MaximGun","Hololive_HuntDinosaur","Bomb"],"picked":"Hololive_CallShishiroBotan","floor":5},{"not_picked":["Hololive_StarCraft","Hololive_CallShirakamiFubuki","Hololive_Rebound"],"picked":"Hololive_CallDoris","floor":6},{"not_picked":["Hololive_BringToTrial","Hololive_CocoNews","Hololive_CallMinatoAqua"],"picked":"Hololive_CallManoAloe","floor":8},{"not_picked":["Hololive_CallManoAloe","Hololive_Sequa","Hololive_HuntDinosaur"],"picked":"Hololive_CallHoshimachiSuisei","floor":9},{"not_picked":["Hololive_LuckPotion","Hololive_OvertimeWork","Hololive_Thief"],"picked":"Hololive_CallHimemoriLuna","floor":10},{"not_picked":["Hololive_OvertimeWork","Hololive_CallShishiroBotan","Hololive_CocoNews"],"picked":"Hololive_CallNakiriAyame","floor":12},{"not_picked":["Hololive_CallUruhaRushia","Hololive_CallOkamiMio","Hololive_BeCareful"],"picked":"Hololive_CallMurasakiShion","floor":14},{"not_picked":["Hololive_FlyingPonyTail","Hololive_CallKiryuuCoco","Hololive_Rebound"],"picked":"Bomb","floor":15},{"not_picked":["Hololive_FlareMind","Hololive_IdolExercise","Hololive_Thief"],"picked":"Hololive_Rebirth","floor":16},{"not_picked":["Hololive_OvertimeWork","Hololive_Psychosis","Hololive_StrengthChampion","Hololive_Trident"],"picked":"SKIP","floor":20},{"not_picked":["Hololive_CallYozoraMel","Hololive_CallHimemoriLuna","Hololive_OvertimeWork"],"picked":"Hololive_ManjiGathering","floor":22},{"not_picked":["Hololive_CocoNews","Hololive_Breathe","Hololive_OvertimeWork"],"picked":"Hololive_CallAkaiHaato","floor":23},{"not_picked":["Hololive_Rebirth+1","Hololive_CallAyundaRisu","Hololive_Trident"],"picked":"Hololive_CallUruhaRushia","floor":26},{"not_picked":["Hololive_Sequa","Hololive_OvertimeWork","Hololive_DevilCharm+1"],"picked":"Hololive_FlyingPonyTail+1","floor":27},{"not_picked":["Hololive_CallHoushouMarine","Hololive_CallAkaiHaato","Hololive_Rebound+1"],"picked":"Hololive_CallTokoyamiTowa","floor":29},{"not_picked":["Hololive_FlyingPonyTail+1","Hololive_RevenueBasedLive+1","Hololive_CallYogiri"],"picked":"Hololive_CallRosalyn","floor":30},{"not_picked":[],"picked":"J.A.X.+1","floor":31},{"not_picked":["Hololive_StrengthChampion","Hololive_Breathe+1","Hololive_CallShishiroBotan+1"],"picked":"Hololive_LuckPotion+1","floor":31},{"not_picked":["Hololive_CallRosalyn","Hololive_HuntDinosaur+1","Hololive_Psychosis"],"picked":"Hololive_FlyingPonyTail+1","floor":32},{"not_picked":["Hololive_OpenUp","Hololive_WolfAndLamb+1","Hololive_DiamondStrike"],"picked":"Hololive_MaximGun","floor":33},{"not_picked":["Hololive_Rebound+1","Hololive_CocoNews+1","Hololive_RevenueBasedLive+1"],"picked":"Hololive_CallMomosuzuNene+1","floor":36},{"not_picked":["Hololive_CocoNews","Hololive_Psychosis","Hololive_Sequa"],"picked":"Hololive_Rebirth+1","floor":39},{"not_picked":["Hololive_Psychosis","Hololive_CocoNews","Hololive_Sequa"],"picked":"Hololive_HuntDinosaur+1","floor":42},{"not_picked":["Hololive_OvertimeWork+1","Hololive_CallRosalyn","Hololive_HuntDinosaur+1"],"picked":"Hololive_LuckPotion+1","floor":43},{"not_picked":["Hololive_RevenueBasedLive+1","Hololive_StrengthChampion","Hololive_Drill"],"picked":"Hololive_CallUsadaPekora+1","floor":44},{"not_picked":["Hololive_Sequa","Hololive_CallShishiroBotan","Hololive_LuckPotion+1"],"picked":"Hololive_RevenueBasedLive+1","floor":45},{"not_picked":["Hololive_Psychosis","Hololive_Rebound+1","Hololive_StrengthChampion+1"],"picked":"Hololive_DiamondStrike","floor":49},{"not_picked":["Hololive_AWSL","Hololive_OpenUp","Hololive_WolfAndLamb+1"],"picked":"Hololive_Thief+1","floor":50},{"not_picked":["Hololive_OvertimeWork","Hololive_Watashimo+1","Hololive_Drill","Hololive_RevenueBasedLive+1"],"picked":"SKIP","floor":52},{"not_picked":["Hololive_StarCraft+1","Hololive_MaximGun","Hololive_ScarfAndHalo"],"picked":"Hololive_BeCareful+1","floor":55}],"player_experience":198651,"relics_obtained":[{"floor":2,"key":"Onion Ring"},{"floor":2,"key":"LetterFromLob"},{"floor":4,"key":"MoneyPower"},{"floor":6,"key":"Centennial Puzzle"},{"floor":8,"key":"champ:DeflectingBracers"},{"floor":9,"key":"Bottled Flame"},{"floor":10,"key":"Smiling Mask"},{"floor":13,"key":"Ring of Hypnosis"},{"floor":13,"key":"ReplayTheSpireMod:Ring of Collecting"},{"floor":20,"key":"Juzu Bracelet"},{"floor":22,"key":"Whetstone"},{"floor":23,"key":"PokeGo"},{"floor":24,"key":"ReplayTheSpireMod:Ring of Challenge"},{"floor":24,"key":"Ancient Tea Set"},{"floor":26,"key":"Toxic Egg 2"},{"floor":27,"key":"Simple Rune"},{"floor":31,"key":"MutagenicStrength"},{"floor":41,"key":"Ring of Searing"},{"floor":41,"key":"hexamod:BolsterEngine"},{"floor":44,"key":"Bottled Lightning"},{"floor":45,"key":"EdensBlessing"},{"floor":52,"key":"ReplayTheSpireMod:CursedCoin"},{"floor":52,"key":"Blue Doll"}],"event_choices":[{"damage_healed":0,"gold_gain":0,"player_choice":"Fought Mushrooms","damage_taken":0,"max_hp_gain":0,"max_hp_loss":0,"event_name":"Mushrooms","floor":11,"gold_loss":0},{"cards_removed":["Hololive_FlyingPonyTail"],"damage_healed":0,"gold_gain":0,"player_choice":"Removed Skill","damage_taken":0,"max_hp_gain":0,"max_hp_loss":0,"event_name":"Falling","floor":37,"gold_loss":0},{"damage_healed":0,"gold_gain":0,"player_choice":"Fight","damage_taken":0,"max_hp_gain":0,"max_hp_loss":0,"event_name":"Mysterious Sphere","floor":45,"gold_loss":0}],"is_beta":false,"boss_relics":[{"not_picked":["ReplayTheSpireMod:DimensionalGlitch","Snecko Eye"],"picked":"Abe\u0027s Treasure"},{"not_picked":[]},{"not_picked":["Philosopher\u0027s Stone","Fusion Hammer"],"picked":"Replay:Drink Me"},{"not_picked":[]}],"items_purged_floors":[29,38,53],"is_endless":true,"potions_floor_spawned":[2,5,9,12,14,16,20,23,26,33,42,45,52,55],"ascension_level":20}}