{"host":"nox","time":1607965673,"event":{"mods":["BaseMod","Colored Powertips","Minty Spire (QoL Compilation)","Quick Restart","Replay The Spire","StSLib"],"gold_per_floor":[114,114,114,114,64,64,96,271,271,305,305,230,246,261,261,360,360,371,384,292,217,217,247,247,257,283,283,311,311,321,321,321,417,417,437,397,414,377,377,411,423,460,522,553,565,577,608,630,642,654,666,678,291,324,324],"floor_reached":56,"playtime":2705,"items_purged":["Doubt","ReplayTheSpireMod:Splinters"],"score":1426,"play_id":"7536ad3e-0ad3-4cd7-a4d4-3d7773e3afad","local_time":"20201215000753","is_ascension_mode":true,"campfire_choices":[{"data":"All Out Attack","floor":6.0,"key":"SMITH"},{"data":"Skewer","floor":11.0,"key":"SMITH"},{"data":"Neutralize","floor":11.0,"key":"SMITH"},{"data":"Defend_G","floor":15.0,"key":"SMITH"},{"data":"Defend_G","floor":15.0,"key":"SMITH"},{"data":"Noxious Fumes","floor":29.0,"key":"SMITH"},{"data":"Venomology","floor":29.0,"key":"SMITH"},{"data":"Defend_G","floor":32.0,"key":"SMITH"},{"data":"Defend_G","floor":32.0,"key":"SMITH"},{"data":"Noxious Fumes","floor":41.0,"key":"SMITH"},{"data":"Footwork","floor":41.0,"key":"SMITH"},{"floor":45.0,"key":"RECALL"},{"floor":49.0,"key":"REST"},{"data":"Survivor","floor":52.0,"key":"SMITH"},{"data":"Defend_G","floor":52.0,"key":"SMITH"}],"circlet_count":0,"master_deck":["Strike_G+1","Strike_G+1","Defend_G+1","Defend_G+1","Defend_G+1","Defend_G+1","Defend_G+1","Survivor+1","Neutralize+1","All Out Attack+1","Skewer+1","Venomology+1","Noxious Fumes+1","Bane+1","Footwork+1","Replay:Poison Smokescreen+1","Deadly Poison+1","J.A.X.+1","Deadly Poison+1","Malaise+1","Catalyst+1","Noxious Fumes+1","Distraction+1","Night Terror+1","Distraction+1","Catalyst+1","Fluid Movement"],"relics":["Ring of the Snake","ReplayTheSpireMod:Lightbulb","ReplayTheSpireMod:Ring of Addiction","SacredBark","Toy Ornithopter","ReplayTheSpireMod:Ring of Exchange","Replay:Arrowhead","Replay:Bottled Snecko","PreservedInsect","Membership Card","ReplayTheSpireMod:CursedCoin","Vampiric Spirits","Mirror","Toxic Egg 2","Omamori","Turnip","Busted Crown","MawBank","Strawberry","Whetstone","DollysMirror","Sundial","Bag of Marbles"],"acts_visited":["Exordium","TheCity","TheBeyond","TheEnding"],"potions_floor_usage":[55,55,55,55],"damage_taken":[{"damage":1.0,"enemies":"2 Louse","floor":1.0,"turns":4.0},{"damage":31.0,"enemies":"Gremlin Nob","floor":7.0,"turns":5.0},{"damage":31.0,"enemies":"3 Sentries","floor":10.0,"turns":12.0},{"damage":0.0,"enemies":"Small Slimes","floor":13.0,"turns":2.0},{"damage":0.0,"enemies":"Jaw Worm","floor":14.0,"turns":4.0},{"damage":0.0,"enemies":"Slime Boss","floor":16.0,"turns":9.0},{"damage":17.0,"enemies":"3 Byrds","floor":18.0,"turns":6.0},{"damage":4.0,"enemies":"Spheric Guardian","floor":19.0,"turns":4.0},{"damage":40.0,"enemies":"Slavers","floor":23.0,"turns":5.0},{"damage":10.0,"enemies":"Shelled Parasite and Fungi","floor":25.0,"turns":9.0},{"damage":26.0,"enemies":"Gremlin Leader","floor":28.0,"turns":5.0},{"damage":7.0,"enemies":"Snecko","floor":30.0,"turns":5.0},{"damage":21.0,"enemies":"Pondfish","floor":33.0,"turns":9.0},{"damage":3.0,"enemies":"3 Shapes","floor":35.0,"turns":6.0},{"damage":14.0,"enemies":"3 Darklings","floor":37.0,"turns":8.0},{"damage":3.0,"enemies":"R_Hoarder","floor":40.0,"turns":5.0},{"damage":15.0,"enemies":"Reptomancer","floor":42.0,"turns":2.0},{"damage":22.0,"enemies":"Writhing Mass","floor":44.0,"turns":5.0},{"damage":33.0,"enemies":"Sphere and 2 Shapes","floor":47.0,"turns":5.0},{"damage":27.0,"enemies":"Spire Growth","floor":48.0,"turns":4.0},{"damage":64.0,"enemies":"Awakened One","floor":50.0,"turns":13.0},{"damage":34.0,"enemies":"Shield and Spear","floor":54.0,"turns":7.0},{"damage":43,"enemies":"The Heart","floor":55,"turns":8}],"seed_played":"4115043008520980966","potions_obtained":[{"floor":4.0,"key":"Milkshake"},{"floor":4.0,"key":"LiquidBronze"},{"floor":4.0,"key":"PowerPotion"},{"floor":10.0,"key":"Elixir"},{"floor":14.0,"key":"EssenceOfSteel"},{"floor":18.0,"key":"Weak Potion"},{"floor":19.0,"key":"ColorlessPotion"},{"floor":25.0,"key":"Milkshake"},{"floor":35.0,"key":"AttackPotion"},{"floor":42.0,"key":"Weak Potion"},{"floor":44.0,"key":"EntropicBrew"},{"floor":48.0,"key":"Adrenaline Potion"}],"is_trial":false,"path_per_floor":["M","?","?","?","?","R","E","?","T","E","R","$","M","M","R","B",null,"M","M","$","?","?","E","$","M","T","?","E","R","M","?","R","B",null,"M","$","M","$","?","E","R","E","T","M","R","?","M","M","R","B",null,"R","$","E","B",null],"character_chosen":"THE_SILENT","items_purchased":["ReplayTheSpireMod:CursedCoin","Vampiric Spirits","Footwork","Catalyst+1","Noxious Fumes","Whetstone","DollysMirror","EssenceOfSteel","SpeedPotion","Fire Potion","Sundial","Fluid Movement"],"campfire_rested":1,"item_purchase_floors":[20,20,20,36,38,53,53,53,53,53,53,53],"current_hp_per_floor":[76,58,58,58,58,58,32,32,32,6,6,6,6,6,6,21,75,58,59,59,59,59,29,29,32,32,32,13,13,6,6,6,6,71,68,68,55,55,55,69,69,66,66,49,49,49,21,3,25,14,76,76,76,45,22],"gold":324,"neow_bonus":"TEN_PERCENT_HP_BONUS","is_daily":false,"chose_seed":false,"campfire_upgraded":13,"win_rate":0.0,"timestamp":1607965673,"path_taken":["M","?","?","?","?","R","E","?","T","E","R","?","?","M","R","BOSS","M","M","$","?","?","E","$","M","T","?","E","R","M","?","R","BOSS","M","$","M","$","?","E","R","E","T","?","R","?","M","M","R","BOSS","R","$","E","BOSS"],"items_purchased_type":["Relic","Relic","Card","Card","Card","Relic","Relic","Potion","Potion","Potion","Relic","Card"],"build_version":"2020-11-17","purchased_purges":2,"victory":true,"max_hp_per_floor":[77,77,77,77,77,77,77,77,77,77,77,77,77,75,75,75,75,75,75,75,75,75,73,73,73,73,73,73,73,73,73,73,71,71,71,71,69,69,69,69,69,76,76,76,76,76,76,76,76,76,76,76,76,74,74],"card_choices":[{"not_picked":["Prepared","Outmaneuver"],"picked":"All Out Attack","floor":1.0},{"not_picked":["Sucker Punch","Slice","Toxin Wave"],"picked":"SKIP","floor":7.0},{"not_picked":["Prepared","Dagger Spray"],"picked":"Skewer","floor":10.0},{"not_picked":["Outmaneuver","Underhanded Strike","Hidden Blade"],"picked":"SKIP","floor":13.0},{"not_picked":["Dodge and Roll","Prepared","Deadly Poison"],"picked":"SKIP","floor":14.0},{"not_picked":["Die Die Die","ReplayTheSpireMod:From All Sides"],"picked":"Venomology","floor":16.0},{"not_picked":["Quick Slash+1","ReplayTheSpireMod:Exploit Weakness"],"picked":"Noxious Fumes","floor":18.0},{"not_picked":["Outmaneuver+1","Choke"],"picked":"Bane+1","floor":19.0},{"not_picked":["Quick Slash","Deflect+1"],"picked":"Replay:Poison Smokescreen+1","floor":23.0},{"not_picked":["Calculated Gamble+1","Prepared+1"],"picked":"Deadly Poison+1","floor":25.0},{"not_picked":["Hidden Blade+1","Acrobatics+1","Heel Hook+1"],"picked":"SKIP","floor":28.0},{"not_picked":["Dagger Spray","Finisher"],"picked":"Deadly Poison+1","floor":30.0},{"not_picked":["Burst+1","Die Die Die"],"picked":"Malaise+1","floor":33.0},{"not_picked":["ReplayTheSpireMod:Exploit Weakness+1"],"picked":"SKIP","floor":35.0},{"not_picked":["Poisoned Stab+1"],"picked":"SKIP","floor":37.0},{"not_picked":["Poisoned Stab"],"picked":"SKIP","floor":40.0},{"not_picked":["Reflex+1"],"picked":"SKIP","floor":42.0},{"not_picked":["ReplayTheSpireMod:Shiv Toss+1"],"picked":"SKIP","floor":44.0},{"not_picked":["Acrobatics+1"],"picked":"SKIP","floor":47.0},{"not_picked":[],"picked":"Distraction+1","floor":48.0},{"not_picked":["Cloak And Dagger+1"],"picked":"SKIP","floor":54.0}],"player_experience":101072,"relics_obtained":[{"floor":4.0,"key":"ReplayTheSpireMod:Ring of Addiction"},{"floor":4.0,"key":"SacredBark"},{"floor":4.0,"key":"Toy Ornithopter"},{"floor":4.0,"key":"ReplayTheSpireMod:Ring of Exchange"},{"floor":7.0,"key":"Replay:Arrowhead"},{"floor":9.0,"key":"Replay:Bottled Snecko"},{"floor":10.0,"key":"PreservedInsect"},{"floor":23.0,"key":"Toxic Egg 2"},{"floor":26.0,"key":"Omamori"},{"floor":28.0,"key":"Turnip"},{"floor":40.0,"key":"MawBank"},{"floor":42.0,"key":"Strawberry"},{"floor":54.0,"key":"Bag of Marbles"}],"event_choices":[{"damage_healed":0.0,"max_hp_gain":0.0,"max_hp_loss":0.0,"gold_gain":0.0,"event_name":"Scrap Ooze","player_choice":"Success","floor":2.0,"gold_loss":0.0,"damage_taken":18.0,"relics_obtained":["ReplayTheSpireMod:Lightbulb"]},{"cards_removed":["Hallucinations"],"damage_healed":0.0,"max_hp_gain":0.0,"max_hp_loss":0.0,"gold_gain":0.0,"event_name":"The Cleric","player_choice":"Card Removal","floor":5.0,"gold_loss":50.0,"damage_taken":0.0},{"damage_healed":0.0,"max_hp_gain":0.0,"max_hp_loss":0.0,"gold_gain":175.0,"event_name":"Liars Game","player_choice":"AGREE","floor":8.0,"gold_loss":0.0,"damage_taken":0.0,"cards_obtained":["Doubt"]},{"cards_removed":["Strike_G"],"damage_healed":0.0,"max_hp_gain":0.0,"max_hp_loss":0.0,"gold_gain":0.0,"event_name":"Beggar","player_choice":"Gave Gold","floor":21.0,"gold_loss":75.0,"damage_taken":0.0},{"damage_healed":0.0,"max_hp_gain":0.0,"max_hp_loss":0.0,"gold_gain":0.0,"event_name":"Drug Dealer","player_choice":"Obtain J.A.X.","floor":27.0,"gold_loss":0.0,"damage_taken":0.0,"cards_obtained":["J.A.X."]},{"damage_healed":0.0,"max_hp_gain":0.0,"max_hp_loss":0.0,"gold_gain":0.0,"event_name":"Forgotten Altar","player_choice":"Smashed Altar","floor":31.0,"gold_loss":0.0,"damage_taken":0.0,"cards_obtained":["Decay"]},{"damage_healed":0.0,"max_hp_gain":0.0,"max_hp_loss":0.0,"gold_gain":0.0,"cards_transformed":["Strike_G"],"event_name":"Transmorgrifier","player_choice":"Transformed","floor":39.0,"gold_loss":0.0,"damage_taken":0.0,"cards_obtained":["Distraction"]},{"damage_healed":0.0,"max_hp_gain":0.0,"max_hp_loss":0.0,"gold_gain":0.0,"event_name":"Match and Keep!","player_choice":"1 cards matched","floor":46.0,"gold_loss":0.0,"damage_taken":0.0,"cards_obtained":["Night Terror"]}],"is_beta":true,"boss_relics":[{"not_picked":["Snecko Eye","Velvet Choker"],"picked":"Membership Card"},{"not_picked":["Replay:Drink Me","TheAbacus"],"picked":"Busted Crown"}],"items_purged_floors":[12,20],"is_endless":false,"potions_floor_spawned":[10,14,18,19,25,30,35,42,44,48,54],"ascension_level":2}}