{"host":"w67240tx264gh7zw","time":1607913553,"event":{"mods":["2.2 Compatiblity","AchievementEnabler","Aspiration","BaseMod","Better Third Choice","Block Reminder","Colored Powertips","Conspire","Hermit","Highlight Path","Hubris","Infinite Spire","Marked Mod","Minty Spire (QoL Compilation)","Quick Restart","RNG Fix","Rare Cards Sparkle","Relic Stats","Replay The Spire","Shop Mod","Spicy Shops","Spikes Relics","StSLib","The Blue Laboratory","??????REMEMod"],"gold_per_floor":[114,289,289,114,129,159,159,189,189,204,234,249,524,539,539,639,639,654,654,654,669,226,226,256,210,235,265,280,295,295,310,310,410,410,425,164,164,179,209,209,224,239,239,239,254,254,254,284,284,284,284],"floor_reached":50,"playtime":3190,"items_purged":[],"score":810,"play_id":"ae05af7c-ff7c-47c7-85af-9088f1cb4578","local_time":"20201213183913","daily_mods":["Cursed Run","Diverse","DeadlyEvents"],"is_ascension_mode":false,"campfire_choices":[{"data":"Barricade","floor":7.0,"key":"SMITH"},{"floor":15.0,"key":"REST"},{"floor":23.0,"key":"REST"},{"floor":30.0,"key":"REST"},{"floor":32.0,"key":"REST"},{"floor":40.0,"key":"REST"},{"floor":44.0,"key":"REST"},{"floor":49.0,"key":"REST"}],"circlet_count":0,"master_deck":["Strike_B","Strike_B","Strike_B","Strike_B","Defend_B","Defend_B","Defend_B","Defend_B","Zap+1","Dualcast","Die Die Die","BasicCrystalCard","Doubt","Poisoned Stab","Barricade+1","Quick Slash","Terror","Thunderclap","hermit:Deadeye","Regret","Echo Form","hubris:Despair","Limit Break","hubris:SlightOfHand","ReplayTheSpireMod:IOU","hermit:HeroicBravado","REME_Flogging","Prostrate","Flex+1","Redo","Languid","Venomology","Poisoned Stab+1","Toxin Wave","Iron Wave","Delirium","conspire:HitWhereItHurts","Backstab","Replay:Dark Deal","hermit:Horror+1","Outmaneuver","Pray+1","PathToVictory","Voices","PiercingWail+1","Shrug It Off+1","hubris:DuctTapeCard"],"relics":["Cursed Key","Darkstone Periapt","Du-Vu Doll","REME_ComplimentaryCards","Pear","Cables","CherryCoatedStake","hubris:DuctTape","Smiling Mask","ShockBauble","Replay:Mystery Machine","aspiration:TomeofQuesting","Bottled Flame","aspiration:SecretTechniqueScroll","Replay:Arrowhead","Replay:Multitool","Rawhide"],"acts_visited":["Exordium","TheCity","TheBeyond"],"potions_floor_usage":[50],"damage_taken":[{"damage":1.0,"enemies":"Cultist","floor":1.0,"turns":4.0},{"damage":8.0,"enemies":"infinitespire:Voidling","floor":5.0,"turns":2.0},{"damage":29.0,"enemies":"Gremlin Nob","floor":6.0,"turns":4.0},{"damage":7.0,"enemies":"Replay:BlueRogue","floor":8.0,"turns":4.0},{"damage":5.0,"enemies":"Small Slimes","floor":10.0,"turns":3.0},{"damage":13.0,"enemies":"3 Sentries","floor":11.0,"turns":5.0},{"damage":11.0,"enemies":"Red Slaver","floor":12.0,"turns":3.0},{"damage":12.0,"enemies":"Exordium Thugs","floor":14.0,"turns":3.0},{"damage":27.0,"enemies":"Slime Boss","floor":16.0,"turns":6.0},{"damage":20.0,"enemies":"2 Thieves","floor":18.0,"turns":3.0},{"damage":39.0,"enemies":"3 Byrds","floor":21.0,"turns":5.0},{"damage":36.0,"enemies":"conspire:SneckoGhost","floor":24.0,"turns":5.0},{"damage":5.0,"enemies":"conspire:Head Lice","floor":27.0,"turns":5.0},{"damage":37.0,"enemies":"Snake Plant","floor":28.0,"turns":4.0},{"damage":32.0,"enemies":"Centurion and Healer","floor":29.0,"turns":5.0},{"damage":4.0,"enemies":"conspire:HollyBat","floor":31.0,"turns":5.0},{"damage":59.0,"enemies":"Champ","floor":33.0,"turns":9.0},{"damage":24.0,"enemies":"3 Shapes","floor":35.0,"turns":4.0},{"damage":60.0,"enemies":"3 Darklings","floor":38.0,"turns":5.0},{"damage":46.0,"enemies":"Reptomancer","floor":39.0,"turns":5.0},{"damage":21.0,"enemies":"Sphere and 2 Shapes","floor":41.0,"turns":3.0},{"damage":28.0,"enemies":"4 Shapes","floor":42.0,"turns":5.0},{"damage":18.0,"enemies":"Spire Growth","floor":45.0,"turns":4.0},{"damage":14.0,"enemies":"Giant Head","floor":48.0,"turns":5.0},{"damage":162,"enemies":"conspire:OrnateMirror","floor":50,"turns":8}],"seed_played":"1880613833527945180","potions_obtained":[{"floor":1.0,"key":"blueLaboratory:BottledHope"},{"floor":5.0,"key":"blueLaboratory:Moonshine"},{"floor":8.0,"key":"Adrenaline Potion"},{"floor":12.0,"key":"BlessingOfTheForge"},{"floor":16.0,"key":"Explosive Potion"},{"floor":18.0,"key":"blueLaboratory:ArtificerPotion"},{"floor":21.0,"key":"blueLaboratory:BubblePotion"},{"floor":27.0,"key":"blueLaboratory:RecallPotion"},{"floor":29.0,"key":"blueLaboratory:CorrosionFlask"},{"floor":38.0,"key":"Dexterity Potion"},{"floor":48.0,"key":"Reflective Coating"}],"is_trial":false,"path_per_floor":["M","?","?","$","M","E","R","E","T","M","E","M","?","M","R","B",null,"M","?","T","M","$","R","E","$","T","E","M","M","R","M","R","B",null,"M","$","?","M","E","R","M","M","T","R","M","R","?","E","R","B"],"character_chosen":"DEFECT","items_purchased":["Pear","Ancient Potion","REME_Flogging","Prostrate","Redo","Replay:Dark Deal"],"campfire_rested":7,"item_purchase_floors":[4,4,22,22,25,36],"current_hp_per_floor":[74,80,80,96,88,59,59,52,58,55,47,36,42,33,65,46,115,97,97,103,71,71,107,71,71,77,90,53,24,62,58,96,43,133,114,114,127,69,37,76,58,37,43,84,66,107,107,93,134,0,0],"gold":284,"neow_bonus":"","is_daily":true,"chose_seed":false,"campfire_upgraded":1,"win_rate":0.0,"timestamp":1607913553,"path_taken":["M","?","?","$","M","E","R","?","T","?","?","M","?","M","R","BOSS","M","?","?","?","$","R","E","$","T","?","M","M","R","M","R","BOSS","M","$","?","?","?","R","M","M","T","R","M","R","?","?","R","BOSS"],"items_purchased_type":["Relic","Potion","Card","Card","Card","Card"],"build_version":"2020-12-13","purchased_purges":0,"victory":false,"max_hp_per_floor":[75,81,81,97,97,97,97,97,103,103,103,103,109,109,109,115,115,115,115,121,121,121,121,121,121,127,127,127,127,127,127,127,133,133,133,133,133,133,133,133,133,133,139,139,139,139,139,139,139,139,139],"relic_stats":{"Darkstone Periapt":54,"counters":[25,114],"Cursed Key":4,"Smiling Mask":0,"obtain_stats":[{"Darkstone Periapt":0,"Pear":4,"ShockBauble":20,"CherryCoatedStake":8,"hubris:DuctTape":9,"aspiration:TomeofQuesting":26,"Rawhide":48,"Replay:Multitool":43,"aspiration:SecretTechniqueScroll":34,"Replay:Mystery Machine":24,"Cursed Key":0,"Smiling Mask":11,"Replay:Arrowhead":39,"Cables":6,"Du-Vu Doll":0,"Bottled Flame":27,"REME_ComplimentaryCards":0},{"Darkstone Periapt":0,"Pear":1,"ShockBauble":10,"CherryCoatedStake":4,"hubris:DuctTape":4,"aspiration:TomeofQuesting":12,"Rawhide":24,"Replay:Multitool":22,"aspiration:SecretTechniqueScroll":17,"Replay:Mystery Machine":12,"Cursed Key":0,"Smiling Mask":6,"Replay:Arrowhead":20,"Cables":3,"Du-Vu Doll":0,"Bottled Flame":13,"REME_ComplimentaryCards":0},{"Darkstone Periapt":0,"Pear":4,"ShockBauble":37,"CherryCoatedStake":14,"hubris:DuctTape":14,"aspiration:TomeofQuesting":47,"Rawhide":106,"Replay:Multitool":97,"aspiration:SecretTechniqueScroll":75,"Replay:Mystery Machine":47,"Cursed Key":0,"Smiling Mask":22,"Replay:Arrowhead":89,"Cables":10,"Du-Vu Doll":0,"Bottled Flame":52,"REME_ComplimentaryCards":0}],"Cables":[26,26,0,0,0]},"card_choices":[{"not_picked":["Quick Slash","hermit:CursedWeapon"],"picked":"BasicCrystalCard","floor":1.0},{"not_picked":["Lockon","hermit:HoleUp"],"picked":"Poisoned Stab","floor":5.0},{"not_picked":["BootSequence","Replay:ManipulateFuture"],"picked":"Barricade","floor":6.0},{"not_picked":["Expertise","Hyperbeam"],"picked":"Quick Slash","floor":8.0},{"not_picked":["Chill","Sanctity"],"picked":"Terror","floor":10.0},{"not_picked":["Meditate","JustLucky"],"picked":"Thunderclap","floor":11.0},{"not_picked":["ReplayTheSpireMod:Stacked","Feel No Pain"],"picked":"hermit:Deadeye","floor":12.0},{"not_picked":["hermit:CalledShot","Barrage"],"picked":"Echo Form","floor":14.0},{"not_picked":["Thunder Strike","SpiritShield"],"picked":"Limit Break","floor":16.0},{"not_picked":["hermit:HighCaliber","Quick Slash"],"picked":"hubris:SlightOfHand","floor":18.0},{"not_picked":["Prostrate","conspire:DoublingDagger+1"],"picked":"hermit:HeroicBravado","floor":21.0},{"not_picked":["hermit:TrackingShot+1","Bane"],"picked":"Flex","floor":24.0},{"not_picked":["REME_FearOfPain+1","ClearTheMind"],"picked":"Venomology","floor":27.0},{"not_picked":["Shockwave","Concentrate"],"picked":"Poisoned Stab+1","floor":28.0},{"not_picked":["Well Laid Plans","Tactician"],"picked":"Toxin Wave","floor":29.0},{"not_picked":["ReplayTheSpireMod:The Works","ReplayTheSpireMod:Shiv Toss"],"picked":"Iron Wave","floor":31.0},{"not_picked":["Scrawl","hermit:BlackWind"],"picked":"conspire:HitWhereItHurts","floor":33.0},{"not_picked":["ReplayTheSpireMod:Scrap Shanks","Shrug It Off"],"picked":"Backstab","floor":35.0},{"not_picked":["Second Wind","Cleave+1"],"picked":"hermit:Horror+1","floor":38.0},{"not_picked":["Skim","ReplayTheSpireMod:LeadingStrike"],"picked":"Outmaneuver","floor":39.0},{"not_picked":["Flex","Perfected Strike"],"picked":"Pray+1","floor":41.0},{"not_picked":["BattleHymn","Replay:Anticipation"],"picked":"PathToVictory","floor":42.0},{"not_picked":["Cloak And Dagger","FlyingSleeves+1"],"picked":"PiercingWail+1","floor":45.0},{"not_picked":["Leap","hubris:SharpeningStone"],"picked":"Shrug It Off+1","floor":48.0}],"player_experience":479702,"relics_obtained":[{"floor":6.0,"key":"Cables"},{"floor":8.0,"key":"CherryCoatedStake"},{"floor":9.0,"key":"hubris:DuctTape"},{"floor":11.0,"key":"Smiling Mask"},{"floor":20.0,"key":"ShockBauble"},{"floor":24.0,"key":"Replay:Mystery Machine"},{"floor":26.0,"key":"aspiration:TomeofQuesting"},{"floor":27.0,"key":"Bottled Flame"},{"floor":39.0,"key":"Replay:Arrowhead"},{"floor":43.0,"key":"Replay:Multitool"},{"floor":48.0,"key":"Rawhide"}],"event_choices":[{"damage_healed":0.0,"max_hp_gain":0.0,"max_hp_loss":0.0,"gold_gain":175.0,"event_name":"betterThird:BetterSerpent","player_choice":"AGREE","floor":2.0,"gold_loss":0.0,"damage_taken":114.0},{"damage_healed":0.0,"max_hp_gain":0.0,"max_hp_loss":0.0,"gold_gain":0.0,"event_name":"Living Wall","player_choice":"Grow","floor":3.0,"gold_loss":0.0,"damage_taken":0.0,"cards_upgraded":["Zap"]},{"damage_healed":0.0,"max_hp_gain":0.0,"max_hp_loss":0.0,"gold_gain":275.0,"event_name":"Golden Shrine","player_choice":"Desecrate","floor":13.0,"gold_loss":0.0,"damage_taken":0.0,"cards_obtained":["Regret"]},{"damage_healed":0.0,"max_hp_gain":0.0,"max_hp_loss":0.0,"gold_gain":0.0,"event_name":"conspire:Investor","player_choice":"Leave","floor":19.0,"gold_loss":0.0,"damage_taken":0.0}],"is_beta":false,"boss_relics":[{"not_picked":["hubris:VirtuousBlindfold","Astrolabe","aspiration:FutureDiary"]},{"not_picked":["Runic Dome","Empty Cage"],"picked":"aspiration:SecretTechniqueScroll"}],"items_purged_floors":[],"is_endless":false,"potions_floor_spawned":[1,5,8,11,12,16,18,21,27,29,38,48],"killed_by":"conspire:OrnateMirror","ascension_level":0}}