{"host":"k8gerrcpv9xe1nxe","time":1607971760,"event":{"mods":["2.2 Compatiblity","AchievementEnabler","BaseMod","Bestiary","Minty Spire (QoL Compilation)","Relic Stats","StSLib"],"gold_per_floor":[116,65,80,80,90,115,115,125,205,240,240,275,293,322,322,424,424,438,438,438],"floor_reached":19,"playtime":653,"items_purged":[],"score":255,"play_id":"9e6b77e0-6dce-4057-95e6-5e5286e9c75c","local_time":"20201214134920","is_ascension_mode":true,"campfire_choices":[{"data":"EmptyFist","floor":7,"key":"SMITH"},{"data":"FollowUp","floor":11,"key":"SMITH"},{"data":"Wireheading","floor":15,"key":"SMITH"}],"circlet_count":0,"master_deck":["Eruption","Vigilance","Consecrate","EmptyFist+1","FollowUp+1","Wireheading+1","EmptyBody","Blasphemy","Indignation","Conclude","FollowUp","FearNoEvil","ForeignInfluence","Adaptation","Tantrum","Alpha","Protect"],"relics":["PureWater","NeowsBlessing","Peace Pipe","Oddly Smooth Stone","Eternal Feather","Pen Nib","FossilizedHelix","Matryoshka","Pandora\u0027s Box"],"acts_visited":["Exordium","TheCity"],"potions_floor_usage":[10,14,16],"damage_taken":[{"damage":0,"enemies":"2 Louse","floor":1,"turns":1},{"damage":0,"enemies":"Small Slimes","floor":3,"turns":1},{"damage":0,"enemies":"Jaw Worm","floor":5,"turns":1},{"damage":22,"enemies":"3 Sentries","floor":6,"turns":6},{"damage":5,"enemies":"Looter","floor":8,"turns":3},{"damage":4,"enemies":"Gremlin Nob","floor":10,"turns":3},{"damage":24,"enemies":"3 Sentries","floor":12,"turns":6},{"damage":0,"enemies":"2 Fungi Beasts","floor":13,"turns":3},{"damage":0,"enemies":"Lagavulin","floor":14,"turns":3},{"damage":13,"enemies":"The Guardian","floor":16,"turns":13},{"damage":0,"enemies":"Shell Parasite","floor":18,"turns":1},{"damage":100016,"enemies":"3 Byrds","floor":19,"turns":3}],"seed_played":"-1758446377822146882","potions_obtained":[{"floor":1,"key":"FearPotion"},{"floor":10,"key":"SpeedPotion"},{"floor":12,"key":"Regen Potion"}],"is_trial":false,"path_per_floor":["M","$","M","?","M","E","R","M","T","E","R","E","M","E","R","B",null,"M","M"],"character_chosen":"WATCHER","items_purchased":["EmptyFist"],"campfire_rested":0,"item_purchase_floors":[2],"current_hp_per_floor":[72,72,72,54,54,32,32,27,27,23,29,5,5,14,23,10,72,72,0,0],"gold":438,"neow_bonus":"THREE_ENEMY_KILL","is_daily":false,"chose_seed":false,"campfire_upgraded":3,"win_rate":0.0,"timestamp":1607971760,"path_taken":["M","$","M","?","M","E","R","M","T","E","R","E","M","E","R","BOSS","M","M"],"items_purchased_type":["Card"],"build_version":"2020-12-13","purchased_purges":0,"victory":false,"max_hp_per_floor":[72,72,72,72,72,72,72,72,72,72,72,72,72,72,72,72,72,72,72,72],"relic_stats":{"Peace Pipe":0,"counters":[12,43],"Eternal Feather":15,"Pandora\u0027s Box":["Indignation","Conclude","FollowUp","FearNoEvil","ForeignInfluence","Adaptation","Tantrum","Alpha"],"Pen Nib":[5],"obtain_stats":[{"Peace Pipe":4,"Matryoshka":14,"NeowsBlessing":0,"Oddly Smooth Stone":6,"Eternal Feather":9,"Pandora\u0027s Box":17,"Pen Nib":10,"PureWater":0,"FossilizedHelix":12},{"Peace Pipe":2,"Matryoshka":9,"NeowsBlessing":0,"Oddly Smooth Stone":4,"Eternal Feather":5,"Pandora\u0027s Box":10,"Pen Nib":6,"PureWater":0,"FossilizedHelix":7},{"Peace Pipe":2,"Matryoshka":27,"NeowsBlessing":0,"Oddly Smooth Stone":9,"Eternal Feather":12,"Pandora\u0027s Box":40,"Pen Nib":15,"PureWater":0,"FossilizedHelix":21}]},"card_choices":[{"not_picked":["WindmillStrike","JustLucky"],"picked":"Consecrate","floor":1},{"not_picked":["BattleHymn","ClearTheMind","Crescendo"],"picked":"SKIP","floor":3},{"not_picked":["Vengeance","PathToVictory","Crescendo"],"picked":"SKIP","floor":5},{"not_picked":["InnerPeace","MasterReality"],"picked":"FollowUp","floor":6},{"not_picked":["Prostrate","ClearTheMind"],"picked":"Wireheading","floor":8},{"not_picked":["ThirdEye","SashWhip","FlyingSleeves"],"picked":"SKIP","floor":10},{"not_picked":["Evaluate","ThirdEye"],"picked":"EmptyBody","floor":12},{"not_picked":["Evaluate","Prostrate","ClearTheMind"],"picked":"SKIP","floor":13},{"not_picked":["EmptyBody","EmptyMind","ClearTheMind"],"picked":"SKIP","floor":14},{"not_picked":["Wish","SpiritShield"],"picked":"Blasphemy","floor":16},{"not_picked":["JustLucky","CrushJoints"],"picked":"Protect","floor":18}],"player_experience":56577,"relics_obtained":[{"floor":6,"key":"Oddly Smooth Stone"},{"floor":9,"key":"Eternal Feather"},{"floor":10,"key":"Pen Nib"},{"floor":12,"key":"FossilizedHelix"},{"floor":14,"key":"Matryoshka"}],"event_choices":[{"damage_healed":0,"gold_gain":0,"player_choice":"Success","damage_taken":18,"relics_obtained":["Peace Pipe"],"max_hp_gain":0,"max_hp_loss":0,"event_name":"Scrap Ooze","floor":4,"gold_loss":0}],"is_beta":false,"boss_relics":[{"not_picked":["VioletLotus","Runic Dome"],"picked":"Pandora\u0027s Box"}],"items_purged_floors":[],"is_endless":false,"potions_floor_spawned":[1,10,12],"killed_by":"3 Byrds","ascension_level":3}}