{"host":"3c27c697js19kaoo","time":1607919935,"event":{"mods":["BaseMod","Decade(王小明)","Dota2Spire","Hermit","Minty Spire (QoL Compilation)","Quick Restart","Remilia（蕾米莉亚）","Spicy Shops","StSLib","The Alterego","The Cursed","The Servant 0.9.4","【遗物卡牌】REMEMod"],"gold_per_floor":[129,163,199,234,55,55,89,125,125,177,259,299,299,38,38,136,136,154,0,0,16,32,32,52,52,52,52,87,87,87,101,101,199,199,230,230,97,57,76,76,90,90,90],"floor_reached":42,"playtime":2145,"items_purged":[],"score":428,"play_id":"cd16375c-5e70-4885-9f62-22941fcd1bc5","local_time":"20201214122535","is_ascension_mode":false,"campfire_choices":[{"data":"Apotheosis","floor":6,"key":"SMITH"},{"data":"hermit:CursedWeapon","floor":15,"key":"SMITH"},{"floor":23,"key":"REST"},{"data":"hermit:Purgatory","floor":25,"key":"SMITH"},{"floor":29,"key":"REST"},{"data":"hermit:HighNoon","floor":32,"key":"SMITH"},{"data":"hermit:FatalDesire","floor":40,"key":"SMITH"}],"circlet_count":0,"master_deck":["hermit:Strike_Hermit","hermit:Strike_Hermit","hermit:Strike_Hermit+1","hermit:Strike_Hermit","hermit:Defend_Hermit","hermit:Defend_Hermit","hermit:Defend_Hermit","hermit:Snapshot","hermit:Covet","HandOfGreed","hermit:Spite+1","Apotheosis+1","hermit:Coalescence","hermit:Showdown","hermit:Shortfuse","hermit:CursedWeapon+1","hermit:TakeAim","hermit:HighNoon+1","CurseOfTheBell","hermit:Gambit","hermit:Purgatory+1","Writhe","Decay","hermit:FullyLoaded+1","hermit:FatalDesire+1","Flash of Steel"],"relics":["hermit:Momento","REME_ComplimentaryCards","NeowsBlessing","REME_HandOfSuture","Regal Pillow","Juzu Bracelet","White Beast Statue","Lee\u0027s Waffle","Calling Bell","Dota2Spire:AssaultCuirass","Eternal Feather","Nunchaku","Dota2Spire:EyeOfSkadi","Question Card","Dream Catcher","Dota2Spire:AghanimScepter","Dota2Spire:RefresherOrb"],"acts_visited":["Exordium","TheCity","TheBeyond"],"potions_floor_usage":[11,16,16,33,39,39],"damage_taken":[{"damage":0,"enemies":"Cultist","floor":1,"turns":1},{"damage":0,"enemies":"2 Louse","floor":2,"turns":1},{"damage":1,"enemies":"Jaw Worm","floor":3,"turns":2},{"damage":4,"enemies":"Blue Slaver","floor":4,"turns":4},{"damage":16,"enemies":"Gremlin Nob","floor":7,"turns":5},{"damage":6,"enemies":"Exordium Wildlife","floor":8,"turns":3},{"damage":10,"enemies":"Lagavulin","floor":10,"turns":5},{"damage":10,"enemies":"Gremlin Nob","floor":11,"turns":3},{"damage":15,"enemies":"Gremlin Gang","floor":12,"turns":4},{"damage":61,"enemies":"Hexaghost","floor":16,"turns":10},{"damage":12,"enemies":"Chosen","floor":18,"turns":4},{"damage":10,"enemies":"Shell Parasite","floor":21,"turns":3},{"damage":36,"enemies":"Centurion and Healer","floor":22,"turns":5},{"damage":17,"enemies":"Snake Plant","floor":24,"turns":2},{"damage":48,"enemies":"Gremlin Leader","floor":28,"turns":4},{"damage":24,"enemies":"Snecko","floor":31,"turns":4},{"damage":51,"enemies":"Champ","floor":33,"turns":8},{"damage":19,"enemies":"3 Shapes","floor":35,"turns":3},{"damage":20,"enemies":"3 Darklings","floor":39,"turns":3},{"damage":2,"enemies":"Transient","floor":41,"turns":5},{"damage":10,"enemies":"Maw","floor":42,"turns":5}],"seed_played":"-6556596238584097201","potions_obtained":[{"floor":2,"key":"hermit:Eclipse"},{"floor":3,"key":"ColorlessPotion"},{"floor":7,"key":"Energy Potion"},{"floor":12,"key":"Block Potion"},{"floor":16,"key":"EssenceOfSteel"},{"floor":18,"key":"Swift Potion"},{"floor":21,"key":"hermit:BlackBile"},{"floor":31,"key":"AttackPotion"},{"floor":33,"key":"Explosive Potion"},{"floor":39,"key":"Dexterity Potion"},{"floor":41,"key":"Fire Potion"}],"is_trial":false,"path_per_floor":["M","M","M","M","$","R","E","M","T","E","?","M","?","$","R","B",null,"M","$","?","M","M","R","M","R","T","?","E","R","?","M","R","B",null,"M","?","$","?","M","R","M","M"],"character_chosen":"HERMIT","items_purchased":["Apotheosis","Lee\u0027s Waffle","hermit:TakeAim","Dota2Spire:EyeOfSkadi","Flash of Steel"],"campfire_rested":2,"item_purchase_floors":[5,14,14,19,37],"current_hp_per_floor":[75,75,74,70,70,70,54,48,48,38,28,13,13,82,82,21,82,71,76,76,66,30,83,66,78,78,78,30,83,83,59,74,23,87,68,68,68,68,48,63,61,51,51],"gold":90,"neow_bonus":"THREE_ENEMY_KILL","is_daily":false,"chose_seed":false,"campfire_upgraded":5,"win_rate":0.0,"timestamp":1607919935,"path_taken":["M","?","?","M","$","R","E","M","T","E","?","M","?","$","R","BOSS","M","?","?","M","M","R","M","R","T","?","E","R","?","M","R","BOSS","M","?","$","?","M","R","M","M"],"items_purchased_type":["Card","Relic","Card","Relic","Card"],"build_version":"2020-12-13","purchased_purges":0,"victory":false,"max_hp_per_floor":[75,75,75,75,75,75,75,75,75,75,75,75,75,82,82,82,82,82,87,87,87,87,87,87,87,87,87,87,87,87,87,87,87,87,87,87,87,87,87,87,87,87,87],"card_choices":[{"not_picked":["hermit:TrackingShot","hermit:WideOpen","hermit:Ricochet"],"picked":"SKIP","floor":1},{"not_picked":["hermit:ItchyTrigger","hermit:BodyArmor"],"picked":"hermit:Vantage","floor":2},{"not_picked":["hermit:Roulette","hermit:FullyLoaded"],"picked":"hermit:Spite","floor":3},{"not_picked":["hermit:BlackWind","hermit:Glare","hermit:Dive"],"picked":"SKIP","floor":4},{"not_picked":["hermit:NoHoldsBarred","hermit:HoleUp"],"picked":"hermit:Coalescence","floor":7},{"not_picked":["hermit:LowProfile","hermit:WideOpen"],"picked":"hermit:Showdown","floor":8},{"not_picked":["hermit:Virtue","hermit:HoleUp"],"picked":"hermit:Shortfuse","floor":10},{"not_picked":["hermit:Coalescence","hermit:Adapt"],"picked":"hermit:CursedWeapon","floor":12},{"not_picked":["hermit:Purgatory","hermit:Adapt"],"picked":"hermit:HighNoon","floor":16},{"not_picked":["hermit:Roulette","hermit:Horror","hermit:HoleUp+1"],"picked":"SKIP","floor":18},{"not_picked":["hermit:Desperado","hermit:Roulette","hermit:Glare"],"picked":"SKIP","floor":21},{"not_picked":["hermit:Snipe+1","hermit:HighCaliber","hermit:Malice+1"],"picked":"SKIP","floor":22},{"not_picked":["hermit:Spite","hermit:TakeAim"],"picked":"hermit:Purgatory","floor":24},{"not_picked":["hermit:Coalescence+1","hermit:EyeOfTheStorm","hermit:FlashPowder","hermit:Feint"],"picked":"SKIP","floor":28},{"not_picked":["hermit:Virtue","hermit:TakeAim","hermit:Snipe+1"],"picked":"hermit:FullyLoaded+1","floor":31},{"not_picked":["hermit:HeroicBravado","hermit:DeadOrAlive","hermit:HighNoon"],"picked":"hermit:FatalDesire","floor":33},{"not_picked":["hermit:Headshot","hermit:TakeCover","hermit:BodyArmor","hermit:Misfire+1"],"picked":"SKIP","floor":35},{"not_picked":["hermit:Roulette","hermit:WideOpen","hermit:Ricochet","hermit:Headshot"],"picked":"SKIP","floor":39},{"not_picked":["hermit:LuckOfTheDraw","hermit:Scavenge+1","hermit:DeadMansHand+1","hermit:Snipe"],"picked":"SKIP","floor":41}],"player_experience":115416,"relics_obtained":[{"floor":7,"key":"REME_HandOfSuture"},{"floor":9,"key":"Regal Pillow"},{"floor":10,"key":"Juzu Bracelet"},{"floor":11,"key":"White Beast Statue"},{"floor":17,"key":"Dota2Spire:AssaultCuirass"},{"floor":17,"key":"Eternal Feather"},{"floor":17,"key":"Nunchaku"},{"floor":26,"key":"Question Card"},{"floor":28,"key":"Dota2Spire:AghanimScepter"}],"event_choices":[{"damage_healed":0,"gold_gain":0,"player_choice":"Searched \u00272\u0027 times","damage_taken":0,"max_hp_gain":0,"max_hp_loss":0,"event_name":"Dead Adventurer","floor":11,"gold_loss":0},{"cards_removed":["hermit:Vantage"],"damage_healed":0,"gold_gain":0,"player_choice":"Purged","damage_taken":0,"max_hp_gain":0,"max_hp_loss":0,"event_name":"Purifier","floor":13,"gold_loss":0},{"damage_healed":0,"gold_gain":0,"player_choice":"Read","damage_taken":0,"max_hp_gain":0,"max_hp_loss":0,"event_name":"The Library","floor":20,"gold_loss":0,"cards_obtained":["hermit:Gambit"]},{"damage_healed":0,"gold_gain":0,"player_choice":"Opened","damage_taken":0,"relics_obtained":["Dream Catcher"],"max_hp_gain":0,"max_hp_loss":0,"event_name":"The Mausoleum","floor":27,"gold_loss":0,"cards_obtained":["Writhe"]},{"damage_healed":0,"gold_gain":0,"player_choice":"Smashed Altar","damage_taken":0,"max_hp_gain":0,"max_hp_loss":0,"event_name":"Forgotten Altar","floor":30,"gold_loss":0,"cards_obtained":["Decay"]},{"cards_removed":["hermit:Defend_Hermit"],"damage_healed":0,"gold_gain":0,"player_choice":"Removed Skill","damage_taken":0,"max_hp_gain":0,"max_hp_loss":0,"event_name":"Falling","floor":36,"gold_loss":0},{"damage_healed":0,"gold_gain":0,"player_choice":"Upgraded Two","damage_taken":0,"max_hp_gain":0,"max_hp_loss":0,"event_name":"Designer","floor":38,"gold_loss":40,"cards_upgraded":["hermit:Spite","hermit:Strike_Hermit"]}],"is_beta":false,"boss_relics":[{"not_picked":["hermit:BartenderGlass","Tiny House"],"picked":"Calling Bell"},{"not_picked":["Sozu","Coffee Dripper"],"picked":"Dota2Spire:RefresherOrb"}],"items_purged_floors":[],"is_endless":false,"potions_floor_spawned":[2,3,7,12,16,18,21,22,24,28,31,33,35,39,41],"killed_by":"Maw","ascension_level":0}}