{"host":"1bmpebsu0h6jmm2g","time":1607957530,"event":{"mods":["BaseMod","Colored Map","DeckTracker","Highlight Path","Keyboard Shortcuts","Minty Spire (QoL Compilation)","Permanent Neow","Quick Restart","Random Character Button","Relic Stats","Slay the Relics Exporter","StSLib","SuperFastMode"],"gold_per_floor":[111,111,61,61,79,79,99,118,118,118,133,58,58,71,71,199,199,215,46,71,96,110,110,130,130,130,55,55,75,75,75],"floor_reached":30,"playtime":469,"items_purged":["Strike_B","Doom and Gloom"],"score":358,"play_id":"e506caa7-6cd9-40c4-8faa-b9787feb5404","local_time":"20201214235210","is_ascension_mode":true,"campfire_choices":[{"data":"Zap","floor":6.0,"key":"SMITH"},{"floor":10.0,"key":"REST"},{"data":"Chaos","floor":15,"key":"SMITH"},{"floor":23,"key":"REST"},{"data":"Loop","floor":25,"key":"SMITH"}],"circlet_count":0,"master_deck":["AscendersBane","Zap+1","Dualcast","Biased Cognition+1","Coolheaded","Loop+1","Compile Driver","Chaos+1","Sweeping Beam","Genetic Algorithm","Defragment","Cold Snap","Self Repair","Core Surge"],"relics":["Cracked Core","Golden Idol","Blue Candle","Nunchaku","Pandora\u0027s Box","Question Card"],"acts_visited":["Exordium","TheCity"],"potions_floor_usage":[16,29,30],"damage_taken":[{"damage":16.0,"enemies":"Small Slimes","floor":1.0,"turns":3.0},{"damage":9.0,"enemies":"2 Louse","floor":5.0,"turns":2.0},{"damage":7.0,"enemies":"Jaw Worm","floor":7.0,"turns":3.0},{"damage":9.0,"enemies":"Exordium Thugs","floor":8.0,"turns":3.0},{"damage":0.0,"enemies":"Blue Slaver","floor":11.0,"turns":2.0},{"damage":5,"enemies":"2 Fungi Beasts","floor":14,"turns":4},{"damage":15,"enemies":"The Guardian","floor":16,"turns":10},{"damage":6,"enemies":"Shell Parasite","floor":18,"turns":3},{"damage":6,"enemies":"Chosen","floor":20,"turns":4},{"damage":6,"enemies":"Centurion and Healer","floor":21,"turns":6},{"damage":42,"enemies":"Shelled Parasite and Fungi","floor":22,"turns":4},{"damage":12,"enemies":"Chosen and Byrds","floor":24,"turns":4},{"damage":22,"enemies":"Snake Plant","floor":29,"turns":3},{"damage":0,"enemies":"Shelled Parasite and Fungi","floor":30,"turns":1}],"seed_played":"-3992661880508469763","potions_obtained":[{"floor":7.0,"key":"Fire Potion"},{"floor":8.0,"key":"Block Potion"},{"floor":14,"key":"Explosive Potion"},{"floor":20,"key":"Swift Potion"},{"floor":21,"key":"Fire Potion"},{"floor":24,"key":"FocusPotion"}],"is_trial":false,"path_per_floor":["M","?","?","?","M","R","M","M","T","R","M","$","T","M","R","B",null,"M","$","M","M","M","R","M","R","T","?","?","M","M"],"character_chosen":"DEFECT","items_purchased":["Self Repair"],"campfire_rested":2,"item_purchase_floors":[19],"current_hp_per_floor":[34,34,34,34,25,25,18,9,9,29,29,29,29,24,24,9,54,48,48,49,50,15,35,30,30,30,30,30,8,8,8],"gold":75,"neow_bonus":"THREE_RARE_CARDS","is_daily":false,"chose_seed":false,"campfire_upgraded":3,"win_rate":0.0,"timestamp":1607957530,"path_taken":["M","?","?","?","?","R","M","M","T","R","M","$","?","M","R","BOSS","M","$","M","M","M","R","M","R","T","?","?","M","M"],"items_purchased_type":["Card"],"build_version":"2020-12-13","purchased_purges":2,"victory":false,"max_hp_per_floor":[75,69,69,69,69,69,69,69,69,69,69,69,69,69,69,69,69,69,69,69,69,69,69,69,69,69,69,69,69,69,69],"relic_stats":{"Nunchaku":[3],"counters":[14,52],"Golden Idol":71,"Blue Candle":[0],"Pandora\u0027s Box":["Sweeping Beam","Genetic Algorithm","Doom and Gloom","Defragment","Doom and Gloom","Cold Snap"],"Question Card":1,"obtain_stats":[{"Nunchaku":13,"Golden Idol":2,"Blue Candle":9,"Pandora\u0027s Box":17,"Cracked Core":0,"Question Card":26},{"Nunchaku":5,"Golden Idol":1,"Blue Candle":4,"Pandora\u0027s Box":7,"Cracked Core":0,"Question Card":12},{"Nunchaku":13,"Golden Idol":3,"Blue Candle":11,"Pandora\u0027s Box":27,"Cracked Core":0,"Question Card":48}]},"card_choices":[{"not_picked":["Reboot","Buffer"],"picked":"Biased Cognition","floor":0.0},{"not_picked":["Rebound","Compile Driver","Gash"],"picked":"SKIP","floor":1.0},{"not_picked":["Hologram","Static Discharge"],"picked":"Coolheaded","floor":5.0},{"not_picked":["Consume","Force Field"],"picked":"Loop","floor":7.0},{"not_picked":["Sweeping Beam","Rebound"],"picked":"Compile Driver","floor":8.0},{"not_picked":["Barrage","Auto Shields","FTL"],"picked":"SKIP","floor":11},{"not_picked":["Reprogram","Loop"],"picked":"Chaos","floor":14},{"not_picked":["Cold Snap","Consume","Melter"],"picked":"SKIP","floor":18},{"not_picked":["Gash","Beam Cell","Melter"],"picked":"SKIP","floor":20},{"not_picked":["Sweeping Beam+1","Leap","Storm+1"],"picked":"SKIP","floor":21},{"not_picked":["Rebound","Heatsinks","Gash"],"picked":"SKIP","floor":22},{"not_picked":["Barrage","Coolheaded","Conserve Battery+1"],"picked":"SKIP","floor":24},{"not_picked":["Ball Lightning","Streamline","Buffer","Conserve Battery+1"],"picked":"SKIP","floor":29}],"player_experience":473241,"relics_obtained":[{"floor":9.0,"key":"Blue Candle"},{"floor":13,"key":"Nunchaku"},{"floor":26,"key":"Question Card"}],"event_choices":[{"damage_healed":0.0,"max_hp_gain":0.0,"max_hp_loss":6.0,"gold_gain":0.0,"event_name":"Golden Idol","player_choice":"Lose Max HP","floor":2.0,"gold_loss":0.0,"damage_taken":0.0,"relics_obtained":["Golden Idol"]},{"cards_removed":["Strike_B"],"damage_healed":0.0,"max_hp_gain":0.0,"max_hp_loss":0.0,"gold_gain":0.0,"event_name":"The Cleric","player_choice":"Card Removal","floor":3.0,"gold_loss":50.0,"damage_taken":0.0},{"damage_healed":0.0,"max_hp_gain":0.0,"max_hp_loss":0.0,"gold_gain":0.0,"event_name":"Upgrade Shrine","player_choice":"Upgraded","floor":4.0,"gold_loss":0.0,"damage_taken":0.0,"cards_upgraded":["Biased Cognition"]},{"cards_removed":["Doom and Gloom"],"damage_healed":0,"gold_gain":0,"player_choice":"Gave Gold","damage_taken":0,"max_hp_gain":0,"max_hp_loss":0,"event_name":"Beggar","floor":27,"gold_loss":75},{"damage_healed":0,"gold_gain":0,"player_choice":"Read","damage_taken":0,"max_hp_gain":0,"max_hp_loss":0,"event_name":"The Library","floor":28,"gold_loss":0,"cards_obtained":["Core Surge"]}],"is_beta":false,"boss_relics":[{"not_picked":["Ectoplasm","Runic Dome"],"picked":"Pandora\u0027s Box"}],"items_purged_floors":[12,19],"is_endless":false,"potions_floor_spawned":[7,8,14,20,21,24],"killed_by":"Shelled Parasite and Fungi","ascension_level":12}}