{"host":"nukjzc0ca34w6eem","time":1607936626,"event":{"mods":["2.2 Compatiblity","AchievementEnabler","BaseMod","Colored Powertips","Downfall","Minty Spire (QoL Compilation)","StSLib"],"gold_per_floor":[99,99,199,199,199,199,199,199,199,227,239,239,68,68,86,185,185,185,185,185,61,86,86,86,86,106,137,152,37,37,37,53,148,148,148,159,159,159,178,193,193,228,228,228,312,321,321,345,361,361],"floor_reached":51,"playtime":3237,"items_purged":["champ:Strike","champ:Strike","champ:Defend"],"score":780,"play_id":"fac63856-529f-43b2-bd27-631e16abeb91","local_time":"20201214010346","is_ascension_mode":false,"campfire_choices":[{"data":"champ:Taunt","floor":1,"key":"SMITH"},{"data":"champ:FocusedGladiator","floor":8,"key":"SMITH"},{"data":"champ:VampiricStrike","floor":18,"key":"SMITH"},{"floor":23,"key":"DIG"},{"floor":35,"key":"DIG"},{"floor":37,"key":"DIG"},{"floor":38,"key":"DIG"},{"floor":44,"key":"DIG"}],"circlet_count":0,"master_deck":["champ:Strike","champ:Defend+1","champ:Defend","champ:Defend","champ:Execute","champ:Taunt+1","champ:FanOfKnives","champ:FocusedGladiator+1","champ:BladeFlurry","champ:Haymaker","champ:VampiricStrike+1","champ:VampiricStrike","champ:FaceSlap","champ:PerfectedStrike+1","champ:PreciseThrust","champ:RisingSlash","champ:FocusedBerserking","champ:HoldFirm+1","champ:IronFortress+1","champ:FlashCut+1","champ:BringItOn+1","expansioncontent:CaCaw","champ:PerfectedStrike+1"],"relics":["champ:ChampionCrown","downfall:HeartsMalice","downfall:ShatteredFragment","Guardian:PocketSentry","HornCleat","Anchor","champ:ChampionCrownUpgraded","Shovel","WingedGreaves","Pocketwatch","Blood Vial","Velvet Choker","Question Card","Dead Branch","Pantograph","Ornamental Fan","War Paint","CeramicFish","Oddly Smooth Stone","The Courier"],"acts_visited":["Exordium","TheCity","TheBeyond"],"potions_floor_usage":[22,33,33,42,50,50,50],"damage_taken":[{"damage":0,"enemies":"Small Slimes","floor":2,"turns":1},{"damage":0,"enemies":"Jaw Worm","floor":6,"turns":1},{"damage":0,"enemies":"Cultist","floor":9,"turns":1},{"damage":42,"enemies":"Lagavulin","floor":10,"turns":6},{"damage":3,"enemies":"Exordium Wildlife","floor":11,"turns":3},{"damage":5,"enemies":"downfall:FleeingMerchant","floor":13,"turns":4},{"damage":3,"enemies":"Large Slime","floor":15,"turns":4},{"damage":34,"enemies":"downfall:Ironclad","floor":16,"turns":6},{"damage":9,"enemies":"downfall:FleeingMerchant","floor":21,"turns":4},{"damage":26,"enemies":"Slavers","floor":22,"turns":4},{"damage":9,"enemies":"3 Byrds","floor":26,"turns":3},{"damage":12,"enemies":"Book of Stabbing","floor":27,"turns":3},{"damage":9,"enemies":"Shell Parasite","floor":28,"turns":2},{"damage":18,"enemies":"downfall:FleeingMerchant","floor":29,"turns":4},{"damage":12,"enemies":"3 Cultists","floor":32,"turns":3},{"damage":27,"enemies":"downfall:Defect","floor":33,"turns":6},{"damage":17,"enemies":"Orb Walker","floor":36,"turns":2},{"damage":23,"enemies":"3 Shapes","floor":39,"turns":3},{"damage":28,"enemies":"Transient","floor":40,"turns":5},{"damage":15,"enemies":"Reptomancer","floor":42,"turns":5},{"damage":6,"enemies":"downfall:FleeingMerchant","floor":45,"turns":2},{"damage":6,"enemies":"3 Darklings","floor":48,"turns":3},{"damage":16,"enemies":"Maw","floor":49,"turns":6},{"damage":17,"enemies":"downfall:Watcher","floor":50,"turns":6}],"seed_played":"-4751256022603215043","potions_obtained":[{"floor":15,"key":"CultistPotion"},{"floor":16,"key":"Block Potion"},{"floor":20,"key":"CultistPotion"},{"floor":27,"key":"Dexterity Potion"},{"floor":33,"key":"PowerPotion"},{"floor":36,"key":"SneckoOil"},{"floor":48,"key":"Energy Potion"},{"floor":49,"key":"SkillPotion"}],"is_trial":false,"path_per_floor":["R","M","?","?","?","M","T","R","M","E","M","T","$","?","M","B",null,"R","?","?","$","E","R","T","?","M","E","M","$","?","?","M","B",null,"R","M","R","R","M","M","T","E","?","R","$","?","T","M","M","B",null],"character_chosen":"THE_CHAMP","items_purchased":["Anchor","champ:FaceSlap","Oddly Smooth Stone"],"campfire_rested":0,"item_purchase_floors":[13,21,45],"current_hp_per_floor":[90,90,90,63,63,63,63,63,63,31,31,31,31,61,61,49,90,90,90,90,90,89,89,89,74,80,90,90,90,90,72,95,89,95,95,95,95,95,95,95,95,95,95,95,95,95,95,95,94,95],"gold":361,"neow_bonus":"THREE_ENEMY_KILL","is_daily":false,"chose_seed":false,"campfire_upgraded":3,"win_rate":0.0,"timestamp":1607936626,"path_taken":["R","M","?","?","?","M","T","R","M","E","?","?","$","?","M","BOSS","R","?","?","$","E","R","T","?","M","E","?","$","?","?","M","BOSS","R","M","R","R","M","M","T","E","?","R","$","?","?","M","M","BOSS"],"items_purchased_type":["Relic","Card","Relic"],"build_version":"2020-12-13","purchased_purges":3,"victory":true,"max_hp_per_floor":[90,90,90,90,90,90,90,90,90,90,90,90,90,90,90,90,90,90,90,90,90,90,90,90,90,90,90,90,90,90,95,95,95,95,95,95,95,95,95,95,95,95,95,95,95,95,95,95,95,95],"card_choices":[{"not_picked":["champ:GutPunch","champ:ViciousMockery"],"picked":"champ:FanOfKnives","floor":2},{"not_picked":["champ:PerfectedStrike","champ:GladiatorsShout"],"picked":"champ:FocusedGladiator","floor":6},{"not_picked":["champ:Backstep","champ:BerserkersShout"],"picked":"champ:BladeFlurry","floor":9},{"not_picked":["champ:SteelEdge","champ:Backstep","champ:Circumvent"],"picked":"SKIP","floor":10},{"not_picked":["champ:Encircle","champ:GladiatorsShout"],"picked":"champ:Haymaker","floor":11},{"not_picked":["champ:GladiatorsShout","champ:BerserkersShout","champ:ShieldWall"],"picked":"SKIP","floor":13},{"not_picked":["champ:BerserkersShout","champ:GladiatorsShout"],"picked":"champ:VampiricStrike","floor":15},{"not_picked":["champ:IgnorePain","champ:DancingMaster"],"picked":"champ:VampiricStrike","floor":16},{"not_picked":["champ:BerserkerStyle+1","champ:SkillfulDodge+1","champ:EnragedBash"],"picked":"SKIP","floor":21},{"not_picked":["champ:SteelEdge","champ:FocusedBerserking"],"picked":"champ:PerfectedStrike+1","floor":22},{"not_picked":["champ:TornadoPunch+1","champ:Backstep","champ:BerserkerStyle"],"picked":"SKIP","floor":26},{"not_picked":["champ:BerserkersShout","champ:AdrenalArmor"],"picked":"champ:PreciseThrust","floor":27},{"not_picked":["champ:PerfectedStrike","champ:BringItOn","champ:CrookedStrike"],"picked":"SKIP","floor":28},{"not_picked":["champ:BringItOn","champ:EnragedBash"],"picked":"champ:RisingSlash","floor":29},{"not_picked":["champ:BladeFlurry","champ:StanceDance+1"],"picked":"champ:FocusedBerserking","floor":32},{"not_picked":["champ:MurderStrike","champ:Devastate"],"picked":"champ:HoldFirm","floor":33},{"not_picked":["champ:GladiatorsShout","champ:StanceDance","champ:DefensiveShout","champ:Backstep+1"],"picked":"SKIP","floor":36},{"not_picked":["champ:Circumvent","champ:Backstep+1","champ:FlashCut"],"picked":"champ:IronFortress+1","floor":39},{"not_picked":["champ:DefensiveShout","champ:CrookedStrike","champ:Encircle+1","champ:BringItOn+1"],"picked":"SKIP","floor":40},{"not_picked":["champ:StanceDance+1","champ:BladeFlurry+1","champ:HoldFirm"],"picked":"champ:FlashCut+1","floor":42},{"not_picked":["champ:GutPunch","champ:BladeFlurry","champ:FalseCounter"],"picked":"champ:BringItOn+1","floor":45},{"not_picked":["expansioncontent:AwakenDeath","expansioncontent:DefensiveStance","expansioncontent:PolyBeam"],"picked":"expansioncontent:CaCaw","floor":46},{"not_picked":["champ:Circumvent+1","champ:BringItOn","champ:GladiatorsShout+1"],"picked":"champ:PerfectedStrike+1","floor":48},{"not_picked":["champ:BerserkersShout","champ:TornadoPunch","champ:FocusedBerserking","champ:PreciseThrust+1"],"picked":"SKIP","floor":49}],"player_experience":406327,"relics_obtained":[{"floor":7,"key":"Guardian:PocketSentry"},{"floor":10,"key":"HornCleat"},{"floor":22,"key":"Shovel"},{"floor":23,"key":"WingedGreaves"},{"floor":24,"key":"Pocketwatch"},{"floor":27,"key":"Blood Vial"},{"floor":35,"key":"Question Card"},{"floor":37,"key":"Dead Branch"},{"floor":38,"key":"Pantograph"},{"floor":41,"key":"Ornamental Fan"},{"floor":42,"key":"War Paint"},{"floor":44,"key":"CeramicFish"},{"floor":47,"key":"The Courier"}],"event_choices":[{"cards_removed":["champ:Strike"],"damage_healed":0,"gold_gain":0,"player_choice":"Offered Basic","damage_taken":0,"max_hp_gain":0,"max_hp_loss":0,"event_name":"Bonfire Elementals","floor":5,"gold_loss":0},{"damage_healed":30,"gold_gain":0,"player_choice":"Banana","damage_taken":0,"max_hp_gain":0,"max_hp_loss":0,"event_name":"Big Fish","floor":14,"gold_loss":0},{"damage_healed":0,"gold_gain":0,"player_choice":"Ignored","damage_taken":0,"max_hp_gain":0,"max_hp_loss":0,"event_name":"Ghosts","floor":19,"gold_loss":0}],"is_beta":false,"boss_relics":[{"not_picked":["Philosopher\u0027s Stone","Cursed Key"],"picked":"champ:ChampionCrownUpgraded"},{"not_picked":["Busted Crown","Pandora\u0027s Box"],"picked":"Velvet Choker"}],"items_purged_floors":[21,29,45],"is_endless":false,"potions_floor_spawned":[15,16,27,33,36,48,49],"ascension_level":0}}