{"host":"kqqjvufdj6ouyvqb","time":1607952568,"event":{"mods":["Act Like it!","BaseMod","Downfall","HololiveMod","LagranYue(拉格朗・月)","Lobotomy","LobotomyExtend","Minty Spire (QoL Compilation)","Prisma Mod","Quick Restart","Replay The Spire","Shop Mod","StSLib","The Construct","The Gatherer","WarShipGirlsR/战舰少女R mod","[IsaacMod]以撒尖塔"],"gold_per_floor":[99,111,36,36,53,53,78,3,53,87,102,125,154,303,325,332,332],"floor_reached":16,"playtime":857,"items_purged":[],"score":127,"play_id":"7f3f8677-7a23-4b82-8a12-18b91a8367a5","local_time":"20201214212928","is_ascension_mode":false,"campfire_choices":[{"floor":1,"key":"RECALL"},{"data":"Guardian:TwinSlam","floor":3,"key":"SMITH"},{"data":"Guardian:VentSteam","floor":8,"key":"SMITH"}],"circlet_count":0,"master_deck":["Guardian:Strike_Guardian","Guardian:Strike_Guardian","Guardian:Strike_Guardian","Guardian:Defend_Guardian","Guardian:Defend_Guardian","Guardian:Defend_Guardian","Guardian:CurlUp","Guardian:TwinSlam+1","Guardian:PrismaticBeam","Guardian:ExploitGems+1","Guardian:PrismaticBarrier","Guardian:Preprogram+1","Guardian:Reroute","Guardian:Gem_Cyan","Guardian:RollAttack"],"relics":["Guardian:ModeShifter","HushsDoor","SteamSale","LetterFromLob","downfall:HeartBlessingRed","Pen Nib","downfall:HeartBlessingBlue","Golden Egg","SalivaCoin","BookOfRevelations"],"acts_visited":["Exordium"],"potions_floor_usage":[9,10,14,14],"damage_taken":[{"damage":3,"enemies":"Small Slimes","floor":2,"turns":4},{"damage":5,"enemies":"Jaw Worm","floor":5,"turns":2},{"damage":23,"enemies":"Hiden Room Battle","floor":9,"turns":6},{"damage":5,"enemies":"Gremlin Nob","floor":10,"turns":3},{"damage":0,"enemies":"Cultist","floor":11,"turns":3},{"damage":10,"enemies":"Large Slime","floor":12,"turns":7},{"damage":6,"enemies":"Lots of Slimes","floor":13,"turns":4},{"damage":27,"enemies":"downfall:Heads","floor":14,"turns":8},{"damage":5,"enemies":"2 Fungi Beasts","floor":15,"turns":3},{"damage":4,"enemies":"downfall:Silent","floor":16,"turns":2}],"seed_played":"-7318186666996496799","potions_obtained":[{"floor":2,"key":"SteroidPotion"},{"floor":5,"key":"Explosive Potion"},{"floor":9,"key":"champ:CounterPotion"},{"floor":12,"key":"SteroidPotion"}],"is_trial":false,"path_per_floor":["R","M","R","?","M","?","T","R","?","E","M","M","M","?","M","B"],"character_chosen":"GUARDIAN","items_purchased":[],"campfire_rested":0,"item_purchase_floors":[],"current_hp_per_floor":[88,85,85,73,68,68,68,78,55,50,50,40,34,7,2,0,0],"gold":332,"neow_bonus":"TEN_PERCENT_HP_BONUS","is_daily":false,"chose_seed":false,"campfire_upgraded":2,"win_rate":0.0,"timestamp":1607952568,"path_taken":["R","M","R","?","?","?","T","R","?","E","M","M","M","?","M","BOSS"],"items_purchased_type":[],"build_version":"2020-12-13","purchased_purges":0,"victory":false,"max_hp_per_floor":[88,88,88,88,88,88,88,98,98,98,98,98,98,98,98,98,98],"card_choices":[{"not_picked":[],"picked":"Bomb","floor":0},{"not_picked":["Guardian:Reroute","Guardian:PiercingHide"],"picked":"Guardian:Gem_Lightblue","floor":2},{"not_picked":["Bomb","Guardian:Incinerate"],"picked":"Guardian:VentSteam","floor":5},{"not_picked":["Guardian:Gem_Orange","Guardian:Emergency"],"picked":"Guardian:PrismaticBeam","floor":9},{"not_picked":["Guardian:TemporalStrike","Guardian:ChargeCore"],"picked":"Guardian:ExploitGems","floor":10},{"not_picked":["Guardian:RollAttack","Guardian:PrimingBeam","Guardian:Planning"],"picked":"SKIP","floor":11},{"not_picked":["Guardian:CrystalBeam","Guardian:GuardianWhirl"],"picked":"Guardian:PrismaticBarrier","floor":12},{"not_picked":["Guardian:PrismaticBeam","Guardian:TemporalShield"],"picked":"Guardian:Preprogram","floor":13},{"not_picked":["Guardian:PrimingBeam","Guardian:PiercingHide"],"picked":"Guardian:Gem_Cyan","floor":14},{"not_picked":["Guardian:Reroute","Guardian:SphericShield"],"picked":"Guardian:RollAttack","floor":15}],"player_experience":197794,"relics_obtained":[{"floor":2,"key":"LetterFromLob"},{"floor":9,"key":"Golden Egg"},{"floor":9,"key":"SalivaCoin"},{"floor":10,"key":"BookOfRevelations"}],"event_choices":[{"damage_healed":0,"gold_gain":0,"player_choice":"Success","damage_taken":12,"relics_obtained":["Pen Nib"],"max_hp_gain":0,"max_hp_loss":0,"event_name":"Scrap Ooze","floor":4,"gold_loss":0},{"damage_healed":0,"gold_gain":0,"player_choice":"Fight","damage_taken":0,"max_hp_gain":0,"max_hp_loss":0,"event_name":"HidenRoomEvent","floor":9,"gold_loss":0}],"is_beta":false,"boss_relics":[],"items_purged_floors":[],"is_endless":false,"potions_floor_spawned":[2,5,9,12],"killed_by":"downfall:Silent","ascension_level":0}}