{"host":"wm27kh5mr07tedef","time":1607981212,"event":{"mods":["BaseMod","Downfall","Marisa????????","Minty Spire (QoL Compilation)","READ ME - Guardian Mod","Replay The Spire","StSLib","The Animator","The Bug Knight","The Cursed","The Disciple","The Hierophant","The Servant 0.9.4"],"gold_per_floor":[111,111,128,147,147,97,124,150,174,124,124,124,74,110,136,169,119,247,274,306,306,315,352,92,42,73,109,133,133,22,26,26],"floor_reached":31,"playtime":2142,"items_purged":[],"score":253,"play_id":"508c68d1-ab44-4c89-a840-520a85af8eea","local_time":"20201214222652","is_ascension_mode":false,"campfire_choices":[{"data":"Slimebound:CorrosiveSpit","floor":6.0,"key":"SMITH"},{"data":"Slimebound:Split","floor":10.0,"key":"SMITH"},{"floor":13.0,"key":"RECALL"},{"data":"Slimebound:DivideAndConquer","floor":17.0,"key":"SMITH"},{"data":"Slimebound:SuperSplit","floor":25.0,"key":"SMITH"}],"circlet_count":0,"master_deck":["Slimebound:Strike_Slimebound+1","Slimebound:Strike_Slimebound+1","Slimebound:Strike_Slimebound+1","Slimebound:Tackle","Slimebound:Defend_Slimebound+1","Slimebound:Defend_Slimebound+1","Slimebound:Defend_Slimebound+1","Slimebound:Defend_Slimebound+1","Slimebound:Split+1","Slimebound:CorrosiveSpit+1","Slimebound:Prepare","Slimebound:SlimeTap","Slimebound:SplitMire","Madness","Slimebound:AcidTongue","Slimebound:MegaLick","Slimebound:DivideAndConquer+1","Madness+1","CommonCold","CommonCold","Replay:Sluggish","Slimebound:LeechingTouch","Pain","Slimebound:SamplingLick","Midas Touch+1","Replay:Bootleg Shield Generator","Slimebound:FirmFortitude","Slimebound:ViciousTackle","HandOfGreed+1"],"relics":["Slimebound:AbsorbEndCombat","NeowsBlessing","Slimebound:GreedOozeRelic","CeramicFish","Blue Doll","Replay:Bandana","Replay:Ancient Bell","Replay:Wax Seal","White Beast Statue","Ice Cream","WarpedTongs","Singing Bowl","Tiny Chest","Lantern"],"acts_visited":[],"potions_floor_usage":[27,27,27],"damage_taken":[{"damage":3.0,"enemies":"Jaw Worm","floor":1.0,"turns":1.0},{"damage":3.0,"enemies":"Cultist","floor":3.0,"turns":1.0},{"damage":3.0,"enemies":"Small Slimes","floor":4.0,"turns":1.0},{"damage":16.0,"enemies":"Blue Slaver","floor":8.0,"turns":3.0},{"damage":29.0,"enemies":"3 Sentries","floor":14.0,"turns":8.0},{"damage":23.0,"enemies":"Red Slaver","floor":15.0,"turns":3.0},{"damage":15.0,"enemies":"Exordium Thugs","floor":16.0,"turns":4.0},{"damage":29.0,"enemies":"Slime Boss","floor":18.0,"turns":7.0},{"damage":41.0,"enemies":"Shell Parasite","floor":20.0,"turns":5.0},{"damage":42.0,"enemies":"2 Thieves","floor":23.0,"turns":3.0},{"damage":22,"enemies":"Snake Plant","floor":26,"turns":4},{"damage":30,"enemies":"Replay:Snechameleon","floor":27,"turns":4},{"damage":17,"enemies":"Colosseum Slavers","floor":31,"turns":1}],"seed_played":"-3031539910300649015","potions_obtained":[{"floor":1.0,"key":"Strength Potion"},{"floor":4.0,"key":"PowerPotion"},{"floor":8.0,"key":"Swift Potion"},{"floor":16.0,"key":"ColorlessPotion"},{"floor":20.0,"key":"Venom Potion"},{"floor":23.0,"key":"LiquidBronze"},{"floor":27,"key":"EssenceOfSteel"}],"is_trial":false,"path_per_floor":["M","?","M","M","?","R","T","M","T","R","PTL","PTL","R","E","M","M","R","B",null,"M","?","?","M","$","R","M","E","T","T","$","?"],"character_chosen":"SLIMEBOUND","items_purchased":["Midas Touch+1","Replay:Bootleg Shield Generator","Slimebound:FirmFortitude","HandOfGreed+1"],"campfire_rested":0,"item_purchase_floors":[24,24,24,30],"current_hp_per_floor":[70,63,63,63,63,63,63,59,59,59,59,59,59,50,40,38,38,32,70,46,46,46,31,31,31,25,17,17,17,17,0,0],"gold":26,"neow_bonus":"THREE_ENEMY_KILL","is_daily":false,"chose_seed":false,"campfire_upgraded":4,"win_rate":0.0,"timestamp":1607981212,"path_taken":["M","?","?","M","?","R","?","?","T","R","PTL","PTL","R","E","M","M","R","BOSS","M","?","?","M","$","R","?","E","T","?","?","?"],"items_purchased_type":["Card","Card","Card","Card"],"build_version":"2020-12-13","purchased_purges":0,"victory":false,"max_hp_per_floor":[70,70,70,70,70,70,70,70,70,70,70,70,70,70,70,70,70,70,70,70,70,70,70,70,70,70,72,72,72,72,72,72],"card_choices":[{"not_picked":["Slimebound:LevelUp","Slimebound:LeechEnergy"],"picked":"Slimebound:Prepare","floor":1.0},{"not_picked":["Slimebound:LeechEnergy","Slimebound:ComboTackle"],"picked":"Slimebound:SlimeTap","floor":3.0},{"not_picked":["Slimebound:PressTheAttack","Slimebound:LeechEnergy"],"picked":"Slimebound:SplitMire","floor":4.0},{"not_picked":["Slimebound:SplitMire","Slimebound:DisruptingSlam"],"picked":"Slimebound:PoisonLick","floor":8.0},{"not_picked":["Slimebound:GoopSpray","Slimebound:GrowthPunch"],"picked":"Slimebound:AcidTongue","floor":14.0},{"not_picked":["Slimebound:ViciousTackle","Slimebound:FormOfPuddle"],"picked":"Slimebound:MegaLick","floor":15.0},{"not_picked":["Slimebound:SplitBruiser","Slimebound:SlimeTap"],"picked":"Slimebound:DivideAndConquer","floor":16.0},{"not_picked":["Slimebound:DuplicatedForm","Slimebound:SlimeBrawl"],"picked":"Slimebound:SuperSplit","floor":18.0},{"not_picked":["Wraith","SwitchThreat"],"picked":"CommonCold","floor":19.0},{"not_picked":["animator:Curse_Greed","Wraith"],"picked":"CommonCold","floor":19.0},{"not_picked":["Shame","CurseOfTheBell"],"picked":"Replay:Sluggish","floor":19.0},{"not_picked":["Slimebound:Replication","Slimebound:ComboTackle"],"picked":"Slimebound:LeechingTouch","floor":20.0},{"not_picked":["Slimebound:PoisonLick","Slimebound:ServeAndProtect"],"picked":"Slimebound:SamplingLick","floor":23.0},{"not_picked":["Slimebound:LeadByExample","Slimebound:SlimeBrawl"],"picked":"Slimebound:ViciousTackle","floor":26},{"not_picked":["Slimebound:RollThrough","Slimebound:SlimeSlap","Slimebound:SplitAcid"],"picked":"Singing Bowl","floor":27}],"player_experience":344081,"relics_obtained":[{"floor":7.0,"key":"CeramicFish"},{"floor":9.0,"key":"Blue Doll"},{"floor":14.0,"key":"Replay:Bandana"},{"floor":27,"key":"Singing Bowl"},{"floor":28,"key":"Tiny Chest"},{"floor":29,"key":"Lantern"}],"event_choices":[{"damage_healed":0.0,"max_hp_gain":0.0,"max_hp_loss":0.0,"gold_gain":0.0,"event_name":"Wheel of Change","player_choice":"Damaged","floor":2.0,"gold_loss":0.0,"damage_taken":7.0},{"damage_healed":0.0,"max_hp_gain":0.0,"max_hp_loss":0.0,"gold_gain":0.0,"event_name":"Back to Basics","player_choice":"Simplicity","floor":21.0,"gold_loss":0.0,"damage_taken":0.0,"cards_upgraded":["Slimebound:Strike_Slimebound","Slimebound:Strike_Slimebound","Slimebound:Strike_Slimebound","Slimebound:Defend_Slimebound","Slimebound:Defend_Slimebound","Slimebound:Defend_Slimebound","Slimebound:Defend_Slimebound"]},{"damage_healed":0.0,"max_hp_gain":0.0,"max_hp_loss":0.0,"gold_gain":0.0,"event_name":"Accursed Blacksmith","player_choice":"Rummage","floor":22.0,"gold_loss":0.0,"damage_taken":0.0,"relics_obtained":["WarpedTongs"],"cards_obtained":["Pain"]},{"damage_healed":0,"gold_gain":0,"player_choice":"Fight","damage_taken":0,"max_hp_gain":0,"max_hp_loss":0,"event_name":"Colosseum","floor":31,"gold_loss":0}],"is_beta":false,"boss_relics":[{"not_picked":["Fusion Hammer","Cursed Key"],"picked":"Replay:Ancient Bell"},{"not_picked":["Bag of Marbles","Centennial Puzzle"],"picked":"Replay:Wax Seal"},{"not_picked":["Letter Opener","Iron Hammer"],"picked":"White Beast Statue"},{"not_picked":["Counterbalance","Replay:Arrowhead"],"picked":"Ice Cream"}],"items_purged_floors":[],"is_endless":false,"potions_floor_spawned":[1,4,8,16,20,23,26,27],"killed_by":"Colosseum Slavers","ascension_level":0}}