{"host":"en3i0mvpfa3c1sbz","time":1607942518,"event":{"mods":["BaseMod","BetterRewards","Dota2Spire","Downfall","GifTheSpireLib","Hubris","Infinite Spire","Marisa£®ÏF”Í°°ƒß¿Ì…≥£©","Minty Spire (QoL Compilation)","Replay The Spire","Shop Mod","StSLib","Stuff the Spire","The Administrix","The Factory","The Jungle"],"gold_per_floor":[99,110,121,132,132,146,146,146,146,172,191,207,45,60,80,177,177,177,177,177,177,177,208,208,208,208],"floor_reached":25,"playtime":2040,"items_purged":[],"score":271,"play_id":"57508cf8-5d4c-47e7-a3f6-49e3f9e088e4","local_time":"20201214184158","is_ascension_mode":false,"campfire_choices":[{"floor":9.0,"key":"RECALL"},{"data":"sneckomod:UnknownRareSkill","floor":18.0,"key":"SMITH"},{"data":"sneckomod:Unknown3Cost","floor":22.0,"key":"SMITH"}],"circlet_count":0,"master_deck":["sneckomod:Strike","sneckomod:Strike","sneckomod:Strike","sneckomod:Defend","sneckomod:Defend","sneckomod:Defend","sneckomod:TailWhip","sneckomod:SnekBite","sneckomod:Unknown","sneckomod:Unknown","sneckomod:UnknownBlock","sneckomod:Unknown0Cost","sneckomod:UnknownClassBLESSING+1","sneckomod:Unknown2Cost","sneckomod:UnknownStrike","sneckomod:Restock","sneckomod:Unknown1Cost","sneckomod:Nope","sneckomod:DiceBlock","sneckomod:Unknown3Cost+1","sneckomod:UnknownRareSkill+1","hexamod:Haunted","Doubt","Decay","sneckomod:DiceBlock","sneckomod:UnknownRareAttack"],"relics":["sneckomod:SneckoSoul","Dota2Spire:CrimsonGuard","hubris:AstralHammer","Potion Belt","Replay:Ancient Bell","Dota2Spire:PhaseBoots","Dota2Spire:MonkeyKingBar","Dota2Spire:Satanic","theJungle:WildStrawberry","hubris:Towel","Quantum Egg","hubris:DisguiseKit"],"acts_visited":["Exordium","Exordium"],"potions_floor_usage":[23,23],"damage_taken":[{"damage":2.0,"enemies":"2 Louse","floor":2.0,"turns":2.0},{"damage":1.0,"enemies":"Cultist","floor":3.0,"turns":3.0},{"damage":1.0,"enemies":"Jaw Worm","floor":4.0,"turns":3.0},{"damage":0.0,"enemies":"2 Fungi Beasts","floor":6.0,"turns":3.0},{"damage":33.0,"enemies":"Gremlin Nob","floor":10.0,"turns":5.0},{"damage":13.0,"enemies":"Exordium Thugs","floor":11.0,"turns":4.0},{"damage":2.0,"enemies":"2 Fungi Beasts","floor":12.0,"turns":4.0},{"damage":0.0,"enemies":"downfall:FleeingMerchant","floor":13.0,"turns":5.0},{"damage":7.0,"enemies":"Blue Slaver","floor":14.0,"turns":4.0},{"damage":0.0,"enemies":"Large Slime","floor":15.0,"turns":3.0},{"damage":22.0,"enemies":"downfall:Ironclad","floor":16.0,"turns":10.0},{"damage":18,"enemies":"Nightmare","floor":23,"turns":7},{"damage":30,"enemies":"theJungle:Flameango_and_Byrd","floor":25,"turns":4}],"seed_played":"-5426572364237507204","potions_obtained":[{"floor":1.0,"key":"Fire Potion"},{"floor":1.0,"key":"Block Potion"},{"floor":2.0,"key":"LiquidBronze"},{"floor":5.0,"key":"Dota2Spire:HealingSalve"},{"floor":5.0,"key":"DuplicationPotion"},{"floor":12.0,"key":"Doom Potion"},{"floor":14.0,"key":"Block Potion"},{"floor":15.0,"key":"DuplicationPotion"}],"is_trial":false,"path_per_floor":["R","M","M","M","?","M","T","?","R","E","M","M","$","M","M","B",null,"R","?","?","?","R","NM","T","M"],"character_chosen":"THE_SNECKO","items_purchased":["Potion Belt"],"campfire_rested":0,"item_purchase_floors":[13],"current_hp_per_floor":[99,98,98,98,98,99,99,99,99,67,54,53,68,69,70,49,107,107,107,100,100,100,83,83,53,53],"gold":208,"neow_bonus":"TEN_PERCENT_HP_BONUS","is_daily":false,"chose_seed":false,"campfire_upgraded":2,"win_rate":0.0,"timestamp":1607942518,"path_taken":["R","M","M","M","?","?","T","?","R","E","M","M","$","M","M","BOSS","R","?","?","?","R","NM","T","M"],"items_purchased_type":["Relic"],"build_version":"2020-12-13","purchased_purges":0,"victory":false,"max_hp_per_floor":[99,100,101,102,102,103,103,103,103,104,104,105,105,105,106,107,107,107,107,114,114,114,115,115,115,115],"card_choices":[{"not_picked":["sneckomod:SoulDraw","sneckomod:QuickBite"],"picked":"sneckomod:UnknownBlock","floor":2.0},{"not_picked":["sneckomod:Nope","sneckomod:IronFang"],"picked":"sneckomod:Unknown0Cost","floor":3.0},{"not_picked":["sneckomod:UnknownCommonSkill","sneckomod:RainOfDice"],"picked":"sneckomod:UnknownClassBLESSING","floor":4.0},{"not_picked":["sneckomod:UnknownX","sneckomod:QuickMove"],"picked":"sneckomod:Unknown2Cost","floor":6.0},{"not_picked":["sneckomod:RainOfDice","sneckomod:QuickMove"],"picked":"sneckomod:UnknownStrike","floor":10.0},{"not_picked":["sneckomod:UnknownExhaust","sneckomod:UnknownWeak"],"picked":"sneckomod:Restock","floor":11.0},{"not_picked":["sneckomod:QuickBite","sneckomod:SoulRoll"],"picked":"sneckomod:Unknown1Cost","floor":12.0},{"not_picked":["sneckomod:IronFang","sneckomod:SoulRoll"],"picked":"sneckomod:Nope","floor":13.0},{"not_picked":["sneckomod:SoulRoll","sneckomod:UnknownStrike"],"picked":"sneckomod:DiceBlock","floor":14.0},{"not_picked":["sneckomod:Nope","sneckomod:RainOfDice"],"picked":"sneckomod:Unknown3Cost","floor":15.0},{"not_picked":["sneckomod:Mudshield","sneckomod:SoulExchange"],"picked":"sneckomod:UnknownRareSkill","floor":16.0},{"not_picked":["Languid","hubris:Lust"],"picked":"hexamod:Haunted","floor":17.0},{"not_picked":["Replay:Sluggish","StuffTheSpire:GnomedCurse"],"picked":"Doubt","floor":17.0},{"not_picked":["Replay:Hysterical Blindness","hubris:Lust"],"picked":"Decay","floor":17.0},{"not_picked":["sneckomod:UnknownClassRED+1","sneckomod:SoulDraw"],"picked":"sneckomod:UnknownRareAttack","floor":23}],"player_experience":279450,"relics_obtained":[{"floor":7.0,"key":"Dota2Spire:CrimsonGuard"},{"floor":10.0,"key":"hubris:AstralHammer"},{"floor":23,"key":"Quantum Egg"},{"floor":24,"key":"hubris:DisguiseKit"}],"event_choices":[{"damage_healed":0.0,"max_hp_gain":0.0,"max_hp_loss":0.0,"gold_gain":0.0,"event_name":"Lab","player_choice":"Got Potions","floor":5.0,"gold_loss":0.0,"damage_taken":0.0},{"damage_healed":0.0,"max_hp_gain":0.0,"max_hp_loss":0.0,"gold_gain":0.0,"event_name":"Upgrade Shrine","player_choice":"Upgraded","floor":8.0,"gold_loss":0.0,"damage_taken":0.0,"cards_upgraded":["sneckomod:UnknownClassBLESSING"]}],"is_beta":false,"boss_relics":[{"not_picked":["Replay:Wanted Poster","hubris:BlackHole"],"picked":"Replay:Ancient Bell"},{"not_picked":["Dream Catcher","Dota2Spire:LotusOrb"],"picked":"Dota2Spire:PhaseBoots"},{"not_picked":["hubris:MysteriousPyramids","Replay:Accelerometer"],"picked":"Dota2Spire:MonkeyKingBar"},{"not_picked":["infinitespire:Golems Mask","hubris:Teleporter"],"picked":"Dota2Spire:Satanic"}],"items_purged_floors":[],"is_endless":true,"potions_floor_spawned":[2,10,12,14,15],"killed_by":"theJungle:Flameango_and_Byrd","ascension_level":0}}