{"host":"hjw1ay65n7jm40lc","time":1607904474,"event":{"mods":["AchievementEnabler","BaseMod","Colored Map","Colored Powertips","Googly Eyes","Highlight Path","Minty Spire (QoL Compilation)","Quick Restart","Relic Stats"],"gold_per_floor":[117,137,147,127,137,167,167,198,198,24,41,41,57,57,57],"floor_reached":14,"playtime":850,"items_purged":[],"score":179,"play_id":"b53bb94b-0c76-48db-b81b-0fbb52d23d66","local_time":"20201213190754","is_ascension_mode":true,"campfire_choices":[{"data":"Metallicize","floor":7,"key":"SMITH"},{"floor":12,"key":"REST"}],"circlet_count":0,"master_deck":["AscendersBane","Strike_R","Strike_R","Strike_R","Strike_R","Strike_R","Defend_R","Defend_R","Defend_R","Defend_R","Bash","Rampage","Hemokinesis","Metallicize+1","Hemokinesis","Flame Barrier","Demon Form"],"relics":["Burning Blood","Omamori","Paper Frog","Charon\u0027s Ashes"],"acts_visited":["Exordium"],"potions_floor_usage":[6,8],"damage_taken":[{"damage":6,"enemies":"Jaw Worm","floor":1,"turns":4},{"damage":10,"enemies":"Cultist","floor":2,"turns":5},{"damage":4,"enemies":"2 Louse","floor":3,"turns":3},{"damage":9,"enemies":"Red Slaver","floor":5,"turns":3},{"damage":12,"enemies":"Gremlin Nob","floor":6,"turns":3},{"damage":28,"enemies":"Lagavulin","floor":8,"turns":8},{"damage":24,"enemies":"Lots of Slimes","floor":11,"turns":3},{"damage":9,"enemies":"3 Louse","floor":13,"turns":3},{"damage":38,"enemies":"3 Sentries","floor":14,"turns":6}],"seed_played":"-1091553521407896911","potions_obtained":[{"floor":3,"key":"SteroidPotion"},{"floor":4,"key":"SpeedPotion"},{"floor":8,"key":"BloodPotion"},{"floor":13,"key":"Weak Potion"}],"is_trial":false,"path_per_floor":["M","M","M","?","M","E","R","E","T","$","M","R","M","E"],"character_chosen":"IRONCLAD","items_purchased":["Flame Barrier","Demon Form"],"campfire_rested":1,"item_purchase_floors":[10,10],"current_hp_per_floor":[64,60,62,62,59,53,53,31,31,31,13,39,36,0,0],"gold":57,"neow_bonus":"TWENTY_PERCENT_HP_BONUS","is_daily":false,"chose_seed":false,"campfire_upgraded":1,"win_rate":0.0,"timestamp":1607904474,"path_taken":["M","M","M","?","M","E","R","E","T","$","?","R","M","E"],"items_purchased_type":["Card","Card"],"build_version":"2020-11-30","purchased_purges":0,"victory":false,"max_hp_per_floor":[89,89,89,89,89,89,89,89,89,89,89,89,89,89,89],"relic_stats":{"counters":[9,38],"Charon\u0027s Ashes":[69],"obtain_stats":[{"Charon\u0027s Ashes":9,"Omamori":6,"Burning Blood":0,"Paper Frog":8},{"Charon\u0027s Ashes":6,"Omamori":5,"Burning Blood":0,"Paper Frog":6},{"Charon\u0027s Ashes":26,"Omamori":18,"Burning Blood":0,"Paper Frog":26}],"Burning Blood":48},"card_choices":[{"not_picked":["Havoc","Battle Trance"],"picked":"Rampage","floor":1},{"not_picked":["Rupture","Body Slam"],"picked":"Hemokinesis","floor":2},{"not_picked":["Body Slam","Spot Weakness"],"picked":"Metallicize","floor":3},{"not_picked":["Havoc","Heavy Blade"],"picked":"Hemokinesis","floor":5},{"not_picked":["Sever Soul","Pommel Strike","Twin Strike"],"picked":"SKIP","floor":6},{"not_picked":["Perfected Strike","Sword Boomerang","Iron Wave"],"picked":"SKIP","floor":8},{"not_picked":["Perfected Strike","Sword Boomerang","Iron Wave"],"picked":"SKIP","floor":8},{"not_picked":["Thunderclap","Flex","Iron Wave"],"picked":"SKIP","floor":11},{"not_picked":["Intimidate","Perfected Strike","Body Slam"],"picked":"SKIP","floor":13}],"player_experience":205249,"relics_obtained":[{"floor":6,"key":"Omamori"},{"floor":8,"key":"Paper Frog"},{"floor":9,"key":"Charon\u0027s Ashes"}],"event_choices":[{"damage_healed":0,"gold_gain":0,"player_choice":"Bought 1 Potion","damage_taken":0,"max_hp_gain":0,"max_hp_loss":0,"event_name":"The Woman in Blue","floor":4,"gold_loss":0}],"is_beta":false,"boss_relics":[],"items_purged_floors":[],"is_endless":false,"potions_floor_spawned":[3,8,13],"killed_by":"3 Sentries","ascension_level":15}}