{"host":"wha9hktbkslqvblg","time":1607942300,"event":{"mods":["BaseMod","Colored Map","Minty Spire (QoL Compilation)","Relic Stats","SuperFastMode","everything is the same but u backflip on backflip"],"gold_per_floor":[118,118,118,132,13,47,66,97,124,24,24,24,60,60,60,156,156,175,225,225,249,265,265,281,294,294,294,294],"floor_reached":27,"playtime":592,"items_purged":["Strike_R","Strike_R"],"score":512,"play_id":"0adb2755-e2fe-49ad-8071-cec5f5504ecd","local_time":"20201214193820","is_ascension_mode":true,"campfire_choices":[{"data":"Hemokinesis","floor":12,"key":"SMITH"},{"floor":15,"key":"REST"},{"floor":23,"key":"REST"}],"circlet_count":0,"master_deck":["AscendersBane","Defend_R","Defend_R","Defend_R","Defend_R","Bash","Power Through","Inflame+1","Sword Boomerang","Hemokinesis+1","Double Tap+1","Feed","Pommel Strike","Limit Break","Flex","Dual Wield"],"relics":["Burning Blood","NeowsBlessing","Lantern","Regal Pillow","Ancient Tea Set","Golden Idol","Mummified Hand","Empty Cage","Shovel","Bag of Preparation"],"acts_visited":["Exordium","TheCity"],"potions_floor_usage":[18,21,22,22,27],"damage_taken":[{"damage":0,"enemies":"Cultist","floor":1,"turns":1},{"damage":0,"enemies":"Small Slimes","floor":4,"turns":1},{"damage":0,"enemies":"Lagavulin","floor":6,"turns":1},{"damage":2,"enemies":"2 Louse","floor":7,"turns":2},{"damage":37,"enemies":"3 Sentries","floor":8,"turns":8},{"damage":24,"enemies":"Lagavulin","floor":13,"turns":6},{"damage":31,"enemies":"Slime Boss","floor":16,"turns":9},{"damage":72,"enemies":"3 Byrds","floor":18,"turns":7},{"damage":0,"enemies":"Spheric Guardian","floor":21,"turns":2},{"damage":21,"enemies":"Shelled Parasite and Fungi","floor":22,"turns":5},{"damage":13,"enemies":"Sentry and Sphere","floor":24,"turns":3},{"damage":11,"enemies":"Cultist and Chosen","floor":25,"turns":7},{"damage":28,"enemies":"Snecko","floor":27,"turns":5}],"seed_played":"124111245720440993","potions_obtained":[{"floor":7,"key":"BloodPotion"},{"floor":8,"key":"Dexterity Potion"},{"floor":18,"key":"EntropicBrew"},{"floor":21,"key":"Fire Potion"},{"floor":25,"key":"DistilledChaos"}],"is_trial":false,"path_per_floor":["M","?","?","M","$","E","M","E","T","$","?","R","E","?","R","B",null,"M","?","?","M","M","R","M","M","T","M"],"character_chosen":"IRONCLAD","items_purchased":["Hemokinesis"],"campfire_rested":2,"item_purchase_floors":[5],"current_hp_per_floor":[74,79,79,80,80,80,80,49,49,49,49,49,34,11,48,26,65,17,17,17,23,11,51,44,42,42,14,14],"gold":294,"neow_bonus":"THREE_ENEMY_KILL","is_daily":false,"chose_seed":false,"campfire_upgraded":1,"win_rate":0.0,"timestamp":1607942300,"path_taken":["M","?","?","M","$","E","?","E","T","?","?","R","E","?","R","BOSS","M","?","?","?","M","R","M","M","T","M"],"items_purchased_type":["Card"],"build_version":"2020-12-13","purchased_purges":2,"victory":false,"max_hp_per_floor":[75,80,80,80,80,80,80,80,80,80,72,72,75,75,75,78,78,81,81,81,81,84,84,84,87,87,87,87],"relic_stats":{"Regal Pillow":30,"Shovel":0,"counters":[13,57],"Golden Idol":44,"Mummified Hand":[8],"Bag of Preparation":[2],"obtain_stats":[{"Lantern":6,"Regal Pillow":8,"Shovel":20,"NeowsBlessing":0,"Golden Idol":11,"Mummified Hand":13,"Bag of Preparation":26,"Ancient Tea Set":9,"Empty Cage":17,"Burning Blood":0},{"Lantern":3,"Regal Pillow":5,"Shovel":8,"NeowsBlessing":0,"Golden Idol":5,"Mummified Hand":6,"Bag of Preparation":12,"Ancient Tea Set":5,"Empty Cage":7,"Burning Blood":0},{"Lantern":3,"Regal Pillow":13,"Shovel":35,"NeowsBlessing":0,"Golden Idol":13,"Mummified Hand":19,"Bag of Preparation":52,"Ancient Tea Set":13,"Empty Cage":28,"Burning Blood":0}],"Burning Blood":57},"card_choices":[{"not_picked":["Armaments","Clothesline"],"picked":"Power Through","floor":1},{"not_picked":["Ghostly Armor","Havoc"],"picked":"Sword Boomerang","floor":4},{"not_picked":["Reckless Charge","Clash"],"picked":"Double Tap","floor":6},{"not_picked":["Headbutt","Disarm","Warcry"],"picked":"SKIP","floor":7},{"not_picked":["Body Slam","Clothesline"],"picked":"Feed","floor":8},{"not_picked":["Anger","Headbutt"],"picked":"Pommel Strike","floor":13},{"not_picked":["Juggernaut","Corruption"],"picked":"Limit Break","floor":16},{"not_picked":["Body Slam","Armaments"],"picked":"Flex","floor":18},{"not_picked":["Pummel","Flex","Pommel Strike"],"picked":"SKIP","floor":21},{"not_picked":["Carnage+1","Iron Wave","Hemokinesis+1"],"picked":"SKIP","floor":22},{"not_picked":["True Grit","Anger","Uppercut"],"picked":"SKIP","floor":24},{"not_picked":["Clothesline","Twin Strike"],"picked":"Dual Wield","floor":25}],"player_experience":839957,"relics_obtained":[{"floor":6,"key":"Lantern"},{"floor":8,"key":"Regal Pillow"},{"floor":9,"key":"Ancient Tea Set"},{"floor":13,"key":"Mummified Hand"},{"floor":26,"key":"Bag of Preparation"}],"event_choices":[{"damage_healed":0,"gold_gain":0,"player_choice":"Donut","damage_taken":0,"max_hp_gain":5,"max_hp_loss":0,"event_name":"Big Fish","floor":2,"gold_loss":0},{"damage_healed":0,"gold_gain":0,"cards_transformed":["Strike_R"],"player_choice":"Transformed","damage_taken":0,"max_hp_gain":0,"max_hp_loss":0,"event_name":"Transmorgrifier","floor":3,"gold_loss":0,"cards_obtained":["Inflame"]},{"damage_healed":0,"gold_gain":0,"player_choice":"Lose Max HP","damage_taken":0,"relics_obtained":["Golden Idol"],"max_hp_gain":0,"max_hp_loss":8,"event_name":"Golden Idol","floor":11,"gold_loss":0},{"damage_healed":0,"gold_gain":0,"player_choice":"Entered Light","damage_taken":23,"max_hp_gain":0,"max_hp_loss":0,"event_name":"Shining Light","floor":14,"gold_loss":0,"cards_upgraded":["Inflame","Double Tap"]},{"damage_healed":0,"gold_gain":50,"player_choice":"Stole From Cult","damage_taken":0,"max_hp_gain":0,"max_hp_loss":0,"event_name":"Nest","floor":19,"gold_loss":0},{"damage_healed":0,"gold_gain":0,"player_choice":"Gave Potion","damage_taken":0,"relics_obtained":["Shovel"],"max_hp_gain":0,"max_hp_loss":0,"event_name":"WeMeetAgain","floor":20,"gold_loss":0}],"is_beta":false,"boss_relics":[{"not_picked":["Runic Pyramid","Ectoplasm"],"picked":"Empty Cage"}],"items_purged_floors":[5,10],"is_endless":false,"potions_floor_spawned":[7,8,13,16,18,21,25],"killed_by":"Snecko","ascension_level":20}}