{"host":"wl5kcyk3ocgwii71","time":1607974052,"event":{"mods":["AchievementEnabler","BaseMod","Better Altar","Better Match","Better Note","Better Sensory Stone","Better Skull","Better Third Choice","Colored Powertips","Downfall","Hermit","Minty Spire (QoL Compilation)","Quick Restart","Replay The Spire","StSLib","The Servant 0.9.4"],"gold_per_floor":[119,138,103,278,297,325,325,345,369,380,394,404,460,485,485,580,580,592,606,196,212,223,251,251,280,280,280,280,280,293,306,306,409,409,422,433,82,82,82,82,82,99,99,125,53,53,53,78,78,78,78,78,9,9,9],"floor_reached":54,"playtime":2213,"items_purged":["Strike_G","Strike_G"],"score":1021,"play_id":"940e6193-7eb8-4da2-876a-42b8dab5b767","local_time":"20201214112732","is_ascension_mode":true,"campfire_choices":[{"floor":7,"key":"REST"},{"floor":24,"key":"REST"},{"floor":28,"key":"REST"},{"floor":32,"key":"REST"},{"data":"Apotheosis","floor":40,"key":"SMITH"},{"floor":46,"key":"RECALL"},{"floor":49,"key":"REST"},{"floor":52,"key":"REST"}],"circlet_count":0,"master_deck":["Strike_G","Strike_G","Strike_G","Defend_G","Defend_G","Defend_G","Defend_G","Defend_G","Survivor","Neutralize","Blade Dance","Finisher","Cloak And Dagger","ReplayTheSpireMod:Tripwire","Deflect","Blur","Flechettes","Terror","Caltrops","Burst","Cloak And Dagger","ReplayTheSpireMod:Scrap Shanks","Apotheosis+1","Cloak And Dagger","Concentrate+1","Escape Plan","Cloak And Dagger","Pot Of Greed","Pot Of Greed","Pot Of Greed","All Out Attack","Acrobatics+1","Blade Dance","Footwork","Backstab"],"relics":["Ring of the Snake","Dream Catcher","ReplayTheSpireMod:Lightbulb","Toy Ornithopter","Vajra","Happy Flower","WristBlade","Blood Vial","Durian","Grinning Jar","Replay:Bottled Flurry","Akabeko","Busted Crown","Shuriken","Omamori","Replay:Mystery Machine"],"acts_visited":["Exordium","TheCity","TheBeyond","TheEnding"],"potions_floor_usage":[8,14,14,18,21,23,33,44],"damage_taken":[{"damage":0,"enemies":"Jaw Worm","floor":1,"turns":5},{"damage":0,"enemies":"Small Slimes","floor":2,"turns":3},{"damage":0,"enemies":"2 Louse","floor":5,"turns":2},{"damage":18,"enemies":"Replay:BlueRogue","floor":6,"turns":8},{"damage":0,"enemies":"Large Slime","floor":8,"turns":2},{"damage":6,"enemies":"2 Fungi Beasts","floor":10,"turns":5},{"damage":3,"enemies":"Blue Slaver","floor":11,"turns":3},{"damage":7,"enemies":"Large Slime","floor":12,"turns":5},{"damage":32,"enemies":"3 Sentries","floor":13,"turns":12},{"damage":2,"enemies":"3 Sentries","floor":14,"turns":7},{"damage":5,"enemies":"Hexaghost","floor":16,"turns":10},{"damage":0,"enemies":"2 Thieves","floor":18,"turns":5},{"damage":8,"enemies":"Shell Parasite","floor":19,"turns":5},{"damage":41,"enemies":"3 Cultists","floor":21,"turns":6},{"damage":13,"enemies":"Snake Plant","floor":22,"turns":3},{"damage":0,"enemies":"Gremlin Leader","floor":23,"turns":7},{"damage":16,"enemies":"Replay:Snechameleon","floor":25,"turns":4},{"damage":0,"enemies":"Shelled Parasite and Fungi","floor":30,"turns":2},{"damage":6,"enemies":"Snecko","floor":31,"turns":3},{"damage":79,"enemies":"Automaton","floor":33,"turns":9},{"damage":14,"enemies":"Orb Walker","floor":35,"turns":4},{"damage":1,"enemies":"3 Shapes","floor":36,"turns":2},{"damage":0,"enemies":"Maw","floor":42,"turns":4},{"damage":5,"enemies":"Nemesis","floor":44,"turns":6},{"damage":28,"enemies":"Reptomancer","floor":48,"turns":4},{"damage":23,"enemies":"Awakened One","floor":50,"turns":6},{"damage":81,"enemies":"Shield and Spear","floor":54,"turns":3}],"seed_played":"-4713064925934253121","potions_obtained":[{"floor":2,"key":"Poison Potion"},{"floor":6,"key":"BlessingOfTheForge"},{"floor":8,"key":"Death Potion"},{"floor":12,"key":"LifebloodPotion"},{"floor":16,"key":"Block Potion"},{"floor":19,"key":"ColorlessPotion"},{"floor":22,"key":"Milkshake"},{"floor":23,"key":"sneckomod:MuddlingPotion"},{"floor":30,"key":"Doom Potion"},{"floor":36,"key":"Flashbang"},{"floor":44,"key":"SpeedPotion"}],"is_trial":false,"path_per_floor":["M","M","?","?","M","E","R","M","T","M","M","M","?","E","R","B",null,"M","M","$","M","M","E","R","E","T","?","R","?","M","M","R","B",null,"M","M","$","?","?","R","?","M","T","E","$","R","$","E","R","B",null,"R","$","E"],"character_chosen":"THE_SILENT","items_purchased":["Apotheosis","Blood Vial","Shuriken","Footwork","Backstab"],"campfire_rested":6,"item_purchase_floors":[20,20,37,45,53],"current_hp_per_floor":[63,63,70,70,70,52,70,70,70,64,61,54,22,30,30,25,59,64,56,56,22,11,23,45,31,31,31,53,53,55,51,73,1,57,45,46,46,46,46,46,46,48,48,50,50,50,50,24,46,25,63,75,75,0,0],"gold":9,"neow_bonus":"RANDOM_COMMON_RELIC","is_daily":false,"chose_seed":false,"campfire_upgraded":1,"win_rate":0.0,"timestamp":1607974052,"path_taken":["M","M","?","?","M","E","R","M","T","M","M","M","?","E","R","BOSS","M","M","$","M","M","E","R","E","T","?","R","?","M","?","R","BOSS","M","M","$","?","?","R","?","M","T","E","$","R","?","E","R","BOSS","R","$","E"],"items_purchased_type":["Card","Relic","Relic","Card","Card"],"build_version":"2020-12-13","purchased_purges":2,"victory":false,"max_hp_per_floor":[70,70,70,70,70,70,70,70,70,70,70,70,70,70,70,70,70,70,70,70,70,70,75,75,75,75,75,75,75,75,75,75,75,75,75,75,75,75,75,75,75,75,75,75,75,75,75,75,75,75,75,75,75,75,75],"card_choices":[{"not_picked":["Bane","Skewer"],"picked":"Blade Dance","floor":1},{"not_picked":["PiercingWail","Predator"],"picked":"Finisher","floor":2},{"not_picked":["Blade Dance","Fluid Movement"],"picked":"Cloak And Dagger","floor":5},{"not_picked":["Bane","Reflex"],"picked":"ReplayTheSpireMod:Tripwire","floor":6},{"not_picked":["ReplayTheSpireMod:Scrap Shanks","Expertise"],"picked":"Deflect","floor":7},{"not_picked":["Dodge and Roll","Slice"],"picked":"Blur","floor":8},{"not_picked":["Blur","Underhanded Strike"],"picked":"Flechettes","floor":10},{"not_picked":["Expertise","Calculated Gamble","Masterful Stab"],"picked":"SKIP","floor":11},{"not_picked":["Dodge and Roll","Poisoned Stab"],"picked":"Terror","floor":12},{"not_picked":["Catalyst","Deadly Poison"],"picked":"Caltrops","floor":13},{"not_picked":["Deadly Poison","Poisoned Stab"],"picked":"Sucker Punch","floor":14},{"not_picked":["Wraith Form v2","Phantasmal Killer"],"picked":"Burst","floor":16},{"not_picked":["Skewer+1","Poisoned Stab"],"picked":"Cloak And Dagger","floor":18},{"not_picked":["Distraction","Poisoned Stab"],"picked":"ReplayTheSpireMod:Scrap Shanks","floor":19},{"not_picked":["Choke","ReplayTheSpireMod:Speed Training"],"picked":"Cloak And Dagger","floor":21},{"not_picked":["Eviscerate+1","Dodge and Roll"],"picked":"Concentrate+1","floor":22},{"not_picked":["Crippling Poison","Quick Slash"],"picked":"Escape Plan","floor":23},{"not_picked":["ReplayTheSpireMod:From All Sides","Dagger Spray"],"picked":"Cloak And Dagger","floor":24},{"not_picked":["Bane+1","Poisoned Stab+1","Distraction"],"picked":"SKIP","floor":25},{"not_picked":["Outmaneuver","Wraith Form v2","Dodge and Roll"],"picked":"SKIP","floor":30},{"not_picked":["Slice+1","Dodge and Roll+1","Phantasmal Killer"],"picked":"SKIP","floor":31},{"not_picked":["Cloak And Dagger+1","Outmaneuver"],"picked":"Acrobatics+1","floor":32},{"not_picked":[],"picked":"Blade Dance","floor":35},{"not_picked":["Eviscerate"],"picked":"SKIP","floor":36},{"not_picked":["Choke+1"],"picked":"SKIP","floor":42},{"not_picked":["Hidden Blade+1"],"picked":"SKIP","floor":44},{"not_picked":["Flying Knee"],"picked":"SKIP","floor":48}],"player_experience":353998,"relics_obtained":[{"floor":6,"key":"ReplayTheSpireMod:Lightbulb"},{"floor":9,"key":"Toy Ornithopter"},{"floor":13,"key":"Vajra"},{"floor":14,"key":"Happy Flower"},{"floor":23,"key":"Durian"},{"floor":25,"key":"Grinning Jar"},{"floor":26,"key":"Replay:Bottled Flurry"},{"floor":44,"key":"Omamori"},{"floor":48,"key":"Replay:Mystery Machine"}],"event_choices":[{"damage_healed":17,"gold_gain":0,"player_choice":"Healed","damage_taken":0,"max_hp_gain":0,"max_hp_loss":0,"event_name":"The Cleric","floor":3,"gold_loss":35},{"damage_healed":0,"gold_gain":175,"player_choice":"AGREE","damage_taken":103,"max_hp_gain":0,"max_hp_loss":0,"event_name":"betterThird:BetterSerpent","floor":4,"gold_loss":0},{"damage_healed":0,"gold_gain":30,"player_choice":"Searched \u00273\u0027 times","damage_taken":0,"max_hp_gain":0,"max_hp_loss":0,"event_name":"Dead Adventurer","floor":13,"gold_loss":0},{"cards_removed":["Doubt"],"damage_healed":0,"gold_gain":0,"player_choice":"Forget","damage_taken":0,"max_hp_gain":0,"max_hp_loss":0,"event_name":"Living Wall","floor":15,"gold_loss":0},{"damage_healed":0,"gold_gain":0,"player_choice":"Read","damage_taken":0,"max_hp_gain":0,"max_hp_loss":0,"event_name":"The Library","floor":27,"gold_loss":0,"cards_obtained":["All Out Attack"]},{"damage_healed":0,"gold_gain":0,"player_choice":"Opened","damage_taken":0,"relics_obtained":["Akabeko"],"max_hp_gain":0,"max_hp_loss":0,"event_name":"The Mausoleum","floor":29,"gold_loss":0},{"damage_healed":0,"gold_gain":3,"player_choice":"1","damage_taken":0,"max_hp_gain":0,"max_hp_loss":0,"event_name":"betterStone:BetterStone","floor":39,"gold_loss":0},{"cards_removed":["Sucker Punch"],"damage_healed":0,"gold_gain":0,"player_choice":"Removed Attack","damage_taken":0,"max_hp_gain":0,"max_hp_loss":0,"event_name":"Falling","floor":41,"gold_loss":0}],"is_beta":false,"boss_relics":[{"not_picked":["Painkiller Herb","Honey Jar"],"picked":"WristBlade"},{"not_picked":["Ring of the Serpent","SlaversCollar"],"picked":"Busted Crown"}],"items_purged_floors":[20,37],"is_endless":false,"potions_floor_spawned":[2,6,8,12,16,19,22,23,30,36,42,44],"killed_by":"Shield and Spear","ascension_level":6}}