{"host":"qrt7o4dq2qslzw13","time":1607936078,"event":{"mods":["AchievementEnabler","BaseMod","Colored Map","Colored Powertips","Minty Spire (QoL Compilation)","Quick Restart","Rare Cards Sparkle","StSLib","SuperFastMode"],"gold_per_floor":[110,179,191,191,4,31,50,50,76,23,36,55,55,26,26,104,104,122,146,146,146,159,159,159,159],"floor_reached":24,"playtime":453,"items_purged":[],"score":488,"play_id":"1c567cab-882d-459b-a783-0696bb527ee1","local_time":"20201214035438","is_ascension_mode":true,"campfire_choices":[{"floor":8.0,"key":"REST"},{"floor":13.0,"key":"REST"},{"data":"Immolate","floor":15.0,"key":"SMITH"},{"floor":23.0,"key":"REST"}],"circlet_count":0,"master_deck":["AscendersBane","Strike_R","Strike_R","Defend_R","Defend_R","Defend_R","Defend_R","Bash","Seeing Red","Inflame","Inflame","Heavy Blade","Wild Strike","Sword Boomerang","True Grit","Immolate+1","Hemokinesis","Anger","Impervious","Second Wind","Rupture","Shrug It Off"],"relics":["Black Blood","Blue Candle","DollysMirror","Strawberry","Tiny Chest","Regal Pillow"],"acts_visited":["Exordium","TheCity"],"potions_floor_usage":[],"damage_taken":[{"damage":6.0,"enemies":"Cultist","floor":1.0,"turns":3.0},{"damage":4.0,"enemies":"Jaw Worm","floor":3.0,"turns":4.0},{"damage":60.0,"enemies":"3 Sentries","floor":6.0,"turns":11.0},{"damage":0.0,"enemies":"2 Louse","floor":7.0,"turns":2.0},{"damage":17.0,"enemies":"Blue Slaver","floor":11.0,"turns":4.0},{"damage":8.0,"enemies":"Lots of Slimes","floor":12.0,"turns":2.0},{"damage":0.0,"enemies":"Slime Boss","floor":16.0,"turns":5.0},{"damage":15.0,"enemies":"3 Byrds","floor":18.0,"turns":5.0},{"damage":53.0,"enemies":"Chosen","floor":22.0,"turns":7.0},{"damage":91,"enemies":"Shelled Parasite and Fungi","floor":24,"turns":6}],"seed_played":"3216421432927372550","potions_obtained":[{"floor":6.0,"key":"PowerPotion"},{"floor":7.0,"key":"SpeedPotion"},{"floor":16.0,"key":"Energy Potion"}],"is_trial":false,"path_per_floor":["M","T","M","?","$","E","M","R","T","$","M","M","R","$","R","B",null,"M","T","?","?","M","R","M"],"character_chosen":"IRONCLAD","items_purchased":["DollysMirror","Heavy Blade","True Grit","Anger"],"campfire_rested":3,"item_purchase_floors":[5,5,10,14],"current_hp_per_floor":[68,68,68,68,68,21,27,49,49,49,38,36,58,58,58,64,72,69,69,69,69,28,65,0,0],"gold":159,"neow_bonus":"REMOVE_TWO","is_daily":false,"chose_seed":false,"campfire_upgraded":1,"win_rate":0.0,"timestamp":1607936078,"path_taken":["M","?","M","?","$","E","M","R","T","?","?","M","R","?","R","BOSS","M","?","?","?","M","R","M"],"items_purchased_type":["Relic","Card","Card","Card"],"build_version":"2020-12-13","purchased_purges":0,"victory":false,"max_hp_per_floor":[68,68,68,68,68,75,75,75,75,75,75,75,75,75,75,75,75,75,75,75,75,75,75,75,75],"card_choices":[{"not_picked":["Thunderclap","Rampage"],"picked":"Seeing Red","floor":1.0},{"not_picked":["Clothesline","Thunderclap"],"picked":"Inflame","floor":3.0},{"not_picked":["Body Slam","Warcry"],"picked":"Wild Strike","floor":6.0},{"not_picked":["Clothesline","True Grit"],"picked":"Sword Boomerang","floor":7.0},{"not_picked":["Rampage","Thunderclap"],"picked":"Immolate","floor":11.0},{"not_picked":["Sword Boomerang","Bloodletting"],"picked":"Hemokinesis","floor":12.0},{"not_picked":["Corruption","Juggernaut"],"picked":"Impervious","floor":16.0},{"not_picked":["Thunderclap+1","Warcry"],"picked":"Second Wind","floor":18.0},{"not_picked":["Clothesline","Body Slam"],"picked":"Shrug It Off","floor":22.0}],"player_experience":449926,"relics_obtained":[{"floor":2.0,"key":"Blue Candle"},{"floor":6.0,"key":"Strawberry"},{"floor":9.0,"key":"Tiny Chest"},{"floor":19.0,"key":"Regal Pillow"}],"event_choices":[{"damage_healed":0.0,"max_hp_gain":0.0,"max_hp_loss":0.0,"gold_gain":0.0,"event_name":"The Cleric","player_choice":"Leave","floor":4.0,"gold_loss":0.0,"damage_taken":0.0},{"damage_healed":0.0,"max_hp_gain":0.0,"max_hp_loss":0.0,"gold_gain":0.0,"event_name":"The Library","player_choice":"Read","floor":20.0,"gold_loss":0.0,"damage_taken":0.0,"cards_obtained":["Rupture"]},{"cards_removed":["Strike_R"],"damage_healed":0.0,"max_hp_gain":0.0,"max_hp_loss":0.0,"gold_gain":0.0,"event_name":"Bonfire Elementals","player_choice":"Offered Basic","floor":21.0,"gold_loss":0.0,"damage_taken":0.0}],"is_beta":false,"boss_relics":[{"not_picked":["Philosopher\u0027s Stone","Black Star"],"picked":"Black Blood"}],"items_purged_floors":[],"is_endless":false,"potions_floor_spawned":[6,7,16],"killed_by":"Shelled Parasite and Fungi","ascension_level":20}}