{"host":"6qo42zgaknezulyg","time":1607908633,"event":{"mods":["2.2 Compatiblity","BaseMod","Keyboard Shortcuts","Minty Spire (QoL Compilation)","Permanent Neow","Quick Restart","StSLib","SuperFastMode","The Cursed"],"gold_per_floor":[12,32,43,60,60,93,93,123,147,147,158,228,261,311,311,386,386,401,451,92,105,155,182,182,209,233,266,276,291,341,351,351,423,423,441,544,22,36,86,111,111,141,141,141,157,157,177,189,189,189],"floor_reached":51,"playtime":3225,"items_purged":["TheCursedMod:Strike_TheCursed","TheCursedMod:Strike_TheCursed"],"score":1752,"play_id":"e396bf0c-96ad-4790-b5c5-82d2775281cb","local_time":"20201214101713","is_ascension_mode":true,"campfire_choices":[{"floor":7.0,"key":"REST"},{"floor":10.0,"key":"REST"},{"data":"TheCursedMod:SpitefulPlan","floor":15.0,"key":"SMITH"},{"floor":24.0,"key":"REST"},{"data":"TheCursedMod:CursedMace","floor":32.0,"key":"SMITH"},{"data":"TheCursedMod:CursedStaff","floor":41.0,"key":"SMITH"},{"data":"1","floor":44.0,"key":"LIFT"},{"data":"2","floor":46.0,"key":"LIFT"},{"data":"TheCursedMod:Evocation","floor":49,"key":"SMITH"}],"circlet_count":0,"master_deck":["AscendersBane","TheCursedMod:Defend_TheCursed","TheCursedMod:Defend_TheCursed","TheCursedMod:Defend_TheCursed","TheCursedMod:Defend_TheCursed","TheCursedMod:CursedWand","TheCursedMod:CleanUpWorkshop","TheCursedMod:Dregs","TheCursedMod:SpitefulStrike","TheCursedMod:SoulReap","TheCursedMod:Evocation+1","TheCursedMod:CursedStaff+1","TheCursedMod:CursedAmulet+1","TheCursedMod:SpreadPlague+1","TheCursedMod:Obscuration+1","TheCursedMod:SpitefulPlan+1","TheCursedMod:AntiAging+1","TheCursedMod:SurpriseAttack+1","TheCursedMod:SmokeScreen+1","TheCursedMod:AshesToAshes+1","TheCursedMod:DoubleShield+1","TheCursedMod:CursedSpellbook+1","TheCursedMod:CursedBoomerang+1","TheCursedMod:Grudge+1","TheCursedMod:CursedMace+1","Writhe","TheCursedMod:CircleOfAbyss+1","TheCursedMod:BlessingInDisguise+1"],"relics":["TheCursedMod:BlackMagic101","SsserpentHead","Toxic Egg 2","Anchor","Pen Nib","Bronze Scales","Kunai","Sozu","Enchiridion","Gremlin Horn","Bottled Lightning","Orichalcum","Vajra","Dead Branch","The Courier","Busted Crown","FossilizedHelix","Omamori","Ornamental Fan","Happy Flower","Boot","Girya","Darkstone Periapt"],"acts_visited":["Exordium","TheCity","TheBeyond"],"potions_floor_usage":[50],"damage_taken":[{"damage":0.0,"enemies":"2 Louse","floor":1.0,"turns":3.0},{"damage":0.0,"enemies":"Cultist","floor":2.0,"turns":4.0},{"damage":0.0,"enemies":"Jaw Worm","floor":3.0,"turns":3.0},{"damage":9.0,"enemies":"3 Louse","floor":4.0,"turns":5.0},{"damage":55.0,"enemies":"Lagavulin","floor":6.0,"turns":10.0},{"damage":17.0,"enemies":"3 Sentries","floor":8.0,"turns":8.0},{"damage":0.0,"enemies":"Large Slime","floor":11.0,"turns":5.0},{"damage":1.0,"enemies":"Looter","floor":12.0,"turns":3.0},{"damage":0.0,"enemies":"Gremlin Nob","floor":13.0,"turns":2.0},{"damage":34.0,"enemies":"The Guardian","floor":16.0,"turns":8.0},{"damage":0.0,"enemies":"Chosen","floor":18.0,"turns":4.0},{"damage":19.0,"enemies":"Spheric Guardian","floor":21.0,"turns":4.0},{"damage":7.0,"enemies":"Slavers","floor":23.0,"turns":6.0},{"damage":0.0,"enemies":"Gremlin Leader","floor":25.0,"turns":7.0},{"damage":10.0,"enemies":"Slavers","floor":27.0,"turns":4.0},{"damage":0.0,"enemies":"Cultist and Chosen","floor":28.0,"turns":6.0},{"damage":0.0,"enemies":"3 Cultists","floor":29.0,"turns":3.0},{"damage":4.0,"enemies":"Centurion and Healer","floor":31.0,"turns":5.0},{"damage":14.0,"enemies":"Champ","floor":33.0,"turns":9.0},{"damage":0.0,"enemies":"3 Darklings","floor":35.0,"turns":3.0},{"damage":0.0,"enemies":"2 Orb Walkers","floor":36.0,"turns":2.0},{"damage":0.0,"enemies":"Orb Walker","floor":38.0,"turns":3.0},{"damage":0.0,"enemies":"Nemesis","floor":40.0,"turns":5.0},{"damage":0.0,"enemies":"Reptomancer","floor":42.0,"turns":3.0},{"damage":2.0,"enemies":"Spire Growth","floor":45.0,"turns":4.0},{"damage":0,"enemies":"Jaw Worm Horde","floor":47,"turns":4},{"damage":0,"enemies":"4 Shapes","floor":48,"turns":4},{"damage":0,"enemies":"Time Eater","floor":50,"turns":8}],"seed_played":"8157835071721100925","potions_obtained":[{"floor":1.0,"key":"TheCursedMod:DregsPotion"},{"floor":3.0,"key":"DistilledChaos"},{"floor":4.0,"key":"SneckoOil"},{"floor":13.0,"key":"FearPotion"},{"floor":16.0,"key":"ColorlessPotion"}],"is_trial":false,"path_per_floor":["M","M","M","M","?","E","R","E","T","R","M","M","E","T","R","B",null,"M","?","$","M","?","E","R","E","T","E","M","M","?","M","R","B",null,"M","?","$","M","?","E","R","E","T","R","M","R","M","M","R","B",null],"character_chosen":"THE_CURSED","items_purchased":["TheCursedMod:SmokeScreen+1","Gremlin Horn","Omamori","Ornamental Fan","Happy Flower"],"campfire_rested":3,"item_purchase_floors":[20,20,37,37,37],"current_hp_per_floor":[64,64,69,61,61,11,32,20,20,41,46,45,50,50,50,23,59,67,46,46,35,35,36,60,70,70,72,84,89,89,89,89,88,91,94,95,95,98,98,101,101,104,104,104,106,106,109,113,113,116],"gold":189,"neow_bonus":"REMOVE_TWO","is_daily":false,"chose_seed":false,"campfire_upgraded":4,"win_rate":0.0,"timestamp":1607908633,"path_taken":["M","M","M","M","?","E","R","E","T","R","M","?","E","?","R","BOSS","M","?","$","M","?","E","R","E","T","E","M","M","?","M","R","BOSS","M","?","$","M","?","E","R","E","T","R","M","R","M","M","R","BOSS"],"items_purchased_type":["Card","Relic","Relic","Relic","Relic"],"build_version":"2020-12-13","purchased_purges":2,"victory":true,"max_hp_per_floor":[71,71,71,71,71,71,71,71,71,71,71,71,71,71,71,71,71,74,74,74,77,77,80,80,83,83,86,89,89,89,89,89,92,92,95,95,95,98,98,101,101,104,104,104,107,107,110,113,113,116],"card_choices":[{"not_picked":["TheCursedMod:EmpowerCircles","TheCursedMod:CursedMace"],"picked":"TheCursedMod:SpitefulStrike","floor":1.0},{"not_picked":["TheCursedMod:SurpriseAttack","TheCursedMod:Wield"],"picked":"TheCursedMod:SoulReap","floor":2.0},{"not_picked":["TheCursedMod:CircleOfFlame","TheCursedMod:CursedShiv"],"picked":"TheCursedMod:Evocation","floor":3.0},{"not_picked":["TheCursedMod:SaltUponWound","TheCursedMod:CircleOfAmplification","TheCursedMod:CircleOfFlame"],"picked":"SKIP","floor":4.0},{"not_picked":["TheCursedMod:CursedShiv","TheCursedMod:Mangle"],"picked":"TheCursedMod:CursedStaff","floor":6.0},{"not_picked":["TheCursedMod:TacticalStrike","TheCursedMod:LuckyCharm"],"picked":"TheCursedMod:CursedAmulet+1","floor":8.0},{"not_picked":["TheCursedMod:Obscuration+1","TheCursedMod:CircleOfAbyss+1"],"picked":"TheCursedMod:SpreadPlague+1","floor":11.0},{"not_picked":["TheCursedMod:SpreadPlague+1","TheCursedMod:CircleOfFlame+1"],"picked":"TheCursedMod:Obscuration+1","floor":12.0},{"not_picked":["TheCursedMod:CursedAmulet+1","TheCursedMod:SurpriseAttack"],"picked":"TheCursedMod:SpitefulPlan","floor":13.0},{"not_picked":["TheCursedMod:UltimatePain+1","TheCursedMod:ShockAndAwe"],"picked":"TheCursedMod:AntiAging+1","floor":16.0},{"not_picked":["TheCursedMod:SmokeScreen+1","TheCursedMod:SpitefulPlan"],"picked":"TheCursedMod:SurpriseAttack+1","floor":18.0},{"not_picked":["TheCursedMod:CursedBlade","TheCursedMod:TacticalStrike"],"picked":"TheCursedMod:AshesToAshes+1","floor":21.0},{"not_picked":["TheCursedMod:Grudge+1","TheCursedMod:CircleOfAmplification+1"],"picked":"TheCursedMod:CursedSpellbook+1","floor":23.0},{"not_picked":["TheCursedMod:FuryStrike","TheCursedMod:Hemoplague","TheCursedMod:CursedShiv"],"picked":"SKIP","floor":25.0},{"not_picked":["TheCursedMod:CircleOfFocus+1","TheCursedMod:SoulCrush"],"picked":"TheCursedMod:CursedBoomerang+1","floor":27.0},{"not_picked":["TheCursedMod:CircleOfFlame+1","TheCursedMod:CursedBlade"],"picked":"TheCursedMod:Grudge+1","floor":28.0},{"not_picked":["TheCursedMod:Torture+1","TheCursedMod:CursedShiv"],"picked":"TheCursedMod:CursedMace","floor":29.0},{"not_picked":["TheCursedMod:TroublousMinions+1","TheCursedMod:CircleOfCorruption+1","TheCursedMod:Wield"],"picked":"SKIP","floor":31.0},{"not_picked":["TheCursedMod:ShockAndAwe","TheCursedMod:ManaCirculation"],"picked":"TheCursedMod:CircleOfAbyss+1","floor":33.0},{"not_picked":["TheCursedMod:ManaBullet"],"picked":"SKIP","floor":35.0},{"not_picked":["TheCursedMod:CursedBlade+1"],"picked":"SKIP","floor":38.0},{"not_picked":["TheCursedMod:Mangle"],"picked":"SKIP","floor":40.0},{"not_picked":["TheCursedMod:Torture+1"],"picked":"SKIP","floor":42.0},{"not_picked":["TheCursedMod:RapidMovement+1"],"picked":"SKIP","floor":45.0},{"not_picked":["TheCursedMod:VitalStrike"],"picked":"SKIP","floor":47},{"not_picked":[],"picked":"TheCursedMod:BlessingInDisguise+1","floor":48}],"player_experience":773492,"relics_obtained":[{"floor":6.0,"key":"Toxic Egg 2"},{"floor":8.0,"key":"Anchor"},{"floor":9.0,"key":"Pen Nib"},{"floor":13.0,"key":"Bronze Scales"},{"floor":14.0,"key":"Kunai"},{"floor":19.0,"key":"Enchiridion"},{"floor":23.0,"key":"Bottled Lightning"},{"floor":25.0,"key":"Orichalcum"},{"floor":26.0,"key":"Vajra"},{"floor":27.0,"key":"Dead Branch"},{"floor":36.0,"key":"FossilizedHelix"},{"floor":40.0,"key":"Boot"},{"floor":42.0,"key":"Girya"},{"floor":43.0,"key":"Darkstone Periapt"}],"event_choices":[{"damage_healed":0.0,"max_hp_gain":0.0,"max_hp_loss":0.0,"gold_gain":0.0,"event_name":"FaceTrader","player_choice":"Trade","floor":5.0,"gold_loss":0.0,"damage_taken":0.0,"relics_obtained":["SsserpentHead"]},{"damage_healed":0.0,"max_hp_gain":0.0,"max_hp_loss":0.0,"gold_gain":0.0,"event_name":"Cursed Tome","player_choice":"Obtained Book","floor":19.0,"gold_loss":0.0,"damage_taken":21.0},{"damage_healed":0.0,"max_hp_gain":0.0,"max_hp_loss":0.0,"gold_gain":0.0,"event_name":"The Library","player_choice":"Read","floor":22.0,"gold_loss":0.0,"damage_taken":0.0,"cards_obtained":["TheCursedMod:DoubleShield"]},{"damage_healed":0.0,"max_hp_gain":0.0,"max_hp_loss":0.0,"gold_gain":0.0,"event_name":"The Mausoleum","player_choice":"Opened","floor":30.0,"gold_loss":0.0,"damage_taken":0.0,"relics_obtained":["The Courier"],"cards_obtained":["Writhe"]},{"damage_healed":0.0,"max_hp_gain":0.0,"max_hp_loss":0.0,"gold_gain":0.0,"event_name":"Mysterious Sphere","player_choice":"Fight","floor":36.0,"gold_loss":0.0,"damage_taken":0.0},{"damage_healed":0.0,"max_hp_gain":0.0,"max_hp_loss":0.0,"gold_gain":0.0,"event_name":"Match and Keep!","player_choice":"0 cards matched","floor":39.0,"gold_loss":0.0,"damage_taken":0.0,"cards_obtained":[]}],"is_beta":false,"boss_relics":[{"not_picked":["Black Star","Runic Dome"],"picked":"Sozu"},{"not_picked":["Empty Cage","Calling Bell"],"picked":"Busted Crown"}],"items_purged_floors":[20,37],"is_endless":false,"potions_floor_spawned":[1,3,4,13,16,23,25,28,29,31,38,40,42],"ascension_level":15}}