{"host":"126yiuos2nq86se7","time":1607919152,"event":{"mods":["AchievementEnabler","Act Like it!","BaseMod","Colored Map","Colored Powertips","Friendly Minions","Highlight Path","Minty Spire (QoL Compilation)","StSLib","SuperFastMode","The Hierophant"],"gold_per_floor":[117,42,54,69,82,82,67,67,67,142,142,142],"floor_reached":11,"playtime":362,"items_purged":["Clumsy"],"score":65,"play_id":"7e05354e-da5b-42ee-a1eb-1096a2e03671","local_time":"20201214151232","is_ascension_mode":false,"campfire_choices":[{"data":"Reprogram","floor":6,"key":"SMITH"},{"data":"Force Field","floor":8,"key":"SMITH"}],"circlet_count":0,"master_deck":["Strike_B","Strike_B","Defend_B","Defend_B","Defend_B","Defend_B","Zap","Dualcast","Reprogram+1","Steam","Force Field+1","Conserve Battery","Conserve Battery","Barrage"],"relics":["Cracked Core","Potion Belt"],"acts_visited":["Exordium"],"potions_floor_usage":[4,11],"damage_taken":[{"damage":0,"enemies":"Cultist","floor":1,"turns":6},{"damage":1,"enemies":"Small Slimes","floor":3,"turns":4},{"damage":1,"enemies":"Jaw Worm","floor":4,"turns":4},{"damage":0,"enemies":"3 Louse","floor":5,"turns":5},{"damage":3,"enemies":"Exordium Thugs","floor":7,"turns":5},{"damage":73,"enemies":"Gremlin Nob","floor":11,"turns":7}],"seed_played":"-8313436951477150041","potions_obtained":[{"floor":4,"key":"Fruit Juice"},{"floor":7,"key":"Weak Potion"}],"is_trial":false,"path_per_floor":["M","$","M","M","M","R","M","R","T","?","E"],"character_chosen":"DEFECT","items_purchased":[],"campfire_rested":0,"item_purchase_floors":[],"current_hp_per_floor":[75,75,74,78,78,78,75,75,75,64,0,0],"gold":142,"neow_bonus":"TRANSFORM_TWO_CARDS","is_daily":false,"chose_seed":false,"campfire_upgraded":2,"win_rate":0.0,"timestamp":1607919152,"path_taken":["M","$","M","M","M","R","M","R","T","?","E"],"items_purchased_type":[],"build_version":"2020-12-13","purchased_purges":1,"victory":false,"max_hp_per_floor":[75,75,75,80,80,80,80,80,80,80,80,80],"card_choices":[{"not_picked":["Barrage","Ball Lightning"],"picked":"Force Field","floor":1},{"not_picked":["Turbo","Streamline"],"picked":"Conserve Battery","floor":3},{"not_picked":["Coolheaded","Streamline"],"picked":"Conserve Battery","floor":4},{"not_picked":["Undo","Gash","Conserve Battery"],"picked":"SKIP","floor":5},{"not_picked":["Turbo","Beam Cell"],"picked":"Barrage","floor":7}],"player_experience":1427080,"relics_obtained":[{"floor":9,"key":"Potion Belt"}],"event_choices":[{"damage_healed":0,"gold_gain":75,"player_choice":"Gather Gold","damage_taken":11,"max_hp_gain":0,"max_hp_loss":0,"event_name":"World of Goop","floor":10,"gold_loss":0}],"is_beta":false,"boss_relics":[],"items_purged_floors":[2],"is_endless":false,"potions_floor_spawned":[4,7],"killed_by":"Gremlin Nob","ascension_level":0}}