{"host":"v0dnu0zs4qo0v13s","time":1607969629,"event":{"mods":["BaseMod","Colored Map","Colored Powertips","Minty Spire (QoL Compilation)","Relic Stats","StSLib","SuperFastMode","everything is the same but u backflip on backflip"],"gold_per_floor":[114,114,124,142,161,161,161,191,236,271,22,22,39,68,68,173,173,192,192,192,206,221,252,4,39,63,90,90,90,121,121,121,216,216,230,2,17,35,48,48,48,80,80,80,80,0,0,26,26,26],"floor_reached":51,"playtime":3299,"items_purged":["Writhe"],"score":986,"play_id":"9d883ea3-97f7-43d3-8a2b-0732f0e7b736","local_time":"20201214131349","is_ascension_mode":true,"campfire_choices":[{"data":"Wraith Form v2","floor":6.0,"key":"SMITH"},{"data":"Blade Dance","floor":12.0,"key":"SMITH"},{"data":"Cloak And Dagger","floor":15.0,"key":"SMITH"},{"floor":28.0,"key":"REST"},{"data":"Bouncing Flask","floor":32.0,"key":"SMITH"},{"data":"Concentrate","floor":41,"key":"SMITH"},{"floor":44,"key":"REST"},{"floor":49,"key":"REST"}],"circlet_count":0,"master_deck":["Survivor+1","Neutralize","Caltrops+1","Die Die Die+1","Adrenaline+1","Finisher","Cloak And Dagger+1","Wraith Form v2+1","Predator","Blade Dance+1","PiercingWail","Terror","A Thousand Cuts+1","Concentrate+1","PiercingWail","Outmaneuver+1","Bouncing Flask+1","Caltrops+1","Flying Knee","After Image+1","Underhanded Strike","Predator","Infinite Blades+1","Choke","Catalyst","Deadly Poison","PiercingWail+1","Prepared+1","Finesse","Burst","Doubt"],"relics":["Astrolabe","Shuriken","Regal Pillow","Blood Vial","Frozen Egg 2","Boot","Runic Pyramid","Darkstone Periapt","Bronze Scales","Toy Ornithopter","Orichalcum","Art of War","HornCleat","StrikeDummy","Pandora\u0027s Box","Juzu Bracelet","Mummified Hand","Letter Opener","Red Mask","Tingsha"],"acts_visited":["Exordium","TheCity","TheBeyond"],"potions_floor_usage":[37,50,50],"damage_taken":[{"damage":7.0,"enemies":"2 Louse","floor":1.0,"turns":2.0},{"damage":0.0,"enemies":"Small Slimes","floor":3.0,"turns":2.0},{"damage":0.0,"enemies":"Cultist","floor":4.0,"turns":2.0},{"damage":2.0,"enemies":"Large Slime","floor":5.0,"turns":5.0},{"damage":3.0,"enemies":"Gremlin Nob","floor":8.0,"turns":4.0},{"damage":14.0,"enemies":"3 Sentries","floor":10.0,"turns":6.0},{"damage":0.0,"enemies":"Gremlin Gang","floor":13.0,"turns":3.0},{"damage":15.0,"enemies":"Lagavulin","floor":14.0,"turns":5.0},{"damage":7.0,"enemies":"Slime Boss","floor":16.0,"turns":7.0},{"damage":0.0,"enemies":"3 Byrds","floor":18.0,"turns":2.0},{"damage":0.0,"enemies":"Chosen","floor":21.0,"turns":4.0},{"damage":5.0,"enemies":"3 Cultists","floor":22.0,"turns":5.0},{"damage":21.0,"enemies":"Book of Stabbing","floor":23.0,"turns":4.0},{"damage":14.0,"enemies":"Slavers","floor":25.0,"turns":3.0},{"damage":9.0,"enemies":"Gremlin Leader","floor":27.0,"turns":4.0},{"damage":27.0,"enemies":"Slavers","floor":30.0,"turns":3.0},{"damage":48.0,"enemies":"Champ","floor":33.0,"turns":8.0},{"damage":12.0,"enemies":"Orb Walker","floor":35.0,"turns":3.0},{"damage":3,"enemies":"3 Darklings","floor":37,"turns":3},{"damage":1,"enemies":"4 Shapes","floor":38,"turns":5},{"damage":15,"enemies":"Sphere and 2 Shapes","floor":39,"turns":7},{"damage":47,"enemies":"Giant Head","floor":42,"turns":7},{"damage":41,"enemies":"Nemesis","floor":48,"turns":6},{"damage":72,"enemies":"Donu and Deca","floor":50,"turns":7}],"seed_played":"4157580562146157354","potions_obtained":[{"floor":3.0,"key":"Fruit Juice"},{"floor":5.0,"key":"ColorlessPotion"},{"floor":13.0,"key":"Block Potion"},{"floor":14.0,"key":"Energy Potion"},{"floor":16.0,"key":"LiquidBronze"},{"floor":21.0,"key":"Energy Potion"},{"floor":25.0,"key":"Poison Potion"},{"floor":27.0,"key":"LiquidBronze"},{"floor":30.0,"key":"SkillPotion"},{"floor":35.0,"key":"Swift Potion"},{"floor":42,"key":"Swift Potion"},{"floor":48,"key":"ColorlessPotion"}],"is_trial":false,"path_per_floor":["M","?","M","M","M","R","?","E","T","E","$","R","M","E","R","B",null,"M","?","?","M","M","E","$","E","T","E","R","?","E","?","R","B",null,"M","$","M","M","M","?","R","E","T","R","?","?","?","E","R","B",null],"character_chosen":"THE_SILENT","items_purchased":["Frozen Egg 2","Bronze Scales","Fruit Juice","Juzu Bracelet"],"campfire_rested":3,"item_purchase_floors":[11,24,24,36],"current_hp_per_floor":[63,49,54,54,52,52,70,67,67,53,53,53,55,42,42,37,66,68,68,68,70,67,48,53,41,41,34,72,78,56,56,56,20,67,57,57,61,62,49,49,49,4,4,43,43,43,89,48,89,22],"gold":26,"neow_bonus":"BOSS_RELIC","is_daily":false,"chose_seed":false,"campfire_upgraded":5,"win_rate":0.0,"timestamp":1607969629,"path_taken":["M","?","M","M","M","R","?","E","T","E","$","R","M","E","R","BOSS","M","?","?","M","?","E","$","E","T","E","R","?","E","?","R","BOSS","M","$","M","M","M","?","R","E","T","R","?","?","?","E","R","BOSS"],"items_purchased_type":["Relic","Relic","Potion","Relic"],"build_version":"2020-12-13","purchased_purges":1,"victory":true,"max_hp_per_floor":[70,70,75,75,75,75,75,75,75,75,75,75,75,75,75,75,75,75,75,72,72,72,72,77,77,77,77,77,83,83,83,83,83,83,83,83,83,83,83,83,83,83,83,83,83,83,89,89,89,89],"relic_stats":{"Darkstone Periapt":12,"Regal Pillow":45,"counters":[24,107],"Astrolabe":["Caltrops","Die Die Die","Adrenaline"],"Tingsha":[9],"Juzu Bracelet":1,"Letter Opener":[42],"Orichalcum":[36],"Boot":[82],"Blood Vial":32,"Shuriken":[47],"Mummified Hand":[12],"Bronze Scales":[156],"Pandora\u0027s Box":["Underhanded Strike","Predator","Infinite Blades","Choke","Catalyst","Deadly Poison"],"Art of War":[4],"obtain_stats":[{"Darkstone Periapt":23,"Regal Pillow":9,"Astrolabe":0,"Tingsha":48,"Juzu Bracelet":36,"Letter Opener":43,"Frozen Egg 2":11,"Orichalcum":26,"Boot":14,"Blood Vial":10,"HornCleat":29,"Shuriken":8,"Mummified Hand":42,"Bronze Scales":24,"Pandora\u0027s Box":34,"Art of War":27,"Red Mask":46,"StrikeDummy":30,"Toy Ornithopter":25,"Ring of the Snake":0,"Runic Pyramid":17},{"Darkstone Periapt":13,"Regal Pillow":5,"Astrolabe":0,"Tingsha":23,"Juzu Bracelet":18,"Letter Opener":22,"Frozen Egg 2":6,"Orichalcum":14,"Boot":8,"Blood Vial":6,"HornCleat":15,"Shuriken":5,"Mummified Hand":22,"Bronze Scales":13,"Pandora\u0027s Box":17,"Art of War":15,"Red Mask":22,"StrikeDummy":16,"Toy Ornithopter":14,"Ring of the Snake":0,"Runic Pyramid":9},{"Darkstone Periapt":51,"Regal Pillow":15,"Astrolabe":0,"Tingsha":100,"Juzu Bracelet":72,"Letter Opener":94,"Frozen Egg 2":21,"Orichalcum":54,"Boot":29,"Blood Vial":21,"HornCleat":58,"Shuriken":15,"Mummified Hand":94,"Bronze Scales":51,"Pandora\u0027s Box":69,"Art of War":58,"Red Mask":94,"StrikeDummy":61,"Toy Ornithopter":54,"Ring of the Snake":0,"Runic Pyramid":36}],"Toy Ornithopter":23},"card_choices":[{"not_picked":["Cloak And Dagger","Acrobatics"],"picked":"Finisher","floor":1.0},{"not_picked":["Flying Knee","Backflip"],"picked":"Cloak And Dagger","floor":3.0},{"not_picked":["Underhanded Strike","Expertise"],"picked":"Wraith Form v2","floor":4.0},{"not_picked":["Choke","Finisher","Bane"],"picked":"SKIP","floor":5.0},{"not_picked":["Choke","Acrobatics"],"picked":"Predator","floor":8.0},{"not_picked":["Dagger Spray","Eviscerate"],"picked":"Blade Dance","floor":10.0},{"not_picked":["Blade Dance","Slice"],"picked":"PiercingWail","floor":13.0},{"not_picked":["Deflect","Endless Agony"],"picked":"Terror","floor":14.0},{"not_picked":["Wraith Form v2+1","Adrenaline"],"picked":"A Thousand Cuts+1","floor":16.0},{"not_picked":["Quick Slash","Backflip"],"picked":"Concentrate","floor":18.0},{"not_picked":["Cloak And Dagger","Blade Dance"],"picked":"PiercingWail","floor":21.0},{"not_picked":["Poisoned Stab","Backflip"],"picked":"Outmaneuver+1","floor":22.0},{"not_picked":["Terror","Slice+1"],"picked":"Bouncing Flask","floor":23.0},{"not_picked":["Terror","Masterful Stab","Dodge and Roll+1"],"picked":"SKIP","floor":25.0},{"not_picked":["Escape Plan","Poisoned Stab"],"picked":"Caltrops+1","floor":27.0},{"not_picked":["Glass Knife","Deflect","Cloak And Dagger"],"picked":"SKIP","floor":30.0},{"not_picked":["Malaise","Unload"],"picked":"After Image+1","floor":33.0},{"not_picked":["Leg Sweep","Flechettes"],"picked":"PiercingWail+1","floor":35.0},{"not_picked":["Terror+1","All Out Attack+1"],"picked":"Prepared+1","floor":37},{"not_picked":["Flying Knee+1","Choke+1"],"picked":"Dash","floor":38},{"not_picked":["Heel Hook","Flechettes+1","Flying Knee+1"],"picked":"SKIP","floor":39},{"not_picked":["Enlightenment","Swift Strike"],"picked":"Finesse","floor":40},{"not_picked":["Escape Plan+1","Backflip+1"],"picked":"Burst","floor":42},{"not_picked":["Heel Hook+1","Finisher","All Out Attack"],"picked":"SKIP","floor":48}],"player_experience":579903,"relics_obtained":[{"floor":8.0,"key":"Shuriken"},{"floor":9.0,"key":"Regal Pillow"},{"floor":10.0,"key":"Blood Vial"},{"floor":14.0,"key":"Boot"},{"floor":23.0,"key":"Darkstone Periapt"},{"floor":25.0,"key":"Toy Ornithopter"},{"floor":26.0,"key":"Orichalcum"},{"floor":27.0,"key":"Art of War"},{"floor":30.0,"key":"StrikeDummy"},{"floor":42,"key":"Mummified Hand"},{"floor":43,"key":"Letter Opener"},{"floor":48,"key":"Tingsha"}],"event_choices":[{"damage_healed":0.0,"max_hp_gain":0.0,"max_hp_loss":0.0,"gold_gain":0.0,"event_name":"Shining Light","player_choice":"Entered Light","floor":2.0,"gold_loss":0.0,"damage_taken":14.0,"cards_upgraded":["Survivor","Defend_G"]},{"damage_healed":18.0,"max_hp_gain":0.0,"max_hp_loss":0.0,"gold_gain":0.0,"event_name":"Mushrooms","player_choice":"Healed and dodged fight","floor":7.0,"gold_loss":0.0,"damage_taken":0.0,"cards_obtained":["Parasite"]},{"damage_healed":0.0,"max_hp_gain":0.0,"max_hp_loss":0.0,"gold_gain":0.0,"event_name":"Back to Basics","player_choice":"Simplicity","floor":19.0,"gold_loss":0.0,"damage_taken":0.0,"cards_upgraded":["Strike_G","Strike_G","Strike_G","Strike_G","Defend_G","Defend_G"]},{"cards_removed":["Parasite"],"damage_healed":0.0,"max_hp_gain":0.0,"max_hp_loss":0.0,"gold_gain":0.0,"event_name":"Fountain of Cleansing","player_choice":"Removed Curses","floor":20.0,"gold_loss":0.0,"damage_taken":0.0},{"damage_healed":0.0,"max_hp_gain":0.0,"max_hp_loss":0.0,"gold_gain":0.0,"event_name":"The Mausoleum","player_choice":"Opened","floor":29.0,"gold_loss":0.0,"damage_taken":0.0,"relics_obtained":["HornCleat"],"cards_obtained":["Writhe"]},{"damage_healed":0.0,"max_hp_gain":0.0,"max_hp_loss":0.0,"gold_gain":0.0,"cards_transformed":["Strike_G"],"event_name":"Transmorgrifier","player_choice":"Transformed","floor":31.0,"gold_loss":0.0,"damage_taken":0.0,"cards_obtained":["Flying Knee"]},{"damage_healed":0,"gold_gain":0,"player_choice":"Memory 1","damage_taken":0,"max_hp_gain":0,"max_hp_loss":0,"event_name":"SensoryStone","floor":40,"gold_loss":0},{"cards_removed":["Dash"],"damage_healed":0,"gold_gain":0,"player_choice":"Removed Attack","damage_taken":0,"max_hp_gain":0,"max_hp_loss":0,"event_name":"Falling","floor":45,"gold_loss":0},{"damage_healed":0,"gold_gain":0,"player_choice":"Paid","damage_taken":0,"relics_obtained":["Red Mask"],"max_hp_gain":0,"max_hp_loss":0,"event_name":"Tomb of Lord Red Mask","floor":46,"gold_loss":80},{"damage_healed":40,"gold_gain":0,"player_choice":"Heal","damage_taken":0,"max_hp_gain":0,"max_hp_loss":0,"event_name":"MindBloom","floor":47,"gold_loss":0,"cards_obtained":["Doubt"]}],"is_beta":false,"boss_relics":[{"not_picked":["Ectoplasm","Coffee Dripper"],"picked":"Runic Pyramid"},{"not_picked":["HoveringKite","Cursed Key"],"picked":"Pandora\u0027s Box"}],"items_purged_floors":[36],"is_endless":false,"potions_floor_spawned":[3,5,13,14,16,21,25,27,30,35,42,48],"ascension_level":5}}