{"host":"do5be0rrwzdbe7ng","time":1607932458,"event":{"mods":["AchievementEnabler","BaseMod","Colored Map","Colored Powertips","Custom Start","DeckTracker","Keyboard Shortcuts","Minty Spire (QoL Compilation)","Quick Restart","StSLib","SuperFastMode","everything is the same but u backflip on backflip"],"gold_per_floor":[13,13,24,36,49,49,68,8,8,8,21,21,36,48,48,119,119,135,185,205,205,205,205],"floor_reached":22,"playtime":626,"items_purged":[],"score":532,"play_id":"125c7efa-56eb-4108-bf48-6e34854e3228","local_time":"20201214165418","is_ascension_mode":true,"campfire_choices":[{"data":"Defragment","floor":6.0,"key":"SMITH"},{"data":"Zap","floor":10.0,"key":"SMITH"},{"data":"Chaos","floor":15.0,"key":"SMITH"}],"circlet_count":0,"master_deck":["AscendersBane","Strike_B","Defend_B","Defend_B","Defend_B","Defend_B","Zap+1","Dualcast","Compile Driver","Turbo","Defragment+1","Chill","Chaos+1","Go for the Eyes","Meteor Strike","CurseOfTheBell","Cold Snap+1","Coolheaded"],"relics":["Cracked Core","Nunchaku","Blood Vial","Calling Bell","Akabeko","Letter Opener","Incense Burner"],"acts_visited":["TheCity"],"potions_floor_usage":[16,16],"damage_taken":[{"damage":3.0,"enemies":"Small Slimes","floor":1.0,"turns":4.0},{"damage":1.0,"enemies":"Cultist","floor":3.0,"turns":4.0},{"damage":9.0,"enemies":"Jaw Worm","floor":4.0,"turns":4.0},{"damage":32.0,"enemies":"Exordium Thugs","floor":5.0,"turns":5.0},{"damage":8.0,"enemies":"Blue Slaver","floor":7.0,"turns":4.0},{"damage":0.0,"enemies":"2 Fungi Beasts","floor":11.0,"turns":3.0},{"damage":2.0,"enemies":"Red Slaver","floor":13.0,"turns":3.0},{"damage":6.0,"enemies":"Large Slime","floor":14.0,"turns":6.0},{"damage":13,"enemies":"The Guardian","floor":16,"turns":10},{"damage":10,"enemies":"2 Thieves","floor":18,"turns":4},{"damage":14,"enemies":"Spheric Guardian","floor":20,"turns":4},{"damage":13,"enemies":"Snecko","floor":22,"turns":3}],"seed_played":"3779400414440025423","potions_obtained":[{"floor":3.0,"key":"Swift Potion"},{"floor":4.0,"key":"Regen Potion"},{"floor":11.0,"key":"LiquidBronze"},{"floor":14.0,"key":"PowerPotion"}],"is_trial":false,"path_per_floor":["M","?","M","M","M","R","M","?","T","R","M","?","M","M","R","B",null,"M","?","M","?","M"],"character_chosen":"DEFECT","items_purchased":[],"campfire_rested":0,"item_purchase_floors":[],"current_hp_per_floor":[61,61,60,51,19,19,11,11,11,11,13,18,18,14,14,3,54,46,46,34,14,3,3],"gold":205,"neow_bonus":"REMOVE_TWO","is_daily":false,"chose_seed":false,"campfire_upgraded":3,"win_rate":0.0,"timestamp":1607932458,"path_taken":["M","?","M","M","?","R","M","?","T","R","?","?","M","M","R","BOSS","M","?","M","?","?"],"items_purchased_type":[],"build_version":"2020-12-13","purchased_purges":0,"victory":false,"max_hp_per_floor":[71,71,71,71,71,71,71,71,71,71,71,71,71,71,71,71,71,71,71,71,76,76,76],"card_choices":[{"not_picked":["Ball Lightning","Steam Power"],"picked":"Compile Driver","floor":1.0},{"not_picked":["Reinforced Body","Steam"],"picked":"Turbo","floor":3.0},{"not_picked":["Stack","Streamline"],"picked":"Defragment","floor":4.0},{"not_picked":["Self Repair","Steam"],"picked":"Chill","floor":5.0},{"not_picked":["Conserve Battery","Steam","Compile Driver"],"picked":"SKIP","floor":7.0},{"not_picked":["Ball Lightning","White Noise"],"picked":"Chaos","floor":11.0},{"not_picked":["Hologram","Heatsinks"],"picked":"Go for the Eyes","floor":13.0},{"not_picked":["Sunder","Barrage","Chaos"],"picked":"SKIP","floor":14.0},{"not_picked":["Hyperbeam","Multi-Cast"],"picked":"Meteor Strike","floor":16},{"not_picked":["Barrage","Rebound+1"],"picked":"Cold Snap+1","floor":18},{"not_picked":["Stack","Rebound+1"],"picked":"Coolheaded","floor":20}],"player_experience":336087,"relics_obtained":[{"floor":9.0,"key":"Blood Vial"},{"floor":17,"key":"Akabeko"},{"floor":17,"key":"Letter Opener"},{"floor":17,"key":"Incense Burner"}],"event_choices":[{"damage_healed":0.0,"max_hp_gain":0.0,"max_hp_loss":0.0,"gold_gain":0.0,"cards_transformed":["Strike_B"],"event_name":"Transmorgrifier","player_choice":"Transformed","floor":2.0,"gold_loss":0.0,"damage_taken":0.0,"cards_obtained":["Steam"]},{"damage_healed":0.0,"max_hp_gain":0.0,"max_hp_loss":0.0,"gold_gain":0.0,"event_name":"WeMeetAgain","player_choice":"Paid Gold","floor":8.0,"gold_loss":60.0,"damage_taken":0.0,"relics_obtained":["Nunchaku"]},{"cards_removed":["Steam"],"damage_healed":5.0,"max_hp_gain":0.0,"max_hp_loss":0.0,"gold_gain":0.0,"event_name":"Bonfire Elementals","player_choice":"Offered Common","floor":12.0,"gold_loss":0.0,"damage_taken":0.0},{"cards_removed":["Steam"],"damage_healed":5.0,"max_hp_gain":0.0,"max_hp_loss":0.0,"gold_gain":0.0,"event_name":"Bonfire Elementals","player_choice":"Offered Special","floor":12.0,"gold_loss":0.0,"damage_taken":0.0},{"damage_healed":0,"gold_gain":50,"player_choice":"Stole From Cult","damage_taken":0,"max_hp_gain":0,"max_hp_loss":0,"event_name":"Nest","floor":19,"gold_loss":0},{"damage_healed":0,"gold_gain":0,"player_choice":"Shed Blood","damage_taken":25,"max_hp_gain":5,"max_hp_loss":0,"event_name":"Forgotten Altar","floor":21,"gold_loss":0}],"is_beta":false,"boss_relics":[{"not_picked":["Pandora\u0027s Box","FrozenCore"],"picked":"Calling Bell"}],"items_purged_floors":[],"is_endless":false,"potions_floor_spawned":[3,4,11,13,14],"killed_by":"Snecko","ascension_level":18}}