{"host":"tbel5nf5tai26ewc","time":1607986906,"event":{"mods":["Act Like it!","BaseMod","Better Match","Better Sensory Stone","Better Skull","Better Third Choice","Colored Map","Colored Powertips","Custom Start","Filter the Spire","Minty Spire (QoL Compilation)","Rare Cards Sparkle","Relic Stats","Say the Spire","StSLib"],"gold_per_floor":[119,119,119,139,151,180,180,212,261,261,278,308,326,351,351,428,428,439,439,354,374,374,374,402,402,402,402,428,461,490,505,505,582,582,593,612,623,845,213,244,256,291,291,317,191,191,216,216,228,240,252,264,276,96,127,127],"floor_reached":57,"playtime":4263,"items_purged":[],"score":4133,"play_id":"801d63cb-851b-4224-83b3-02cdaefa0b1a","local_time":"20201215000146","daily_mods":["Elite Swarm"],"is_ascension_mode":true,"campfire_choices":[{"data":"Adrenaline","floor":7,"key":"SMITH"},{"data":"Adrenaline","floor":10,"key":"SMITH"},{"data":"Crescendo","floor":15,"key":"SMITH"},{"floor":23,"key":"RECALL"},{"data":"Backflip","floor":25,"key":"SMITH"},{"data":"Master of Strategy","floor":27,"key":"SMITH"},{"data":"Concentrate","floor":32,"key":"SMITH"},{"data":"Seek","floor":46,"key":"SMITH"},{"data":"PathToVictory","floor":49,"key":"SMITH"},{"data":"Alpha","floor":53,"key":"SMITH"}],"circlet_count":0,"master_deck":["MasterReality+1","Adrenaline+1","Adrenaline+1","Body Slam+1","Reaper+1","Feed+1","Shrug It Off+1","Shrug It Off+1","Shrug It Off+1","Shrug It Off+1","Shrug It Off+1","Shrug It Off+1","Shrug It Off+1","Shrug It Off+1","Shrug It Off+1","Shrug It Off+1","Disarm+1","Shockwave+1","Exhume+1","Offering+1","Corruption+1","Barricade+1","Dark Embrace+1","Dark Embrace+1","Feel No Pain+1","Feel No Pain+1","Limit Break+1","Reprogram+1","Crescendo+1","Adrenaline+1","Adrenaline+1","Berserk","Master of Strategy+1","Bite+1","Bite+1","Bite+1","Bite+1","Bite+1","Backflip+1","Concentrate+1","Berserk+1","PathToVictory+1","Finesse","Night Terror","CutThroughFate+1","Seek+1","Alpha+1","Bloodletting","DevaForm+1"],"relics":["Burning Blood","PrismaticShard","Dead Branch","Bottled Tornado","Bottled Lightning","Black Star","Pear","Smiling Mask","Molten Egg 2","Art of War","Ice Cream","Darkstone Periapt","Calipers","Red Skull","Question Card","Frozen Egg 2","Philosopher\u0027s Stone","The Courier","Thread and Needle","Ornamental Fan","Singing Bowl","Oddly Smooth Stone","Prayer Wheel","Red Mask","White Beast Statue","Centennial Puzzle","Black Star","Frozen Eye","Mercury Hourglass","Eternal Feather","Du-Vu Doll","Meat on the Bone","Champion Belt","Blue Candle","Happy Flower","StrikeDummy","PreservedInsect","Bird Faced Urn","Toy Ornithopter","MawBank","Bronze Scales","InkBottle","Pen Nib"],"acts_visited":["Exordium","TheCity","TheBeyond","TheEnding"],"potions_floor_usage":[],"damage_taken":[{"damage":0,"enemies":"Small Slimes","floor":1,"turns":1},{"damage":3,"enemies":"2 Louse","floor":4,"turns":2},{"damage":0,"enemies":"Cultist","floor":5,"turns":3},{"damage":6,"enemies":"Gremlin Nob","floor":6,"turns":1},{"damage":6,"enemies":"3 Sentries","floor":8,"turns":4},{"damage":0,"enemies":"Exordium Wildlife","floor":11,"turns":2},{"damage":0,"enemies":"Lagavulin","floor":12,"turns":1},{"damage":0,"enemies":"Large Slime","floor":13,"turns":1},{"damage":6,"enemies":"Gremlin Nob","floor":14,"turns":2},{"damage":6,"enemies":"The Guardian","floor":16,"turns":1},{"damage":6,"enemies":"Spheric Guardian","floor":18,"turns":1},{"damage":6,"enemies":"2 Thieves","floor":21,"turns":2},{"damage":0,"enemies":"Book of Stabbing","floor":24,"turns":2},{"damage":9,"enemies":"Slavers","floor":28,"turns":1},{"damage":6,"enemies":"Masked Bandits","floor":29,"turns":1},{"damage":0,"enemies":"Gremlin Leader","floor":30,"turns":2},{"damage":0,"enemies":"Snecko","floor":31,"turns":2},{"damage":12,"enemies":"Automaton","floor":33,"turns":2},{"damage":15,"enemies":"3 Shapes","floor":35,"turns":2},{"damage":19,"enemies":"3 Darklings","floor":36,"turns":2},{"damage":0,"enemies":"4 Shapes","floor":37,"turns":1},{"damage":12,"enemies":"Nemesis","floor":40,"turns":1},{"damage":6,"enemies":"Jaw Worm Horde","floor":41,"turns":1},{"damage":0,"enemies":"Giant Head","floor":42,"turns":2},{"damage":18,"enemies":"Reptomancer","floor":44,"turns":1},{"damage":8,"enemies":"Giant Head","floor":47,"turns":1},{"damage":0,"enemies":"Time Eater","floor":50,"turns":4},{"damage":19,"enemies":"Awakened One","floor":51,"turns":2},{"damage":6,"enemies":"Shield and Spear","floor":55,"turns":1},{"damage":28,"enemies":"The Heart","floor":56,"turns":5}],"seed_played":"1709004220348384947","potions_obtained":[{"floor":5,"key":"Regen Potion"},{"floor":6,"key":"Fire Potion"},{"floor":33,"key":"EntropicBrew"},{"floor":55,"key":"GamblersBrew"}],"is_trial":true,"path_per_floor":["M","?","?","M","M","E","R","E","T","R","M","E","M","E","R","B",null,"M","?","?","M","?","R","E","R","T","R","E","?","E","M","R","B",null,"M","M","M","?","$","E","M","E","T","E","$","R","E","T","R","B","B",null,"R","$","E","B",null],"character_chosen":"IRONCLAD","items_purchased":["Frozen Eye","Mercury Hourglass","Eternal Feather","Finesse","PreservedInsect","Bloodletting","Bronze Scales"],"campfire_rested":0,"item_purchase_floors":[39,39,39,39,45,54,54],"current_hp_per_floor":[78,24,24,57,67,71,71,83,83,83,97,107,115,121,121,127,132,137,137,137,141,141,141,145,145,145,145,151,153,159,165,165,166,168,173,177,202,202,202,207,213,217,217,220,220,223,227,227,227,231,235,235,235,235,235,235],"gold":127,"neow_bonus":"","is_daily":false,"chose_seed":false,"campfire_upgraded":9,"win_rate":0.0,"timestamp":1607986906,"path_taken":["M","?","?","M","M","E","R","E","T","R","?","E","M","E","R","BOSS","M","?","?","M","?","R","E","R","T","R","E","?","E","M","R","BOSS","M","M","M","?","$","E","M","E","T","E","$","R","E","?","R","BOSS","BOSS","R","$","E","BOSS"],"items_purchased_type":["Relic","Relic","Relic","Card","Relic","Card","Relic"],"build_version":"2020-12-13","purchased_purges":0,"victory":true,"max_hp_per_floor":[79,89,89,93,97,101,101,113,113,113,121,125,125,129,129,133,133,137,137,137,141,141,141,145,145,145,145,151,153,159,165,165,169,169,179,187,203,203,203,207,213,217,217,223,223,223,227,227,227,231,235,235,235,235,235,235],"relic_stats":{"Darkstone Periapt":0,"Singing Bowl":22,"Smiling Mask":0,"Burning Blood":126,"Centennial Puzzle":[27],"Prayer Wheel":5,"InkBottle":[9],"Happy Flower":[4],"counters":[30,54],"Dead Branch":[793],"Blue Candle":[0],"Eternal Feather":3,"PreservedInsect":207,"Pen Nib":[3],"Question Card":23,"MawBank":72,"Mercury Hourglass":[66],"Ornamental Fan":[156],"Bird Faced Urn":[36],"Bronze Scales":[48],"Black Star":17,"Art of War":[2],"Champion Belt":[14],"obtain_stats":[{"Ice Cream":6,"Darkstone Periapt":8,"Calipers":8,"Singing Bowl":26,"Bottled Tornado":0,"PrismaticShard":0,"Smiling Mask":2,"Burning Blood":0,"Blood Vial":12,"Frozen Eye":39,"Centennial Puzzle":30,"Philosopher\u0027s Stone":17,"Prayer Wheel":28,"Red Mask":29,"Red Skull":12,"InkBottle":55,"Pear":2,"Happy Flower":43,"Dead Branch":0,"Blue Candle":42,"Oddly Smooth Stone":28,"Thread and Needle":24,"Eternal Feather":39,"The Courier":20,"PreservedInsect":45,"Pen Nib":55,"Frozen Egg 2":14,"Question Card":14,"MawBank":48,"White Beast Statue":30,"Mercury Hourglass":39,"Du-Vu Doll":40,"Ornamental Fan":24,"Bird Faced Urn":47,"Bronze Scales":54,"Molten Egg 2":3,"Black Star":0,"Art of War":6,"Bottled Lightning":0,"Champion Belt":42,"StrikeDummy":44,"Toy Ornithopter":47,"Meat on the Bone":40},{"Ice Cream":4,"Darkstone Periapt":5,"Calipers":5,"Singing Bowl":13,"Bottled Tornado":0,"PrismaticShard":0,"Smiling Mask":1,"Burning Blood":0,"Blood Vial":7,"Frozen Eye":21,"Centennial Puzzle":16,"Philosopher\u0027s Stone":10,"Prayer Wheel":14,"Red Mask":15,"Red Skull":7,"InkBottle":29,"Pear":1,"Happy Flower":24,"Dead Branch":0,"Blue Candle":24,"Oddly Smooth Stone":14,"Thread and Needle":13,"Eternal Feather":21,"The Courier":11,"PreservedInsect":25,"Pen Nib":29,"Frozen Egg 2":9,"Question Card":9,"MawBank":26,"White Beast Statue":16,"Mercury Hourglass":21,"Du-Vu Doll":22,"Ornamental Fan":13,"Bird Faced Urn":26,"Bronze Scales":28,"Molten Egg 2":1,"Black Star":0,"Art of War":4,"Bottled Lightning":0,"Champion Belt":24,"StrikeDummy":25,"Toy Ornithopter":26,"Meat on the Bone":22},{"Ice Cream":7,"Darkstone Periapt":11,"Calipers":11,"Singing Bowl":23,"Bottled Tornado":0,"PrismaticShard":0,"Smiling Mask":1,"Burning Blood":0,"Blood Vial":14,"Frozen Eye":36,"Centennial Puzzle":27,"Philosopher\u0027s Stone":18,"Prayer Wheel":24,"Red Mask":25,"Red Skull":14,"InkBottle":49,"Pear":1,"Happy Flower":40,"Dead Branch":0,"Blue Candle":40,"Oddly Smooth Stone":24,"Thread and Needle":23,"Eternal Feather":36,"The Courier":19,"PreservedInsect":41,"Pen Nib":49,"Frozen Egg 2":17,"Question Card":17,"MawBank":42,"White Beast Statue":27,"Mercury Hourglass":36,"Du-Vu Doll":37,"Ornamental Fan":23,"Bird Faced Urn":42,"Bronze Scales":48,"Molten Egg 2":1,"Black Star":0,"Art of War":7,"Bottled Lightning":0,"Champion Belt":40,"StrikeDummy":41,"Toy Ornithopter":42,"Meat on the Bone":37}],"Toy Ornithopter":0,"Meat on the Bone":0},"card_choices":[{"not_picked":["Clothesline","Entrench"],"picked":"Crescendo","floor":1},{"not_picked":["Power Through","True Grit","Thunderclap+1"],"picked":"SKIP","floor":4},{"not_picked":["Bane+1","FlurryOfBlows+1","Wraith Form v2"],"picked":"SKIP","floor":5},{"not_picked":["Panache","Doppelganger"],"picked":"Adrenaline","floor":6},{"not_picked":["Violence","After Image"],"picked":"Adrenaline","floor":8},{"not_picked":["Collect","SashWhip+1","Gash+1"],"picked":"SKIP","floor":11},{"not_picked":["ConjureBlade","Biased Cognition"],"picked":"Berserk","floor":12},{"not_picked":["Barrage+1","Streamline+1","SashWhip+1"],"picked":"SKIP","floor":13},{"not_picked":["Unload+1","Brilliance+1","The Bomb"],"picked":"SKIP","floor":14},{"not_picked":["Core Surge+1","Sadistic Nature+1","After Image+1"],"picked":"Master of Strategy","floor":16},{"not_picked":["Riddle With Holes+1","Halt","Pummel+1","Reckless Charge+1"],"picked":"SKIP","floor":18},{"not_picked":["Storm+1","Perfected Strike+1","Halt"],"picked":"Backflip","floor":21},{"not_picked":["Transmutation","Die Die Die+1","Immolate+1","Bludgeon+1"],"picked":"SKIP","floor":24},{"not_picked":["Wraith Form v2+1","A Thousand Cuts+1","LessonLearned+1","Malaise"],"picked":"Singing Bowl","floor":28},{"not_picked":["Metallicize+1","Dodge and Roll","FlyingSleeves+1","Predator+1"],"picked":"Singing Bowl","floor":29},{"not_picked":["Omniscience","Venomology","Ragnarok+1","Devotion+1"],"picked":"Singing Bowl","floor":30},{"not_picked":["Sucker Punch+1","ClearTheMind","EmptyFist+1"],"picked":"Concentrate","floor":31},{"not_picked":["Thunderclap+1","Madness","Sword Boomerang+1","Footwork+1"],"picked":"Singing Bowl","floor":31},{"not_picked":["LessonLearned+1","HandOfGreed+1","Secret Weapon"],"picked":"Berserk+1","floor":33},{"not_picked":["Chaos","FTL+1","FlyingSleeves+1","Heatsinks+1"],"picked":"Singing Bowl","floor":35},{"not_picked":["Anger+1","Beam Cell+1","Conserve Battery"],"picked":"PathToVictory","floor":35},{"not_picked":["BowlingBash+1","Skim","Loop+1","Metamorphosis"],"picked":"Singing Bowl","floor":36},{"not_picked":["Panacea","Halt","Recycle","Capacitor+1"],"picked":"Singing Bowl","floor":36},{"not_picked":["Anger+1","Cleave+1","Tactician","Beam Cell+1"],"picked":"Singing Bowl","floor":37},{"not_picked":["DeceiveReality+1","Compile Driver+1","Coolheaded+1","Die Die Die+1"],"picked":"Singing Bowl","floor":37},{"not_picked":["Metamorphosis","Bludgeon+1","Malaise"],"picked":"Night Terror","floor":40},{"not_picked":["Deadly Poison","Clothesline+1","Consecrate+1"],"picked":"CutThroughFate+1","floor":41},{"not_picked":["ClearTheMind","Prepared","CutThroughFate+1","Collect"],"picked":"Singing Bowl","floor":41},{"not_picked":["Magnetism+1","Wish","Exhume"],"picked":"Seek","floor":42},{"not_picked":["Mayhem+1","Echo Form+1","Biased Cognition+1","Magnetism+1"],"picked":"Singing Bowl","floor":44},{"not_picked":["Demon Form+1","Bludgeon+1","Phantasmal Killer"],"picked":"Alpha","floor":47},{"not_picked":["Bullet Time","Storm of Steel","Electrodynamics+1"],"picked":"DevaForm+1","floor":55}],"player_experience":319859,"relics_obtained":[{"floor":3,"key":"Molten Egg 2"},{"floor":6,"key":"Art of War"},{"floor":6,"key":"Ice Cream"},{"floor":8,"key":"Darkstone Periapt"},{"floor":8,"key":"Calipers"},{"floor":12,"key":"Red Skull"},{"floor":12,"key":"Blood Vial"},{"floor":14,"key":"Question Card"},{"floor":14,"key":"Frozen Egg 2"},{"floor":24,"key":"Thread and Needle"},{"floor":24,"key":"Ornamental Fan"},{"floor":26,"key":"Singing Bowl"},{"floor":28,"key":"Oddly Smooth Stone"},{"floor":28,"key":"Prayer Wheel"},{"floor":29,"key":"Red Mask"},{"floor":30,"key":"White Beast Statue"},{"floor":30,"key":"Centennial Puzzle"},{"floor":40,"key":"Du-Vu Doll"},{"floor":40,"key":"Meat on the Bone"},{"floor":42,"key":"Champion Belt"},{"floor":42,"key":"Blue Candle"},{"floor":43,"key":"Happy Flower"},{"floor":44,"key":"StrikeDummy"},{"floor":47,"key":"Bird Faced Urn"},{"floor":47,"key":"Toy Ornithopter"},{"floor":48,"key":"MawBank"},{"floor":55,"key":"InkBottle"},{"floor":55,"key":"Pen Nib"}],"event_choices":[{"damage_healed":0,"gold_gain":1,"player_choice":"Relic Relic ","damage_taken":64,"max_hp_gain":0,"max_hp_loss":0,"event_name":"betterThird:BetterScrap","floor":2,"gold_loss":0,"cards_obtained":["Weave"]},{"damage_healed":0,"gold_gain":0,"player_choice":"Relic","damage_taken":0,"max_hp_gain":0,"max_hp_loss":0,"event_name":"Wheel of Change","floor":3,"gold_loss":0},{"damage_healed":0,"gold_gain":0,"player_choice":"Became a vampire (Vial)","damage_taken":0,"max_hp_gain":0,"max_hp_loss":0,"event_name":"Vampires","floor":19,"relics_lost":["Blood Vial"],"gold_loss":0,"cards_obtained":["Bite","Bite","Bite","Bite","Bite"]},{"damage_healed":0,"gold_gain":0,"player_choice":"Obtained Relic","damage_taken":0,"relics_obtained":["The Courier"],"max_hp_gain":0,"max_hp_loss":0,"event_name":"Addict","floor":20,"gold_loss":85},{"damage_healed":0,"gold_gain":0,"player_choice":"Ignored","damage_taken":0,"max_hp_gain":0,"max_hp_loss":0,"event_name":"The Mausoleum","floor":22,"gold_loss":0},{"damage_healed":0,"gold_gain":0,"player_choice":"Fought Bandits","damage_taken":0,"max_hp_gain":0,"max_hp_loss":0,"event_name":"Masked Bandits","floor":29,"gold_loss":0},{"damage_healed":0,"gold_gain":222,"player_choice":"Wore Mask","damage_taken":0,"max_hp_gain":0,"max_hp_loss":0,"event_name":"Tomb of Lord Red Mask","floor":38,"gold_loss":0}],"is_beta":false,"boss_relics":[{"not_picked":["Runic Pyramid","Cursed Key"],"picked":"Philosopher\u0027s Stone"},{"not_picked":["Velvet Choker","Runic Cube"],"picked":"Black Star"}],"items_purged_floors":[],"is_endless":false,"potions_floor_spawned":[5,6,13,16,21,28,29,30,31,33,35,36,37,40,41,42,44,47,55],"ascension_level":20}}