{"host":"1a32ffxog1zcqoh0","time":1607971422,"event":{"mods":["BaseMod","Block Reminder","Colored Map","Colored Powertips","Googly Eyes","Minty Spire (QoL Compilation)","Quick Restart","Rare Cards Sparkle","Relic Stats","StSLib","Unceasing Turn Reminder","everything is the same but u backflip on backflip","slay the spire mod where everything is the same but ironclad has a cowboy hat"],"gold_per_floor":[112,0,0,19,33,66,66,95,95,105,105,123,149,149,149,277,277,300,399,314,338,0,0,0],"floor_reached":23,"playtime":1376,"items_purged":["Strike_G"],"score":261,"play_id":"e5e31698-b267-4d28-aedb-476dbff94651","local_time":"20201214134342","is_ascension_mode":true,"campfire_choices":[{"floor":7,"key":"REST"},{"floor":11,"key":"REST"},{"floor":15,"key":"REST"}],"circlet_count":0,"master_deck":["Strike_G","Strike_G","Strike_G","Strike_G","Defend_G","Defend_G","Defend_G","Defend_G","Defend_G","Survivor","Neutralize","Prepared","Infinite Blades","Terror","Quick Slash","Reflex","Well Laid Plans","Dagger Throw","Escape Plan","All Out Attack","Acrobatics","Injury","A Thousand Cuts","Dagger Spray","Deflect","Dagger Throw"],"relics":["Ring of the Snake","StoneCalendar","Matryoshka","Boot","Ancient Tea Set","The Courier","Calipers","Golden Idol","HoveringKite","Gambling Chip","Lantern","Tiny Chest"],"acts_visited":["Exordium","TheCity"],"potions_floor_usage":[6,13],"damage_taken":[{"damage":4,"enemies":"Jaw Worm","floor":1,"turns":5},{"damage":0,"enemies":"Small Slimes","floor":4,"turns":4},{"damage":1,"enemies":"2 Louse","floor":5,"turns":3},{"damage":34,"enemies":"3 Sentries","floor":6,"turns":7},{"damage":7,"enemies":"Lagavulin","floor":8,"turns":7},{"damage":18,"enemies":"Exordium Wildlife","floor":10,"turns":6},{"damage":2,"enemies":"3 Louse","floor":12,"turns":3},{"damage":17,"enemies":"Gremlin Nob","floor":13,"turns":4},{"damage":7,"enemies":"Hexaghost","floor":16,"turns":9},{"damage":16,"enemies":"3 Byrds","floor":18,"turns":4},{"damage":7,"enemies":"Chosen","floor":21,"turns":4},{"damage":51,"enemies":"Gremlin Leader","floor":23,"turns":4}],"seed_played":"8460427776827553424","potions_obtained":[{"floor":5,"key":"Regen Potion"},{"floor":12,"key":"EssenceOfSteel"},{"floor":13,"key":"FearPotion"}],"is_trial":false,"path_per_floor":["M","$","?","M","M","E","R","E","T","M","R","M","E","?","R","B",null,"M","?","?","M","$","E"],"character_chosen":"THE_SILENT","items_purchased":["Infinite Blades","Terror","Dagger Throw","Lantern","Tiny Chest"],"campfire_rested":3,"item_purchase_floors":[2,2,22,22,22],"current_hp_per_floor":[66,66,59,59,58,39,60,53,53,35,56,54,37,37,58,51,65,49,49,49,42,42,0,0],"gold":0,"neow_bonus":"ONE_RARE_RELIC","is_daily":false,"chose_seed":false,"campfire_upgraded":0,"win_rate":0.0,"timestamp":1607971422,"path_taken":["M","$","?","M","M","E","R","E","T","M","R","M","E","?","R","BOSS","M","?","?","M","?","E"],"items_purchased_type":["Card","Card","Card","Relic","Relic"],"build_version":"2020-12-13","purchased_purges":1,"victory":false,"max_hp_per_floor":[70,70,70,70,70,70,70,70,70,70,70,70,70,70,70,70,70,70,70,70,70,70,70,70],"relic_stats":{"counters":[12,60],"Golden Idol":36,"Gambling Chip":[9],"HoveringKite":[6],"StoneCalendar":[123],"Tiny Chest":0,"Boot":[55],"obtain_stats":[{"Lantern":22,"Matryoshka":6,"Calipers":13,"Golden Idol":14,"Gambling Chip":20,"HoveringKite":17,"StoneCalendar":0,"Tiny Chest":22,"The Courier":9,"Boot":8,"Ancient Tea Set":9,"Ring of the Snake":0},{"Lantern":11,"Matryoshka":4,"Calipers":8,"Golden Idol":8,"Gambling Chip":10,"HoveringKite":9,"StoneCalendar":0,"Tiny Chest":11,"The Courier":5,"Boot":5,"Ancient Tea Set":5,"Ring of the Snake":0},{"Lantern":56,"Matryoshka":19,"Calipers":39,"Golden Idol":39,"Gambling Chip":52,"HoveringKite":48,"StoneCalendar":0,"Tiny Chest":56,"The Courier":26,"Boot":26,"Ancient Tea Set":26,"Ring of the Snake":0}],"Ring of the Snake":[24]},"card_choices":[{"not_picked":["Flechettes","Acrobatics"],"picked":"Prepared","floor":1},{"not_picked":["Distraction","Bane"],"picked":"Quick Slash","floor":4},{"not_picked":["Dodge and Roll","Masterful Stab"],"picked":"Reflex","floor":5},{"not_picked":["PiercingWail","Riddle With Holes"],"picked":"Well Laid Plans","floor":6},{"not_picked":["Blur","Concentrate"],"picked":"Dagger Throw","floor":8},{"not_picked":["Quick Slash","Bouncing Flask"],"picked":"Escape Plan","floor":10},{"not_picked":["Bane","Distraction"],"picked":"All Out Attack","floor":12},{"not_picked":["Poisoned Stab","Endless Agony"],"picked":"Acrobatics","floor":13},{"not_picked":["Envenom","Venomology"],"picked":"A Thousand Cuts","floor":16},{"not_picked":["Sucker Punch","PiercingWail"],"picked":"Dagger Spray","floor":18},{"not_picked":["Catalyst+1","Dash"],"picked":"Deflect","floor":21}],"player_experience":227858,"relics_obtained":[{"floor":6,"key":"Matryoshka"},{"floor":8,"key":"Boot"},{"floor":9,"key":"Ancient Tea Set"},{"floor":9,"key":"The Courier"},{"floor":13,"key":"Calipers"}],"event_choices":[{"cards_removed":["Regret"],"damage_healed":0,"gold_gain":0,"player_choice":"Card Removal","damage_taken":7,"max_hp_gain":0,"max_hp_loss":0,"event_name":"Golden Wing","floor":3,"gold_loss":0},{"damage_healed":0,"gold_gain":0,"player_choice":"Take Wound","damage_taken":0,"relics_obtained":["Golden Idol"],"max_hp_gain":0,"max_hp_loss":0,"event_name":"Golden Idol","floor":14,"gold_loss":0,"cards_obtained":["Injury"]},{"damage_healed":0,"gold_gain":99,"player_choice":"Stole From Cult","damage_taken":0,"max_hp_gain":0,"max_hp_loss":0,"event_name":"Nest","floor":19,"gold_loss":0},{"damage_healed":0,"gold_gain":0,"player_choice":"Obtained Relic","damage_taken":0,"relics_obtained":["Gambling Chip"],"max_hp_gain":0,"max_hp_loss":0,"event_name":"Addict","floor":20,"gold_loss":85}],"is_beta":false,"boss_relics":[{"not_picked":["Coffee Dripper","SacredBark"],"picked":"HoveringKite"}],"items_purged_floors":[22],"is_endless":false,"potions_floor_spawned":[5,12,13],"killed_by":"Gremlin Leader","ascension_level":5}}