{"host":"l8lm1goh5xm9tkuw","time":1607951329,"event":{"mods":["Act Like it!","Alarm Clock","Astrologer","BaseMod","Colored Map","Colored Powertips","GungeonMod","Hermit","KinomotoSakuraMod(Ä¾Ö®±¾Ó£)","KomeijiMod","Library of Ruina","Library of Ruina Extra","Lobotomy","LobotomyExtend","Marisa£¨ìFÓê¡¡Ä§ÀíÉ³£©","Minty Spire (QoL Compilation)","MostiFishMod","Quick Restart","Replay The Spire","Shade Mod","StSLib","TestMod","The Animator","The Bug Knight","The Hierophant","UnlockEverythingMod","Yuri Mod","vexMod","¡¾ÒÅÎï¿¨ÅÆ¡¿REMEMod"],"gold_per_floor":[117,117,128,146,196,196,230,250,329,355,366,399,399,413,413,537,537,656,521,538,253,272,300,320,339,339,376,376,376,404,414,414,422,422],"floor_reached":33,"playtime":1494,"items_purged":["Strike_P","Strike_P"],"score":883,"play_id":"e585b9a7-6750-42fe-a52c-e0e15bcd3edb","local_time":"20201214210849","is_ascension_mode":true,"campfire_choices":[{"data":"Eruption","floor":6.0,"key":"SMITH"},{"data":"Blasphemy","floor":13.0,"key":"SMITH"},{"data":"Strike_P","floor":15.0,"key":"PURGE"},{"data":"Replay:Hum","floor":29.0,"key":"SMITH"}],"circlet_count":0,"master_deck":["AscendersBane","Defend_P+1","Defend_P","Defend_P","Eruption+1","Vigilance","Vengeance","MostiFishMod:Speedup+1","Ragnarok+1","InnerPeace+1","MostiFishMod:DisColor","Blasphemy+1","AbeCurse","BowlingBash+1","FearNoEvil","Replay:Hum+1","MostiFishMod:Disappear+1","Adaptation+1","Crescendo+1","FollowUp","MostiFishMod:Adaptation"],"relics":["DaveBox","testmod-TestBox","REME_ComplimentaryCards","Coffee Dripper","Membership Card","testmod-AscensionHeart","Question Card","LetterFromLob","Potion Belt","DemoMod:PinkGuonStone","Matryoshka","Happy Flower","ImportantClient","Abe\u0027s Treasure","Nunchaku","PreservedInsect","DemoMod:MeltedRock","vexMod:FocusSash","testmod-Acrobat","testmod-ObsoleteBoomerang","testmod-Antiphasic"],"acts_visited":["Exordium","TheCity"],"potions_floor_usage":[],"damage_taken":[{"damage":2.0,"enemies":"Jaw Worm","floor":1.0,"turns":4.0},{"damage":0.0,"enemies":"2 Louse","floor":3.0,"turns":2.0},{"damage":0.0,"enemies":"Cultist","floor":4.0,"turns":2.0},{"damage":32.0,"enemies":"3 Sentries","floor":7.0,"turns":16.0},{"damage":3.0,"enemies":"Gremlin Gang","floor":8.0,"turns":2.0},{"damage":0.0,"enemies":"Lagavulin","floor":10.0,"turns":2.0},{"damage":0.0,"enemies":"Large Slime","floor":11.0,"turns":2.0},{"damage":0.0,"enemies":"3 Sentries","floor":12.0,"turns":3.0},{"damage":0.0,"enemies":"Looter","floor":14.0,"turns":1.0},{"damage":11.0,"enemies":"Fading Forest","floor":16.0,"turns":13.0},{"damage":3.0,"enemies":"Spheric Guardian","floor":18.0,"turns":3.0},{"damage":0.0,"enemies":"Chosen","floor":20.0,"turns":2.0},{"damage":0.0,"enemies":"3 Cultists","floor":22.0,"turns":2.0},{"damage":0.0,"enemies":"Replay:Snechameleon","floor":23.0,"turns":1.0},{"damage":0.0,"enemies":"Cultist and Chosen","floor":24.0,"turns":3.0},{"damage":19.0,"enemies":"Centurion and Healer","floor":25.0,"turns":3.0},{"damage":0.0,"enemies":"REME_1_Revenger","floor":27.0,"turns":2.0},{"damage":23.0,"enemies":"Slavers","floor":30.0,"turns":2.0},{"damage":0.0,"enemies":"Chosen and Byrds","floor":31.0,"turns":2.0},{"damage":96,"enemies":"RedHoodMercenary","floor":33,"turns":4}],"seed_played":"8297932556829139367","potions_obtained":[{"floor":3.0,"key":"Block Potion"},{"floor":8.0,"key":"Explosive Potion"},{"floor":11.0,"key":"CalmPotion"},{"floor":16.0,"key":"CalmPotion"},{"floor":20.0,"key":"Ancient Potion"},{"floor":23.0,"key":"Dexterity Potion"},{"floor":25.0,"key":"Energy Potion"},{"floor":27.0,"key":"Elixir"}],"is_trial":false,"path_per_floor":["M","?","M","M","?","R","E","M","T","E","M","E","R","M","R_BF","B",null,"M","$","M","$","M","E","M","M","T","E","?","R","E","M","R_BF","B"],"character_chosen":"WATCHER","items_purchased":["FearNoEvil","Nunchaku","Replay:Hum","PreservedInsect","DemoMod:MeltedRock","MostiFishMod:Disappear","Adaptation","FearPotion"],"campfire_rested":0,"item_purchase_floors":[19,19,19,21,21,21,21,21],"current_hp_per_floor":[60,50,51,52,52,52,25,23,30,32,36,38,38,39,39,45,74,72,72,73,73,74,76,77,59,59,64,64,64,43,44,69,68,68],"gold":422,"neow_bonus":"BOSS_RELIC","is_daily":false,"chose_seed":false,"campfire_upgraded":3,"win_rate":0.0,"timestamp":1607951329,"path_taken":["M","?","M","M","?","R","E","M","T","E","?","E","R","M","R_BF","BOSS","M","$","M","$","M","E","M","?","T","E","?","R","E","M","R_BF","BOSS"],"items_purchased_type":["Card","Relic","Card","Relic","Relic","Card","Card","Potion"],"build_version":"2020-12-13","purchased_purges":2,"victory":false,"max_hp_per_floor":[68,68,68,68,68,68,69,69,76,77,77,78,78,78,78,83,83,83,83,83,83,83,84,84,84,84,85,85,85,86,86,86,91,91],"card_choices":[{"not_picked":["Perseverance","ThirdEye"],"picked":"Vengeance","floor":1.0},{"not_picked":["Replay:BluntJabs","DeceiveReality","Protect","JustLucky"],"picked":"SKIP","floor":3.0},{"not_picked":["Halt","WindmillStrike","Nirvana"],"picked":"MostiFishMod:Speedup","floor":4.0},{"not_picked":["MostiFishMod:FlowState","MostiFishMod:KamiSmash","Vault"],"picked":"Ragnarok","floor":7.0},{"not_picked":["Worship","Prostrate","REME_Repentance"],"picked":"InnerPeace","floor":8.0},{"not_picked":["Judgement","Establishment","REME_EmptyShield"],"picked":"MostiFishMod:DisColor","floor":10.0},{"not_picked":["Replay:AtTheReady","FlyingSleeves","ClearTheMind","Crescendo"],"picked":"SKIP","floor":11.0},{"not_picked":["MostiFishMod:StarHerder","Replay:AllIn","MostiFishMod:StarLaLaLa"],"picked":"Blasphemy","floor":12.0},{"not_picked":["Protect","Consecrate","SignatureMove","Crescendo"],"picked":"SKIP","floor":14.0},{"not_picked":["MostiFishMod:Moonprays","MostiFishMod:ScryFuture","MostiFishMod:OutWit"],"picked":"MostiFishMod:CyberBuddha","floor":16.0},{"not_picked":["Crescendo","Replay:ManipulateFuture+1","REME_Repentance"],"picked":"BowlingBash+1","floor":18.0},{"not_picked":["CarveReality","Protect","SashWhip","Evaluate"],"picked":"SKIP","floor":20.0},{"not_picked":["Replay:BluntJabs","Replay:Battleflow","Indignation","WaveOfTheHand"],"picked":"SKIP","floor":22.0},{"not_picked":["REME_EmptyShield","Establishment","Judgement","MostiFishMod:KamiSmash"],"picked":"SKIP","floor":23.0},{"not_picked":["MentalFortress","REME_Repentance","BowlingBash","Meditate+1"],"picked":"SKIP","floor":24.0},{"not_picked":["Meditate","FollowUp","MostiFishMod:DisColor","Replay:BluntJabs"],"picked":"SKIP","floor":25.0},{"not_picked":["MostiFishMod:Unraveling","MostiFishMod:Disappear","MostiFishMod:DisColor","Brilliance"],"picked":"SKIP","floor":27.0},{"not_picked":["MostiFishMod:FlowState","Replay:LoomingThreat","MostiFishMod:StarLaLaLa"],"picked":"MostiFishMod:Adaptation","floor":30.0},{"not_picked":["Swivel+1","Replay:ManipulateFuture","JustLucky","Evaluate"],"picked":"SKIP","floor":31.0}],"player_experience":314725,"relics_obtained":[{"floor":1.0,"key":"Question Card"},{"floor":1.0,"key":"LetterFromLob"},{"floor":7.0,"key":"Potion Belt"},{"floor":9.0,"key":"DemoMod:PinkGuonStone"},{"floor":10.0,"key":"Matryoshka"},{"floor":12.0,"key":"Happy Flower"},{"floor":16.0,"key":"ImportantClient"},{"floor":23.0,"key":"vexMod:FocusSash"},{"floor":26.0,"key":"testmod-Acrobat"},{"floor":27.0,"key":"testmod-ObsoleteBoomerang"},{"floor":30.0,"key":"testmod-Antiphasic"}],"event_choices":[{"damage_healed":0.0,"max_hp_gain":0.0,"max_hp_loss":0.0,"gold_gain":0.0,"event_name":"Shining Light","player_choice":"Entered Light","floor":2.0,"gold_loss":0.0,"damage_taken":20.0,"cards_upgraded":["Defend_P","Strike_P"]},{"damage_healed":0.0,"max_hp_gain":0.0,"max_hp_loss":0.0,"gold_gain":50.0,"event_name":"Golden Shrine","player_choice":"Pray","floor":5.0,"gold_loss":0.0,"damage_taken":0.0},{"damage_healed":0.0,"max_hp_gain":0.0,"max_hp_loss":0.0,"gold_gain":0.0,"cards_transformed":["Strike_P","Defend_P"],"event_name":"Drug Dealer","player_choice":"Became Test Subject","floor":28.0,"gold_loss":0.0,"damage_taken":0.0,"cards_obtained":["Crescendo","FollowUp"]}],"is_beta":false,"boss_relics":[{"not_picked":["ChewingGum","RhineFirstAidKit"],"picked":"Abe\u0027s Treasure"}],"items_purged_floors":[19,21],"is_endless":false,"potions_floor_spawned":[3,8,11,16,20,23,25,27,30],"killed_by":"RedHoodMercenary","ascension_level":20}}