{"host":"voynvaosqxulty6e","time":1607959500,"event":{"mods":["BaseMod","Downfall","Minty Spire (QoL Compilation)","StSLib"],"gold_per_floor":[99,21,21,21,196,260,287,287,299,331,331,347,361,94,112,112,112],"floor_reached":16,"playtime":835,"items_purged":[],"score":98,"play_id":"51bcc560-fdcb-4e3d-86a9-cf0bb5eaaef7","local_time":"20201214162500","is_ascension_mode":false,"campfire_choices":[{"data":"champ:Taunt","floor":1,"key":"SMITH"},{"data":"champ:HoldFirm","floor":3,"key":"SMITH"},{"data":"champ:Execute","floor":8,"key":"SMITH"}],"circlet_count":0,"master_deck":["champ:Strike","champ:Strike","champ:Strike","champ:Strike","champ:Defend","champ:Defend","champ:Defend","champ:Defend","champ:Execute+1","champ:Taunt+1","champ:HoldFirm+1","champ:EnGarde","champ:TornadoPunch","Doubt","champ:CrookedStrike","champ:SkillfulDodge","champ:DeathBlow","champ:GladiatorStyle","champ:FanOfKnives","champ:StanceDance"],"relics":["champ:ChampionCrown","downfall:HeartsMalice","Potion Belt","Omamori","Blood Vial","Matryoshka"],"acts_visited":["Exordium"],"potions_floor_usage":[10,16,16],"damage_taken":[{"damage":0,"enemies":"downfall:FleeingMerchant","floor":2,"turns":1},{"damage":0,"enemies":"2 Louse","floor":4,"turns":1},{"damage":0,"enemies":"Gremlin Nob","floor":6,"turns":1},{"damage":8,"enemies":"Small Slimes","floor":9,"turns":9},{"damage":28,"enemies":"Lagavulin","floor":10,"turns":9},{"damage":29,"enemies":"Cultist","floor":12,"turns":3},{"damage":5,"enemies":"Lots of Slimes","floor":13,"turns":2},{"damage":25,"enemies":"downfall:FleeingMerchant","floor":14,"turns":4},{"damage":7,"enemies":"Exordium Wildlife","floor":15,"turns":3},{"damage":112,"enemies":"downfall:Silent","floor":16,"turns":16}],"seed_played":"-1202923320384143799","potions_obtained":[{"floor":6,"key":"EssenceOfSteel"},{"floor":9,"key":"AttackPotion"},{"floor":10,"key":"sneckomod:MuddlingPotion"},{"floor":15,"key":"Strength Potion"}],"is_trial":false,"path_per_floor":["R","$","R","M","?","?","T","R","M","E","?","M","M","$","M","B"],"character_chosen":"THE_CHAMP","items_purchased":["champ:EnGarde","Matryoshka"],"campfire_rested":0,"item_purchase_floors":[2,14],"current_hp_per_floor":[90,90,90,90,90,90,90,90,90,83,83,81,78,75,75,0,0],"gold":112,"neow_bonus":"THREE_ENEMY_KILL","is_daily":false,"chose_seed":false,"campfire_upgraded":3,"win_rate":0.0,"timestamp":1607959500,"path_taken":["R","$","R","M","?","?","T","R","M","E","?","M","M","$","M","BOSS"],"items_purchased_type":["Card","Relic"],"build_version":"2020-12-13","purchased_purges":0,"victory":false,"max_hp_per_floor":[90,90,90,90,90,90,90,90,90,90,90,90,90,90,90,90,90],"card_choices":[{"not_picked":["champ:Backstep","champ:GutPunch"],"picked":"champ:HoldFirm","floor":2},{"not_picked":["champ:StanceDance","champ:GladiatorStyle"],"picked":"champ:TornadoPunch","floor":4},{"not_picked":["champ:Duel","champ:BerserkersShout"],"picked":"champ:CrookedStrike","floor":6},{"not_picked":["champ:Circumvent","champ:HeartStrike"],"picked":"champ:SkillfulDodge","floor":9},{"not_picked":["champ:Backstep","champ:DefensiveShout"],"picked":"champ:DeathBlow","floor":10},{"not_picked":["champ:Circumvent","champ:FlashCut"],"picked":"champ:GladiatorStyle","floor":12},{"not_picked":["champ:GladiatorsShout","champ:TornadoPunch"],"picked":"champ:FanOfKnives","floor":13},{"not_picked":["champ:EnragedBash","champ:Circumvent"],"picked":"champ:StanceDance","floor":14},{"not_picked":["champ:DefensiveShout","champ:TornadoPunch","champ:Backstep"],"picked":"SKIP","floor":15}],"player_experience":201463,"relics_obtained":[{"floor":6,"key":"Potion Belt"},{"floor":7,"key":"Omamori"},{"floor":10,"key":"Blood Vial"}],"event_choices":[{"damage_healed":0,"gold_gain":0,"player_choice":"Leave","damage_taken":0,"max_hp_gain":0,"max_hp_loss":0,"event_name":"FaceTrader","floor":11,"gold_loss":0}],"is_beta":false,"boss_relics":[],"items_purged_floors":[],"is_endless":false,"potions_floor_spawned":[6,9,10,15],"killed_by":"downfall:Silent","ascension_level":0}}