{"host":"acw864156wjp8gcv","time":1607965835,"event":{"mods":["2.2 Compatiblity","AchievementEnabler","Aspiration","BaseMod","Beaked The Cultist","Better Altar","Better Match","Better Note","Better Sensory Stone","Better Silent Start","Better Skull","Better Third Choice","Better Vampires","BetterRewards","Challenge The Spire","Colored Map","Colored Powertips","Conspire","Curses Come First","Downfall","Energized Spire","GifTheSpireLib","Halation","Hubris","Infinite Spire","Ironclad Rager","Jedi Mod","Mimic Mod","Minty Spire (QoL Compilation)","Relic Sorter","Replay The Spire","Shop Mod","Spicy Shops","Spikes Relics","StSLib","Stuff the Spire","The Blue Laboratory","The Construct","The Jungle","Wandering Minibosses","everything is the same but u backflip on backflip","vexMod"],"gold_per_floor":[15,15,502,513,527,527,558,558,558,576,588,588,601,618,618,713,713,729,279,279,294,294,326,326,361,384,401,401,430,445,461,461,561,561,577,577,627,641,657,657,674,700,700,713,713,713,748,779,779,779,779,779,779,807,807],"floor_reached":56,"playtime":1404,"items_purged":[],"score":1476,"play_id":"4ec5de09-1aa7-4cca-8dfb-4331bd0d6d15","local_time":"20201214111035","is_ascension_mode":true,"campfire_choices":[{"data":"hubris:DuctTapeCard","floor":6.0,"key":"SMITH"},{"data":"hubris:InfiniteBlow+6","floor":8.0,"key":"SMITH"},{"data":"hubris:InfiniteBlow+7","floor":12.0,"key":"SMITH"},{"data":"hubris:InfiniteBlow+8","floor":15.0,"key":"SMITH"},{"data":"hubris:InfiniteBlow+9","floor":24.0,"key":"SMITH"},{"data":"hubris:InfiniteBlow+10","floor":28.0,"key":"SMITH"},{"data":"hubris:InfiniteBlow+12","floor":32.0,"key":"SMITH"},{"data":"hubris:InfiniteBlow+15","floor":40.0,"key":"SMITH"},{"data":"hubris:InfiniteBlow+18","floor":46.0,"key":"SMITH"},{"data":"Iron Wave","floor":49.0,"key":"SMITH"},{"data":"hubris:InfiniteBlow+25","floor":52,"key":"SMITH"}],"circlet_count":0,"master_deck":["Twin Strike+1","Twin Strike+1","Twin Strike+1","Twin Strike+1","Twin Strike+1","Iron Wave+1","Iron Wave+1","Clash+2","Clash+2","Clash+2","hubris:InfiniteBlow+29","Dual Wield+1","StuffTheSpire:Rapture+1","hubris:DuctTapeCard"],"relics":["Burning Blood","CultistMask","Kunai","hubris:DuctTape","ReplayTheSpireMod:Lightbulb","infinitespire:Golems Mask","Sandwich","Pen Nib","Nunchaku","CrustySpines","Whetstone","MiniBlackHole","Solar Panel","Sozu","The Courier","halation:ForbiddenBikini","hubris:CuriousFeather","Durian","conspire:DecoderRing","Another Sword","wanderingMiniBosses:Inkheart","Snack Pack"],"acts_visited":["Exordium","TheCity","TheBeyond","TheEnding"],"potions_floor_usage":[55,55,55],"damage_taken":[{"damage":0.0,"enemies":"Small Slimes","floor":1.0,"turns":1.0},{"damage":0.0,"enemies":"Cultist","floor":4.0,"turns":1.0},{"damage":0.0,"enemies":"2 Louse","floor":5.0,"turns":1.0},{"damage":0.0,"enemies":"3 Sentries","floor":7.0,"turns":2.0},{"damage":0.0,"enemies":"Exordium Wildlife","floor":10.0,"turns":1.0},{"damage":0.0,"enemies":"Gremlin Gang","floor":11.0,"turns":2.0},{"damage":0.0,"enemies":"Large Slime","floor":13.0,"turns":1.0},{"damage":0.0,"enemies":"Looter","floor":14.0,"turns":1.0},{"damage":42.0,"enemies":"Hexaghost","floor":16.0,"turns":3.0},{"damage":0.0,"enemies":"Shell Parasite","floor":18.0,"turns":1.0},{"damage":0.0,"enemies":"Spheric Guardian","floor":21.0,"turns":1.0},{"damage":16.0,"enemies":"Slavers","floor":25.0,"turns":2.0},{"damage":0.0,"enemies":"3 Cultists","floor":27.0,"turns":2.0},{"damage":14.0,"enemies":"Book of Stabbing","floor":29.0,"turns":2.0},{"damage":0.0,"enemies":"Shelled Parasite and Fungi","floor":30.0,"turns":1.0},{"damage":0.0,"enemies":"Snecko","floor":31.0,"turns":1.0},{"damage":5.0,"enemies":"Champ","floor":33.0,"turns":2.0},{"damage":0.0,"enemies":"Orb Walker","floor":35.0,"turns":1.0},{"damage":0.0,"enemies":"Mind Bloom Boss Battle","floor":37.0,"turns":1.0},{"damage":0.0,"enemies":"3 Darklings","floor":38.0,"turns":2.0},{"damage":0.0,"enemies":"Jaw Worm Horde","floor":39.0,"turns":1.0},{"damage":0.0,"enemies":"Maw","floor":41.0,"turns":2.0},{"damage":0.0,"enemies":"Nemesis","floor":42.0,"turns":1.0},{"damage":0.0,"enemies":"3 Darklings","floor":44.0,"turns":1.0},{"damage":7.0,"enemies":"Writhing Mass","floor":47.0,"turns":5.0},{"damage":0.0,"enemies":"Reptomancer","floor":48.0,"turns":1.0},{"damage":6.0,"enemies":"hubris:GrandSnecko","floor":50.0,"turns":2.0},{"damage":0,"enemies":"Shield and Spear","floor":54,"turns":1},{"damage":77,"enemies":"The Heart","floor":55,"turns":4}],"seed_played":"5366849872791679495","potions_obtained":[{"floor":1.0,"key":"blueLaboratory:PhilterOfMotion"},{"floor":5.0,"key":"blueLaboratory:BubblePotion"},{"floor":7.0,"key":"LifebloodPotion"},{"floor":10.0,"key":"Slimebound:ThreeZeroPotion"}],"is_trial":false,"path_per_floor":["M","?","$","M","M","R","E","R","T","M","M","R","M","M","R","B",null,"M","$","?","M","AVR","?","R","E","T","M","R","E","M","M","R","B",null,"M","?","?","M","M","R","M","E","T","M","AVR","R","MIM","E","R","B",null,"R","$","E","B",null],"character_chosen":"IRONCLAD","items_purchased":["Kunai","hubris:DuctTape","Pen Nib","Nunchaku","Happy Flower"],"campfire_rested":0,"item_purchase_floors":[3,3,19,19,19],"current_hp_per_floor":[57,57,57,63,69,69,72,72,72,72,72,72,72,72,72,36,72,72,72,72,72,72,54,54,44,44,50,50,42,48,54,54,55,72,72,72,72,72,72,72,72,77,77,77,77,77,76,77,77,77,77,77,77,77,12],"gold":807,"neow_bonus":"IRONCLAD_BERSERKER","is_daily":false,"chose_seed":false,"campfire_upgraded":11,"win_rate":0.0,"timestamp":1607965835,"path_taken":["M","?","$","M","M","R","E","R","T","M","M","R","M","M","R","BOSS","M","?","?","?","AVR","?","R","E","T","M","R","E","M","M","R","BOSS","M","?","?","M","M","R","M","E","T","M","AVR","R","?","E","R","BOSS","R","$","E","BOSS"],"items_purchased_type":["Relic","Relic","Relic","Relic","Relic"],"build_version":"2020-12-13","purchased_purges":0,"victory":true,"max_hp_per_floor":[72,72,72,72,72,72,72,72,72,72,72,72,72,72,72,72,72,72,72,72,72,72,72,72,72,72,72,72,72,72,72,72,72,72,72,72,72,72,72,72,72,77,77,77,77,77,77,77,77,77,77,77,77,77,77],"card_choices":[{"not_picked":["Twin Strike","Havoc","Intimidate"],"picked":"SKIP","floor":1.0},{"not_picked":["Clash","Iron Wave","jedi:hate"],"picked":"SKIP","floor":4.0},{"not_picked":["Headbutt","Shrug It Off","StuffTheSpire:Slingshot"],"picked":"SKIP","floor":5.0},{"not_picked":["Replay:Many Hands","StuffTheSpire:Pyroclast","jedi:bloodyhammer"],"picked":"SKIP","floor":7.0},{"not_picked":["hubris:CleavingFinish","Entrench","Cleave"],"picked":"SKIP","floor":10.0},{"not_picked":["Twin Strike","BarbarianYell","StuffTheSpire:Resist"],"picked":"SKIP","floor":11.0},{"not_picked":["Warcry","Thunderclap","Shrug It Off"],"picked":"SKIP","floor":13.0},{"not_picked":["Shrug It Off","Invigoration","conspire:HitWhereItHurts"],"picked":"SKIP","floor":14.0},{"not_picked":["Run Through","hubris:CleavingFinish+1","hubris:ReadiedAction+1"],"picked":"SKIP","floor":18.0},{"not_picked":["Body Slam","Replay:Undeath\u0027s Touch+1","Fire Breathing+1"],"picked":"SKIP","floor":21.0},{"not_picked":["Sentinel","Seeing Red"],"picked":"Uppercut","floor":25.0},{"not_picked":["Clash","Demonic Infusion","Armaments+1"],"picked":"SKIP","floor":27.0},{"not_picked":["Invigoration","StuffTheSpire:Slingshot+1","Dark Embrace"],"picked":"SKIP","floor":29.0},{"not_picked":["Clash","Twin Strike+1","jedi:MakeshiftSword"],"picked":"SKIP","floor":30.0},{"not_picked":["Flex+1","Shrug It Off+1","jedi:fear"],"picked":"SKIP","floor":31.0},{"not_picked":["Whirlwind+1","Sword Boomerang","True Grit+1"],"picked":"SKIP","floor":35.0},{"not_picked":["StuffTheSpire:Ambrosia","StuffTheSpire:Vigor"],"picked":"StuffTheSpire:Rapture","floor":36.0},{"not_picked":["Flame Barrier","Twin Strike"],"picked":"ReplayTheSpireMod:Limb From Limb+1","floor":37.0},{"not_picked":["ReplayReversal","Infernal Blade","Heavy Blade"],"picked":"SKIP","floor":38.0},{"not_picked":["Pummel+1","True Grit","Bloodletting+1"],"picked":"SKIP","floor":39.0},{"not_picked":["hubris:ReadiedAction","jedi:suffering","Wild Strike"],"picked":"SKIP","floor":41.0},{"not_picked":["StuffTheSpire:Incineration","Dropkick","Power Through"],"picked":"SKIP","floor":42.0},{"not_picked":["Searing Blow+1","Pommel Strike+1","jedi:suffering+1"],"picked":"SKIP","floor":44.0},{"not_picked":["Shrug It Off","Power Through","ICR:Frenzy"],"picked":"SKIP","floor":48.0},{"not_picked":["Abandon+1","hubris:CleavingFinish+1","StuffTheSpire:Resist"],"picked":"SKIP","floor":54}],"player_experience":119861,"relics_obtained":[{"floor":7.0,"key":"ReplayTheSpireMod:Lightbulb"},{"floor":9.0,"key":"infinitespire:Golems Mask"},{"floor":23.0,"key":"CrustySpines"},{"floor":25.0,"key":"Whetstone"},{"floor":26.0,"key":"MiniBlackHole"},{"floor":29.0,"key":"The Courier"},{"floor":37.0,"key":"hubris:CuriousFeather"},{"floor":42.0,"key":"Durian"},{"floor":43.0,"key":"conspire:DecoderRing"},{"floor":47.0,"key":"Another Sword"},{"floor":47.0,"key":"wanderingMiniBosses:Inkheart"},{"floor":48.0,"key":"Snack Pack"}],"event_choices":[{"damage_healed":0.0,"max_hp_gain":0.0,"max_hp_loss":0.0,"gold_gain":0.0,"event_name":"FaceTrader","player_choice":"Trade","floor":2.0,"gold_loss":0.0,"damage_taken":0.0,"relics_obtained":["CultistMask"]},{"damage_healed":0.0,"max_hp_gain":0.0,"max_hp_loss":0.0,"gold_gain":0.0,"event_name":"betterNote:BetterNote","player_choice":"Ignored","floor":20.0,"gold_loss":0.0,"damage_taken":0.0,"cards_obtained":["Strike_G"]},{"damage_healed":0.0,"max_hp_gain":0.0,"max_hp_loss":0.0,"gold_gain":0.0,"event_name":"MindBloom","player_choice":"Fight","floor":37.0,"gold_loss":0.0,"damage_taken":0.0}],"is_beta":false,"boss_relics":[{"not_picked":["Busted Crown","StuffTheSpire:RunicHypercube"],"picked":"Sandwich"},{"not_picked":["energizedSpire:EnergizedDie","hubris:CrackedHourglass"],"picked":"halation:ForbiddenBikini"}],"items_purged_floors":[],"is_endless":false,"potions_floor_spawned":[1,5,7,10,14,21,27,33,35,41,42,44,48,54],"ascension_level":1}}