{"host":"fzku1ofsxv8lro8o","time":1607963174,"event":{"mods":["BaseMod","Colored Map","Downfall","Minty Spire (QoL Compilation)","Relic Stats","StSLib","everything is the same but u backflip on backflip"],"gold_per_floor":[99,114,129,159,159,169,169,169,179,207,223,223,250,265,277,277,277],"floor_reached":16,"playtime":997,"items_purged":[],"score":114,"play_id":"19c714c5-1c91-4e15-90dc-41aa189c6f26","local_time":"20201214192614","is_ascension_mode":false,"campfire_choices":[{"data":"champ:Taunt","floor":1,"key":"SMITH"},{"data":"champ:Duel","floor":8,"key":"SMITH"}],"circlet_count":0,"master_deck":["champ:Strike","champ:Strike","champ:Strike","champ:Strike","champ:Defend","champ:Defend","champ:Defend","champ:Execute","champ:Taunt+1","champ:Duel+1","Iron Wave","champ:Duel","champ:DefensiveShout","champ:TornadoPunch","champ:FlashCut"],"relics":["champ:ChampionCrown","Akabeko","Singing Bowl","Smiling Mask","Odd Mushroom"],"acts_visited":["Exordium"],"potions_floor_usage":[16,16],"damage_taken":[{"damage":13,"enemies":"2 Louse","floor":2,"turns":3},{"damage":5,"enemies":"Cultist","floor":3,"turns":3},{"damage":28,"enemies":"3 Sentries","floor":4,"turns":10},{"damage":13,"enemies":"Jaw Worm","floor":6,"turns":2},{"damage":13,"enemies":"Large Slime","floor":9,"turns":8},{"damage":18,"enemies":"Lagavulin","floor":10,"turns":7},{"damage":6,"enemies":"Red Slaver","floor":11,"turns":3},{"damage":16,"enemies":"The Mushroom Lair","floor":13,"turns":5},{"damage":10,"enemies":"3 Louse","floor":14,"turns":2},{"damage":18,"enemies":"2 Fungi Beasts","floor":15,"turns":3},{"damage":21,"enemies":"downfall:Silent","floor":16,"turns":7}],"seed_played":"3651370067834565300","potions_obtained":[{"floor":3,"key":"SpeedPotion"},{"floor":4,"key":"Block Potion"},{"floor":10,"key":"DistilledChaos"},{"floor":13,"key":"DistilledChaos"},{"floor":15,"key":"champ:CounterPotion"}],"is_trial":false,"path_per_floor":["R","M","M","E","?","M","T","R","M","E","M","?","?","M","M","B"],"character_chosen":"THE_CHAMP","items_purchased":[],"campfire_rested":0,"item_purchase_floors":[],"current_hp_per_floor":[99,91,91,73,73,65,65,65,59,53,53,53,37,32,17,0,0],"gold":277,"neow_bonus":"TEN_PERCENT_HP_BONUS","is_daily":false,"chose_seed":false,"campfire_upgraded":2,"win_rate":0.0,"timestamp":1607963174,"path_taken":["R","M","M","E","?","M","T","R","M","E","?","?","?","M","M","BOSS"],"items_purchased_type":[],"build_version":"2020-12-13","purchased_purges":0,"victory":false,"max_hp_per_floor":[99,99,99,99,99,99,99,99,101,103,103,103,103,103,103,103,103],"relic_stats":{"Singing Bowl":4,"counters":[11,53],"Smiling Mask":0,"obtain_stats":[{"Singing Bowl":7,"champ:ChampionCrown":0,"Odd Mushroom":13,"Smiling Mask":10,"Akabeko":4},{"Singing Bowl":4,"champ:ChampionCrown":0,"Odd Mushroom":8,"Smiling Mask":6,"Akabeko":3},{"Singing Bowl":18,"champ:ChampionCrown":0,"Odd Mushroom":41,"Smiling Mask":33,"Akabeko":16}]},"card_choices":[{"not_picked":["champ:HeartStrike","champ:StanceDance"],"picked":"champ:Duel","floor":2},{"not_picked":["champ:CalledShot","champ:Circumvent","champ:FanOfKnives"],"picked":"SKIP","floor":3},{"not_picked":["champ:Haymaker","champ:AdrenalArmor","champ:Circumvent"],"picked":"SKIP","floor":4},{"not_picked":["champ:GutPunch","champ:Backstep","champ:AdrenalArmor"],"picked":"SKIP","floor":6},{"not_picked":["champ:CrookedStrike","champ:Backstep","champ:HeavySlash"],"picked":"Singing Bowl","floor":9},{"not_picked":["champ:PerfectedStrike","champ:Encircle","champ:Shatter"],"picked":"Singing Bowl","floor":10},{"not_picked":["champ:PerfectedStrike","champ:TornadoPunch"],"picked":"champ:Duel","floor":11},{"not_picked":["champ:Encircle","champ:AdrenalArmor"],"picked":"champ:DefensiveShout","floor":13},{"not_picked":["champ:RapidStrikes","champ:PerfectedStrike"],"picked":"champ:TornadoPunch","floor":14},{"not_picked":["champ:Encircle","champ:AdrenalArmor"],"picked":"champ:FlashCut","floor":15}],"player_experience":761185,"relics_obtained":[{"floor":4,"key":"Akabeko"},{"floor":7,"key":"Singing Bowl"},{"floor":10,"key":"Smiling Mask"},{"floor":13,"key":"Odd Mushroom"}],"event_choices":[{"cards_removed":["champ:Defend"],"damage_healed":0,"gold_gain":0,"player_choice":"Took Card","damage_taken":0,"max_hp_gain":0,"max_hp_loss":0,"event_name":"NoteForYourself","floor":5,"gold_loss":0,"cards_obtained":["Iron Wave"]},{"damage_healed":0,"gold_gain":0,"player_choice":"Fought Mushrooms","damage_taken":0,"max_hp_gain":0,"max_hp_loss":0,"event_name":"Mushrooms","floor":13,"gold_loss":0}],"is_beta":false,"boss_relics":[],"items_purged_floors":[],"is_endless":false,"potions_floor_spawned":[3,4,10,13,15],"killed_by":"downfall:Silent","ascension_level":0}}