{"host":"lctcqud4f9t1q6q5","time":1607917540,"event":{"mods":["BaseMod","Better Vampires","Block Reminder","Colored Map","Colored Powertips","Downfall","Highlight Path","KinomotoSakuraMod(木之本樱)","Lobotomy","LobotomyExtend","Marisa（F雨　魔理沙）","Minty Spire (QoL Compilation)","Reimu（博丽灵梦）","Relic Stats","Replay The Spire","RumiaBox-露米娅的神秘盒子","Shop Mod","Spicy Shops","StSLib","TestMod","The Bug Knight","WarShipGirlsR/战舰少女R mod","【功能Mod】混沌之环修复补丁","篝火指南"],"gold_per_floor":[99,133,149,163,178,178,202,302,302,334,734,734,747,764,777,881,881,806,806,806,806,820,470,516,527,546,471,485,485,502,514,533,628,678,678,688,740,730,750,763,763,763,782,782,828,851,863,879,889,889],"floor_reached":51,"playtime":2757,"items_purged":["Pain"],"score":790,"play_id":"48ad6ae3-2a34-4528-92af-911e1a8e01fd","local_time":"20201214114540","is_ascension_mode":false,"campfire_choices":[{"floor":1,"key":"DIG"},{"floor":6,"key":"REST"},{"floor":9,"key":"REST"},{"floor":18,"key":"RECALL"},{"data":"champ:VampiricStrike","floor":27,"key":"SMITH"},{"floor":35,"key":"DIG"},{"data":"champ:StrikeOfGenius","floor":42,"key":"SMITH"},{"data":"champ:CrookedStrike","floor":44,"key":"SMITH"}],"circlet_count":0,"master_deck":["champ:Strike","champ:Strike+1","champ:Strike","champ:Defend+1","champ:Defend+1","champ:Defend","champ:Execute","champ:Taunt+1","champ:GutPunch","champ:BerserkersShout","champ:CrownThrow","champ:RapidStrikes","champ:VampiricStrike+1","champ:CrookedStrike+1","champ:GladiatorStyle","champ:LastStand","champ:CalledShot+1","champ:DefensiveStyle+1","champ:FaceSlap+1","champ:StrikeOfGenius+1","champ:ShieldWall","champ:DefensiveStyle","champ:FlashCut+1","champ:EnragedBash+1","champ:Haymaker+1","champ:ViciousMockery","champ:TornadoPunch+1","champ:Circumvent+1"],"relics":["champ:ChampionCrown","testmod-TestBox","Tiny Chest","Lizard Tail","War Paint","CaptainsWheel","Replay:WaspNest","Busted Crown","downfall:HeartBlessingGreen","WarpedTongs","Molten Egg 2","downfall:HeartBlessingRed","MerchantsRug","downfall:HeartBlessingBlue","Tiny House","Divine Protection","Happy Flower","testmod-FatalChain","CatCart","Nunchaku"],"acts_visited":["Exordium","TheCity","TheBeyond"],"potions_floor_usage":[8,10,16,16,40,47],"damage_taken":[{"damage":63,"enemies":"Gremlin Nob","floor":2,"turns":5},{"damage":14,"enemies":"Cultist","floor":3,"turns":4},{"damage":10,"enemies":"Small Slimes","floor":4,"turns":4},{"damage":21,"enemies":"2 Louse","floor":5,"turns":3},{"damage":50,"enemies":"downfall:Heads","floor":8,"turns":6},{"damage":58,"enemies":"3 Sentries","floor":10,"turns":10},{"damage":14,"enemies":"Lots of Slimes","floor":13,"turns":4},{"damage":13,"enemies":"Red Slaver","floor":14,"turns":2},{"damage":11,"enemies":"Blue Slaver","floor":15,"turns":3},{"damage":51,"enemies":"downfall:Ironclad","floor":16,"turns":5},{"damage":8,"enemies":"3 Byrds","floor":22,"turns":2},{"damage":22,"enemies":"Shell Parasite","floor":25,"turns":3},{"damage":21,"enemies":"Centurion and Healer","floor":26,"turns":4},{"damage":12,"enemies":"Snecko","floor":28,"turns":5},{"damage":17,"enemies":"Sentry and Sphere","floor":30,"turns":4},{"damage":42,"enemies":"Centurion and Healer","floor":31,"turns":4},{"damage":17,"enemies":"Shelled Parasite and Fungi","floor":32,"turns":4},{"damage":34,"enemies":"downfall:Defect","floor":33,"turns":7},{"damage":34,"enemies":"Orb Walker","floor":36,"turns":3},{"damage":43,"enemies":"3 Darklings","floor":39,"turns":4},{"damage":13,"enemies":"Maw","floor":40,"turns":6},{"damage":42,"enemies":"Spire Growth","floor":43,"turns":5},{"damage":3,"enemies":"Orin","floor":45,"turns":4},{"damage":39,"enemies":"Jaw Worm Horde","floor":47,"turns":4},{"damage":86,"enemies":"HollowMod:SlobberingHusk","floor":48,"turns":7},{"damage":23,"enemies":"Sphere and 2 Shapes","floor":49,"turns":4},{"damage":11,"enemies":"downfall:Watcher","floor":50,"turns":7}],"seed_played":"1702412364882192251","potions_obtained":[{"floor":2,"key":"Explosive Potion"},{"floor":3,"key":"SkillPotion"},{"floor":10,"key":"Venom Potion"},{"floor":15,"key":"ZuzhouPotion:ReiMu"},{"floor":16,"key":"Block Potion"},{"floor":22,"key":"Block Potion"},{"floor":29,"key":"Fire Potion"},{"floor":29,"key":"Cursed Concoction"},{"floor":29,"key":"Languid Potion"},{"floor":32,"key":"FairyPotion"},{"floor":34,"key":"FearPotion"},{"floor":47,"key":"Weak Potion"},{"floor":48,"key":"SkillPotion"}],"is_trial":false,"path_per_floor":["R_BF","E","M","M","M","R","T","?","R","E","?","T","M","M","M","B",null,"R","?","?","T","M","R","T","M","M","R","M","?","M","M","M","B",null,"R_BF","M","T","?","M","M","T","R","M","R","?","T","M","M","M","B",null],"character_chosen":"THE_CHAMP","items_purchased":["MerchantsRug","champ:CalledShot+1"],"campfire_rested":2,"item_purchase_floors":[23,23],"current_hp_per_floor":[99,46,42,42,29,58,58,13,42,20,20,20,22,27,45,36,99,99,99,99,99,96,96,96,93,99,109,109,109,106,109,109,92,114,114,90,90,90,110,114,114,114,108,108,114,114,114,62,61,101],"gold":889,"neow_bonus":"TEN_PERCENT_HP_BONUS","is_daily":false,"chose_seed":false,"campfire_upgraded":3,"win_rate":0.0,"timestamp":1607917540,"path_taken":["R_BF","E","M","?","M","R","T","?","R","E","?","?","?","M","M","BOSS","R","?","?","?","M","R","T","M","M","R","?","?","M","?","M","BOSS","R_BF","M","?","?","M","M","T","R","?","R","?","?","M","?","M","BOSS"],"items_purchased_type":["Relic","Card"],"build_version":"2020-12-13","purchased_purges":1,"victory":true,"max_hp_per_floor":[99,99,99,99,99,99,99,99,99,99,99,99,99,99,99,99,99,99,99,99,99,99,99,99,99,99,109,109,109,109,109,109,109,114,114,114,114,114,114,114,114,114,114,114,114,114,114,114,114,114],"relic_stats":{"Lizard Tail":0,"Nunchaku":[4],"Busted Crown":34,"Happy Flower":[13],"counters":[27,123],"Tiny Chest":4,"War Paint":["champ:Defend","champ:Defend"],"obtain_stats":[{"MerchantsRug":23,"Divine Protection":35,"testmod-TestBox":0,"Tiny House":34,"downfall:HeartBlessingRed":23,"Happy Flower":37,"testmod-FatalChain":41,"champ:ChampionCrown":0,"downfall:HeartBlessingGreen":18,"Replay:WaspNest":12,"War Paint":7,"WarpedTongs":20,"Lizard Tail":2,"CaptainsWheel":10,"Nunchaku":46,"Busted Crown":17,"downfall:HeartBlessingBlue":27,"Tiny Chest":1,"Molten Egg 2":21,"LetterFromLob":2,"CatCart":45},{"MerchantsRug":11,"Divine Protection":18,"testmod-TestBox":0,"Tiny House":18,"downfall:HeartBlessingRed":11,"Happy Flower":19,"testmod-FatalChain":21,"champ:ChampionCrown":0,"downfall:HeartBlessingGreen":10,"Replay:WaspNest":6,"War Paint":4,"WarpedTongs":10,"Lizard Tail":1,"CaptainsWheel":6,"Nunchaku":23,"Busted Crown":10,"downfall:HeartBlessingBlue":13,"Tiny Chest":0,"Molten Egg 2":10,"LetterFromLob":1,"CatCart":23},{"MerchantsRug":48,"Divine Protection":79,"testmod-TestBox":0,"Tiny House":79,"downfall:HeartBlessingRed":48,"Happy Flower":82,"testmod-FatalChain":92,"champ:ChampionCrown":0,"downfall:HeartBlessingGreen":46,"Replay:WaspNest":32,"War Paint":16,"WarpedTongs":46,"Lizard Tail":5,"CaptainsWheel":32,"Nunchaku":101,"Busted Crown":46,"downfall:HeartBlessingBlue":55,"Tiny Chest":0,"Molten Egg 2":46,"LetterFromLob":5,"CatCart":101}],"WarpedTongs":[76]},"card_choices":[{"not_picked":["champ:CrookedStrike","champ:GladiatorStyle"],"picked":"champ:GutPunch","floor":2},{"not_picked":["champ:Circumvent","champ:Haymaker"],"picked":"champ:BerserkersShout","floor":3},{"not_picked":["champ:BerserkersShout","champ:CrookedStrike","champ:Circumvent"],"picked":"SKIP","floor":4},{"not_picked":["champ:FlashCut","champ:TornadoPunch"],"picked":"champ:CrownThrow","floor":5},{"not_picked":["champ:ArenaPreparation","champ:DefensiveStyle"],"picked":"champ:VampiricStrike","floor":10},{"not_picked":["champ:FocusedBerserking","champ:Backstep"],"picked":"champ:CrookedStrike","floor":13},{"not_picked":["champ:Haymaker","champ:CrookedStrike"],"picked":"champ:GladiatorStyle","floor":14},{"not_picked":["champ:BladeFlurry","champ:Lariat","champ:Encircle"],"picked":"SKIP","floor":15},{"not_picked":["champ:ShieldThrow","champ:SwordThrow"],"picked":"champ:LastStand","floor":16},{"not_picked":["champ:Lariat+1"],"picked":"SKIP","floor":22},{"not_picked":["champ:FanOfKnives+1"],"picked":"SKIP","floor":25},{"not_picked":[],"picked":"champ:DefensiveStyle+1","floor":26},{"not_picked":["champ:DefensiveShout+1"],"picked":"SKIP","floor":28},{"not_picked":[],"picked":"champ:FaceSlap+1","floor":30},{"not_picked":["champ:CalledShot"],"picked":"SKIP","floor":31},{"not_picked":["champ:FocusedDefense"],"picked":"SKIP","floor":32},{"not_picked":[],"picked":"champ:StrikeOfGenius","floor":33},{"not_picked":[],"picked":"champ:ShieldWall","floor":34},{"not_picked":["champ:PerfectedStrike+1"],"picked":"SKIP","floor":36},{"not_picked":[],"picked":"champ:DefensiveStyle","floor":38},{"not_picked":[],"picked":"champ:FlashCut","floor":38},{"not_picked":["champ:GladiatorStyle+1"],"picked":"SKIP","floor":39},{"not_picked":[],"picked":"champ:EnragedBash+1","floor":40},{"not_picked":["champ:BladeFlurry+1"],"picked":"SKIP","floor":43},{"not_picked":[],"picked":"champ:Haymaker+1","floor":45},{"not_picked":[],"picked":"champ:ViciousMockery","floor":47},{"not_picked":[],"picked":"champ:TornadoPunch+1","floor":48},{"not_picked":[],"picked":"champ:Circumvent+1","floor":49}],"player_experience":309104,"relics_obtained":[{"floor":1,"key":"Tiny Chest"},{"floor":2,"key":"Lizard Tail"},{"floor":2,"key":"LetterFromLob"},{"floor":7,"key":"War Paint"},{"floor":10,"key":"CaptainsWheel"},{"floor":12,"key":"Replay:WaspNest"},{"floor":21,"key":"Molten Egg 2"},{"floor":35,"key":"Divine Protection"},{"floor":37,"key":"Happy Flower"},{"floor":41,"key":"testmod-FatalChain"},{"floor":45,"key":"CatCart"},{"floor":46,"key":"Nunchaku"}],"event_choices":[{"damage_healed":0,"gold_gain":400,"player_choice":"Sell","damage_taken":0,"max_hp_gain":0,"max_hp_loss":0,"event_name":"恩洛斯的盘子","floor":11,"relics_lost":["LetterFromLob"],"gold_loss":0},{"damage_healed":0,"gold_gain":0,"player_choice":"Rummage","damage_taken":0,"relics_obtained":["WarpedTongs"],"max_hp_gain":0,"max_hp_loss":0,"event_name":"Accursed Blacksmith","floor":20,"gold_loss":0,"cards_obtained":["Pain"]},{"damage_healed":0,"gold_gain":0,"player_choice":"Got Potions","damage_taken":0,"max_hp_gain":0,"max_hp_loss":0,"event_name":"Lab","floor":29,"gold_loss":0},{"damage_healed":0,"gold_gain":0,"player_choice":"Fight","damage_taken":0,"max_hp_gain":0,"max_hp_loss":0,"event_name":"OrinTheCat","floor":45,"gold_loss":0}],"is_beta":false,"boss_relics":[{"not_picked":["Replay:Grab Bag","testmod-Recursion"],"picked":"Busted Crown"},{"not_picked":["Sozu","testmod-IncinerationGenerator"],"picked":"Tiny House"}],"items_purged_floors":[23],"is_endless":false,"potions_floor_spawned":[2,3,10,15,16,22,31,32,36,47,48],"ascension_level":0}}