{"host":"7pe9xwx78c6nlay8","time":1607941667,"event":{"mods":["BaseMod","Minty Spire (QoL Compilation)"],"gold_per_floor":[10,10,30,46,46,79,159,179,247,247,263,263,301,377,377,377,377],"floor_reached":16,"playtime":512,"items_purged":[],"score":165,"play_id":"8a0ccf19-ab74-4ae2-a3e1-d4146649fdcd","local_time":"20201214182747","is_ascension_mode":true,"campfire_choices":[{"floor":10,"key":"REST"},{"floor":15,"key":"REST"}],"circlet_count":0,"master_deck":["AscendersBane","Strike_P","Strike_P","Strike_P","Defend_P","Defend_P","Defend_P","Eruption+1","Vigilance","Consecrate","Perseverance","ForeignInfluence","ThirdEye","Nirvana","Injury"],"relics":["PureWater","Boot","Darkstone Periapt","Mercury Hourglass","Golden Idol","Omamori","Nunchaku"],"acts_visited":["Exordium"],"potions_floor_usage":[6,13,14],"damage_taken":[{"damage":15,"enemies":"Small Slimes","floor":1,"turns":7},{"damage":1,"enemies":"Cultist","floor":3,"turns":4},{"damage":0,"enemies":"2 Louse","floor":4,"turns":2},{"damage":36,"enemies":"3 Sentries","floor":6,"turns":6},{"damage":0,"enemies":"Lots of Slimes","floor":8,"turns":2},{"damage":0,"enemies":"2 Fungi Beasts","floor":11,"turns":3},{"damage":30,"enemies":"Lagavulin","floor":13,"turns":8},{"damage":0,"enemies":"Gremlin Nob","floor":14,"turns":2},{"damage":34,"enemies":"Slime Boss","floor":16,"turns":7}],"seed_played":"8228123538581150669","potions_obtained":[{"floor":4,"key":"Block Potion"},{"floor":6,"key":"Swift Potion"},{"floor":11,"key":"ColorlessPotion"},{"floor":13,"key":"Energy Potion"}],"is_trial":false,"path_per_floor":["M","?","M","M","$","E","T","M","T","R","M","?","E","?","R","B"],"character_chosen":"WATCHER","items_purchased":[],"campfire_rested":2,"item_purchase_floors":[],"current_hp_per_floor":[50,50,49,49,49,13,13,13,13,34,34,40,10,10,33,0,0],"gold":377,"neow_bonus":"REMOVE_TWO","is_daily":false,"chose_seed":false,"campfire_upgraded":0,"win_rate":0.0,"timestamp":1607941667,"path_taken":["M","?","M","?","?","E","?","M","T","R","M","?","E","?","R","BOSS"],"items_purchased_type":[],"build_version":"2020-12-13","purchased_purges":0,"victory":false,"max_hp_per_floor":[72,72,72,72,72,72,72,72,72,72,72,78,78,78,78,78,78],"card_choices":[{"not_picked":["EmptyBody","Meditate"],"picked":"Consecrate","floor":1},{"not_picked":["FlurryOfBlows","Conclude"],"picked":"Perseverance","floor":3},{"not_picked":["Crescendo","Pray"],"picked":"ForeignInfluence","floor":4},{"not_picked":["InnerPeace","Protect","CrushJoints"],"picked":"SKIP","floor":6},{"not_picked":["JustLucky","FlyingSleeves"],"picked":"ThirdEye","floor":8},{"not_picked":["Crescendo","FlurryOfBlows"],"picked":"Nirvana","floor":11},{"not_picked":["BowlingBash","Brilliance","Protect"],"picked":"SKIP","floor":13}],"player_experience":1518114,"relics_obtained":[{"floor":6,"key":"Boot"},{"floor":7,"key":"Darkstone Periapt"},{"floor":9,"key":"Mercury Hourglass"},{"floor":13,"key":"Omamori"},{"floor":14,"key":"Nunchaku"}],"event_choices":[{"damage_healed":0,"gold_gain":0,"player_choice":"Forge","damage_taken":0,"max_hp_gain":0,"max_hp_loss":0,"event_name":"Accursed Blacksmith","floor":2,"gold_loss":0,"cards_upgraded":["Eruption"]},{"damage_healed":0,"gold_gain":0,"player_choice":"Take Wound","damage_taken":0,"relics_obtained":["Golden Idol"],"max_hp_gain":0,"max_hp_loss":0,"event_name":"Golden Idol","floor":12,"gold_loss":0,"cards_obtained":["Injury"]},{"damage_healed":0,"gold_gain":0,"player_choice":"Searched \u00271\u0027 times","damage_taken":0,"max_hp_gain":0,"max_hp_loss":0,"event_name":"Dead Adventurer","floor":14,"gold_loss":0}],"is_beta":false,"boss_relics":[],"items_purged_floors":[],"is_endless":false,"potions_floor_spawned":[4,6,11,13],"killed_by":"Slime Boss","ascension_level":10}}