{"host":"sle1h3v1q4bnun10","time":1607965771,"event":{"mods":["BaseMod","Challenge The Spire","Downfall","Koishi","LagranYue(拉格朗・月)","Marisa（F雨　魔理沙）","Minty Spire (QoL Compilation)","Quick Restart","READ ME - Guardian Mod","Replay The Spire","Shop Mod","StSLib","Td1madao Mod","The Construct","The Cursed","The Disciple","The IronCluck","The Necromancer","The Senshi","The Servant 0.9.4"],"gold_per_floor":[99,114,126,142,142,142,242,27,27,27,27,57,57,70,90,0,13,110,110,110,110,110],"floor_reached":21,"playtime":1372,"items_purged":["Slimebound:Strike_Slimebound"],"score":177,"play_id":"945e4546-a506-4a01-8647-dae0c319a51f","local_time":"20201215010931","is_ascension_mode":false,"campfire_choices":[{"data":"Slimebound:CorrosiveSpit","floor":1,"key":"SMITH"},{"data":"Slimebound:SlimeBrawl","floor":11,"key":"SMITH"},{"data":"Slimebound:Grow","floor":20,"key":"SMITH"}],"circlet_count":0,"master_deck":["Slimebound:Tackle","Slimebound:Defend_Slimebound","Slimebound:Defend_Slimebound","Slimebound:Defend_Slimebound","Slimebound:Defend_Slimebound","Slimebound:Split+1","Slimebound:CorrosiveSpit+1","Slimebound:GrowthPunch","Slimebound:SplitBruiser","Slimebound:Gluttony","Slimebound:Gluttony","Slimebound:RainOfGoop","Slimebound:SlimeBrawl+1","Slimebound:SelfFormingGoo","Slimebound:SplitAcid","Slimebound:LeechEnergy","Slimebound:SplitAcid","Slimebound:Grow+1","Slimebound:LeechLife"],"relics":["Slimebound:AbsorbEndCombat","LagranYue:RandomDrawCardRelic","Orichalcum","Turnip","Bag of Preparation","Painkiller Herb"],"acts_visited":["Exordium","TheCity"],"potions_floor_usage":[12,16,18,18],"damage_taken":[{"damage":4,"enemies":"Jaw Worm","floor":2,"turns":5},{"damage":9,"enemies":"Small Slimes","floor":3,"turns":3},{"damage":11,"enemies":"2 Louse","floor":4,"turns":3},{"damage":37,"enemies":"downfall:Heads","floor":7,"turns":6},{"damage":22,"enemies":"downfall:FleeingMerchant","floor":8,"turns":4},{"damage":32,"enemies":"Lagavulin","floor":12,"turns":4},{"damage":19,"enemies":"Blue Slaver","floor":14,"turns":2},{"damage":22,"enemies":"Red Slaver","floor":15,"turns":3},{"damage":22,"enemies":"downfall:FleeingMerchant","floor":16,"turns":4},{"damage":25,"enemies":"3 Louse","floor":17,"turns":2},{"damage":70,"enemies":"downfall:Defect","floor":18,"turns":6},{"damage":0,"enemies":"Shell Parasite","floor":21,"turns":1}],"seed_played":"8406332208886559828","potions_obtained":[{"floor":4,"key":"SneckoOil"},{"floor":14,"key":"LifebloodPotion"},{"floor":15,"key":"Venom Potion"},{"floor":17,"key":"Slimebound:ThreeZeroPotion"}],"is_trial":false,"path_per_floor":["R","M","M","M","PTL","PTL","?","$","T","?","R","E","?","M","M","$","M","B",null,"T","?"],"character_chosen":"SLIMEBOUND","items_purchased":["Slimebound:SelfFormingGoo","Slimebound:SplitAcid"],"campfire_rested":0,"item_purchase_floors":[8,8],"current_hp_per_floor":[60,60,59,60,60,60,44,46,46,51,51,43,43,48,50,64,55,33,65,65,65,65],"gold":110,"neow_bonus":"RANDOM_COMMON_RELIC","is_daily":false,"chose_seed":false,"campfire_upgraded":3,"win_rate":0.0,"timestamp":1607965771,"path_taken":["R","M","M","M","PTL","PTL","?","?","T","?","R","E","?","M","?","?","M","BOSS","T","?"],"items_purchased_type":["Card","Card"],"build_version":"2020-12-13","purchased_purges":1,"victory":false,"max_hp_per_floor":[60,60,60,60,60,60,60,60,60,65,65,65,65,65,65,65,65,65,65,65,65,65],"card_choices":[{"not_picked":["Slimebound:LeechEnergy","Slimebound:GoopSpray"],"picked":"Slimebound:GrowthPunch","floor":2},{"not_picked":["Slimebound:ViciousTackle","Slimebound:LeechEnergy"],"picked":"Slimebound:SplitBruiser","floor":3},{"not_picked":["Slimebound:SlimeSpikes","Slimebound:Repurpose"],"picked":"Slimebound:Gluttony","floor":4},{"not_picked":["Slimebound:SplitLeeching","Slimebound:RejuvenatingLick"],"picked":"Slimebound:RainOfGoop","floor":7},{"not_picked":["Slimebound:FirmFortitude","Slimebound:FlameTackle"],"picked":"Slimebound:SlimeBrawl","floor":8},{"not_picked":["Slimebound:Equalize","Slimebound:LivingWall","Slimebound:FinishingTackle"],"picked":"SKIP","floor":12},{"not_picked":["Slimebound:BestDefense","Slimebound:ViciousTackle"],"picked":"Slimebound:LeechEnergy","floor":14},{"not_picked":["Slimebound:Dissolve","Slimebound:SplitAcid","Slimebound:Gluttony"],"picked":"SKIP","floor":15},{"not_picked":["Slimebound:LeechingTouch","Slimebound:ItLooksTasty"],"picked":"Slimebound:SplitAcid","floor":16},{"not_picked":["Slimebound:Gluttony","Slimebound:Nibble"],"picked":"Slimebound:Grow","floor":17},{"not_picked":["Slimebound:CheckThePlaybook","Slimebound:MassFeed"],"picked":"Slimebound:LeechLife","floor":18}],"player_experience":173143,"relics_obtained":[{"floor":9,"key":"Turnip"},{"floor":12,"key":"Bag of Preparation"}],"event_choices":[{"damage_healed":0,"gold_gain":0,"player_choice":"Donut","damage_taken":0,"max_hp_gain":5,"max_hp_loss":0,"event_name":"Big Fish","floor":10,"gold_loss":0}],"is_beta":false,"boss_relics":[{"not_picked":["Slimebound:AbsorbEndCombatUpgraded","Velvet Choker"],"picked":"Painkiller Herb"}],"items_purged_floors":[16],"is_endless":false,"potions_floor_spawned":[4,14,15,17],"killed_by":"Shell Parasite","ascension_level":0}}