{"host":"kda2p2afd6bvz6qo","time":1607920691,"event":{"mods":["BaseMod","Colored Map","Minty Spire (QoL Compilation)","Relic Stats"],"gold_per_floor":[119,294,62,80,91,123,123,156,156,181,181,196,196,211,211,308,308,321,14,28,45,65,90,102,137,137,137,148,173,88,120,120,217,217,228,9,20,36,51,78,0,35,81,81,81,99,124,124,124,124],"floor_reached":51,"playtime":3370,"items_purged":["Doubt","Regret","Grand Finale"],"score":1203,"play_id":"c5c2149e-e702-42b4-93e9-72692e77271a","local_time":"20201214043811","is_ascension_mode":true,"campfire_choices":[{"data":"Adrenaline","floor":7.0,"key":"SMITH"},{"data":"Finisher","floor":15.0,"key":"SMITH"},{"data":"A Thousand Cuts","floor":27.0,"key":"SMITH"},{"data":"A Thousand Cuts","floor":32.0,"key":"SMITH"},{"data":"Envenom","floor":44,"key":"SMITH"},{"floor":49,"key":"REST"}],"circlet_count":0,"master_deck":["Survivor","Neutralize","Sucker Punch","Adrenaline+1","Predator","Terror","Die Die Die+1","Blade Dance+1","Deflect+1","Finisher+1","Night Terror+1","A Thousand Cuts+1","Bane","All Out Attack","A Thousand Cuts+1","Backstab","Phantasmal Killer+1","Prepared+1","Heel Hook","Tactician+1","Dodge and Roll+1","Bouncing Flask+1","Setup+1","Outmaneuver+1","Leg Sweep+1","Cloak And Dagger+1","Accuracy+1","Acrobatics+1","Dodge and Roll+1","Prepared+1","Envenom+1","Panache","Finisher+1","Blade Dance+1","Outmaneuver+1","Phantasmal Killer+1","Flying Knee+1","Bandage Up+1","PiercingWail+1"],"relics":["Ring of the Snake","NeowsBlessing","White Beast Statue","Bottled Flame","Toxic Egg 2","Eternal Feather","Potion Belt","Pandora\u0027s Box","Membership Card","Calipers","Dream Catcher","Letter Opener","Unceasing Top","Molten Egg 2","Smiling Mask","Busted Crown","Nunchaku","Gambling Chip","Red Mask","Toy Ornithopter","Anchor","Question Card"],"acts_visited":["Exordium","TheCity","TheBeyond"],"potions_floor_usage":[33,33,33,33,35,38,38,39,40,42,46,46,50,50,50],"damage_taken":[{"damage":0.0,"enemies":"Small Slimes","floor":1.0,"turns":1.0},{"damage":0.0,"enemies":"2 Louse","floor":4.0,"turns":1.0},{"damage":0.0,"enemies":"Cultist","floor":5.0,"turns":1.0},{"damage":22.0,"enemies":"Gremlin Nob","floor":6.0,"turns":4.0},{"damage":3.0,"enemies":"3 Sentries","floor":8.0,"turns":9.0},{"damage":2.0,"enemies":"Lagavulin","floor":10.0,"turns":6.0},{"damage":0.0,"enemies":"Gremlin Gang","floor":12.0,"turns":2.0},{"damage":2.0,"enemies":"2 Fungi Beasts","floor":14.0,"turns":2.0},{"damage":24.0,"enemies":"The Guardian","floor":16.0,"turns":13.0},{"damage":0.0,"enemies":"Spheric Guardian","floor":18.0,"turns":2.0},{"damage":0.0,"enemies":"3 Byrds","floor":20.0,"turns":2.0},{"damage":6.0,"enemies":"Centurion and Healer","floor":21.0,"turns":3.0},{"damage":0.0,"enemies":"Snecko","floor":22.0,"turns":3.0},{"damage":0.0,"enemies":"Book of Stabbing","floor":23.0,"turns":2.0},{"damage":4.0,"enemies":"Cultist and Chosen","floor":24.0,"turns":2.0},{"damage":18.0,"enemies":"Gremlin Leader","floor":25.0,"turns":3.0},{"damage":0.0,"enemies":"Centurion and Healer","floor":28.0,"turns":2.0},{"damage":0.0,"enemies":"Book of Stabbing","floor":29.0,"turns":3.0},{"damage":0.0,"enemies":"Slavers","floor":31.0,"turns":2.0},{"damage":59,"enemies":"Champ","floor":33,"turns":7},{"damage":0,"enemies":"Orb Walker","floor":35,"turns":3},{"damage":0,"enemies":"3 Shapes","floor":37,"turns":1},{"damage":16,"enemies":"Spire Growth","floor":38,"turns":4},{"damage":8,"enemies":"4 Shapes","floor":39,"turns":1},{"damage":1,"enemies":"Giant Head","floor":40,"turns":4},{"damage":37,"enemies":"Nemesis","floor":42,"turns":5},{"damage":28,"enemies":"Transient","floor":46,"turns":5},{"damage":0,"enemies":"Giant Head","floor":47,"turns":4},{"damage":28,"enemies":"Donu and Deca","floor":50,"turns":6}],"seed_played":"4278160377028263174","potions_obtained":[{"floor":1.0,"key":"EssenceOfSteel"},{"floor":5.0,"key":"EntropicBrew"},{"floor":8.0,"key":"SpeedPotion"},{"floor":10.0,"key":"SmokeBomb"},{"floor":12.0,"key":"DistilledChaos"},{"floor":14.0,"key":"SpeedPotion"},{"floor":16.0,"key":"BlessingOfTheForge"},{"floor":18.0,"key":"Weak Potion"},{"floor":20.0,"key":"FairyPotion"},{"floor":21.0,"key":"EssenceOfSteel"},{"floor":22.0,"key":"SteroidPotion"},{"floor":23.0,"key":"LiquidMemories"},{"floor":24.0,"key":"GamblersBrew"},{"floor":28.0,"key":"EntropicBrew"},{"floor":29.0,"key":"DistilledChaos"},{"floor":31.0,"key":"ColorlessPotion"},{"floor":33,"key":"Block Potion"},{"floor":35,"key":"DistilledChaos"},{"floor":37,"key":"DuplicationPotion"},{"floor":38,"key":"GamblersBrew"},{"floor":39,"key":"Block Potion"},{"floor":40,"key":"DuplicationPotion"},{"floor":42,"key":"SteroidPotion"},{"floor":46,"key":"Dexterity Potion"},{"floor":47,"key":"Poison Potion"}],"is_trial":false,"path_per_floor":["M","?","$","M","M","E","R","E","T","E","?","M","?","M","R","B",null,"M","$","M","M","M","E","M","E","T","R","M","E","?","E","R","B",null,"M","$","M","M","M","E","?","E","T","R","?","M","E","?","R","B",null],"character_chosen":"THE_SILENT","items_purchased":["Adrenaline","Membership Card","Bouncing Flask+1","Setup+1","Panache","Nunchaku"],"campfire_rested":1,"item_purchase_floors":[3,19,19,19,36,36],"current_hp_per_floor":[63,63,63,63,63,41,41,38,38,36,36,36,36,34,46,22,58,58,58,58,52,52,52,48,30,30,45,45,45,45,45,63,4,54,54,54,54,47,39,38,38,1,1,22,22,4,4,4,44,37],"gold":124,"neow_bonus":"THREE_ENEMY_KILL","is_daily":false,"chose_seed":false,"campfire_upgraded":5,"win_rate":0.0,"timestamp":1607920691,"path_taken":["M","?","$","M","M","E","R","E","T","E","?","M","?","M","R","BOSS","M","$","M","M","M","E","M","E","T","R","M","E","?","E","R","BOSS","M","$","M","M","M","E","?","E","T","R","?","M","E","?","R","BOSS"],"items_purchased_type":["Card","Relic","Card","Card","Card","Relic"],"build_version":"2020-12-13","purchased_purges":3,"victory":true,"max_hp_per_floor":[70,70,70,70,70,70,70,70,70,70,70,70,70,70,70,70,70,70,70,70,70,70,70,70,70,70,70,70,70,70,70,70,70,70,70,70,70,70,70,70,70,70,70,70,66,66,66,66,66,66],"relic_stats":{"counters":[29,103],"Eternal Feather":87,"Letter Opener":[185],"Smiling Mask":13,"Question Card":2,"Dream Catcher":1,"Nunchaku":[11],"Busted Crown":20,"Gambling Chip":[7],"Pandora\u0027s Box":["A Thousand Cuts","Bane","All Out Attack","A Thousand Cuts","Backstab","Phantasmal Killer","Prepared","Grand Finale","Heel Hook","Tactician"],"obtain_stats":[{"Potion Belt":13,"Calipers":23,"NeowsBlessing":0,"Eternal Feather":10,"Letter Opener":26,"Smiling Mask":31,"Question Card":47,"White Beast Statue":6,"Bottled Flame":8,"Dream Catcher":25,"Nunchaku":36,"Anchor":43,"Busted Crown":34,"Gambling Chip":40,"Pandora\u0027s Box":17,"Molten Egg 2":30,"Red Mask":41,"Membership Card":19,"Toxic Egg 2":9,"Unceasing Top":29,"Toy Ornithopter":42,"Ring of the Snake":0},{"Potion Belt":7,"Calipers":14,"NeowsBlessing":0,"Eternal Feather":6,"Letter Opener":16,"Smiling Mask":19,"Question Card":28,"White Beast Statue":4,"Bottled Flame":5,"Dream Catcher":16,"Nunchaku":21,"Anchor":26,"Busted Crown":20,"Gambling Chip":25,"Pandora\u0027s Box":9,"Molten Egg 2":18,"Red Mask":25,"Membership Card":10,"Toxic Egg 2":5,"Unceasing Top":18,"Toy Ornithopter":26,"Ring of the Snake":0},{"Potion Belt":24,"Calipers":51,"NeowsBlessing":0,"Eternal Feather":22,"Letter Opener":56,"Smiling Mask":63,"Question Card":97,"White Beast Statue":7,"Bottled Flame":16,"Dream Catcher":56,"Nunchaku":73,"Anchor":88,"Busted Crown":70,"Gambling Chip":83,"Pandora\u0027s Box":39,"Molten Egg 2":61,"Red Mask":83,"Membership Card":41,"Toxic Egg 2":16,"Unceasing Top":61,"Toy Ornithopter":88,"Ring of the Snake":0}],"Unceasing Top":[39],"Toy Ornithopter":25,"Ring of the Snake":[58]},"card_choices":[{"not_picked":["Setup","Backflip"],"picked":"Sucker Punch","floor":1.0},{"not_picked":["Calculated Gamble","Heel Hook","Prepared"],"picked":"SKIP","floor":4.0},{"not_picked":["Distraction","Acrobatics"],"picked":"Predator","floor":5.0},{"not_picked":["PiercingWail","Heel Hook"],"picked":"Terror","floor":6.0},{"not_picked":["Well Laid Plans","Slice"],"picked":"Die Die Die","floor":8.0},{"not_picked":["Dodge and Roll+1","Underhanded Strike"],"picked":"Blade Dance+1","floor":10.0},{"not_picked":["Underhanded Strike","Masterful Stab"],"picked":"Deflect+1","floor":12.0},{"not_picked":["Dagger Throw","Poisoned Stab"],"picked":"Finisher","floor":14.0},{"not_picked":["Wraith Form v2","Malaise+1"],"picked":"Night Terror+1","floor":16.0},{"not_picked":["Dagger Spray","Prepared+1"],"picked":"Dodge and Roll+1","floor":18.0},{"not_picked":["Infinite Blades","Bane+1"],"picked":"Outmaneuver+1","floor":20.0},{"not_picked":["Prepared+1","Underhanded Strike"],"picked":"Leg Sweep+1","floor":21.0},{"not_picked":["Dash","Dodge and Roll+1"],"picked":"Cloak And Dagger+1","floor":22.0},{"not_picked":["Glass Knife","Outmaneuver+1"],"picked":"Accuracy+1","floor":23.0},{"not_picked":["Underhanded Strike","Backstab","Dagger Throw"],"picked":"SKIP","floor":24.0},{"not_picked":["Underhanded Strike","Backstab","Dagger Throw"],"picked":"SKIP","floor":24.0},{"not_picked":["Bouncing Flask+1","Quick Slash"],"picked":"Acrobatics+1","floor":25.0},{"not_picked":["Heel Hook+1","Bane"],"picked":"Dodge and Roll+1","floor":28.0},{"not_picked":["Predator+1","Finisher","Eviscerate"],"picked":"SKIP","floor":29.0},{"not_picked":["Catalyst+1","Deflect+1"],"picked":"Prepared+1","floor":31.0},{"not_picked":["Adrenaline+1","Venomology+1"],"picked":"Envenom","floor":33},{"not_picked":["Bane+1"],"picked":"SKIP","floor":35},{"not_picked":["Dodge and Roll+1"],"picked":"SKIP","floor":37},{"not_picked":[],"picked":"Finisher+1","floor":38},{"not_picked":[],"picked":"Blade Dance+1","floor":39},{"not_picked":[],"picked":"Outmaneuver+1","floor":40},{"not_picked":[],"picked":"Phantasmal Killer+1","floor":42},{"not_picked":[],"picked":"Flying Knee+1","floor":46},{"not_picked":["Blade Dance+1"],"picked":"SKIP","floor":47},{"not_picked":["Panacea+1"],"picked":"Bandage Up+1","floor":48},{"not_picked":["Prepared+1"],"picked":"PiercingWail+1","floor":49}],"player_experience":45081,"relics_obtained":[{"floor":6.0,"key":"White Beast Statue"},{"floor":8.0,"key":"Bottled Flame"},{"floor":9.0,"key":"Toxic Egg 2"},{"floor":10.0,"key":"Eternal Feather"},{"floor":23.0,"key":"Calipers"},{"floor":25.0,"key":"Dream Catcher"},{"floor":26.0,"key":"Letter Opener"},{"floor":29.0,"key":"Unceasing Top"},{"floor":31.0,"key":"Smiling Mask"},{"floor":40,"key":"Gambling Chip"},{"floor":42,"key":"Toy Ornithopter"},{"floor":43,"key":"Anchor"},{"floor":47,"key":"Question Card"}],"event_choices":[{"damage_healed":0.0,"max_hp_gain":0.0,"max_hp_loss":0.0,"gold_gain":175.0,"event_name":"Liars Game","player_choice":"AGREE","floor":2.0,"gold_loss":0.0,"damage_taken":0.0,"cards_obtained":["Doubt"]},{"damage_healed":0.0,"max_hp_gain":0.0,"max_hp_loss":0.0,"gold_gain":0.0,"event_name":"Living Wall","player_choice":"Grow","floor":11.0,"gold_loss":0.0,"damage_taken":0.0,"cards_upgraded":["Die Die Die"]},{"damage_healed":0.0,"max_hp_gain":0.0,"max_hp_loss":0.0,"gold_gain":0.0,"event_name":"Big Fish","player_choice":"Box","floor":13.0,"gold_loss":0.0,"damage_taken":0.0,"relics_obtained":["Potion Belt"],"cards_obtained":["Regret"]},{"damage_healed":0.0,"max_hp_gain":0.0,"max_hp_loss":0.0,"gold_gain":0.0,"event_name":"Addict","player_choice":"Obtained Relic","floor":30.0,"gold_loss":85.0,"damage_taken":0.0,"relics_obtained":["Molten Egg 2"]},{"damage_healed":0,"gold_gain":0,"player_choice":"Paid","damage_taken":0,"relics_obtained":["Red Mask"],"max_hp_gain":0,"max_hp_loss":0,"event_name":"Tomb of Lord Red Mask","floor":41,"gold_loss":78},{"damage_healed":0,"gold_gain":0,"player_choice":"Max HP","damage_taken":0,"max_hp_gain":0,"max_hp_loss":4,"event_name":"Winding Halls","floor":45,"gold_loss":0},{"damage_healed":0,"gold_gain":0,"player_choice":"Memory 1","damage_taken":0,"max_hp_gain":0,"max_hp_loss":0,"event_name":"SensoryStone","floor":48,"gold_loss":0}],"is_beta":false,"boss_relics":[{"not_picked":["Runic Dome","Sozu"],"picked":"Pandora\u0027s Box"},{"not_picked":["Coffee Dripper","Philosopher\u0027s Stone"],"picked":"Busted Crown"}],"items_purged_floors":[3,19,36],"is_endless":false,"potions_floor_spawned":[1,5,8,10,12,14,16,18,20,21,22,23,24,25,28,29,31,33,35,37,38,39,40,42,46,47],"ascension_level":6}}