{"host":"75dm291x99j0clh1","time":1607954757,"event":{"mods":["BaseMod","Friendly Minions","Lobotomy","Marisa£¨Ùöéë¡¡Øª×âÞÞ£©","Minty Spire (QoL Compilation)","StSLib"],"gold_per_floor":[109,284,284,295,330,357,357,399,448,464,464,464,489,523,523,523,523],"floor_reached":16,"playtime":956,"items_purged":[],"score":112,"play_id":"a40b8c4b-aa3a-4d8f-8eb8-cd8f441e8fe1","local_time":"20201214230557","is_ascension_mode":false,"campfire_choices":[{"floor":7,"key":"REST"},{"floor":11,"key":"REST"},{"floor":15,"key":"REST"}],"circlet_count":0,"master_deck":["Strike_MRS","Strike_MRS","Strike_MRS","Strike_MRS","Defend_MRS+1","Defend_MRS","Defend_MRS","Defend_MRS","MasterSpark","UpSweep","LongBird","MagicAbsorber","BeautyBeast","WitchOfGreed","MHz","Bloodbath","SporeBomb+1","OldLady","TreasureHunter","QueenBee","FairyFestival","NakedNest","PropBag"],"relics":["MiniHakkero","CogitoBucket","AmplifyWand","Ancient Tea Set","War Paint","FleshIdol","Blood Vial","Shuriken"],"acts_visited":["Exordium"],"potions_floor_usage":[6,8,10,14,16],"damage_taken":[{"damage":0,"enemies":"Jaw Worm","floor":1,"turns":3},{"damage":1,"enemies":"Cultist","floor":4,"turns":3},{"damage":10,"enemies":"Small Slimes","floor":5,"turns":4},{"damage":45,"enemies":"Gremlin Nob","floor":6,"turns":5},{"damage":16,"enemies":"3 Sentries","floor":8,"turns":7},{"damage":27,"enemies":"Exordium Wildlife","floor":10,"turns":5},{"damage":6,"enemies":"Looter","floor":13,"turns":3},{"damage":6,"enemies":"Exordium Thugs","floor":14,"turns":4},{"damage":47,"enemies":"Hexaghost","floor":16,"turns":7}],"seed_played":"-4031787519080730554","potions_obtained":[{"floor":1,"key":"SkillPotion"},{"floor":5,"key":"Strength Potion"},{"floor":5,"key":"EssenceOfSteel"},{"floor":13,"key":"Energy Potion"},{"floor":14,"key":"ShroomBrew"}],"is_trial":false,"path_per_floor":["M","?","?","M","M","E","R","E","T","M","R","?","M","M","R","B"],"character_chosen":"MARISA","items_purchased":[],"campfire_rested":3,"item_purchase_floors":[],"current_hp_per_floor":[75,75,75,74,64,19,41,27,27,1,23,20,16,13,35,0,0],"gold":523,"neow_bonus":"","is_daily":false,"chose_seed":false,"campfire_upgraded":0,"win_rate":0.0,"timestamp":1607954757,"path_taken":["M","?","?","M","M","E","R","E","T","M","R","?","M","M","R","BOSS"],"items_purchased_type":[],"build_version":"2020-12-13","purchased_purges":0,"victory":false,"max_hp_per_floor":[75,75,75,75,75,75,75,75,75,75,75,75,75,75,75,75,75],"card_choices":[{"not_picked":["OldLady","Murderer"],"picked":"LongBird","floor":1},{"not_picked":["DarkSpark","WitchOfGreed"],"picked":"MagicAbsorber","floor":1},{"not_picked":["OldLady","FieryBird"],"picked":"BeautyBeast","floor":4},{"not_picked":["MilkyWay","DC"],"picked":"WitchOfGreed","floor":4},{"not_picked":["Bloodbath","FairyFestival"],"picked":"MHz","floor":5},{"not_picked":["DarkSpark","ShootingEcho","ChargeUpSpray"],"picked":"SKIP","floor":5},{"not_picked":["PunishingBird","VoidDream"],"picked":"Bloodbath","floor":6},{"not_picked":["NonDirectionalLaser","GravityBeat"],"picked":"SporeBomb","floor":6},{"not_picked":["PunishingBird","SnowQueen"],"picked":"OldLady","floor":8},{"not_picked":["MilkyWay","Singularity"],"picked":"TreasureHunter","floor":8},{"not_picked":["Murderer","LaLuna"],"picked":"QueenBee","floor":10},{"not_picked":["RefractionSpark","6A","MysteriousBeam"],"picked":"SKIP","floor":10},{"not_picked":["PunishingBird","CherryBlossoms"],"picked":"FairyFestival","floor":13},{"not_picked":["OneTimeOff","IllusionStar","DoubleSpark"],"picked":"SKIP","floor":13},{"not_picked":["SnowQueen","FieryBird"],"picked":"NakedNest","floor":14},{"not_picked":["SuperPerseids","Singularity"],"picked":"PropBag","floor":14}],"player_experience":564644,"relics_obtained":[{"floor":6,"key":"AmplifyWand"},{"floor":8,"key":"Ancient Tea Set"},{"floor":9,"key":"War Paint"}],"event_choices":[{"damage_healed":0,"gold_gain":175,"player_choice":"AGREE","damage_taken":0,"max_hp_gain":0,"max_hp_loss":0,"event_name":"Liars Game","floor":2,"gold_loss":0,"cards_obtained":["Doubt"]},{"cards_removed":["Doubt"],"damage_healed":0,"gold_gain":0,"player_choice":"Purged","damage_taken":0,"max_hp_gain":0,"max_hp_loss":0,"event_name":"Purifier","floor":3,"gold_loss":0},{"damage_healed":0,"gold_gain":0,"player_choice":"Success","damage_taken":3,"relics_obtained":["Blood Vial"],"max_hp_gain":0,"max_hp_loss":0,"event_name":"Scrap Ooze","floor":12,"gold_loss":0}],"is_beta":false,"boss_relics":[],"items_purged_floors":[],"is_endless":false,"potions_floor_spawned":[1,5,14],"killed_by":"Hexaghost","ascension_level":0}}