{"host":"usrgk25etjl0nf5i","time":1607918420,"event":{"mods":["2.2 Compatiblity","BaseMod","Downfall","Hermit","Hubris","Minty Spire (QoL Compilation)","StSLib","SuperFastMode","The Disciple","The Hierophant"],"gold_per_floor":[112,112,63,63,28,58,20,20,43,69,69,88,108,122,122,217,217,227,227,227,241,86,115,126,58,58,91,23,35,67,82,82,160,160,177,177,191,211,211,211],"floor_reached":39,"playtime":1701,"items_purged":[],"score":786,"play_id":"7db98992-d350-43d9-9ea6-bcf96d621767","local_time":"20201213200020","is_ascension_mode":true,"campfire_choices":[{"floor":8,"key":"REST"},{"floor":11,"key":"REST"},{"floor":15,"key":"REST"},{"floor":32,"key":"REST"}],"circlet_count":0,"master_deck":["AscendersBane","Limit Break+1","Strike_G","Strike_G","Strike_G","Strike_G","Strike_G","Defend_G","Defend_G+1","Defend_G+1","Defend_G","Defend_G","Survivor","Neutralize","Deflect","Blade Dance","Backstab","Blur","Concentrate","Dagger Spray","Acrobatics","Riddle With Holes","Venomology","Accuracy","Outmaneuver+1","Well Laid Plans","hubris:DuctTapeCard","Accuracy","Die Die Die","Backflip","Die Die Die","Prepared+1","Night Terror"],"relics":["Ring of the Snake","hubris:ToyBattleship","Mercury Hourglass","hexamod:BolsterEngine","Tough Bandages","hubris:TerracottaHorce","MutagenicStrength","Sling","hubris:Metronome","hubris:DuctTape","Omamori","Bronze Scales","Black Star","Darkstone Periapt"],"acts_visited":["Exordium","TheCity","TheBeyond"],"potions_floor_usage":[16,16,21,23,23,27,30,31,33,33,33,35],"damage_taken":[{"damage":2,"enemies":"Cultist","floor":1,"turns":4},{"damage":67,"enemies":"Gremlin Nob","floor":6,"turns":6},{"damage":9,"enemies":"Lagavulin","floor":10,"turns":8},{"damage":0,"enemies":"2 Louse","floor":12,"turns":1},{"damage":0,"enemies":"Jaw Worm","floor":13,"turns":3},{"damage":1,"enemies":"Red Slaver","floor":14,"turns":4},{"damage":31,"enemies":"Slime Boss","floor":16,"turns":8},{"damage":15,"enemies":"2 Thieves","floor":18,"turns":4},{"damage":0,"enemies":"Spheric Guardian","floor":21,"turns":2},{"damage":0,"enemies":"Slavers","floor":23,"turns":2},{"damage":11,"enemies":"Snake Plant","floor":24,"turns":2},{"damage":12,"enemies":"Book of Stabbing","floor":27,"turns":3},{"damage":0,"enemies":"Chosen and Byrds","floor":29,"turns":3},{"damage":7,"enemies":"Slavers","floor":30,"turns":4},{"damage":7,"enemies":"3 Cultists","floor":31,"turns":3},{"damage":21,"enemies":"hubris:MusketHawk","floor":33,"turns":6},{"damage":21,"enemies":"3 Shapes","floor":35,"turns":3},{"damage":3,"enemies":"Orb Walker","floor":37,"turns":2},{"damage":0,"enemies":"Sphere and 2 Shapes","floor":38,"turns":2},{"damage":61,"enemies":"Transient","floor":39,"turns":3}],"seed_played":"-8931721661811167372","potions_obtained":[{"floor":6,"key":"Explosive Potion"},{"floor":10,"key":"ColorlessPotion"},{"floor":13,"key":"SpeedPotion"},{"floor":18,"key":"PowerPotion"},{"floor":21,"key":"PowerPotion"},{"floor":24,"key":"FearPotion"},{"floor":30,"key":"Fire Potion"}],"is_trial":false,"path_per_floor":["M","?","$","?","?","E","$","R","T","E","R","M","M","M","R","B",null,"M","?","?","M","$","E","M","$","T","E","$","M","E","M","R","B",null,"M","?","M","M","M"],"character_chosen":"THE_SILENT","items_purchased":["Blade Dance","Blur","Sling","Well Laid Plans","Accuracy"],"campfire_rested":4,"item_purchase_floors":[3,7,22,25,28],"current_hp_per_floor":[68,65,65,50,69,2,2,25,25,16,39,39,39,38,61,30,65,50,50,50,50,50,50,39,39,39,27,27,27,20,13,36,15,62,41,41,38,38,0,0],"gold":211,"neow_bonus":"TEN_PERCENT_HP_BONUS","is_daily":false,"chose_seed":false,"campfire_upgraded":0,"win_rate":0.0,"timestamp":1607918420,"path_taken":["M","?","$","?","?","E","?","R","T","E","R","?","?","M","R","BOSS","M","?","?","M","$","E","M","$","T","E","$","M","E","M","R","BOSS","M","?","?","M","M"],"items_purchased_type":["Card","Card","Relic","Card","Card"],"build_version":"2020-11-30","purchased_purges":0,"victory":false,"max_hp_per_floor":[77,77,77,77,77,77,77,77,77,77,77,77,77,77,77,77,77,77,77,77,77,77,77,77,77,77,77,77,77,77,77,77,77,77,77,77,77,77,77,77],"card_choices":[{"not_picked":["hubris:SlightOfHand","Eviscerate"],"picked":"Deflect","floor":1},{"not_picked":["Quick Slash","Adrenaline"],"picked":"Backstab","floor":6},{"not_picked":["hubris:SlightOfHand","Slice"],"picked":"Concentrate","floor":10},{"not_picked":["Deadly Poison","Sucker Punch"],"picked":"Dagger Spray","floor":12},{"not_picked":["Bouncing Flask","Terror"],"picked":"Acrobatics","floor":13},{"not_picked":["Deadly Poison","Poisoned Stab"],"picked":"Riddle With Holes","floor":14},{"not_picked":["Wraith Form v2","Corpse Explosion"],"picked":"Venomology","floor":16},{"not_picked":["Bane","Backflip"],"picked":"Underhanded Strike+1","floor":18},{"not_picked":["Sucker Punch","Backflip"],"picked":"Accuracy","floor":21},{"not_picked":["Quick Slash","hubris:TrickCloak","Unload"],"picked":"SKIP","floor":23},{"not_picked":["Quick Slash","Slice"],"picked":"Outmaneuver+1","floor":24},{"not_picked":["Acrobatics","Endless Agony+1","Grand Finale"],"picked":"SKIP","floor":27},{"not_picked":["hubris:SlightOfHand","Dagger Throw","Underhanded Strike"],"picked":"SKIP","floor":29},{"not_picked":["Caltrops","Terror"],"picked":"Die Die Die","floor":30},{"not_picked":["hubris:SlightOfHand+1","Bane"],"picked":"Backflip","floor":31},{"not_picked":["Doppelganger","Grand Finale"],"picked":"Die Die Die","floor":33},{"not_picked":["Dodge and Roll","Quick Slash"],"picked":"Prepared+1","floor":35},{"not_picked":["Bane+1","Flying Knee+1","Acrobatics"],"picked":"SKIP","floor":37},{"not_picked":["Deadly Poison+1","hubris:SlightOfHand+1"],"picked":"Night Terror","floor":38}],"player_experience":642609,"relics_obtained":[{"floor":6,"key":"Mercury Hourglass"},{"floor":9,"key":"hexamod:BolsterEngine"},{"floor":10,"key":"Tough Bandages"},{"floor":23,"key":"hubris:Metronome"},{"floor":26,"key":"hubris:DuctTape"},{"floor":27,"key":"Omamori"},{"floor":30,"key":"Bronze Scales"}],"event_choices":[{"damage_healed":0,"gold_gain":0,"player_choice":"Success","damage_taken":3,"relics_obtained":["hubris:ToyBattleship"],"max_hp_gain":0,"max_hp_loss":0,"event_name":"Scrap Ooze","floor":2,"gold_loss":0},{"damage_healed":0,"gold_gain":0,"player_choice":"Entered Light","damage_taken":15,"max_hp_gain":0,"max_hp_loss":0,"event_name":"Shining Light","floor":4,"gold_loss":0,"cards_upgraded":["Defend_G","Defend_G"]},{"damage_healed":19,"gold_gain":0,"player_choice":"Healed","damage_taken":0,"max_hp_gain":0,"max_hp_loss":0,"event_name":"The Cleric","floor":5,"gold_loss":35},{"damage_healed":0,"gold_gain":0,"player_choice":"Inject Mutagens","damage_taken":0,"relics_obtained":["MutagenicStrength"],"max_hp_gain":0,"max_hp_loss":0,"event_name":"Drug Dealer","floor":20,"gold_loss":0},{"damage_healed":0,"gold_gain":0,"player_choice":"Gave Potion","damage_taken":0,"relics_obtained":["Darkstone Periapt"],"max_hp_gain":0,"max_hp_loss":0,"event_name":"WeMeetAgain","floor":36,"gold_loss":0}],"is_beta":false,"boss_relics":[{"not_picked":["hubris:HollowSoul","Busted Crown"],"picked":"hubris:TerracottaHorce"},{"not_picked":["Coffee Dripper","hubris:ScarierMask"],"picked":"Black Star"}],"items_purged_floors":[],"is_endless":false,"potions_floor_spawned":[6,10,13,18,21,24,30],"killed_by":"Transient","ascension_level":10}}