{"host":"nox","time":1607962328,"event":{"mods":["BaseMod","Colored Powertips","Minty Spire (QoL Compilation)","Quick Restart","Replay The Spire","StSLib"],"gold_per_floor":[109,119,119,69,81,106,74,74,124,139,139,139],"floor_reached":11,"playtime":260,"items_purged":[],"score":80,"play_id":"afb5b83b-899b-4c9a-86c5-ad9c61bc3602","local_time":"20201214231208","is_ascension_mode":true,"campfire_choices":[],"circlet_count":0,"master_deck":["Strike_G","Strike_G","Strike_G","Strike_G","Strike_G","Defend_G","Defend_G","Defend_G","Defend_G","Defend_G","Caltrops","ReplayTheSpireMod:Speed Training"],"relics":["Velvet Choker","Nunchaku","Blood Vial"],"acts_visited":["Exordium"],"potions_floor_usage":[6],"damage_taken":[{"damage":8.0,"enemies":"Jaw Worm","floor":1.0,"turns":5.0},{"damage":2.0,"enemies":"2 Louse","floor":2.0,"turns":3.0},{"damage":2,"enemies":"Cultist","floor":5,"turns":4},{"damage":44,"enemies":"Gremlin Nob","floor":6,"turns":6},{"damage":15,"enemies":"Blue Slaver","floor":10,"turns":4},{"damage":9,"enemies":"3 Sentries","floor":11,"turns":2}],"seed_played":"-119079519357303149","potions_obtained":[{"floor":1.0,"key":"DistilledChaos"},{"floor":6,"key":"Poison Potion"}],"is_trial":false,"path_per_floor":["M","M","?","?","M","E","?","?","T","M","E"],"character_chosen":"THE_SILENT","items_purchased":[],"campfire_rested":0,"item_purchase_floors":[],"current_hp_per_floor":[62,60,65,65,63,19,19,19,19,6,0,0],"gold":139,"neow_bonus":"BOSS_RELIC","is_daily":false,"chose_seed":false,"campfire_upgraded":0,"win_rate":0.0,"timestamp":1607962328,"path_taken":["M","M","?","?","?","E","?","?","T","?","E"],"items_purchased_type":[],"build_version":"2020-11-17","purchased_purges":0,"victory":false,"max_hp_per_floor":[70,70,75,75,75,75,75,75,75,75,75,75],"card_choices":[{"not_picked":["Well Laid Plans","Backflip","Quick Slash"],"picked":"SKIP","floor":1.0},{"not_picked":["ReplayTheSpireMod:Scrap Shanks","PiercingWail","Heel Hook"],"picked":"SKIP","floor":2.0},{"not_picked":["Blade Dance","Dodge and Roll"],"picked":"Caltrops","floor":5},{"not_picked":["Hidden Blade","Slice","Accuracy"],"picked":"SKIP","floor":6},{"not_picked":["Acrobatics","Escape Plan","Underhanded Strike"],"picked":"SKIP","floor":10}],"player_experience":100812,"relics_obtained":[{"floor":6,"key":"Nunchaku"},{"floor":9,"key":"Blood Vial"}],"event_choices":[{"damage_healed":0,"gold_gain":0,"player_choice":"Donut","damage_taken":0,"max_hp_gain":5,"max_hp_loss":0,"event_name":"Big Fish","floor":3,"gold_loss":0},{"cards_removed":["Survivor"],"damage_healed":0,"gold_gain":0,"player_choice":"Card Removal","damage_taken":0,"max_hp_gain":0,"max_hp_loss":0,"event_name":"The Cleric","floor":4,"gold_loss":50},{"damage_healed":0,"gold_gain":0,"player_choice":"Left Gold","damage_taken":0,"max_hp_gain":0,"max_hp_loss":0,"event_name":"World of Goop","floor":7,"gold_loss":32},{"damage_healed":0,"gold_gain":0,"cards_transformed":["Neutralize"],"player_choice":"Transformed","damage_taken":0,"max_hp_gain":0,"max_hp_loss":0,"event_name":"Transmorgrifier","floor":8,"gold_loss":0,"cards_obtained":["ReplayTheSpireMod:Speed Training"]}],"is_beta":true,"boss_relics":[],"items_purged_floors":[],"is_endless":false,"potions_floor_spawned":[1,6],"killed_by":"3 Sentries","ascension_level":2}}