{"host":"ueef25wtkg2eer3h","time":1607987175,"event":{"mods":["AchievementEnabler","BaseMod","Colored Map","Colored Powertips","DeckTracker","Displayed Cursed Tome","Googly Eyes","Highlight Path","Minty Spire (QoL Compilation)","Slay the Relics Exporter","StSLib"],"gold_per_floor":[115,134,12,27,38,38,67,30,30,30,30],"floor_reached":10,"playtime":304,"items_purged":["Strike_B"],"score":105,"play_id":"c7d5e403-d83f-4d8e-b90c-369447f4dfa0","local_time":"20201215000615","is_ascension_mode":true,"campfire_choices":[{"floor":6,"key":"REST"}],"circlet_count":0,"master_deck":["AscendersBane","Strike_B","Strike_B","Strike_B","Defend_B","Defend_B","Defend_B","Defend_B","Zap","Dualcast","Sweeping Beam","Defragment","Cold Snap","Barrage","Beam Cell","Sunder"],"relics":["Cracked Core","NeowsBlessing","MealTicket","Anchor"],"acts_visited":["Exordium"],"potions_floor_usage":[5,7,7],"damage_taken":[{"damage":0,"enemies":"2 Louse","floor":1,"turns":1},{"damage":0,"enemies":"Jaw Worm","floor":2,"turns":1},{"damage":0,"enemies":"Small Slimes","floor":4,"turns":1},{"damage":61,"enemies":"Gremlin Gang","floor":5,"turns":4},{"damage":20,"enemies":"Lagavulin","floor":7,"turns":7},{"damage":9,"enemies":"3 Sentries","floor":10,"turns":4}],"seed_played":"20480564262044101","potions_obtained":[{"floor":1,"key":"EssenceOfSteel"},{"floor":2,"key":"PowerPotion"},{"floor":5,"key":"LiquidBronze"}],"is_trial":false,"path_per_floor":["M","M","$","M","M","R","E","?","T","E"],"character_chosen":"DEFECT","items_purchased":["Cold Snap"],"campfire_rested":1,"item_purchase_floors":[3],"current_hp_per_floor":[68,68,68,68,7,29,9,9,9,0,0],"gold":30,"neow_bonus":"THREE_ENEMY_KILL","is_daily":false,"chose_seed":false,"campfire_upgraded":0,"win_rate":0.0,"timestamp":1607987175,"path_taken":["M","M","$","M","M","R","E","?","T","E"],"items_purchased_type":["Card"],"build_version":"2020-12-13","purchased_purges":1,"victory":false,"max_hp_per_floor":[75,75,75,75,75,75,75,75,75,75,75],"card_choices":[{"not_picked":["Sunder","Aggregate"],"picked":"Sweeping Beam","floor":1},{"not_picked":["Steam","Beam Cell"],"picked":"Defragment","floor":2},{"not_picked":["Cold Snap","Recycle"],"picked":"Barrage","floor":4},{"not_picked":["Cold Snap","Force Field"],"picked":"Beam Cell","floor":5},{"not_picked":["Turbo","Self Repair"],"picked":"Sunder","floor":7}],"player_experience":258286,"relics_obtained":[{"floor":7,"key":"MealTicket"},{"floor":9,"key":"Anchor"}],"event_choices":[{"damage_healed":0,"gold_gain":0,"player_choice":"Left Gold","damage_taken":0,"max_hp_gain":0,"max_hp_loss":0,"event_name":"World of Goop","floor":8,"gold_loss":37}],"is_beta":false,"boss_relics":[],"items_purged_floors":[3],"is_endless":false,"potions_floor_spawned":[1,2,5],"killed_by":"3 Sentries","ascension_level":11}}