{"host":"xt86it2r6tj4p7je","time":1607921767,"event":{"mods":["Act Like it!","AlwaysNeverKeys","Aspiration","BaseMod","Better Altar","Better Match","Better Note","Better Sensory Stone","Better Skull","Better Third Choice","Card Forge","Clockwork Mod","Conspire","Defuse TimeMaze Blight","Downfall","Elementarium","Energized Spire","Friendly Minions","GifTheSpireLib","Hubris","Key Reminder","Minty Spire (QoL Compilation)","StSLib","The Construct","The Cursed","The Hierophant","The Judge","The Witch","Uncapped","thorton"],"gold_per_floor":[99,84,117,42,62,62,62,79,229,260,277,288,288,303,314,411,411,411,411,440,440,455,455,455,455,469,469,481,493,493,493],"floor_reached":30,"playtime":1935,"items_purged":[],"score":260,"play_id":"abadcccf-8b7c-4db4-9dde-762925f29807","local_time":"20201213235607","is_ascension_mode":false,"campfire_choices":[{"floor":4.0,"key":"REST"},{"data":"Slimebound:Split","floor":18.0,"key":"SMITH"},{"floor":23,"key":"REST"},{"floor":25,"key":"REST"},{"floor":27,"key":"REST"}],"circlet_count":0,"master_deck":["Slimebound:Strike_Slimebound","Slimebound:Strike_Slimebound","Slimebound:Strike_Slimebound","Slimebound:Tackle","Slimebound:Defend_Slimebound","Slimebound:Defend_Slimebound","Slimebound:Defend_Slimebound","Slimebound:Defend_Slimebound","Slimebound:Split+1","Slimebound:CorrosiveSpit","Slimebound:LeechLife","Slimebound:FirmFortitude","Slimebound:SplitBruiser","Slimebound:RainOfGoop","Slimebound:SplitMire","Slimebound:LeechingTouch","Slimebound:LevelUp","Slimebound:SlimeBarrage","Slimebound:SlimeSpikes","Slimebound:Overexert","Slimebound:LevelUp","Slimebound:SplitAcid+1","Slimebound:SlimeSpikes+1","Slimebound:GoopSpray","Slimebound:Equalize"],"relics":["Slimebound:AbsorbEndCombat","Hammer of Thor","Seething Fire","Anvil of the Gods","aspiration:ArtOfWarUpgrade","downfall:HeartBlessingRed","Nunchaku","WingedGreaves","aspiration:SecretTechniqueScroll","Singing Bowl","hubris:BottledRain"],"acts_visited":["Exordium","TheCity"],"potions_floor_usage":[20,30,30],"damage_taken":[{"damage":15.0,"enemies":"downfall:FleeingMerchant","floor":2.0,"turns":4.0},{"damage":61.0,"enemies":"Gremlin Nob","floor":3.0,"turns":5.0},{"damage":1.0,"enemies":"Cultist","floor":5.0,"turns":3.0},{"damage":1.0,"enemies":"Jaw Worm","floor":8.0,"turns":2.0},{"damage":47.0,"enemies":"3 Sentries","floor":10.0,"turns":6.0},{"damage":6.0,"enemies":"conspire:RoseBush","floor":11.0,"turns":2.0},{"damage":36.0,"enemies":"Exordium Thugs","floor":12.0,"turns":3.0},{"damage":7.0,"enemies":"Exordium Wildlife","floor":14.0,"turns":1.0},{"damage":16.0,"enemies":"Gremlin Gang","floor":15.0,"turns":3.0},{"damage":61.0,"enemies":"downfall:Silent","floor":16.0,"turns":5.0},{"damage":52,"enemies":"Gremlin Leader","floor":20,"turns":4},{"damage":29,"enemies":"Spheric Guardian","floor":22,"turns":5},{"damage":32,"enemies":"3 Byrds","floor":26,"turns":4},{"damage":41,"enemies":"Snake Plant","floor":28,"turns":3},{"damage":43,"enemies":"conspire:HollyBat","floor":29,"turns":5},{"damage":27,"enemies":"Snecko","floor":30,"turns":3}],"seed_played":"-2143248648306110039","potions_obtained":[{"floor":5.0,"key":"SkillPotion"},{"floor":10.0,"key":"SteroidPotion"},{"floor":14.0,"key":"Fire Potion"},{"floor":15.0,"key":"Explosive Potion"},{"floor":16.0,"key":"Dexterity Potion"},{"floor":20,"key":"Energy Potion"},{"floor":29,"key":"Explosive Potion"}],"is_trial":false,"path_per_floor":["R","$","E","R","M","R","T","M","?","E","M","M","?","M","M","B",null,"R","?","E","?","M","R","T","R","M","R","M","M","M"],"character_chosen":"SLIMEBOUND","items_purchased":[],"campfire_rested":4,"item_purchase_floors":[],"current_hp_per_floor":[60,51,10,28,39,39,39,44,44,19,35,23,43,42,50,23,60,60,60,29,29,10,28,28,46,36,54,39,16,0,0],"gold":493,"neow_bonus":"RANDOM_COMMON_RELIC","is_daily":false,"chose_seed":false,"campfire_upgraded":1,"win_rate":0.0,"timestamp":1607921767,"path_taken":["R","?","E","R","M","R","T","?","?","E","?","M","?","M","M","BOSS","R","?","E","?","?","R","T","R","?","R","M","M","M"],"items_purchased_type":[],"build_version":"2020-12-13","purchased_purges":0,"victory":false,"max_hp_per_floor":[60,60,60,60,60,60,60,60,60,60,60,60,60,60,60,60,60,60,60,60,60,60,60,60,60,60,60,60,60,60,60],"card_choices":[{"not_picked":["Slimebound:LeechingTouch","Slimebound:FinishingTackle"],"picked":"Slimebound:LeechLife","floor":2.0},{"not_picked":["Slimebound:Gluttony","Slimebound:LevelUp"],"picked":"Slimebound:FirmFortitude","floor":3.0},{"not_picked":["Slimebound:DisruptingSlam","Slimebound:SamplingLick"],"picked":"Slimebound:SplitBruiser","floor":5.0},{"not_picked":["Slimebound:RejuvenatingLick","Slimebound:SlimeTap"],"picked":"Slimebound:RainOfGoop","floor":8.0},{"not_picked":["Slimebound:LeadByExample","Slimebound:SlimeBrawl"],"picked":"Slimebound:SplitMire","floor":10.0},{"not_picked":["Slimebound:SlimeSpikes","Slimebound:GrowthPunch"],"picked":"Slimebound:LeechingTouch","floor":11.0},{"not_picked":["Slimebound:RallyTheTroops","Slimebound:SplitMire"],"picked":"Slimebound:LevelUp","floor":12.0},{"not_picked":["Slimebound:GrowthPunch","Slimebound:ComboTackle"],"picked":"Slimebound:SlimeBarrage","floor":14.0},{"not_picked":["Slimebound:SamplingLick","Slimebound:FinishingTackle"],"picked":"Slimebound:SlimeSpikes","floor":15.0},{"not_picked":["Slimebound:MassRepurpose","Slimebound:CheckThePlaybook"],"picked":"Slimebound:Overexert","floor":16.0},{"not_picked":["Slimebound:ProtectTheBoss","Slimebound:SplitLeeching"],"picked":"Slimebound:LevelUp","floor":20},{"not_picked":["Slimebound:Equalize","Slimebound:Prepare+1"],"picked":"Slimebound:SplitAcid+1","floor":22},{"not_picked":["Slimebound:RollThrough","Slimebound:FlameTackle"],"picked":"Slimebound:SlimeSpikes+1","floor":26},{"not_picked":["Slimebound:FirmFortitude+1","Slimebound:Schlurp"],"picked":"Slimebound:GoopSpray","floor":28},{"not_picked":["Slimebound:SplitBruiser","Slimebound:GoopTackle"],"picked":"Slimebound:Equalize","floor":29}],"player_experience":222343,"relics_obtained":[{"floor":3.0,"key":"Ancient Tea Set"},{"floor":7.0,"key":"Nunchaku"},{"floor":10.0,"key":"WingedGreaves"},{"floor":20,"key":"Singing Bowl"},{"floor":24,"key":"hubris:BottledRain"}],"event_choices":[{"damage_healed":20.0,"max_hp_gain":0.0,"max_hp_loss":0.0,"gold_gain":0.0,"event_name":"Big Fish","player_choice":"Banana","floor":13.0,"gold_loss":0.0,"damage_taken":0.0},{"cards_removed":["Slimebound:LeechingTouch"],"damage_healed":0,"gold_gain":0,"player_choice":"Give","damage_taken":0,"max_hp_gain":0,"max_hp_loss":0,"event_name":"betterNote:BetterNote","floor":19,"gold_loss":0,"cards_obtained":["None"]}],"is_beta":false,"boss_relics":[{"not_picked":["Calling Bell","construct:ClawGrip"],"picked":"aspiration:SecretTechniqueScroll"}],"items_purged_floors":[],"is_endless":false,"potions_floor_spawned":[5,10,14,15,16,20,29],"killed_by":"Snecko","ascension_level":0}}