{"host":"6csbbk4539itd1k2","time":1607975420,"event":{"mods":["BaseMod","Colored Powertips","Downfall","Googly Eyes","Hermit","Minty Spire (QoL Compilation)","Replay The Spire","StSLib","SuperFastMode","The Animator","The Bug Knight","The Cursed","The Hierophant","The Necromancer","The Servant 0.9.4"],"gold_per_floor":[99,119,131,158,158,333,360,360,376,409,44,55,74,74,89,192,192,192,212,225,225,243,73,73,86,86,114,128,128,224,236,246,349,399,399,424,441,468,45,45,117,117,117,147,161,75,91,91,101,101],"floor_reached":51,"playtime":5625,"items_purged":["Doubt","Slimebound:Strike_Slimebound"],"score":866,"play_id":"6c8aca8b-9cc1-48a4-bed4-b3d7f3c380b9","local_time":"20201214205020","is_ascension_mode":false,"campfire_choices":[{"data":"Slimebound:Split","floor":5,"key":"SMITH"},{"data":"Slimebound:CorrosiveSpit","floor":8,"key":"SMITH"},{"data":"Slimebound:Strike_Slimebound","floor":18,"key":"PURGE"},{"data":"Slimebound:OozeBath","floor":21,"key":"SMITH"},{"data":"Slimebound:WasteNot","floor":26,"key":"SMITH"},{"data":"Slimebound:FirmFortitude","floor":35,"key":"SMITH"},{"data":"Slimebound:SlimeBrawl","floor":40,"key":"SMITH"},{"data":"Slimebound:SpikyOuterGoop","floor":42,"key":"SMITH"}],"circlet_count":0,"master_deck":["Slimebound:Tackle","Slimebound:Defend_Slimebound","Slimebound:Defend_Slimebound","Slimebound:Defend_Slimebound","Slimebound:Split+1","Slimebound:CorrosiveSpit+1","Slimebound:SpikyOuterGoop+1","Slimebound:FinishingTackle","Slimebound:MegaLick","Slimebound:Chomp","Slimebound:SamplingLick","Slimebound:LeechingTouch","Slimebound:Gluttony","Slimebound:SplitMire","Slimebound:LeechEnergy+1","Slimebound:SplitMire","Iron Wave","Slimebound:OozeBath+1","Slimebound:SlimeBrawl+1","Slimebound:ComboTackle","Slimebound:RainOfGoop+1","Slimebound:WasteNot+1","Slimebound:FinishingTackle+1","Slimebound:LeechEnergy","Slimebound:Gluttony","Slimebound:TongueLash+1","Slimebound:FormOfPuddle","Slimebound:RejuvenatingLick","Slimebound:FirmFortitude+1","Slimebound:RallyTheTroops","Slimebound:SlimeTap","Slimebound:ViciousTackle","Slimebound:Replication","Slimebound:FlameTackle+1","Slimebound:RejuvenatingLick+1","Slimebound:FormOfPuddle+1","Slimebound:LevelUp","Slimebound:SplitMire+1"],"relics":["Slimebound:AbsorbEndCombat","Ginger","Strawberry","Replay:Rubber Ducky","Happy Flower","Replay:Bronze Core","Replay:PocketPolymizer","Replay:Mystery Machine","downfall:KnowingSkull","Tiny House","Pet Ghost","Replay:Baseball","ReplayTheSpireMod:Ninjato","Kunai","Blue Doll","Replay:Towering Pillar of Hats"],"acts_visited":["Exordium","TheCity","TheBeyond"],"potions_floor_usage":[50],"damage_taken":[{"damage":4,"enemies":"Small Slimes","floor":2,"turns":5},{"damage":13,"enemies":"Jaw Worm","floor":3,"turns":3},{"damage":29,"enemies":"3 Sentries","floor":4,"turns":8},{"damage":8,"enemies":"Cultist","floor":9,"turns":3},{"damage":29,"enemies":"Gremlin Nob","floor":10,"turns":4},{"damage":8,"enemies":"downfall:FleeingMerchant","floor":11,"turns":4},{"damage":4,"enemies":"3 Louse","floor":12,"turns":3},{"damage":6,"enemies":"Lots of Slimes","floor":13,"turns":4},{"damage":0,"enemies":"2 Fungi Beasts","floor":15,"turns":3},{"damage":83,"enemies":"downfall:Defect","floor":16,"turns":7},{"damage":33,"enemies":"Shell Parasite","floor":19,"turns":5},{"damage":19,"enemies":"Spheric Guardian","floor":20,"turns":4},{"damage":28,"enemies":"Centurion and Healer","floor":22,"turns":5},{"damage":19,"enemies":"downfall:FleeingMerchant","floor":23,"turns":5},{"damage":17,"enemies":"Chosen and Byrds","floor":25,"turns":5},{"damage":38,"enemies":"Gremlin Leader","floor":27,"turns":5},{"damage":42,"enemies":"3 Cultists","floor":28,"turns":6},{"damage":42,"enemies":"Snake Plant","floor":30,"turns":3},{"damage":29,"enemies":"Snecko","floor":31,"turns":5},{"damage":59,"enemies":"Chosen and Byrds","floor":32,"turns":8},{"damage":23,"enemies":"downfall:Watcher","floor":33,"turns":7},{"damage":16,"enemies":"3 Darklings","floor":37,"turns":4},{"damage":16,"enemies":"HollowMod:StalkingDevout","floor":38,"turns":7},{"damage":20,"enemies":"downfall:FleeingMerchant","floor":39,"turns":5},{"damage":18,"enemies":"Giant Head","floor":44,"turns":8},{"damage":11,"enemies":"Orb Walker","floor":45,"turns":3},{"damage":20,"enemies":"downfall:FleeingMerchant","floor":46,"turns":5},{"damage":16,"enemies":"4 Shapes","floor":47,"turns":5},{"damage":39,"enemies":"Jaw Worm Horde","floor":49,"turns":5},{"damage":20,"enemies":"downfall:Silent","floor":50,"turns":8}],"seed_played":"-2438021481646885745","potions_obtained":[{"floor":3,"key":"Block Potion"},{"floor":10,"key":"SkillPotion"},{"floor":13,"key":"Slimebound:SlimyTonguePotion"},{"floor":22,"key":"Elixir"},{"floor":34,"key":"BlessingOfTheForge"},{"floor":45,"key":"Slimebound:SlimedPotion"}],"is_trial":false,"path_per_floor":["R","M","M","E","R","?","T","R","M","E","$","M","M","?","M","B",null,"R","M","M","R","M","$","T","M","R","E","M","?","M","M","M","B",null,"R","T","M","E","$","R","T","R","?","E","M","$","M","T","M","B",null],"character_chosen":"SLIMEBOUND","items_purchased":["Slimebound:Gluttony","Slimebound:SplitMire","Happy Flower","Slimebound:FinishingTackle+1","Slimebound:LeechEnergy","Slimebound:Gluttony","Slimebound:SlimeTap","ReplayTheSpireMod:Ninjato","Slimebound:ViciousTackle","Slimebound:FormOfPuddle+1","Slimebound:LevelUp"],"campfire_rested":0,"item_purchase_floors":[11,11,11,23,23,23,39,39,39,46,46],"current_hp_per_floor":[66,66,66,66,66,66,73,73,73,59,71,73,73,73,73,30,73,73,73,73,73,73,73,73,73,73,65,70,64,62,67,44,73,78,78,78,78,78,78,78,78,78,78,78,78,78,78,78,61,78],"gold":101,"neow_bonus":"TEN_PERCENT_HP_BONUS","is_daily":false,"chose_seed":false,"campfire_upgraded":7,"win_rate":0.0,"timestamp":1607975420,"path_taken":["R","M","M","E","R","?","T","R","M","E","$","M","M","?","M","BOSS","R","M","M","R","M","$","T","?","R","E","M","?","M","M","M","BOSS","R","?","M","E","$","R","T","R","?","E","M","?","?","?","M","BOSS"],"items_purchased_type":["Card","Card","Relic","Card","Card","Card","Card","Relic","Card","Card","Card"],"build_version":"2020-12-13","purchased_purges":2,"victory":true,"max_hp_per_floor":[66,66,66,66,66,66,73,73,73,73,73,73,73,73,73,73,73,73,73,73,73,73,73,73,73,73,73,73,73,73,73,73,73,78,78,78,78,78,78,78,78,78,78,78,78,78,78,78,78,78],"card_choices":[{"not_picked":["Slimebound:SlimeSpikes","Slimebound:Chomp"],"picked":"Slimebound:FinishingTackle","floor":2},{"not_picked":["Slimebound:SplitBruiser","Slimebound:GoopSpray"],"picked":"Slimebound:MegaLick","floor":3},{"not_picked":["Slimebound:Schlurp","Slimebound:SlimeBarrage"],"picked":"Slimebound:Chomp","floor":4},{"not_picked":["Slimebound:SplitBruiser","Slimebound:SplitLeeching"],"picked":"Slimebound:SamplingLick","floor":9},{"not_picked":["Slimebound:GrowthPunch","Slimebound:MassRepurpose","Slimebound:ViciousTackle"],"picked":"SKIP","floor":10},{"not_picked":["Slimebound:Prepare","Slimebound:SplitAcid"],"picked":"Slimebound:LeechingTouch","floor":11},{"not_picked":["Slimebound:SplitLeeching","Slimebound:SplitBruiser"],"picked":"Slimebound:LeechEnergy","floor":12},{"not_picked":["Slimebound:SlimeSpikes","Slimebound:FinishingTackle"],"picked":"Slimebound:SplitMire","floor":13},{"not_picked":["Slimebound:ComboTackle","Slimebound:LeadByExample"],"picked":"Slimebound:OozeBath","floor":15},{"not_picked":["Slimebound:MassRepurpose","Slimebound:PrepareCrush"],"picked":"Slimebound:SelfFormingGoo","floor":16},{"not_picked":["Slimebound:SlimeBarrage","Slimebound:GoopSpray"],"picked":"Slimebound:SlimeBrawl","floor":19},{"not_picked":["Slimebound:SplitAcid","Slimebound:SplitLeeching+1"],"picked":"Slimebound:ComboTackle","floor":20},{"not_picked":["Slimebound:RollThrough","Slimebound:ViciousTackle"],"picked":"Slimebound:RainOfGoop+1","floor":22},{"not_picked":["Slimebound:GrowthPunch","Slimebound:GoopSpray"],"picked":"Slimebound:WasteNot","floor":23},{"not_picked":["Slimebound:AcidTongue","Slimebound:SplitLeeching+1"],"picked":"Slimebound:TongueLash+1","floor":25},{"not_picked":["Slimebound:DisruptingSlam","Slimebound:FinishingTackle","Slimebound:ComboTackle"],"picked":"SKIP","floor":27},{"not_picked":["Slimebound:SplitAcid","Slimebound:LeechingTouch"],"picked":"Slimebound:RejuvenatingLick","floor":28},{"not_picked":["Slimebound:ComboTackle","Slimebound:FinishingTackle","Slimebound:ViciousTackle"],"picked":"SKIP","floor":30},{"not_picked":["Slimebound:FinishingTackle","Slimebound:Equalize","Slimebound:ComboTackle"],"picked":"SKIP","floor":31},{"not_picked":["Slimebound:SplitBruiser+1","Slimebound:RollThrough+1"],"picked":"Slimebound:FirmFortitude","floor":32},{"not_picked":["Slimebound:FinishingTackle","Slimebound:PressTheAttack","Slimebound:MassFeed"],"picked":"SKIP","floor":37},{"not_picked":["Slimebound:ForwardTackle+1","Slimebound:ItLooksTasty+1"],"picked":"Slimebound:RallyTheTroops","floor":38},{"not_picked":["Slimebound:LivingWall","Slimebound:GoopSpray","Slimebound:LeechingTouch+1"],"picked":"SKIP","floor":39},{"not_picked":["Slimebound:SplitMire","Slimebound:Gluttony"],"picked":"Slimebound:Replication","floor":44},{"not_picked":["Slimebound:SplitLeeching+1","Slimebound:SplitAcid+1"],"picked":"Slimebound:FlameTackle+1","floor":45},{"not_picked":["Slimebound:Equalize+1","Slimebound:PressTheAttack"],"picked":"Slimebound:RejuvenatingLick+1","floor":46},{"not_picked":["Slimebound:PressTheAttack","Slimebound:GrowthPunch+1"],"picked":"Slimebound:SplitMire+1","floor":47},{"not_picked":["Slimebound:SplitMire","Slimebound:SplitLeeching","Slimebound:LeechEnergy"],"picked":"SKIP","floor":49}],"player_experience":132517,"relics_obtained":[{"floor":4,"key":"Ginger"},{"floor":7,"key":"Strawberry"},{"floor":10,"key":"Replay:Rubber Ducky"},{"floor":24,"key":"Replay:PocketPolymizer"},{"floor":27,"key":"Replay:Mystery Machine"},{"floor":36,"key":"Pet Ghost"},{"floor":38,"key":"Replay:Baseball"},{"floor":41,"key":"Kunai"},{"floor":44,"key":"Blue Doll"},{"floor":48,"key":"Replay:Towering Pillar of Hats"}],"event_choices":[{"cards_removed":["Slimebound:Defend_Slimebound"],"damage_healed":0,"gold_gain":0,"player_choice":"Took Card","damage_taken":0,"max_hp_gain":0,"max_hp_loss":0,"event_name":"NoteForYourself","floor":14,"gold_loss":0,"cards_obtained":["Iron Wave"]}],"is_beta":false,"boss_relics":[{"not_picked":["ChewingGum","Kintsugi"],"picked":"Replay:Bronze Core"},{"not_picked":["Calling Bell","ReplayTheSpireMod:DimensionalGlitch"],"picked":"Tiny House"}],"items_purged_floors":[11,39],"is_endless":false,"potions_floor_spawned":[3,10,13,15,19,22,27,28,33,45,47,49],"ascension_level":0}}