{"host":"msmkw03x1o7nq45i","time":1607964979,"event":{"mods":["AchievementEnabler","BaseMod","Bestiary","Colored Powertips","GifTheSpireLib","Highlight Path","Minty Spire (QoL Compilation)","Random Character Button","StSLib","everything is the same but u backflip on backflip"],"gold_per_floor":[111,36,36,54,54,54,98,98,398,398,398,427,440,456,456,585,585,598,523,523,212,212,212,35,65,65,83,83,114,130,164,164,261,261,273,273,293,293,293,324,324,358,358,358,371,381,381,3,3,3],"floor_reached":51,"playtime":2638,"items_purged":["Zap","Strike_B","Strike_B"],"score":969,"play_id":"b3f6b476-e173-4cc3-b5d0-0ac4e2fc48bc","local_time":"20201214185619","is_ascension_mode":true,"campfire_choices":[{"data":"Reprogram","floor":6,"key":"SMITH"},{"floor":8,"key":"REST"},{"data":"Beam Cell","floor":11,"key":"SMITH"},{"data":"Hologram","floor":15,"key":"SMITH"},{"data":"Hyperbeam","floor":23,"key":"SMITH"},{"data":"Sweeping Beam","floor":28,"key":"SMITH"},{"data":"Reboot","floor":32,"key":"SMITH"},{"data":"Master of Strategy","floor":41,"key":"SMITH"},{"floor":44,"key":"DIG"},{"floor":47,"key":"DIG"},{"floor":49,"key":"DIG"}],"circlet_count":0,"master_deck":["Strike_B","Defend_B","Defend_B","Defend_B","Reprogram+1","Go for the Eyes+1","Sweeping Beam+1","Rebound","Beam Cell+1","Hologram+1","Hyperbeam+1","Gash+1","Melter","Rip and Tear","Auto Shields+1","Reboot+1","Violence","Master of Strategy+1","Flash of Steel","Steam+1","Sweeping Beam","Leap+1"],"relics":["Cracked Core","Bloody Idol","Nunchaku","Old Coin","Odd Mushroom","Coffee Dripper","Meat on the Bone","Regal Pillow","Bird Faced Urn","Mercury Hourglass","Pocketwatch","Philosopher\u0027s Stone","StrikeDummy","Shovel","Letter Opener","InkBottle","Toy Ornithopter","TheAbacus","Bronze Scales"],"acts_visited":["Exordium","TheCity","TheBeyond"],"potions_floor_usage":[12,29,29,29,29,50,50],"damage_taken":[{"damage":0,"enemies":"Small Slimes","floor":1,"turns":3},{"damage":4,"enemies":"Jaw Worm","floor":4,"turns":3},{"damage":29,"enemies":"Gremlin Nob","floor":7,"turns":4},{"damage":7,"enemies":"The Mushroom Lair","floor":12,"turns":3},{"damage":4,"enemies":"2 Louse","floor":13,"turns":2},{"damage":0,"enemies":"2 Fungi Beasts","floor":14,"turns":2},{"damage":3,"enemies":"The Guardian","floor":16,"turns":10},{"damage":0,"enemies":"Spheric Guardian","floor":18,"turns":3},{"damage":18,"enemies":"Gremlin Leader","floor":25,"turns":4},{"damage":0,"enemies":"Chosen","floor":27,"turns":3},{"damage":8,"enemies":"Book of Stabbing","floor":29,"turns":3},{"damage":3,"enemies":"Centurion and Healer","floor":30,"turns":3},{"damage":18,"enemies":"Slavers","floor":31,"turns":2},{"damage":11,"enemies":"Collector","floor":33,"turns":5},{"damage":6,"enemies":"3 Shapes","floor":35,"turns":3},{"damage":0,"enemies":"Orb Walker","floor":37,"turns":3},{"damage":5,"enemies":"Nemesis","floor":40,"turns":5},{"damage":5,"enemies":"Reptomancer","floor":42,"turns":4},{"damage":0,"enemies":"Jaw Worm Horde","floor":45,"turns":2},{"damage":0,"enemies":"Transient","floor":46,"turns":5},{"damage":20,"enemies":"Awakened One","floor":50,"turns":8}],"seed_played":"3176432266745912413","potions_obtained":[{"floor":4,"key":"Ancient Potion"},{"floor":7,"key":"DistilledChaos"},{"floor":13,"key":"SteroidPotion"},{"floor":18,"key":"EntropicBrew"},{"floor":29,"key":"Swift Potion"},{"floor":37,"key":"Strength Potion"}],"is_trial":false,"path_per_floor":["M","$","?","M","?","R","E","R","T","?","R","?","M","M","R","B",null,"M","?","?","$","?","R","$","E","T","M","R","E","M","E","R","B",null,"M","?","M","?","?","E","R","E","T","R","M","M","R","$","R","B",null],"character_chosen":"DEFECT","items_purchased":["Meat on the Bone","Melter","Rip and Tear","TheAbacus","CultistPotion"],"campfire_rested":1,"item_purchase_floors":[21,21,24,48,48],"current_hp_per_floor":[50,50,50,46,46,46,17,37,37,42,42,35,31,31,31,28,63,63,63,63,63,63,63,63,50,50,55,55,52,54,53,53,47,67,66,56,61,61,61,61,61,61,61,61,66,70,70,70,70,50],"gold":3,"neow_bonus":"TRANSFORM_TWO_CARDS","is_daily":false,"chose_seed":false,"campfire_upgraded":7,"win_rate":0.0,"timestamp":1607964979,"path_taken":["M","$","?","M","?","R","E","R","T","?","R","?","?","M","R","BOSS","M","?","?","$","?","R","$","E","T","M","R","E","M","E","R","BOSS","M","?","M","?","?","E","R","E","T","R","M","M","R","$","R","BOSS"],"items_purchased_type":["Relic","Card","Card","Relic","Potion"],"build_version":"2020-12-13","purchased_purges":3,"victory":true,"max_hp_per_floor":[75,75,69,69,69,69,69,69,69,74,74,74,74,74,74,74,74,74,74,74,74,74,74,74,74,74,74,74,74,74,74,74,74,74,74,74,74,74,70,70,70,70,70,70,70,70,70,70,70,70],"card_choices":[{"not_picked":["Barrage","Ball Lightning"],"picked":"Sweeping Beam","floor":1},{"not_picked":["White Noise","Ball Lightning"],"picked":"Rebound","floor":4},{"not_picked":["Rebound","Conserve Battery"],"picked":"Beam Cell","floor":7},{"not_picked":["Capacitor","Tempest","Loop"],"picked":"SKIP","floor":13},{"not_picked":["Leap","Sweeping Beam"],"picked":"Hologram","floor":14},{"not_picked":["Fission","Electrodynamics"],"picked":"Hyperbeam","floor":16},{"not_picked":["Recycle+1","Static Discharge"],"picked":"Gash+1","floor":18},{"not_picked":["Blizzard","Beam Cell+1","Core Surge"],"picked":"SKIP","floor":25},{"not_picked":["Rebound+1","Doom and Gloom","Redo+1"],"picked":"SKIP","floor":27},{"not_picked":["Capacitor","Barrage+1","Rip and Tear"],"picked":"SKIP","floor":29},{"not_picked":["Go for the Eyes","Hologram+1"],"picked":"Auto Shields+1","floor":30},{"not_picked":["Ball Lightning","Skim"],"picked":"Reboot","floor":31},{"not_picked":["Compile Driver","Consume+1","Rebound"],"picked":"SKIP","floor":35},{"not_picked":["Dramatic Entrance","Swift Strike"],"picked":"Violence","floor":36},{"not_picked":["Swift Strike","Secret Technique"],"picked":"Master of Strategy","floor":36},{"not_picked":["Purity","The Bomb"],"picked":"Flash of Steel","floor":36},{"not_picked":["Beam Cell","Stack"],"picked":"Steam+1","floor":37},{"not_picked":["Conserve Battery","Cold Snap","Go for the Eyes+1"],"picked":"SKIP","floor":40},{"not_picked":["Conserve Battery","Cold Snap","Go for the Eyes+1"],"picked":"SKIP","floor":40},{"not_picked":["Barrage+1","Beam Cell","Melter"],"picked":"SKIP","floor":42},{"not_picked":["Electrodynamics","Rebound"],"picked":"Sweeping Beam","floor":45},{"not_picked":["Redo","FTL"],"picked":"Leap+1","floor":46}],"player_experience":297141,"relics_obtained":[{"floor":7,"key":"Nunchaku"},{"floor":9,"key":"Old Coin"},{"floor":12,"key":"Odd Mushroom"},{"floor":25,"key":"Regal Pillow"},{"floor":26,"key":"Bird Faced Urn"},{"floor":29,"key":"Mercury Hourglass"},{"floor":31,"key":"Pocketwatch"},{"floor":40,"key":"StrikeDummy"},{"floor":42,"key":"Shovel"},{"floor":43,"key":"Letter Opener"},{"floor":44,"key":"InkBottle"},{"floor":47,"key":"Toy Ornithopter"},{"floor":49,"key":"Bronze Scales"}],"event_choices":[{"damage_healed":0,"gold_gain":0,"player_choice":"Lose Max HP","damage_taken":0,"relics_obtained":["Golden Idol"],"max_hp_gain":0,"max_hp_loss":6,"event_name":"Golden Idol","floor":3,"gold_loss":0},{"damage_healed":0,"gold_gain":0,"player_choice":"Grow","damage_taken":0,"max_hp_gain":0,"max_hp_loss":0,"event_name":"Living Wall","floor":5,"gold_loss":0,"cards_upgraded":["Go for the Eyes"]},{"damage_healed":0,"gold_gain":0,"player_choice":"Donut","damage_taken":0,"max_hp_gain":5,"max_hp_loss":0,"event_name":"Big Fish","floor":10,"gold_loss":0},{"damage_healed":0,"gold_gain":0,"player_choice":"Fought Mushrooms","damage_taken":0,"max_hp_gain":0,"max_hp_loss":0,"event_name":"Mushrooms","floor":12,"gold_loss":0},{"cards_removed":["Dualcast"],"damage_healed":0,"gold_gain":0,"player_choice":"Gave Gold","damage_taken":0,"max_hp_gain":0,"max_hp_loss":0,"event_name":"Beggar","floor":19,"gold_loss":75},{"damage_healed":0,"gold_gain":0,"player_choice":"Ignored","damage_taken":0,"max_hp_gain":0,"max_hp_loss":0,"event_name":"Ghosts","floor":20,"gold_loss":0},{"damage_healed":0,"gold_gain":0,"player_choice":"Gave Idol","damage_taken":0,"relics_obtained":["Bloody Idol"],"max_hp_gain":0,"max_hp_loss":0,"event_name":"Forgotten Altar","floor":22,"relics_lost":["Golden Idol"],"gold_loss":0},{"damage_healed":0,"gold_gain":0,"player_choice":"Memory 3","damage_taken":10,"max_hp_gain":0,"max_hp_loss":0,"event_name":"SensoryStone","floor":36,"gold_loss":0},{"damage_healed":0,"gold_gain":0,"player_choice":"Ignored","damage_taken":0,"max_hp_gain":0,"max_hp_loss":0,"event_name":"Tomb of Lord Red Mask","floor":38,"gold_loss":0},{"damage_healed":0,"gold_gain":0,"player_choice":"Max HP","damage_taken":0,"max_hp_gain":0,"max_hp_loss":4,"event_name":"Winding Halls","floor":39,"gold_loss":0}],"is_beta":false,"boss_relics":[{"not_picked":["Runic Dome","Sozu"],"picked":"Coffee Dripper"},{"not_picked":["Black Star","Velvet Choker"],"picked":"Philosopher\u0027s Stone"}],"items_purged_floors":[2,24,48],"is_endless":false,"potions_floor_spawned":[4,7,13,18,29,30,37,45,46],"ascension_level":6}}