{"host":"89frlrzg3lfsymiq","time":1607926119,"event":{"mods":["2.2 Compatiblity","AchievementEnabler","Aspiration","BaseMod","Better Altar","Better Match","Better Note","Better Sensory Stone","Better Skull","Better Third Choice","Conspire","Downfall","GifTheSpireLib","Halation","Highlight Path","Hubris","Minty Spire (QoL Compilation)","Permanent Neow","Quick Restart","StSLib","The Blue Laboratory","The Cursed","The Jungle","The Necromancer","The Runesmith"],"gold_per_floor":[113,113,113,127,127,166,185,219,243,243,26,26,69,89,89,210,210,233,233,158,158],"floor_reached":20,"playtime":760,"items_purged":[],"score":226,"play_id":"8b0a11ae-c7e5-4462-9b0b-2ae1c776dc10","local_time":"20201214010839","is_ascension_mode":true,"campfire_choices":[{"data":"Calculated Gamble","floor":10,"key":"SMITH"},{"data":"Neutralize","floor":12,"key":"SMITH"},{"floor":15,"key":"REST"}],"circlet_count":0,"master_deck":["Defend_G","Defend_G","Defend_G","Defend_G","Defend_G","Survivor","Neutralize+1","Calculated Gamble+1","conspire:DoublingDagger+1","Masterful Stab+1","Outmaneuver","Dagger Spray","Poisoned Stab","Footwork","Footwork","Poisoned Stab","Footwork","Night Terror","Caltrops","Slimebound:Tackle+1","Slimebound:Tackle+1","Slimebound:Tackle+1"],"relics":["Ring of the Snake","NeowsBlessing","Golden Idol","Runesmith:AutoHammer","Bag of Marbles","Ancient Tea Set","Bronze Scales","hubris:PeanutButter","SlaversCollar"],"acts_visited":["Exordium","TheCity"],"potions_floor_usage":[18,18],"damage_taken":[{"damage":0,"enemies":"Small Slimes","floor":1,"turns":1},{"damage":0,"enemies":"conspire:RoseBush","floor":4,"turns":1},{"damage":0,"enemies":"Lagavulin","floor":6,"turns":1},{"damage":0,"enemies":"Cultist","floor":7,"turns":3},{"damage":6,"enemies":"Gremlin Nob","floor":8,"turns":3},{"damage":19,"enemies":"3 Sentries","floor":13,"turns":7},{"damage":0,"enemies":"Blue Slaver","floor":14,"turns":1},{"damage":26,"enemies":"Slime Boss","floor":16,"turns":11},{"damage":59,"enemies":"conspire:FuzzyDice","floor":18,"turns":8},{"damage":9,"enemies":"2 Thieves","floor":20,"turns":3}],"seed_played":"1232447264425256159","potions_obtained":[{"floor":6,"key":"Block Potion"},{"floor":7,"key":"blueLaboratory:EnvenomedCoating"},{"floor":8,"key":"SteroidPotion"},{"floor":16,"key":"Slimebound:ThreeZeroPotion"}],"is_trial":false,"path_per_floor":["M","?","?","M","?","E","M","E","T","R","$","R","E","M","R","B",null,"M","?","M"],"character_chosen":"THE_SILENT","items_purchased":["Bronze Scales","Footwork"],"campfire_rested":1,"item_purchase_floors":[11,11],"current_hp_per_floor":[70,70,65,65,65,65,65,59,59,59,59,59,40,40,59,33,65,6,6,0,0],"gold":158,"neow_bonus":"THREE_ENEMY_KILL","is_daily":false,"chose_seed":false,"campfire_upgraded":2,"win_rate":0.0,"timestamp":1607926119,"path_taken":["M","?","?","M","?","E","?","E","T","R","$","R","E","M","R","BOSS","M","?","M"],"items_purchased_type":["Relic","Card"],"build_version":"2020-11-30","purchased_purges":0,"victory":false,"max_hp_per_floor":[70,70,65,65,65,65,65,65,65,65,65,65,65,65,65,65,65,65,65,65,65],"card_choices":[{"not_picked":["Prepared","Tactician"],"picked":"Calculated Gamble","floor":1},{"not_picked":["Tactician+1","Masterful Stab+1"],"picked":"conspire:DoublingDagger+1","floor":2},{"not_picked":["Endless Agony+1","Skewer+1"],"picked":"Masterful Stab+1","floor":2},{"not_picked":["Cloak And Dagger","Prepared"],"picked":"Outmaneuver","floor":4},{"not_picked":["Footwork","Blade Dance"],"picked":"Dagger Spray","floor":6},{"not_picked":["Envenom","Flying Knee"],"picked":"Poisoned Stab","floor":7},{"not_picked":["Dodge and Roll","Reflex"],"picked":"Footwork","floor":8},{"not_picked":["Dagger Throw","Reflex"],"picked":"Poisoned Stab","floor":13},{"not_picked":["Escape Plan","Deflect"],"picked":"Footwork","floor":14},{"not_picked":["Wraith Form v2","Burst"],"picked":"Night Terror","floor":16},{"not_picked":["Quick Slash","Sucker Punch"],"picked":"Caltrops","floor":18}],"player_experience":197544,"relics_obtained":[{"floor":6,"key":"Runesmith:AutoHammer"},{"floor":8,"key":"Bag of Marbles"},{"floor":9,"key":"Ancient Tea Set"},{"floor":13,"key":"hubris:PeanutButter"}],"event_choices":[{"damage_healed":0,"gold_gain":0,"player_choice":"2","damage_taken":0,"max_hp_gain":0,"max_hp_loss":0,"event_name":"betterMatch:BetterMatch","floor":2,"gold_loss":0,"cards_obtained":["betterMatch:UncommonCard","betterMatch:UncommonCard"]},{"damage_healed":0,"gold_gain":0,"player_choice":"Lose Max HP","damage_taken":0,"relics_obtained":["Golden Idol"],"max_hp_gain":0,"max_hp_loss":5,"event_name":"Golden Idol","floor":3,"gold_loss":0},{"cards_removed":["Strike_G"],"damage_healed":0,"gold_gain":0,"player_choice":"Card Removal","damage_taken":0,"max_hp_gain":0,"max_hp_loss":0,"event_name":"Wheel of Change","floor":5,"gold_loss":0}],"is_beta":false,"boss_relics":[{"not_picked":["aspiration:PoetsPen_weak","aspiration:RunicSpoon"],"picked":"SlaversCollar"}],"items_purged_floors":[],"is_endless":false,"potions_floor_spawned":[6,7,8,13,16],"killed_by":"2 Thieves","ascension_level":1}}