{"host":"e40jm352kjzixotw","time":1607977028,"event":{"mods":["BaseMod","Better Altar","Colored Map","Colored Powertips","DeckTracker","Dota2Spire","Downfall","Marisa????????","Minty Spire (QoL Compilation)","Onozuka Komachi Mod","Relic Stats","Remilia??????","StSLib","Td1madao Mod","The Animator","The Hierophant","The Mystic","The Servant 0.9.4","Yuyuko"],"gold_per_floor":[116,127,202,218,245,285,301,301,327,368,385,385,412,377,377,490,490,502,601,62,62,112,182,10,37,62,62,62,62,62],"floor_reached":29,"playtime":1367,"items_purged":["Strike_MRS"],"score":255,"play_id":"dea1eaee-a1d1-4847-bb8b-6a965e61650a","local_time":"20201214211708","is_ascension_mode":false,"campfire_choices":[{"floor":8,"key":"REST"},{"floor":12,"key":"REST"},{"data":"PulseMagic","floor":15,"key":"SMITH"}],"circlet_count":0,"master_deck":["Strike_MRS+1","Strike_MRS+1","Strike_MRS+1","Defend_MRS+1","Defend_MRS+1","Defend_MRS+1","Defend_MRS+1","MasterSpark","UpSweep","Dramatic Entrance","PulseMagic+1","OortCloud","WitchOfGreed","PowerUp","StarBarrage","GrandCross","DoubleSpark","MillisecondPulsars","PowerUp","WitchOfGreed+1","MilkyWay","WitchOfGreed+1"],"relics":["MiniHakkero","Pen Nib","Ancient Tea Set","Boot","ExperimentalFamiliar","Frozen Egg 2","HandDrill","Dota2Spire:ArmletOfMordiggian","Membership Card","Juzu Bracelet"],"acts_visited":["Exordium","TheCity"],"potions_floor_usage":[7,11,13,29,29],"damage_taken":[{"damage":1,"enemies":"Cultist","floor":1,"turns":3},{"damage":0,"enemies":"Small Slimes","floor":2,"turns":3},{"damage":1,"enemies":"Jaw Worm","floor":4,"turns":3},{"damage":19,"enemies":"Blue Slaver","floor":5,"turns":3},{"damage":31,"enemies":"Lagavulin","floor":6,"turns":9},{"damage":0,"enemies":"3 Louse","floor":7,"turns":1},{"damage":31,"enemies":"3 Sentries","floor":10,"turns":13},{"damage":0,"enemies":"Red Slaver","floor":11,"turns":1},{"damage":0,"enemies":"2 Fungi Beasts","floor":13,"turns":4},{"damage":31,"enemies":"Hexaghost","floor":16,"turns":8},{"damage":0,"enemies":"Spheric Guardian","floor":18,"turns":2},{"damage":20,"enemies":"2 Thieves","floor":22,"turns":4},{"damage":30,"enemies":"Gremlin Leader","floor":23,"turns":6},{"damage":10,"enemies":"Snecko","floor":25,"turns":3},{"damage":16,"enemies":"Book of Stabbing","floor":29,"turns":2}],"seed_played":"-4428059990592767691","potions_obtained":[{"floor":4,"key":"Explosive Potion"},{"floor":5,"key":"Dexterity Potion"},{"floor":5,"key":"LiquidMemories"},{"floor":10,"key":"CultistPotion"},{"floor":11,"key":"Weak Potion"},{"floor":13,"key":"Guardian:BlockOnCardUsePotion"},{"floor":13,"key":"Ancient Potion"},{"floor":22,"key":"LiquidBronze"}],"is_trial":false,"path_per_floor":["M","M","?","M","M","E","M","R","T","E","M","R","M","?","R","B",null,"M","?","$","?","M","E","$","M","T","?","?","E"],"character_chosen":"MARISA","items_purchased":["Frozen Egg 2","WitchOfGreed+1","HandDrill","Membership Card","WitchOfGreed+1"],"campfire_rested":2,"item_purchase_floors":[20,20,20,24,24],"current_hp_per_floor":[74,74,67,66,47,16,16,38,38,7,7,29,29,47,47,16,75,75,75,75,75,55,25,25,15,15,15,15,0,0],"gold":62,"neow_bonus":"RANDOM_COLORLESS","is_daily":false,"chose_seed":false,"campfire_upgraded":1,"win_rate":0.0,"timestamp":1607977028,"path_taken":["M","?","?","M","?","E","M","R","T","E","M","R","?","?","R","BOSS","M","?","$","?","M","E","$","M","T","?","?","E"],"items_purchased_type":["Relic","Card","Relic","Relic","Card"],"build_version":"2020-12-13","purchased_purges":1,"victory":false,"max_hp_per_floor":[75,75,75,75,75,75,75,75,75,75,75,75,75,75,75,75,75,75,75,75,75,75,75,75,75,75,75,75,75,75],"relic_stats":{"counters":[15,65],"Pen Nib":[10],"HandDrill":[6],"Juzu Bracelet":0,"Boot":[19],"obtain_stats":[{"ExperimentalFamiliar":17,"Mummified Hand":23,"Dota2Spire:ArmletOfMordiggian":23,"Pen Nib":6,"HandDrill":20,"Juzu Bracelet":26,"MiniHakkero":0,"Membership Card":24,"Frozen Egg 2":20,"Ancient Tea Set":9,"Boot":10},{"ExperimentalFamiliar":10,"Mummified Hand":13,"Dota2Spire:ArmletOfMordiggian":13,"Pen Nib":5,"HandDrill":11,"Juzu Bracelet":14,"MiniHakkero":0,"Membership Card":13,"Frozen Egg 2":11,"Ancient Tea Set":6,"Boot":7},{"ExperimentalFamiliar":48,"Mummified Hand":55,"Dota2Spire:ArmletOfMordiggian":60,"Pen Nib":21,"HandDrill":50,"Juzu Bracelet":63,"MiniHakkero":0,"Membership Card":60,"Frozen Egg 2":50,"Ancient Tea Set":22,"Boot":35}]},"card_choices":[{"not_picked":["expansioncontent:BronzeBeam","Blind"],"picked":"Dramatic Entrance","floor":0},{"not_picked":["MilkyWay","RefractionSpark"],"picked":"PulseMagic","floor":1},{"not_picked":["ShootingEcho","GalacticHalo"],"picked":"OortCloud","floor":2},{"not_picked":["PowerUp","DC"],"picked":"WitchOfGreed","floor":4},{"not_picked":["SporeBomb","6A","StarlightTyphoon"],"picked":"SKIP","floor":5},{"not_picked":["OneTimeOff","MaximisePower"],"picked":"PowerUp","floor":6},{"not_picked":["StarlightTyphoon","SprinkleStarSeal","WitchLeyline"],"picked":"SKIP","floor":7},{"not_picked":["DarkSpark","BlazeAway"],"picked":"StarBarrage","floor":10},{"not_picked":["EarthLightRay","PropBag"],"picked":"GrandCross","floor":11},{"not_picked":["GravityBeat","ShootingEcho"],"picked":"DoubleSpark","floor":13},{"not_picked":["UltimateShortwave","AbsoluteMagnitude"],"picked":"MillisecondPulsars","floor":16},{"not_picked":["WitchOfGreed","DC"],"picked":"PowerUp","floor":18},{"not_picked":["IllusionStar","ShootingEcho"],"picked":"MilkyWay","floor":22},{"not_picked":["WitchLeyline","ShootingEcho","DoubleSpark"],"picked":"SKIP","floor":23},{"not_picked":["UnstableBomb","IllusionStar","Occultation"],"picked":"SKIP","floor":25}],"player_experience":1217898,"relics_obtained":[{"floor":6,"key":"Pen Nib"},{"floor":9,"key":"Ancient Tea Set"},{"floor":10,"key":"Boot"},{"floor":23,"key":"Dota2Spire:ArmletOfMordiggian"},{"floor":26,"key":"Juzu Bracelet"}],"event_choices":[{"damage_healed":0,"gold_gain":75,"player_choice":"Touch","damage_taken":7,"max_hp_gain":0,"max_hp_loss":0,"event_name":"FaceTrader","floor":3,"gold_loss":0},{"damage_healed":18,"gold_gain":0,"player_choice":"Healed","damage_taken":0,"max_hp_gain":0,"max_hp_loss":0,"event_name":"The Cleric","floor":14,"gold_loss":35},{"damage_healed":0,"gold_gain":99,"player_choice":"Stole From Cult","damage_taken":0,"max_hp_gain":0,"max_hp_loss":0,"event_name":"Nest","floor":19,"gold_loss":0},{"damage_healed":0,"gold_gain":0,"player_choice":"Ignored","damage_taken":0,"max_hp_gain":0,"max_hp_loss":0,"event_name":"Vampires","floor":21,"gold_loss":0},{"damage_healed":0,"gold_gain":0,"player_choice":"Simplicity","damage_taken":0,"max_hp_gain":0,"max_hp_loss":0,"event_name":"Back to Basics","floor":27,"gold_loss":0,"cards_upgraded":["Strike_MRS","Strike_MRS","Strike_MRS","Defend_MRS","Defend_MRS","Defend_MRS","Defend_MRS"]},{"damage_healed":0,"gold_gain":0,"player_choice":"Ignored","damage_taken":0,"max_hp_gain":0,"max_hp_loss":0,"event_name":"Ghosts","floor":28,"gold_loss":0}],"is_beta":false,"boss_relics":[{"not_picked":["Coffee Dripper","Astrolabe"],"picked":"ExperimentalFamiliar"}],"items_purged_floors":[20],"is_endless":false,"potions_floor_spawned":[4,5,11,13,16,18],"killed_by":"Book of Stabbing","ascension_level":0}}