{"host":"1c52r9kaxdyo25eq","time":1607964194,"event":{"mods":["AchievementEnabler","BaseMod","Minty Spire (QoL Compilation)","Rare Cards Sparkle","SuperFastMode","everything is the same but u backflip on backflip"],"gold_per_floor":[118,268,32,32,56,99,99,112,112,136,36,36,36],"floor_reached":12,"playtime":186,"items_purged":["Doubt","Defend_G"],"score":206,"play_id":"42945476-985e-4498-b40d-41fa8960aa18","local_time":"20201215014314","is_ascension_mode":true,"campfire_choices":[{"data":"Prepared","floor":7,"key":"SMITH"}],"circlet_count":0,"master_deck":["AscendersBane","Strike_G","Strike_G","Strike_G","Strike_G","Strike_G","Defend_G","Defend_G","Defend_G","Defend_G","Survivor","Neutralize","Reflex","Prepared+1","Acrobatics"],"relics":["Ring of the Snake","NeowsBlessing","Medical Kit","Golden Idol","Ginger","Mango"],"acts_visited":["Exordium"],"potions_floor_usage":[12,12],"damage_taken":[{"damage":0,"enemies":"2 Louse","floor":1,"turns":1},{"damage":0,"enemies":"Jaw Worm","floor":5,"turns":1},{"damage":0,"enemies":"Gremlin Nob","floor":6,"turns":1},{"damage":0,"enemies":"Cultist","floor":8,"turns":3},{"damage":10,"enemies":"Blue Slaver","floor":10,"turns":6},{"damage":7,"enemies":"Lagavulin","floor":12,"turns":3}],"seed_played":"8692150752332117561","potions_obtained":[{"floor":1,"key":"Ancient Potion"},{"floor":8,"key":"LiquidBronze"}],"is_trial":false,"path_per_floor":["M","?","$","?","M","E","R","M","T","M","$","E"],"character_chosen":"THE_SILENT","items_purchased":["Medical Kit"],"campfire_rested":0,"item_purchase_floors":[3],"current_hp_per_floor":[59,59,59,36,36,36,36,36,50,40,40,33,33],"gold":36,"neow_bonus":"THREE_ENEMY_KILL","is_daily":false,"chose_seed":false,"campfire_upgraded":1,"win_rate":0.0,"timestamp":1607964194,"path_taken":["M","?","$","?","M","E","R","M","T","M","?","E"],"items_purchased_type":["Relic"],"build_version":"2020-12-13","purchased_purges":2,"victory":false,"max_hp_per_floor":[66,66,66,66,66,66,66,66,80,80,80,80,80],"card_choices":[{"not_picked":["Crippling Poison","Deadly Poison"],"picked":"Reflex","floor":1},{"not_picked":["PiercingWail","Leg Sweep","Deflect"],"picked":"SKIP","floor":5},{"not_picked":["Reflex","Deflect"],"picked":"Prepared","floor":6},{"not_picked":["Flying Knee","Distraction"],"picked":"Acrobatics","floor":8},{"not_picked":["Crippling Poison","Flying Knee","Finisher"],"picked":"SKIP","floor":10},{"not_picked":["Crippling Poison","Flying Knee","Finisher"],"picked":"SKIP","floor":10}],"player_experience":479030,"relics_obtained":[{"floor":6,"key":"Ginger"},{"floor":9,"key":"Mango"}],"event_choices":[{"damage_healed":0,"gold_gain":150,"player_choice":"AGREE","damage_taken":0,"max_hp_gain":0,"max_hp_loss":0,"event_name":"Liars Game","floor":2,"gold_loss":0,"cards_obtained":["Doubt"]},{"damage_healed":0,"gold_gain":0,"player_choice":"Take Damage","damage_taken":23,"relics_obtained":["Golden Idol"],"max_hp_gain":0,"max_hp_loss":0,"event_name":"Golden Idol","floor":4,"gold_loss":0}],"is_beta":false,"boss_relics":[],"items_purged_floors":[3,11],"is_endless":false,"potions_floor_spawned":[1,8],"killed_by":"Lagavulin","ascension_level":20}}