{"host":"y89x8uui45kcjy42","time":1607953069,"event":{"mods":["2.2 Compatiblity","BaseMod","Colored Map","Colored Powertips","Friendly Minions","Hermit","Highlight Path","Keyboard Shortcuts","Minty Spire (QoL Compilation)","StSLib","SuperFastMode","Waifu the Spire"],"gold_per_floor":[16,205,117,117,86,86,86,121,147,176,176,203,278,278,278,379,379,389,287,198,278,290,290,320,349,395,395,421,442,469,490,490,592,592,616,223,223,223,240,271,298,359,359,359,237,267,294,92,92,92],"floor_reached":51,"playtime":1663,"items_purged":["hermit:Strike_Hermit","hermit:Strike_Hermit","hermit:Defend_Hermit","hermit:Strike_Hermit+1","hermit:Defend_Hermit+1","hermit:Defend_Hermit+1"],"score":1198,"play_id":"139bd920-fe27-4da5-bc33-d1f8d228bc85","local_time":"20201214223749","is_ascension_mode":true,"campfire_choices":[{"data":"hermit:CursedWeapon","floor":6,"key":"SMITH"},{"data":"hermit:Snapshot","floor":7,"key":"SMITH"},{"data":"hermit:ShadowCloak","floor":15,"key":"SMITH"},{"data":"hermit:FlashPowder","floor":23,"key":"SMITH"},{"data":"hermit:ShadowCloak","floor":27,"key":"SMITH"},{"data":"hermit:FatalDesire","floor":32,"key":"SMITH"},{"data":"hermit:GoldenBullet","floor":44,"key":"SMITH"},{"data":"hermit:SprayPray","floor":49,"key":"SMITH"}],"circlet_count":0,"master_deck":["hermit:Snapshot+1","hermit:Covet+1","hermit:FatalDesire+1","hermit:CursedWeapon+1","hermit:ShadowCloak+1","hermit:BigShot+1","hermit:Brawl+1","hermit:Misfire","hermit:FlashPowder+1","hermit:ShadowCloak+1","hermit:BigShot","hermit:ShadowCloak+1","hermit:ShadowCloak+1","hermit:GoldenBullet+1","hermit:SprayPray+1","hermit:FlashPowder+1"],"relics":["hermit:Momento","Coffee Dripper","Sozu","Membership Card","Boot","War Paint","Bag of Preparation","Medical Kit","PreservedInsect","Gremlin Horn","Whetstone","Black Star","Pear","Vajra","Strawberry","Bronze Scales","Frozen Egg 2","Happy Flower","Nunchaku","CeramicFish","Art of War","Dream Catcher","Pen Nib","Runic Pyramid","Question Card","Oddly Smooth Stone","TheAbacus","Anchor","Meat on the Bone","Mummified Hand","StoneCalendar","WingedGreaves","Torii","StrikeDummy","hermit:Horseshoe","Lizard Tail","InkBottle","Mercury Hourglass","hermit:CharredGlove","Shuriken","Blood Vial"],"acts_visited":["Exordium","TheCity","TheBeyond"],"potions_floor_usage":[],"damage_taken":[{"damage":0,"enemies":"Small Slimes","floor":1,"turns":3},{"damage":4,"enemies":"3 Sentries","floor":8,"turns":6},{"damage":5,"enemies":"Gremlin Nob","floor":10,"turns":3},{"damage":3,"enemies":"3 Sentries","floor":12,"turns":5},{"damage":7,"enemies":"Hexaghost","floor":16,"turns":6},{"damage":2,"enemies":"3 Byrds","floor":18,"turns":3},{"damage":12,"enemies":"Spheric Guardian","floor":22,"turns":3},{"damage":35,"enemies":"Slavers","floor":24,"turns":4},{"damage":2,"enemies":"Gremlin Leader","floor":25,"turns":3},{"damage":15,"enemies":"Book of Stabbing","floor":28,"turns":3},{"damage":2,"enemies":"3 Cultists","floor":29,"turns":3},{"damage":3,"enemies":"Slavers","floor":30,"turns":3},{"damage":2,"enemies":"Snake Plant","floor":31,"turns":3},{"damage":2,"enemies":"Collector","floor":33,"turns":7},{"damage":2,"enemies":"Orb Walker","floor":35,"turns":1},{"damage":6,"enemies":"3 Shapes","floor":39,"turns":2},{"damage":20,"enemies":"Reptomancer","floor":40,"turns":5},{"damage":2,"enemies":"Giant Head","floor":41,"turns":4},{"damage":18,"enemies":"2 Orb Walkers","floor":42,"turns":3},{"damage":2,"enemies":"Reptomancer","floor":46,"turns":3},{"damage":2,"enemies":"Giant Head","floor":47,"turns":3},{"damage":3,"enemies":"Donu and Deca","floor":50,"turns":7}],"seed_played":"3807268330963421201","potions_obtained":[],"is_trial":false,"path_per_floor":["M","$","$","?","$","R","R","E","T","E","?","E","?","?","R","B",null,"M","$","?","$","M","R","E","E","T","R","E","M","E","M","R","B",null,"M","$","?","?","M","E","E","?","T","R","$","E","E","$","R","B",null],"character_chosen":"HERMIT","items_purchased":["Boot","hermit:ShadowCloak","War Paint","Bag of Preparation","Medical Kit","hermit:BigShot","hermit:Misfire","Vajra","hermit:FlashPowder","hermit:ShadowCloak","Question Card","Oddly Smooth Stone","TheAbacus","hermit:SprayPray","hermit:Horseshoe","Shuriken","Blood Vial"],"campfire_rested":0,"item_purchase_floors":[2,3,5,5,5,5,19,21,21,21,36,36,36,36,45,48,48],"current_hp_per_floor":[75,75,75,60,60,60,60,56,56,51,51,48,37,30,30,23,75,73,73,83,83,71,71,43,41,41,41,26,24,21,19,19,17,92,90,90,90,90,84,64,62,56,56,56,56,54,52,52,52,51],"gold":92,"neow_bonus":"THREE_RARE_CARDS","is_daily":false,"chose_seed":false,"campfire_upgraded":8,"win_rate":0.0,"timestamp":1607953069,"path_taken":["M","$","$","?","$","R","R","E","T","E","?","E","?","?","R","BOSS","M","$","?","$","M","R","E","E","T","R","E","?","E","M","R","BOSS","M","$","?","?","?","E","E","?","T","R","$","E","E","$","R","BOSS"],"items_purchased_type":["Relic","Card","Relic","Relic","Relic","Card","Card","Relic","Card","Card","Relic","Relic","Relic","Card","Relic","Relic","Relic"],"build_version":"2020-12-13","purchased_purges":6,"victory":true,"max_hp_per_floor":[75,75,75,75,75,75,75,75,75,75,75,75,75,75,75,75,75,75,75,85,85,85,85,92,92,92,92,92,92,92,92,92,92,92,92,92,92,92,92,92,92,92,92,92,92,92,92,92,92,92],"card_choices":[{"not_picked":["hermit:DeadOrAlive","hermit:Purgatory"],"picked":"hermit:FatalDesire","floor":0},{"not_picked":["hermit:TrackingShot","hermit:Misfire"],"picked":"hermit:CursedWeapon","floor":1},{"not_picked":["hermit:Glare","hermit:Desperado","hermit:HoleUp"],"picked":"SKIP","floor":8},{"not_picked":["hermit:WideOpen","hermit:Misfire","hermit:HeroicBravado"],"picked":"SKIP","floor":10},{"not_picked":["hermit:HighCaliber","hermit:Coalescence","hermit:Dive"],"picked":"SKIP","floor":12},{"not_picked":["hermit:Snipe","hermit:Midnight+1"],"picked":"hermit:Brawl+1","floor":18},{"not_picked":["hermit:Misfire","hermit:Shortfuse+1"],"picked":"hermit:BigShot","floor":22},{"not_picked":["hermit:Vantage","hermit:Headshot","hermit:Roulette"],"picked":"SKIP","floor":24},{"not_picked":["hermit:Gambit","hermit:Headshot","hermit:Misfire"],"picked":"SKIP","floor":25},{"not_picked":["hermit:BigShot+1","hermit:TakeCover","hermit:Vantage"],"picked":"SKIP","floor":28},{"not_picked":["hermit:Snipe","hermit:Virtue"],"picked":"hermit:ShadowCloak+1","floor":29},{"not_picked":["hermit:Headshot","hermit:Misfire","hermit:EyeOfTheStorm"],"picked":"SKIP","floor":30},{"not_picked":["hermit:Deadeye+1","hermit:CursedWeapon+1"],"picked":"hermit:ShadowCloak+1","floor":31},{"not_picked":["hermit:Shortfuse+1","hermit:ItchyTrigger"],"picked":"hermit:GoldenBullet","floor":35},{"not_picked":["hermit:Coalescence","hermit:FlashPowder","hermit:Feint","hermit:Shortfuse+1"],"picked":"SKIP","floor":39},{"not_picked":["hermit:ItchyTrigger","hermit:Coalescence+1","hermit:Scavenge+1","hermit:LoneWolf"],"picked":"SKIP","floor":40},{"not_picked":["hermit:PistolWhip+1","hermit:Misfire","hermit:GhostlyPresence+1","hermit:Headshot+1"],"picked":"SKIP","floor":41},{"not_picked":["hermit:Snipe+1","hermit:Cheat","hermit:BlackWind"],"picked":"hermit:FlashPowder+1","floor":42},{"not_picked":["hermit:Feint+1","hermit:Vantage","hermit:Desperado","hermit:Quickdraw"],"picked":"SKIP","floor":46},{"not_picked":["hermit:Vantage","hermit:BodyArmor+1","hermit:Headshot+1","hermit:Misfire+1"],"picked":"SKIP","floor":47}],"player_experience":500254,"relics_obtained":[{"floor":8,"key":"PreservedInsect"},{"floor":10,"key":"Gremlin Horn"},{"floor":12,"key":"Whetstone"},{"floor":24,"key":"Strawberry"},{"floor":24,"key":"Bronze Scales"},{"floor":25,"key":"Frozen Egg 2"},{"floor":25,"key":"Happy Flower"},{"floor":26,"key":"Nunchaku"},{"floor":28,"key":"CeramicFish"},{"floor":28,"key":"Art of War"},{"floor":30,"key":"Dream Catcher"},{"floor":30,"key":"Pen Nib"},{"floor":40,"key":"Anchor"},{"floor":40,"key":"Meat on the Bone"},{"floor":41,"key":"Mummified Hand"},{"floor":41,"key":"StoneCalendar"},{"floor":42,"key":"Torii"},{"floor":43,"key":"StrikeDummy"},{"floor":46,"key":"Lizard Tail"},{"floor":46,"key":"InkBottle"},{"floor":47,"key":"Mercury Hourglass"},{"floor":47,"key":"hermit:CharredGlove"}],"event_choices":[{"damage_healed":0,"gold_gain":0,"player_choice":"Entered Light","damage_taken":15,"max_hp_gain":0,"max_hp_loss":0,"event_name":"Shining Light","floor":4,"gold_loss":0,"cards_upgraded":["hermit:Defend_Hermit","hermit:Defend_Hermit"]},{"damage_healed":0,"gold_gain":0,"player_choice":"Grow","damage_taken":0,"max_hp_gain":0,"max_hp_loss":0,"event_name":"Living Wall","floor":11,"gold_loss":0,"cards_upgraded":["hermit:BigShot"]},{"damage_healed":0,"gold_gain":75,"player_choice":"Gather Gold","damage_taken":11,"max_hp_gain":0,"max_hp_loss":0,"event_name":"World of Goop","floor":13,"gold_loss":0},{"cards_removed":["hermit:Defend_Hermit"],"damage_healed":0,"gold_gain":0,"player_choice":"Card Removal","damage_taken":7,"max_hp_gain":0,"max_hp_loss":0,"event_name":"Golden Wing","floor":14,"gold_loss":0},{"damage_healed":0,"gold_gain":0,"player_choice":"Paid Gold","damage_taken":0,"relics_obtained":["Pear"],"max_hp_gain":0,"max_hp_loss":0,"event_name":"WeMeetAgain","floor":20,"gold_loss":89},{"cards_removed":["hermit:Strike_Hermit"],"damage_healed":0,"gold_gain":0,"player_choice":"Removed Attack","damage_taken":0,"max_hp_gain":0,"max_hp_loss":0,"event_name":"Falling","floor":37,"gold_loss":0},{"damage_healed":0,"gold_gain":0,"player_choice":"Ignored","damage_taken":0,"max_hp_gain":0,"max_hp_loss":0,"event_name":"SecretPortal","floor":38,"gold_loss":0},{"damage_healed":0,"gold_gain":0,"player_choice":"Fight","damage_taken":0,"max_hp_gain":0,"max_hp_loss":0,"event_name":"Mysterious Sphere","floor":42,"gold_loss":0}],"is_beta":false,"boss_relics":[{"not_picked":["SlaversCollar","Empty Cage"],"picked":"Black Star"},{"not_picked":["Cursed Key","SacredBark"],"picked":"Runic Pyramid"}],"items_purged_floors":[2,3,5,19,21,36],"is_endless":false,"potions_floor_spawned":[12,25,29,31,33,35,39,40,46],"ascension_level":1}}