{"host":"z7pybilw9je2up8j","time":1607964945,"event":{"mods":["Aspiration","BaseMod","Bestiary","Better Altar","Better Match","Better Note","Better Sensory Stone","Better Skull","Better Third Choice","Better Vampires","Colored Map","Colored Powertips","Conspire","Downfall","Hubris","Infinite Spire","Marked Mod","Minty Spire (QoL Compilation)","Relic Stats","Replay The Spire","StSLib","The Blue Laboratory","The Jungle","Waifu the Spire"],"gold_per_floor":[99,99,99,99,99,24,24,24,57,57,57,105,105,134,148,243,243,243,256,281,298,329,17,17,35,20,20,37,52,69,83,95,198,198,198,209,209,47,79,79,79,111,15,15,35,51,66,76,86,86,86],"floor_reached":50,"playtime":3956,"items_purged":["champ:Strike","champ:Strike"],"score":565,"play_id":"df3daef5-7838-49a6-a761-31249aae5d30","local_time":"20201214175545","is_ascension_mode":false,"campfire_choices":[{"floor":1,"key":"RECALL"},{"data":"champ:Execute","floor":6,"key":"SMITH"},{"data":"champ:Haymaker","floor":10,"key":"SMITH"},{"data":"champ:AdrenalArmor","floor":18,"key":"SMITH"},{"data":"champ:EndlessRage","floor":27,"key":"SMITH"},{"data":"champ:Improvising","floor":35,"key":"SMITH"},{"data":"Rupture","floor":40,"key":"SMITH"},{"data":"champ:BerserkerStyle","floor":44,"key":"SMITH"}],"circlet_count":0,"master_deck":["champ:Strike","champ:Defend","champ:Defend","champ:Defend","champ:Defend","champ:Execute+1","champ:Taunt","champ:BerserkersShout","Master of Strategy","champ:Haymaker+1","champ:StanceDance","champ:AdrenalArmor+1","champ:FocusedBerserking+1","Metallicize","champ:Improvising+1","champ:Lariat","champ:Lariat","champ:PerfectedStrike+1","champ:Shatter","Barricade","champ:AdrenalArmor+1","champ:EndlessRage+1","champ:HeartStrike","champ:EndlessRage","champ:BerserkerStyle+1","champ:CalledShot","champ:SteelEdge","champ:RapidStrikes+1","champ:Encircle+1","champ:FaceSlap","Rupture+1","champ:BringItOn+1","Rupture","champ:AdrenalArmor+1"],"relics":["champ:ChampionCrown","downfall:HeartsMalice","downfall:HeartBlessingRed","hubris:DisguiseKit","Pet Ghost","ReplayTheSpireMod:Shallot","Replay:Baseball","Odd Mushroom","Painkiller Herb","aspiration:Lifesprig","champ:GladiatorsBookOfMartialProwess","Durian","Replay:Bottled Eggs","Busted Crown","Replay:Towering Pillar of Hats","Akabeko","Golden Egg","Gambling Chip"],"acts_visited":["Exordium","TheCity","TheBeyond"],"potions_floor_usage":[38,39],"damage_taken":[{"damage":0,"enemies":"Small Slimes","floor":3,"turns":1},{"damage":0,"enemies":"Gremlin Nob","floor":9,"turns":1},{"damage":0,"enemies":"2 Louse","floor":11,"turns":1},{"damage":0,"enemies":"Cultist","floor":13,"turns":1},{"damage":27,"enemies":"The Mushroom Lair","floor":14,"turns":5},{"damage":13,"enemies":"Exordium Wildlife","floor":15,"turns":3},{"damage":91,"enemies":"downfall:Watcher","floor":16,"turns":14},{"damage":26,"enemies":"Spheric Guardian","floor":19,"turns":3},{"damage":61,"enemies":"Slavers","floor":20,"turns":5},{"damage":73,"enemies":"3 Byrds","floor":21,"turns":10},{"damage":131,"enemies":"conspire:SneckoGhost","floor":22,"turns":12},{"damage":47,"enemies":"downfall:FleeingMerchant","floor":23,"turns":4},{"damage":34,"enemies":"Centurion and Healer","floor":25,"turns":6},{"damage":29,"enemies":"downfall:FleeingMerchant","floor":26,"turns":4},{"damage":60,"enemies":"Shelled Parasite and Fungi","floor":28,"turns":4},{"damage":39,"enemies":"conspire:HollyBat","floor":29,"turns":6},{"damage":66,"enemies":"Snake Plant","floor":30,"turns":6},{"damage":33,"enemies":"Snecko","floor":31,"turns":5},{"damage":69,"enemies":"Shelled Parasite and Fungi","floor":32,"turns":6},{"damage":84,"enemies":"downfall:Defect","floor":33,"turns":7},{"damage":81,"enemies":"3 Darklings","floor":36,"turns":6},{"damage":55,"enemies":"downfall:FleeingMerchant","floor":38,"turns":4},{"damage":71,"enemies":"Reptomancer","floor":39,"turns":4},{"damage":99,"enemies":"Nemesis","floor":42,"turns":5},{"damage":3,"enemies":"downfall:FleeingMerchant","floor":43,"turns":1},{"damage":45,"enemies":"Orb Walker","floor":45,"turns":3},{"damage":95,"enemies":"Spire Growth","floor":46,"turns":6},{"damage":54,"enemies":"Jaw Worm Horde","floor":47,"turns":4},{"damage":43,"enemies":"Maw","floor":48,"turns":5},{"damage":48,"enemies":"4 Shapes","floor":49,"turns":7},{"damage":95,"enemies":"downfall:Ironclad","floor":50,"turns":5}],"seed_played":"1377918337742042069","potions_obtained":[{"floor":14,"key":"Swift Potion"},{"floor":15,"key":"Strength Potion"},{"floor":16,"key":"Elixir"},{"floor":21,"key":"Block Potion"},{"floor":30,"key":"champ:CounterPotion"},{"floor":42,"key":"blueLaboratory:AbyssPotion"},{"floor":47,"key":"blueLaboratory:FruitPreserves"}],"is_trial":false,"path_per_floor":["R","?","M","?","?","R","T","?","E","R","M","T","M","?","M","B",null,"T","?","E","?","E","T","T","?","T","T","?","?","?","?","?","B",null,"T","?","?","T","E","T","T","E","T","T","?","?","?","?","?","B"],"character_chosen":"THE_CHAMP","items_purchased":["Durian","champ:FaceSlap","Gambling Chip","champ:BringItOn"],"campfire_rested":0,"item_purchase_floors":[23,38,43,43],"current_hp_per_floor":[90,90,90,90,90,90,90,78,78,78,78,78,78,66,70,48,90,90,90,90,90,77,82,82,95,95,95,95,95,95,95,95,95,95,95,95,95,95,79,79,79,51,55,55,78,95,95,95,95,0,0],"gold":86,"neow_bonus":"THREE_ENEMY_KILL","is_daily":false,"chose_seed":false,"campfire_upgraded":7,"win_rate":0.0,"timestamp":1607964945,"path_taken":["R","?","M","?","?","R","T","?","E","R","?","?","M","?","M","BOSS","T","?","E","?","E","T","T","?","T","T","?","?","?","?","?","BOSS","T","?","?","?","E","T","T","E","T","T","?","?","?","?","?","BOSS"],"items_purchased_type":["Relic","Card","Relic","Card"],"build_version":"2020-12-13","purchased_purges":2,"victory":false,"max_hp_per_floor":[90,90,90,90,90,90,90,90,90,90,90,90,90,90,90,90,90,90,90,90,90,90,95,95,95,95,95,95,95,95,95,95,95,95,95,95,95,95,95,95,95,95,95,95,95,95,95,95,95,95,95],"relic_stats":{"Busted Crown":22,"counters":[31,150],"Gambling Chip":[5],"obtain_stats":[{"hubris:DisguiseKit":7,"Golden Egg":42,"aspiration:Lifesprig":20,"downfall:HeartBlessingRed":6,"Replay:Towering Pillar of Hats":39,"champ:ChampionCrown":0,"downfall:HeartsMalice":0,"Painkiller Herb":17,"Odd Mushroom":14,"Pet Ghost":8,"Akabeko":41,"champ:GladiatorsBookOfMartialProwess":22,"Replay:Baseball":12,"downfall:BrokenWingStatue":2,"Busted Crown":34,"ReplayTheSpireMod:Shallot":9,"Gambling Chip":43,"Durian":23,"Replay:Bottled Eggs":24},{"hubris:DisguiseKit":1,"Golden Egg":24,"aspiration:Lifesprig":9,"downfall:HeartBlessingRed":1,"Replay:Towering Pillar of Hats":23,"champ:ChampionCrown":0,"downfall:HeartsMalice":0,"Painkiller Herb":7,"Odd Mushroom":5,"Pet Ghost":1,"Akabeko":23,"champ:GladiatorsBookOfMartialProwess":11,"Replay:Baseball":3,"downfall:BrokenWingStatue":0,"Busted Crown":20,"ReplayTheSpireMod:Shallot":2,"Gambling Chip":25,"Durian":12,"Replay:Bottled Eggs":12},{"hubris:DisguiseKit":0,"Golden Egg":120,"aspiration:Lifesprig":31,"downfall:HeartBlessingRed":0,"Replay:Towering Pillar of Hats":115,"champ:ChampionCrown":0,"downfall:HeartsMalice":0,"Painkiller Herb":23,"Odd Mushroom":6,"Pet Ghost":0,"Akabeko":115,"champ:GladiatorsBookOfMartialProwess":53,"Replay:Baseball":0,"downfall:BrokenWingStatue":0,"Busted Crown":101,"ReplayTheSpireMod:Shallot":0,"Gambling Chip":121,"Durian":57,"Replay:Bottled Eggs":57}]},"card_choices":[{"not_picked":["champ:IronFortress","champ:FocusedGladiator"],"picked":"champ:BerserkersShout","floor":3},{"not_picked":["Replay:Sssssssssshield","Swift Strike"],"picked":"Master of Strategy","floor":5},{"not_picked":["champ:SkillfulDodge","champ:BringItOn","Fiend Fire"],"picked":"champ:Haymaker","floor":9},{"not_picked":["champ:ShieldWall","champ:Haymaker","Evolve"],"picked":"champ:StanceDance","floor":11},{"not_picked":["champ:StanceDance","champ:PreciseThrust","ReplayReversal"],"picked":"champ:AdrenalArmor","floor":13},{"not_picked":["champ:TornadoPunch","champ:BladeFlurry","hubris:ReadiedAction"],"picked":"champ:FocusedBerserking","floor":14},{"not_picked":["champ:GladiatorsShout","champ:FocusedDefense","champ:PerfectedStrike"],"picked":"Metallicize","floor":15},{"not_picked":["champ:SwordThrow","champ:StrikeOfGenius","Berserk"],"picked":"champ:Improvising","floor":16},{"not_picked":["champ:Backstep","champ:RecklessLeap","Spot Weakness"],"picked":"champ:Lariat","floor":19},{"not_picked":["champ:StanceDance","champ:DefensiveShout","hubris:CleavingFinish"],"picked":"champ:Lariat","floor":20},{"not_picked":["champ:EnragedBash+1","champ:Circumvent","Wild Strike"],"picked":"champ:PerfectedStrike+1","floor":21},{"not_picked":["champ:PerfectedStrike","champ:FocusedGladiator+1","Twin Strike"],"picked":"champ:Shatter","floor":22},{"not_picked":["champ:Shatter+1","champ:GladiatorStyle","champ:Backstep"],"picked":"Barricade","floor":23},{"not_picked":["champ:FlashCut","champ:PreciseThrust","Havoc"],"picked":"champ:AdrenalArmor+1","floor":25},{"not_picked":["champ:Haymaker+1","champ:GladiatorsShout","hubris:ReadiedAction"],"picked":"champ:EndlessRage","floor":26},{"not_picked":["champ:BerserkerStyle","champ:DefensiveShout","Bludgeon"],"picked":"champ:HeartStrike","floor":28},{"not_picked":["champ:DefensiveShout+1","champ:HoldFirm","Anger"],"picked":"champ:EndlessRage","floor":29},{"not_picked":["champ:FlashCut+1","champ:BerserkersShout","champ:GladiatorsShout+1","Replay:Undeath\u0027s Touch"],"picked":"SKIP","floor":30},{"not_picked":["champ:EnragedBash+1","champ:Riposte","Armaments"],"picked":"champ:BerserkerStyle","floor":31},{"not_picked":["champ:FlashCut","champ:AdrenalArmor+1","Evolve"],"picked":"champ:CalledShot","floor":32},{"not_picked":["champ:CheapShot","champ:VampiricStrike","conspire:HitWhereItHurts"],"picked":"champ:SteelEdge","floor":33},{"not_picked":["Battle Trance"],"picked":"champ:RapidStrikes+1","floor":36},{"not_picked":["Thunderclap"],"picked":"champ:Encircle+1","floor":38},{"not_picked":["champ:ViciousMockery+1"],"picked":"Rupture","floor":39},{"not_picked":["champ:FalseCounter+1","Thunderclap"],"picked":"SKIP","floor":42},{"not_picked":["champ:Circumvent+1","Twin Strike"],"picked":"SKIP","floor":43},{"not_picked":["champ:CrookedStrike+1","ReplayTheSpireMod:LeadingStrike"],"picked":"SKIP","floor":45},{"not_picked":["champ:ViciousMockery+1","Infernal Blade"],"picked":"SKIP","floor":46},{"not_picked":["champ:TornadoPunch","Blood for Blood"],"picked":"SKIP","floor":47},{"not_picked":["champ:FocusedGladiator"],"picked":"Rupture","floor":48},{"not_picked":["hubris:CleavingFinish"],"picked":"champ:AdrenalArmor+1","floor":49}],"player_experience":942901,"relics_obtained":[{"floor":7,"key":"hubris:DisguiseKit"},{"floor":9,"key":"ReplayTheSpireMod:Shallot"},{"floor":12,"key":"Replay:Baseball"},{"floor":14,"key":"Odd Mushroom"},{"floor":20,"key":"aspiration:Lifesprig"},{"floor":22,"key":"champ:GladiatorsBookOfMartialProwess"},{"floor":24,"key":"Replay:Bottled Eggs"},{"floor":39,"key":"Replay:Towering Pillar of Hats"},{"floor":41,"key":"Akabeko"},{"floor":42,"key":"Golden Egg"}],"event_choices":[{"damage_healed":0,"gold_gain":1,"player_choice":"1","damage_taken":0,"max_hp_gain":0,"max_hp_loss":0,"event_name":"betterStone:BetterStone","floor":5,"gold_loss":0},{"damage_healed":0,"gold_gain":0,"player_choice":"Relic ","damage_taken":12,"max_hp_gain":0,"max_hp_loss":0,"event_name":"betterThird:BetterScrap","floor":8,"gold_loss":0,"cards_obtained":["Choke"]},{"damage_healed":0,"gold_gain":0,"player_choice":"Fought Mushrooms","damage_taken":0,"max_hp_gain":0,"max_hp_loss":0,"event_name":"Mushrooms","floor":14,"gold_loss":0},{"cards_removed":["champ:Strike"],"damage_healed":0,"gold_gain":0,"player_choice":"Purged","damage_taken":0,"max_hp_gain":0,"max_hp_loss":0,"event_name":"Purifier","floor":37,"gold_loss":0}],"is_beta":false,"boss_relics":[{"not_picked":["Replay:Ancient Bell","SacredBark"],"picked":"Painkiller Herb"},{"not_picked":["hubris:Stopwatch","hubris:VirtuousBlindfold"],"picked":"Busted Crown"}],"items_purged_floors":[38,43],"is_endless":false,"potions_floor_spawned":[14,15,16,20,21,25,29,30,32,33,36,42,47,49],"killed_by":"downfall:Ironclad","ascension_level":0}}