{"host":"plbsiuh3vwan8ocg","time":1607906100,"event":{"mods":["AchievementEnabler","BaseMod","Minty Spire (QoL Compilation)","Permanent Neow","Quick Restart","StSLib"],"gold_per_floor":[209,209,225,241,260,260,293,293,293,67,67,98,98,125,125,200,200,211,211,228,240,240,240],"floor_reached":22,"playtime":1326,"items_purged":[],"score":357,"play_id":"202df8ec-2bcd-4e45-b6cb-f3c3d200f95f","local_time":"20201213193500","is_ascension_mode":true,"campfire_choices":[{"data":"Zap","floor":6,"key":"SMITH"},{"floor":8,"key":"REST"},{"data":"1","floor":11,"key":"LIFT"},{"floor":15,"key":"REST"}],"circlet_count":0,"master_deck":["AscendersBane","Strike_B","Strike_B","Strike_B","Strike_B","Defend_B","Defend_B","Defend_B","Defend_B","Zap+1","Dualcast","Sweeping Beam","Hologram","Leap","Cold Snap","Thunder Strike","Storm","Streamline","Conserve Battery","Creative AI","Electrodynamics","Cold Snap+1","Conserve Battery","Defragment"],"relics":["Cracked Core","Lizard Tail","Girya","Runic Capacitor","Shovel","TungstenRod","Nuclear Battery"],"acts_visited":["Exordium","TheCity"],"potions_floor_usage":[12,14],"damage_taken":[{"damage":11,"enemies":"Small Slimes","floor":1,"turns":4},{"damage":3,"enemies":"2 Louse","floor":3,"turns":2},{"damage":1,"enemies":"Cultist","floor":4,"turns":3},{"damage":3,"enemies":"Blue Slaver","floor":5,"turns":4},{"damage":22,"enemies":"Gremlin Nob","floor":7,"turns":5},{"damage":13,"enemies":"3 Sentries","floor":12,"turns":7},{"damage":18,"enemies":"Lagavulin","floor":14,"turns":7},{"damage":32,"enemies":"The Guardian","floor":16,"turns":12},{"damage":9,"enemies":"2 Thieves","floor":18,"turns":3},{"damage":20,"enemies":"Shell Parasite","floor":20,"turns":5},{"damage":40,"enemies":"3 Cultists","floor":21,"turns":6},{"damage":9,"enemies":"Centurion and Healer","floor":22,"turns":1}],"seed_played":"-4771377722429437620","potions_obtained":[{"floor":3,"key":"Swift Potion"},{"floor":5,"key":"Energy Potion"},{"floor":14,"key":"Ancient Potion"},{"floor":16,"key":"FocusPotion"},{"floor":18,"key":"CultistPotion"}],"is_trial":false,"path_per_floor":["M","$","M","M","M","R","E","R","T","$","R","E","?","E","R","B",null,"M","?","M","M","M"],"character_chosen":"DEFECT","items_purchased":["Runic Capacitor","Storm","Streamline"],"campfire_rested":2,"item_purchase_floors":[10,10,10],"current_hp_per_floor":[53,53,50,49,46,46,24,45,45,45,45,32,32,14,35,3,54,45,26,6,4,0,0],"gold":240,"neow_bonus":"HUNDRED_GOLD","is_daily":false,"chose_seed":false,"campfire_upgraded":1,"win_rate":0.0,"timestamp":1607906100,"path_taken":["M","$","M","M","M","R","E","R","T","$","R","E","?","E","R","BOSS","M","?","M","M","M"],"items_purchased_type":["Relic","Card","Card"],"build_version":"2020-12-13","purchased_purges":0,"victory":false,"max_hp_per_floor":[71,71,71,71,71,71,71,71,71,71,71,71,71,71,71,71,71,71,76,76,76,76,76],"card_choices":[{"not_picked":["Compile Driver","Steam Power"],"picked":"Sweeping Beam","floor":1},{"not_picked":["Barrage","Melter"],"picked":"Hologram","floor":3},{"not_picked":["Hologram","Compile Driver"],"picked":"Leap","floor":4},{"not_picked":["Redo","Go for the Eyes"],"picked":"Cold Snap","floor":5},{"not_picked":["Gash","Leap"],"picked":"Thunder Strike","floor":7},{"not_picked":["Beam Cell","Hologram"],"picked":"Conserve Battery","floor":12},{"not_picked":["Heatsinks","Turbo"],"picked":"Creative AI","floor":14},{"not_picked":["Multi-Cast","Core Surge"],"picked":"Electrodynamics","floor":16},{"not_picked":["Coolheaded","Stack+1"],"picked":"Cold Snap+1","floor":18},{"not_picked":["Sweeping Beam","Stack"],"picked":"Conserve Battery","floor":20},{"not_picked":["Streamline","Go for the Eyes"],"picked":"Defragment","floor":21}],"player_experience":395558,"relics_obtained":[{"floor":7,"key":"Lizard Tail"},{"floor":9,"key":"Girya"},{"floor":12,"key":"Shovel"},{"floor":14,"key":"TungstenRod"}],"event_choices":[{"damage_healed":0,"gold_gain":0,"player_choice":"Ignored","damage_taken":0,"max_hp_gain":0,"max_hp_loss":0,"event_name":"Liars Game","floor":13,"gold_loss":0},{"damage_healed":0,"gold_gain":0,"player_choice":"Shed Blood","damage_taken":25,"max_hp_gain":5,"max_hp_loss":0,"event_name":"Forgotten Altar","floor":19,"gold_loss":0}],"is_beta":false,"boss_relics":[{"not_picked":["Empty Cage","Fusion Hammer"],"picked":"Nuclear Battery"}],"items_purged_floors":[],"is_endless":false,"potions_floor_spawned":[3,5,14,16,18,21],"killed_by":"Centurion and Healer","ascension_level":15}}