{"host":"ul103bh19qas5vs8","time":1607909109,"event":{"mods":["BaseMod","Downfall","Googly Eyes","Minty Spire (QoL Compilation)","Replay The Spire","Shop Mod","StSLib"],"gold_per_floor":[99,99,128,44,57,91,117,142,155,155,180,190,74,85,103,198,198,123,151,151,151,12,44,68,68,68],"floor_reached":25,"playtime":1267,"items_purged":["Slimebound:Strike_Slimebound","Slimebound:Strike_Slimebound","Slimebound:Tackle"],"score":319,"play_id":"a6b45467-7d12-46c5-913f-63ef96c7bbb5","local_time":"20201214092509","is_ascension_mode":true,"campfire_choices":[{"data":"Slimebound:Split","floor":1,"key":"SMITH"},{"data":"Slimebound:RainOfGoop","floor":10,"key":"SMITH"},{"data":"Slimebound:Schlurp","floor":18,"key":"SMITH"},{"data":"Slimebound:TongueLash","floor":21,"key":"SMITH"}],"circlet_count":0,"master_deck":["Slimebound:Strike_Slimebound","Slimebound:Defend_Slimebound","Slimebound:Defend_Slimebound","Slimebound:Defend_Slimebound","Slimebound:Defend_Slimebound","Slimebound:Split+1","Slimebound:CorrosiveSpit","Slimebound:SplitMire","Slimebound:GrowthPunch","Slimebound:ItLooksTasty","Slimebound:SplitMire","Slimebound:Schlurp+1","Slimebound:SamplingLick","Slimebound:RainOfGoop+1","Slimebound:TongueLash+1","Slimebound:MassFeed","Slimebound:AcidTongue","Slimebound:AcidTongue","Slimebound:MinionMaster","Slimebound:SpikyOuterGoop","Slimebound:RainOfGoop+1","Slimebound:Prepare","Pot Of Greed","Pot Of Greed"],"relics":["Slimebound:AbsorbEndCombat","downfall:HeartsMalice","Smiling Mask","Bag of Preparation","Anchor","Nunchaku","Runic Dome","downfall:HeartBlessingBlue","Dream Catcher","Akabeko","Grinning Jar"],"acts_visited":["Exordium","TheCity"],"potions_floor_usage":[6],"damage_taken":[{"damage":0,"enemies":"Cultist","floor":2,"turns":1},{"damage":0,"enemies":"Gremlin Nob","floor":3,"turns":1},{"damage":0,"enemies":"downfall:FleeingMerchant","floor":4,"turns":1},{"damage":15,"enemies":"Small Slimes","floor":5,"turns":3},{"damage":38,"enemies":"3 Sentries","floor":6,"turns":5},{"damage":49,"enemies":"Gremlin Nob","floor":8,"turns":4},{"damage":8,"enemies":"Jaw Worm","floor":9,"turns":3},{"damage":13,"enemies":"Exordium Thugs","floor":12,"turns":3},{"damage":15,"enemies":"downfall:FleeingMerchant","floor":13,"turns":4},{"damage":26,"enemies":"Lots of Slimes","floor":14,"turns":4},{"damage":18,"enemies":"Large Slime","floor":15,"turns":6},{"damage":53,"enemies":"downfall:Watcher","floor":16,"turns":6},{"damage":51,"enemies":"Replay:Snechameleon","floor":19,"turns":6},{"damage":27,"enemies":"downfall:FleeingMerchant","floor":22,"turns":4},{"damage":49,"enemies":"Gremlin Leader","floor":23,"turns":6}],"seed_played":"1233904963930060212","potions_obtained":[{"floor":5,"key":"EntropicBrew"},{"floor":20,"key":"DuplicationPotion"},{"floor":20,"key":"Flashbang"}],"is_trial":false,"path_per_floor":["R","M","E","$","M","E","T","E","M","R","T","M","$","M","M","B",null,"R","E","?","R","$","E","T","R"],"character_chosen":"SLIMEBOUND","items_purchased":["Slimebound:ItLooksTasty","Slimebound:AcidTongue","Slimebound:Prepare"],"campfire_rested":0,"item_purchase_floors":[4,13,22],"current_hp_per_floor":[60,60,60,60,60,50,50,33,41,41,41,52,60,51,48,30,66,76,48,48,48,49,44,44,44,44],"gold":68,"neow_bonus":"THREE_ENEMY_KILL","is_daily":false,"chose_seed":false,"campfire_upgraded":4,"win_rate":0.0,"timestamp":1607909109,"path_taken":["R","M","E","$","M","E","T","E","M","R","?","M","$","M","M","BOSS","R","E","?","R","?","E","T","R"],"items_purchased_type":["Card","Card","Card"],"build_version":"2020-12-13","purchased_purges":3,"victory":false,"max_hp_per_floor":[60,60,60,60,60,60,60,60,60,60,60,60,60,60,63,66,66,76,79,79,79,79,79,79,79,79],"card_choices":[{"not_picked":["Slimebound:PressTheAttack","Slimebound:SpikyOuterGoop"],"picked":"Slimebound:SplitMire","floor":2},{"not_picked":["Slimebound:FirmFortitude","Slimebound:LeechEnergy","Slimebound:ServeAndProtect"],"picked":"SKIP","floor":3},{"not_picked":["Slimebound:Repurpose","Slimebound:ViciousTackle"],"picked":"Slimebound:GrowthPunch","floor":4},{"not_picked":["Slimebound:TongueLash","Slimebound:ComboTackle"],"picked":"Slimebound:SplitMire","floor":5},{"not_picked":["Slimebound:Nibble","Slimebound:LeechLife"],"picked":"Slimebound:Schlurp","floor":6},{"not_picked":["Slimebound:FormOfPuddle","Slimebound:DivideAndConquer"],"picked":"Slimebound:SamplingLick","floor":8},{"not_picked":["Slimebound:FirmFortitude","Slimebound:ComboTackle"],"picked":"Slimebound:RainOfGoop","floor":9},{"not_picked":["Slimebound:Schlurp","Slimebound:LeechingTouch"],"picked":"Slimebound:TongueLash","floor":12},{"not_picked":["Slimebound:LivingWall","Slimebound:GrowthPunch"],"picked":"Slimebound:MassFeed","floor":13},{"not_picked":["Slimebound:ProtectTheBoss","Slimebound:LeechingTouch","Slimebound:Replication"],"picked":"SKIP","floor":14},{"not_picked":["Slimebound:ComboTackle","Slimebound:SplitBruiser","Slimebound:SplitMire"],"picked":"SKIP","floor":15},{"not_picked":["Slimebound:PrepareCrush","Slimebound:Darklings"],"picked":"Slimebound:MinionMaster","floor":16},{"not_picked":["Slimebound:BestDefense+1","Slimebound:SplitBruiser+1"],"picked":"Slimebound:SpikyOuterGoop","floor":19},{"not_picked":["Slimebound:PressTheAttack","Slimebound:AcidTongue"],"picked":"Slimebound:RainOfGoop+1","floor":22},{"not_picked":["Slimebound:ForwardTackle","Slimebound:SelfFormingGoo","Slimebound:SlimeBarrage"],"picked":"SKIP","floor":23}],"player_experience":98713,"relics_obtained":[{"floor":3,"key":"Smiling Mask"},{"floor":6,"key":"Bag of Preparation"},{"floor":8,"key":"Anchor"},{"floor":11,"key":"Nunchaku"},{"floor":19,"key":"Dream Catcher"},{"floor":23,"key":"Akabeko"},{"floor":24,"key":"Grinning Jar"}],"event_choices":[{"damage_healed":0,"gold_gain":0,"player_choice":"Got Potions","damage_taken":0,"max_hp_gain":0,"max_hp_loss":0,"event_name":"Lab","floor":20,"gold_loss":0}],"is_beta":false,"boss_relics":[{"not_picked":["Replay:Ancient Bell","Replay:Wanted Poster"],"picked":"Runic Dome"}],"items_purged_floors":[4,13,22],"is_endless":false,"potions_floor_spawned":[5,6,8,9,16,23],"ascension_level":1}}