{"host":"plbsiuh3vwan8ocg","time":1607921895,"event":{"mods":["AchievementEnabler","BaseMod","Minty Spire (QoL Compilation)","Permanent Neow","Quick Restart","StSLib"],"gold_per_floor":[112,129,129,129,143,143,143,143],"floor_reached":7,"playtime":361,"items_purged":[],"score":72,"play_id":"d990030f-8722-4e82-8027-56a9ef6f010e","local_time":"20201213235815","is_ascension_mode":true,"campfire_choices":[{"data":"Magnetism","floor":6,"key":"SMITH"}],"circlet_count":0,"master_deck":["AscendersBane","Strike_B","Strike_B","Strike_B","Strike_B","Defend_B","Defend_B","Defend_B","Zap","Dualcast","Magnetism+1","Conserve Battery","Consume","Zap","Machine Learning","Hologram"],"relics":["Cracked Core"],"acts_visited":["Exordium"],"potions_floor_usage":[],"damage_taken":[{"damage":11,"enemies":"Cultist","floor":1,"turns":4},{"damage":2,"enemies":"2 Louse","floor":2,"turns":3},{"damage":7,"enemies":"Small Slimes","floor":5,"turns":3},{"damage":46,"enemies":"3 Sentries","floor":7,"turns":5}],"seed_played":"-6133811131052948827","potions_obtained":[{"floor":5,"key":"DuplicationPotion"}],"is_trial":false,"path_per_floor":["M","M","?","?","M","R","E"],"character_chosen":"DEFECT","items_purchased":[],"campfire_rested":0,"item_purchase_floors":[],"current_hp_per_floor":[53,51,44,44,37,37,0,0],"gold":143,"neow_bonus":"RANDOM_COLORLESS_2","is_daily":false,"chose_seed":false,"campfire_upgraded":1,"win_rate":0.0,"timestamp":1607921895,"path_taken":["M","?","?","?","M","R","E"],"items_purchased_type":[],"build_version":"2020-12-13","purchased_purges":0,"victory":false,"max_hp_per_floor":[64,64,64,64,64,64,64,64],"card_choices":[{"not_picked":["Violence","Mayhem"],"picked":"Magnetism","floor":0},{"not_picked":["Stack","Blizzard"],"picked":"Conserve Battery","floor":1},{"not_picked":["Beam Cell","Sweeping Beam"],"picked":"Consume","floor":2},{"not_picked":["Force Field","Redo"],"picked":"Hologram","floor":5}],"player_experience":400371,"relics_obtained":[],"event_choices":[{"cards_removed":["Defend_B"],"damage_healed":0,"gold_gain":0,"player_choice":"Card Removal","damage_taken":7,"max_hp_gain":0,"max_hp_loss":0,"event_name":"Golden Wing","floor":3,"gold_loss":0},{"damage_healed":0,"gold_gain":0,"player_choice":"2 cards matched","damage_taken":0,"max_hp_gain":0,"max_hp_loss":0,"event_name":"Match and Keep!","floor":4,"gold_loss":0,"cards_obtained":["Zap","Machine Learning"]}],"is_beta":false,"boss_relics":[],"items_purged_floors":[],"is_endless":false,"potions_floor_spawned":[5],"killed_by":"3 Sentries","ascension_level":15}}