{"host":"qw1m3zcvi888b4j7","time":1607968796,"event":{"mods":["AchievementEnabler","BaseMod","Block Reminder","Colored Map","Colored Powertips","DeckTracker","Highlight Path","Minty Spire (QoL Compilation)","Quick Restart","Rare Cards Sparkle","Relic Sorter","Relic Stats"],"gold_per_floor":[110,110,110,110,133,133,133,164,164,204,204,240,265,290,290,414,414,429,447,447,465,483,483,526,526,596,109,109,123,123,123,123,248,248,272,272,290,36,36,71,71,3,3,23,58,58,91,112,112,112],"floor_reached":51,"playtime":3701,"items_purged":[],"score":858,"play_id":"880d6931-e3a0-4b9b-8097-41ff43610ca3","local_time":"20201214185956","is_ascension_mode":true,"campfire_choices":[{"floor":6,"key":"RECALL"},{"data":"Sucker Punch","floor":11,"key":"SMITH"},{"floor":15,"key":"REST"},{"floor":23,"key":"REST"},{"data":"J.A.X.","floor":25,"key":"SMITH"},{"data":"The Bomb","floor":28,"key":"SMITH"},{"data":"Finisher","floor":32,"key":"SMITH"},{"data":"Bullet Time","floor":41,"key":"SMITH"},{"data":"Phantasmal Killer","floor":46,"key":"SMITH"},{"data":"Madness","floor":49,"key":"SMITH"}],"circlet_count":0,"master_deck":["Defend_G","Defend_G","Defend_G","Defend_G","Defend_G","Survivor+1","Neutralize","Sucker Punch+1","Backstab","Flechettes","Finisher+1","Corpse Explosion","Backstab","Accuracy","Bullet Time+1","PiercingWail+1","Endless Agony+1","J.A.X.+1","Skewer+1","Slice","Flying Knee+1","The Bomb+1","Dagger Spray+1","Bite","Bite","Bite","Bite","Bite","Phantasmal Killer+1","Infinite Blades+1","Deflect","Flying Knee","Blade Dance","Madness","Madness+1","Accuracy+1","Blade Dance","Cloak And Dagger","Slice+1","Blade Dance+1","Expertise","Blade Dance+1"],"relics":["Ring of the Snake","NeowsBlessing","Golden Idol","Eternal Feather","Letter Opener","Turnip","StoneCalendar","InkBottle","HoveringKite","Smiling Mask","White Beast Statue","MealTicket","Anchor","Nilry\u0027s Codex","Runic Pyramid","HandDrill","Snake Skull","Paper Crane","Dream Catcher","Lantern"],"acts_visited":["Exordium","TheCity","TheBeyond"],"potions_floor_usage":[10,16,16,24,24,24,33,33,35,40,40,44,45,47,48,50],"damage_taken":[{"damage":0,"enemies":"Jaw Worm","floor":1,"turns":1},{"damage":0,"enemies":"2 Louse","floor":5,"turns":1},{"damage":0,"enemies":"Gremlin Nob","floor":8,"turns":1},{"damage":8,"enemies":"3 Sentries","floor":10,"turns":7},{"damage":15,"enemies":"Gremlin Nob","floor":12,"turns":4},{"damage":0,"enemies":"Small Slimes","floor":13,"turns":2},{"damage":0,"enemies":"Looter","floor":14,"turns":1},{"damage":25,"enemies":"Hexaghost","floor":16,"turns":10},{"damage":15,"enemies":"Spheric Guardian","floor":18,"turns":4},{"damage":7,"enemies":"Chosen","floor":19,"turns":5},{"damage":13,"enemies":"Snake Plant","floor":21,"turns":5},{"damage":13,"enemies":"Centurion and Healer","floor":22,"turns":5},{"damage":13,"enemies":"Book of Stabbing","floor":24,"turns":4},{"damage":3,"enemies":"Cultist and Chosen","floor":29,"turns":4},{"damage":55,"enemies":"Champ","floor":33,"turns":8},{"damage":12,"enemies":"3 Shapes","floor":35,"turns":2},{"damage":23,"enemies":"3 Darklings","floor":37,"turns":4},{"damage":24,"enemies":"Reptomancer","floor":40,"turns":4},{"damage":7,"enemies":"Writhing Mass","floor":44,"turns":4},{"damage":20,"enemies":"Nemesis","floor":45,"turns":3},{"damage":18,"enemies":"Giant Head","floor":47,"turns":5},{"damage":18,"enemies":"Transient","floor":48,"turns":5},{"damage":54,"enemies":"Awakened One","floor":50,"turns":7}],"seed_played":"-7039744196375346799","potions_obtained":[{"floor":5,"key":"CultistPotion"},{"floor":12,"key":"SkillPotion"},{"floor":14,"key":"SteroidPotion"},{"floor":16,"key":"AttackPotion"},{"floor":18,"key":"SneckoOil"},{"floor":22,"key":"SkillPotion"},{"floor":24,"key":"LiquidMemories"},{"floor":29,"key":"ColorlessPotion"},{"floor":33,"key":"Poison Potion"},{"floor":35,"key":"Fruit Juice"},{"floor":37,"key":"ColorlessPotion"},{"floor":40,"key":"GhostInAJar"},{"floor":44,"key":"SneckoOil"},{"floor":45,"key":"SkillPotion"},{"floor":47,"key":"Dexterity Potion"},{"floor":48,"key":"CunningPotion"}],"is_trial":false,"path_per_floor":["M","?","?","?","M","R","T","E","T","E","R","E","M","M","R","B",null,"M","M","?","M","M","R","E","R","T","$","R","M","?","?","R","B",null,"M","?","M","$","?","E","R","$","T","M","E","R","E","M","R","B",null],"character_chosen":"THE_SILENT","items_purchased":["MealTicket","Anchor","The Bomb","HandDrill","Flying Knee","Blade Dance","Blade Dance","Cloak And Dagger"],"campfire_rested":2,"item_purchase_floors":[27,27,27,38,38,38,42,42],"current_hp_per_floor":[70,56,39,39,39,39,39,39,39,31,40,25,25,25,55,30,70,55,48,48,35,22,58,45,60,60,60,70,67,49,33,48,5,49,44,44,25,40,33,15,36,51,51,48,30,54,41,31,54,2],"gold":112,"neow_bonus":"THREE_ENEMY_KILL","is_daily":false,"chose_seed":false,"campfire_upgraded":7,"win_rate":0.0,"timestamp":1607968796,"path_taken":["M","?","?","?","M","R","?","E","T","E","R","E","M","M","R","BOSS","M","M","?","M","M","R","E","R","T","$","R","M","?","?","R","BOSS","M","?","M","$","?","E","R","$","T","M","E","R","E","M","R","BOSS"],"items_purchased_type":["Relic","Relic","Card","Relic","Card","Card","Card","Card"],"build_version":"2020-12-13","purchased_purges":0,"victory":true,"max_hp_per_floor":[70,70,70,70,70,70,70,70,70,70,70,70,70,70,70,70,70,70,70,70,70,70,70,70,70,70,70,70,70,49,49,49,49,49,54,54,54,54,54,54,54,54,54,54,54,54,54,54,54,54],"relic_stats":{"counters":[23,96],"Golden Idol":177,"HoveringKite":[10],"Eternal Feather":141,"StoneCalendar":[101],"Snake Skull":[2],"Letter Opener":[105],"Smiling Mask":0,"Dream Catcher":0,"MealTicket":30,"Turnip":[11],"HandDrill":[18],"obtain_stats":[{"Lantern":47,"NeowsBlessing":0,"Golden Idol":3,"Nilry\u0027s Codex":31,"HoveringKite":17,"Eternal Feather":7,"StoneCalendar":10,"Snake Skull":40,"Letter Opener":8,"Paper Crane":43,"Smiling Mask":24,"White Beast Statue":26,"Anchor":27,"Dream Catcher":45,"MealTicket":27,"Turnip":9,"HandDrill":38,"InkBottle":12,"Ring of the Snake":0,"Runic Pyramid":34},{"Lantern":21,"NeowsBlessing":0,"Golden Idol":1,"Nilry\u0027s Codex":14,"HoveringKite":8,"Eternal Feather":2,"StoneCalendar":4,"Snake Skull":18,"Letter Opener":3,"Paper Crane":18,"Smiling Mask":13,"White Beast Statue":13,"Anchor":13,"Dream Catcher":20,"MealTicket":13,"Turnip":3,"HandDrill":17,"InkBottle":5,"Ring of the Snake":0,"Runic Pyramid":15},{"Lantern":84,"NeowsBlessing":0,"Golden Idol":1,"Nilry\u0027s Codex":54,"HoveringKite":27,"Eternal Feather":2,"StoneCalendar":10,"Snake Skull":72,"Letter Opener":3,"Paper Crane":72,"Smiling Mask":50,"White Beast Statue":50,"Anchor":50,"Dream Catcher":79,"MealTicket":50,"Turnip":3,"HandDrill":68,"InkBottle":14,"Ring of the Snake":0,"Runic Pyramid":62}],"InkBottle":[36],"Ring of the Snake":[47]},"card_choices":[{"not_picked":["Quick Slash","Outmaneuver"],"picked":"Sucker Punch","floor":1},{"not_picked":["Endless Agony","Flying Knee"],"picked":"Backstab","floor":5},{"not_picked":["Backflip","Dagger Spray"],"picked":"Flechettes","floor":8},{"not_picked":["Predator","Outmaneuver"],"picked":"Finisher","floor":10},{"not_picked":["Flechettes","Expertise"],"picked":"Corpse Explosion","floor":12},{"not_picked":["Slice","Outmaneuver"],"picked":"Backstab","floor":13},{"not_picked":["PiercingWail","Outmaneuver"],"picked":"Accuracy","floor":14},{"not_picked":["Adrenaline","Venomology"],"picked":"Bullet Time","floor":16},{"not_picked":["Quick Slash","Noxious Fumes"],"picked":"PiercingWail+1","floor":18},{"not_picked":["Dagger Throw+1","Acrobatics+1"],"picked":"Endless Agony+1","floor":19},{"not_picked":["Dagger Throw","Masterful Stab"],"picked":"Skewer+1","floor":21},{"not_picked":["Masterful Stab+1","Deadly Poison"],"picked":"Slice","floor":22},{"not_picked":["Catalyst","Expertise"],"picked":"Flying Knee+1","floor":24},{"not_picked":["All Out Attack","PiercingWail"],"picked":"Dagger Spray+1","floor":29},{"not_picked":["Wraith Form v2","Bullet Time"],"picked":"Phantasmal Killer","floor":33},{"not_picked":["Quick Slash+1","Prepared+1"],"picked":"Infinite Blades+1","floor":35},{"not_picked":["Quick Slash","Skewer"],"picked":"Deflect","floor":37},{"not_picked":["Backflip","Terror"],"picked":"Accuracy+1","floor":40},{"not_picked":["Riddle With Holes+1","Reflex+1"],"picked":"Slice+1","floor":44},{"not_picked":["Dash","Bouncing Flask"],"picked":"Blade Dance+1","floor":45},{"not_picked":["Well Laid Plans","Heel Hook"],"picked":"Expertise","floor":47},{"not_picked":["Terror","Backstab"],"picked":"Blade Dance+1","floor":48}],"player_experience":65602,"relics_obtained":[{"floor":7,"key":"Eternal Feather"},{"floor":8,"key":"Letter Opener"},{"floor":9,"key":"Turnip"},{"floor":10,"key":"StoneCalendar"},{"floor":12,"key":"InkBottle"},{"floor":24,"key":"Smiling Mask"},{"floor":26,"key":"White Beast Statue"},{"floor":31,"key":"Nilry\u0027s Codex"},{"floor":40,"key":"Snake Skull"},{"floor":43,"key":"Paper Crane"},{"floor":45,"key":"Dream Catcher"},{"floor":47,"key":"Lantern"}],"event_choices":[{"damage_healed":0,"gold_gain":0,"player_choice":"Entered Light","damage_taken":14,"max_hp_gain":0,"max_hp_loss":0,"event_name":"Shining Light","floor":2,"gold_loss":0,"cards_upgraded":["Strike_G","Survivor"]},{"damage_healed":0,"gold_gain":0,"player_choice":"Take Damage","damage_taken":17,"relics_obtained":["Golden Idol"],"max_hp_gain":0,"max_hp_loss":0,"event_name":"Golden Idol","floor":3,"gold_loss":0},{"damage_healed":0,"gold_gain":0,"player_choice":"Ignored","damage_taken":0,"max_hp_gain":0,"max_hp_loss":0,"event_name":"Golden Wing","floor":4,"gold_loss":0},{"damage_healed":0,"gold_gain":0,"player_choice":"Obtain J.A.X.","damage_taken":0,"max_hp_gain":0,"max_hp_loss":0,"event_name":"Drug Dealer","floor":20,"gold_loss":0,"cards_obtained":["J.A.X."]},{"damage_healed":0,"gold_gain":0,"player_choice":"Became a vampire","damage_taken":0,"max_hp_gain":0,"max_hp_loss":21,"event_name":"Vampires","floor":30,"gold_loss":0,"cards_obtained":["Bite","Bite","Bite","Bite","Bite"]},{"damage_healed":0,"gold_gain":0,"player_choice":"Obtained Book","damage_taken":16,"max_hp_gain":0,"max_hp_loss":0,"event_name":"Cursed Tome","floor":31,"gold_loss":0},{"damage_healed":0,"gold_gain":0,"player_choice":"Ignored","damage_taken":0,"max_hp_gain":0,"max_hp_loss":0,"event_name":"Tomb of Lord Red Mask","floor":36,"gold_loss":0},{"damage_healed":0,"gold_gain":0,"player_choice":"Embrace Madness","damage_taken":7,"max_hp_gain":0,"max_hp_loss":0,"event_name":"Winding Halls","floor":39,"gold_loss":0,"cards_obtained":["Madness","Madness"]}],"is_beta":false,"boss_relics":[{"not_picked":["Ectoplasm","Tiny House"],"picked":"HoveringKite"},{"not_picked":["Philosopher\u0027s Stone","Busted Crown"],"picked":"Runic Pyramid"}],"items_purged_floors":[],"is_endless":false,"potions_floor_spawned":[5,12,14,16,18,22,24,29,33,35,37,40,44,45,47,48],"ascension_level":1}}