{"host":"dz1qwalix8eproj8","time":1607914507,"event":{"mods":["AchievementEnabler","BaseMod","Block Reminder","Minty Spire (QoL Compilation)","Relic Stats","StSLib","SuperFastMode"],"gold_per_floor":[99,99,99,99,99,99,99,69,69,69,41,41,41,41,41,41,41,41,41,41,41,41,41,41,41,41,41,41,41,41,41,41,41,41,41,41,41,41,41],"floor_reached":38,"playtime":3981,"items_purged":[],"score":570,"play_id":"bd833cde-94c7-4d6a-a2ce-3c679795c31d","local_time":"20201214035507","is_ascension_mode":true,"campfire_choices":[{"floor":12.0,"key":"REST"},{"data":"Skewer","floor":15.0,"key":"SMITH"},{"floor":23.0,"key":"REST"},{"floor":25.0,"key":"REST"},{"data":"Burst","floor":32.0,"key":"SMITH"}],"circlet_count":0,"master_deck":["Strike_G","Strike_G","Strike_G+1","Strike_G","Strike_G","Defend_G","Defend_G","Defend_G","Defend_G+1","Defend_G","Survivor+1","Neutralize","Noxious Fumes","Predator","Bouncing Flask","Catalyst+1","Backflip","Dagger Throw","After Image+1","Skewer+1","Burst+1","Bane+1","RitualDagger","Prepared","Adrenaline","Dash","Blade Dance+1","Backstab","Doppelganger","Blade Dance+1"],"relics":["Ectoplasm","Strawberry","War Paint","StoneCalendar","CeramicFish","SlaversCollar","Toy Ornithopter","Nilry\u0027s Codex","Oddly Smooth Stone","Meat on the Bone","Runic Pyramid"],"acts_visited":["Exordium","TheCity","TheBeyond"],"potions_floor_usage":[],"damage_taken":[{"damage":3.0,"enemies":"2 Louse","floor":1.0,"turns":4.0},{"damage":1.0,"enemies":"Jaw Worm","floor":2.0,"turns":5.0},{"damage":2.0,"enemies":"Small Slimes","floor":3.0,"turns":3.0},{"damage":1.0,"enemies":"2 Fungi Beasts","floor":4.0,"turns":4.0},{"damage":8.0,"enemies":"Blue Slaver","floor":5.0,"turns":3.0},{"damage":13.0,"enemies":"3 Sentries","floor":6.0,"turns":7.0},{"damage":0.0,"enemies":"Looter","floor":8.0,"turns":3.0},{"damage":13.0,"enemies":"Gremlin Nob","floor":10.0,"turns":3.0},{"damage":4.0,"enemies":"3 Sentries","floor":14.0,"turns":7.0},{"damage":8.0,"enemies":"The Guardian","floor":16.0,"turns":6.0},{"damage":15.0,"enemies":"Spheric Guardian","floor":18.0,"turns":6.0},{"damage":2.0,"enemies":"3 Byrds","floor":22.0,"turns":6.0},{"damage":29.0,"enemies":"Book of Stabbing","floor":24.0,"turns":6.0},{"damage":0.0,"enemies":"3 Cultists","floor":27.0,"turns":3.0},{"damage":11.0,"enemies":"Chosen and Byrds","floor":28.0,"turns":7.0},{"damage":14.0,"enemies":"Sentry and Sphere","floor":29.0,"turns":6.0},{"damage":8.0,"enemies":"Snake Plant","floor":30.0,"turns":5.0},{"damage":9.0,"enemies":"Cultist and Chosen","floor":31.0,"turns":6.0},{"damage":35.0,"enemies":"Collector","floor":33.0,"turns":6.0},{"damage":14,"enemies":"Orb Walker","floor":35,"turns":3},{"damage":0,"enemies":"3 Shapes","floor":36,"turns":4},{"damage":0,"enemies":"Sphere and 2 Shapes","floor":37,"turns":7},{"damage":40,"enemies":"2 Orb Walkers","floor":38,"turns":4}],"seed_played":"975504248412207657","potions_obtained":[{"floor":5.0,"key":"FearPotion"},{"floor":6.0,"key":"PowerPotion"},{"floor":8.0,"key":"SpeedPotion"},{"floor":10.0,"key":"ColorlessPotion"},{"floor":18.0,"key":"PowerPotion"},{"floor":27.0,"key":"SpeedPotion"},{"floor":28.0,"key":"Swift Potion"},{"floor":36,"key":"Swift Potion"},{"floor":37,"key":"LiquidBronze"}],"is_trial":false,"path_per_floor":["M","M","M","M","M","E","?","M","T","E","?","R","?","E","R","B",null,"M","?","?","?","M","R","E","R","T","M","M","M","M","M","R","B",null,"M","M","M","?"],"character_chosen":"THE_SILENT","items_purchased":[],"campfire_rested":3,"item_purchase_floors":[],"current_hp_per_floor":[60,59,57,56,48,42,27,27,27,14,14,37,37,33,33,25,64,49,43,43,27,30,53,24,47,47,47,48,46,50,41,41,23,64,50,50,50,10,10],"gold":41,"neow_bonus":"BOSS_RELIC","is_daily":false,"chose_seed":false,"campfire_upgraded":2,"win_rate":0.0,"timestamp":1607914507,"path_taken":["M","M","M","M","M","E","?","M","T","E","?","R","?","E","R","BOSS","M","?","?","?","M","R","E","R","T","M","M","M","M","M","R","BOSS","M","M","M","?"],"items_purchased_type":[],"build_version":"2020-12-13","purchased_purges":0,"victory":false,"max_hp_per_floor":[70,70,70,70,70,77,77,77,77,77,77,77,77,77,77,77,77,77,77,77,77,77,77,77,77,77,77,77,77,77,77,77,77,77,77,77,77,77,77],"relic_stats":{"counters":[23,114],"CeramicFish":0,"StoneCalendar":[36],"Ectoplasm":695,"War Paint":["Survivor","Catalyst"],"obtain_stats":[{"SlaversCollar":17,"Nilry\u0027s Codex":21,"Strawberry":6,"CeramicFish":14,"Oddly Smooth Stone":24,"StoneCalendar":10,"Ectoplasm":0,"War Paint":9,"Toy Ornithopter":20,"Ring of the Snake":0,"Meat on the Bone":26,"Runic Pyramid":34},{"SlaversCollar":10,"Nilry\u0027s Codex":11,"Strawberry":6,"CeramicFish":9,"Oddly Smooth Stone":13,"StoneCalendar":8,"Ectoplasm":0,"War Paint":7,"Toy Ornithopter":11,"Ring of the Snake":0,"Meat on the Bone":13,"Runic Pyramid":19},{"SlaversCollar":45,"Nilry\u0027s Codex":51,"Strawberry":26,"CeramicFish":39,"Oddly Smooth Stone":63,"StoneCalendar":32,"Ectoplasm":0,"War Paint":29,"Toy Ornithopter":51,"Ring of the Snake":0,"Meat on the Bone":63,"Runic Pyramid":96}],"Toy Ornithopter":10,"Meat on the Bone":48},"card_choices":[{"not_picked":["Bane","Flying Knee"],"picked":"Noxious Fumes","floor":1.0},{"not_picked":["Concentrate","Dodge and Roll"],"picked":"Predator","floor":2.0},{"not_picked":["Well Laid Plans","Cloak And Dagger","PiercingWail"],"picked":"SKIP","floor":3.0},{"not_picked":["Skewer","Sucker Punch"],"picked":"Bouncing Flask","floor":4.0},{"not_picked":["Backflip","Blade Dance"],"picked":"Catalyst","floor":5.0},{"not_picked":["Eviscerate","Deflect"],"picked":"Backflip","floor":6.0},{"not_picked":["Deadly Poison","Prepared"],"picked":"Dagger Throw","floor":8.0},{"not_picked":["Catalyst","Noxious Fumes"],"picked":"After Image","floor":10.0},{"not_picked":["Dagger Throw","Quick Slash"],"picked":"Skewer","floor":14.0},{"not_picked":["Wraith Form v2","Glass Knife"],"picked":"Burst","floor":16.0},{"not_picked":["Outmaneuver","Finisher"],"picked":"Bane+1","floor":18.0},{"not_picked":["Setup","Endless Agony"],"picked":"Prepared","floor":22.0},{"not_picked":["Prepared","Poisoned Stab+1"],"picked":"Adrenaline","floor":24.0},{"not_picked":["Acrobatics","Cloak And Dagger"],"picked":"Dash","floor":27.0},{"not_picked":["Bane","Skewer"],"picked":"Blade Dance+1","floor":28.0},{"not_picked":["Skewer","Caltrops","Accuracy+1"],"picked":"SKIP","floor":29.0},{"not_picked":["Underhanded Strike","Dagger Throw"],"picked":"Backstab","floor":30.0},{"not_picked":["Outmaneuver+1","Expertise","Deadly Poison"],"picked":"SKIP","floor":31.0},{"not_picked":["After Image","Grand Finale"],"picked":"Doppelganger","floor":33.0},{"not_picked":["Infinite Blades+1","Quick Slash"],"picked":"Blade Dance+1","floor":35},{"not_picked":["Caltrops+1","Backflip+1","Dagger Spray+1"],"picked":"SKIP","floor":36},{"not_picked":["Deflect","Outmaneuver","Dagger Spray"],"picked":"SKIP","floor":37}],"player_experience":577177,"relics_obtained":[{"floor":6.0,"key":"Strawberry"},{"floor":9.0,"key":"War Paint"},{"floor":10.0,"key":"StoneCalendar"},{"floor":14.0,"key":"CeramicFish"},{"floor":21.0,"key":"Nilry\u0027s Codex"},{"floor":24.0,"key":"Oddly Smooth Stone"},{"floor":26.0,"key":"Meat on the Bone"}],"event_choices":[{"damage_healed":0.0,"max_hp_gain":0.0,"max_hp_loss":0.0,"gold_gain":0.0,"event_name":"Shining Light","player_choice":"Entered Light","floor":7.0,"gold_loss":0.0,"damage_taken":15.0,"cards_upgraded":["Strike_G","Defend_G"]},{"damage_healed":0.0,"max_hp_gain":0.0,"max_hp_loss":0.0,"gold_gain":0.0,"event_name":"World of Goop","player_choice":"Left Gold","floor":11.0,"gold_loss":28.0,"damage_taken":0.0},{"damage_healed":0.0,"max_hp_gain":0.0,"max_hp_loss":0.0,"gold_gain":0.0,"event_name":"Living Wall","player_choice":"Grow","floor":13.0,"gold_loss":0.0,"damage_taken":0.0,"cards_upgraded":["After Image"]},{"damage_healed":0.0,"max_hp_gain":0.0,"max_hp_loss":0.0,"gold_gain":0.0,"event_name":"Nest","player_choice":"Joined the Cult","floor":19.0,"gold_loss":0.0,"damage_taken":6.0,"cards_obtained":["RitualDagger"]},{"damage_healed":0.0,"max_hp_gain":0.0,"max_hp_loss":0.0,"gold_gain":0.0,"event_name":"The Mausoleum","player_choice":"Opened","floor":20.0,"gold_loss":0.0,"damage_taken":0.0,"relics_obtained":["Toy Ornithopter"]},{"damage_healed":0.0,"max_hp_gain":0.0,"max_hp_loss":0.0,"gold_gain":0.0,"event_name":"Cursed Tome","player_choice":"Obtained Book","floor":21.0,"gold_loss":0.0,"damage_taken":16.0},{"damage_healed":0,"gold_gain":0,"player_choice":"Fight","damage_taken":0,"max_hp_gain":0,"max_hp_loss":0,"event_name":"Mysterious Sphere","floor":38,"gold_loss":0}],"is_beta":false,"boss_relics":[{"not_picked":["Snecko Eye","Pandora\u0027s Box"],"picked":"SlaversCollar"},{"not_picked":["SacredBark","Empty Cage"],"picked":"Runic Pyramid"}],"items_purged_floors":[],"is_endless":false,"potions_floor_spawned":[5,6,8,10,18,27,28,36,37],"killed_by":"2 Orb Walkers","ascension_level":7}}