{"host":"xodzlm10r37577ou","time":1607958700,"event":{"mods":["Act Like it!","BaseMod","Gensokyo","Infinite Spire","Minty Spire (QoL Compilation)","Replay The Spire","StSLib","TestMod"],"gold_per_floor":[113,83,102,117,135,169,169,184,184,214,214],"floor_reached":10,"playtime":465,"items_purged":[],"score":124,"play_id":"dd1105cf-8c39-4142-b5f0-fa49c2da5b10","local_time":"20201214231140","is_ascension_mode":true,"campfire_choices":[{"data":"BowlingBash","floor":7,"key":"SMITH"}],"circlet_count":0,"master_deck":["AscendersBane","Strike_P","Strike_P","Strike_P","Strike_P","Defend_P","Defend_P","Defend_P","Defend_P","Eruption+1","Vigilance","Consecrate","BowlingBash+1","FlurryOfBlows","Protect","Replay:AllIn"],"relics":["PureWater","testmod-TestBox","testmod-CyclicPeriapt","Replay:Rubber Ducky","infinitespire:FocusingShard","Replay:Ringing Soul"],"acts_visited":["Exordium"],"potions_floor_usage":[5,6,10,10],"damage_taken":[{"damage":0,"enemies":"2 Louse","floor":1,"turns":2},{"damage":0,"enemies":"Cultist","floor":3,"turns":3},{"damage":0,"enemies":"Jaw Worm","floor":4,"turns":3},{"damage":0,"enemies":"Blue Slaver","floor":5,"turns":3},{"damage":12,"enemies":"3 Sentries","floor":6,"turns":7},{"damage":11,"enemies":"3 Louse","floor":8,"turns":3},{"damage":15,"enemies":"Lagavulin","floor":10,"turns":3}],"seed_played":"5211097458312189335","potions_obtained":[{"floor":2,"key":"Death Potion"},{"floor":2,"key":"Flashbang"},{"floor":5,"key":"BlessingOfTheForge"},{"floor":8,"key":"Adrenaline Potion"},{"floor":10,"key":"SmokeBomb"}],"is_trial":false,"path_per_floor":["M","?","M","M","M","E","R","M","T","E"],"character_chosen":"WATCHER","items_purchased":[],"campfire_rested":0,"item_purchase_floors":[],"current_hp_per_floor":[65,65,65,65,65,53,53,42,42,27,27],"gold":214,"neow_bonus":"RANDOM_EVENT","is_daily":false,"chose_seed":false,"campfire_upgraded":1,"win_rate":0.0,"timestamp":1607958700,"path_taken":["M","?","M","M","?","E","R","M","T","E"],"items_purchased_type":[],"build_version":"2020-12-13","purchased_purges":0,"victory":false,"max_hp_per_floor":[72,72,72,72,72,72,72,72,72,72,72],"card_choices":[{"not_picked":["Nirvana","PathToVictory"],"picked":"Consecrate","floor":1},{"not_picked":["Meditate","Protect"],"picked":"BowlingBash","floor":3},{"not_picked":["Tantrum","Halt"],"picked":"FlurryOfBlows","floor":4},{"not_picked":["Replay:DivineShield","Consecrate"],"picked":"Protect","floor":5},{"not_picked":["Replay:AtTheReady","SashWhip"],"picked":"Replay:AllIn","floor":6},{"not_picked":["Protect","Crescendo","Replay:Vibes"],"picked":"SKIP","floor":8}],"player_experience":428322,"relics_obtained":[{"floor":6,"key":"Replay:Rubber Ducky"},{"floor":9,"key":"infinitespire:FocusingShard"},{"floor":10,"key":"Replay:Ringing Soul"}],"event_choices":[{"damage_healed":0,"gold_gain":0,"player_choice":"Grow","damage_taken":0,"max_hp_gain":0,"max_hp_loss":0,"event_name":"Living Wall","floor":0,"gold_loss":0,"cards_upgraded":["Eruption"]},{"damage_healed":0,"gold_gain":0,"player_choice":"Bought 2 Potions","damage_taken":0,"max_hp_gain":0,"max_hp_loss":0,"event_name":"The Woman in Blue","floor":2,"gold_loss":0}],"is_beta":false,"boss_relics":[],"items_purged_floors":[],"is_endless":false,"potions_floor_spawned":[3,5,8,10],"killed_by":"Lagavulin","ascension_level":11}}