{"host":"ks12kfi5c4d9hdxy","time":1607974875,"event":{"mods":["BaseMod","Conspire","GifTheSpireLib","Koishi","LagranYue(拉格朗・月)","Marisa（F雨　魔理沙）","Minty Spire (QoL Compilation)","Reimu（博丽灵梦）","Remilia（蕾米莉亚）","Replay The Spire","RumiaBox-露米娅的神秘盒子","StSLib","SuperFastMode","The Administrix","The Servant 0.9.4","Youmu（魂魄妖梦）","Yuyuko","【功能Mod】混沌之环修复补丁","【功能Mod】聪明的最终Boss","篝火指南"],"gold_per_floor":[109,109,109,122,137,178,178,178,178,192,235,70,70,93,93,186,186,207,207,227,251,251,287,11,11,11],"floor_reached":25,"playtime":633,"items_purged":[],"score":439,"play_id":"cb08bad0-1023-4e5a-a9aa-f2e6e6f9836e","local_time":"20201215034115","is_ascension_mode":true,"campfire_choices":[{"floor":8,"key":"REST"},{"data":"FinalSpark","floor":15,"key":"SMITH"}],"circlet_count":0,"master_deck":["AscendersBane","Strike_MRS","Strike_MRS","Strike_MRS","Defend_MRS","Defend_MRS+1","Defend_MRS","MasterSpark","UpSweep","MagicAbsorber","ShootTheMoon","GrandCross","BlazeAway","FinalSpark+1","CollectingQuirk","DoubleSpark","UnstableBomb","Decay","DoubleSpark","GrandCross+1"],"relics":["MiniHakkero","LagranYue:RandomDrawCardRelic","Orichalcum","Golden Idol","Thread and Needle","Tea:ReiMu","RuthlessExorcism:ReiMu","Replay:Baseball","Runic Pyramid","Bag of Preparation","ReplayTheSpireMod:Lightbulb","Iron Hammer"],"acts_visited":["Exordium","TheCity"],"potions_floor_usage":[6,18],"damage_taken":[{"damage":4,"enemies":"Small Slimes","floor":1,"turns":3},{"damage":7,"enemies":"Jaw Worm","floor":4,"turns":3},{"damage":2,"enemies":"2 Louse","floor":5,"turns":2},{"damage":19,"enemies":"Lagavulin","floor":6,"turns":5},{"damage":1,"enemies":"Looter","floor":10,"turns":3},{"damage":11,"enemies":"3 Sentries","floor":11,"turns":7},{"damage":4,"enemies":"Red Slaver","floor":14,"turns":2},{"damage":3,"enemies":"Fading Forest","floor":16,"turns":11},{"damage":0,"enemies":"Shell Parasite","floor":18,"turns":3},{"damage":9,"enemies":"2 Thieves","floor":20,"turns":3},{"damage":12,"enemies":"Cultist and Chosen","floor":21,"turns":4},{"damage":25,"enemies":"Slavers","floor":23,"turns":3},{"damage":9,"enemies":"Book of Stabbing","floor":25,"turns":2}],"seed_played":"-7802018726347606599","potions_obtained":[{"floor":1,"key":"FearPotion"},{"floor":4,"key":"FearPotion"},{"floor":6,"key":"Swift Potion"},{"floor":23,"key":"Explosive Potion"}],"is_trial":false,"path_per_floor":["M","?","?","M","M","E","?","R","T","M","E","$","?","M","R","B",null,"M","?","M","M","T","E","$","E"],"character_chosen":"MARISA","items_purchased":["Replay:Baseball","Iron Hammer"],"campfire_rested":1,"item_purchase_floors":[12,24],"current_hp_per_floor":[59,52,52,45,43,24,24,42,42,41,30,30,30,26,26,31,55,55,55,46,34,34,9,9,0,0],"gold":11,"neow_bonus":"RANDOM_COMMON_RELIC","is_daily":false,"chose_seed":false,"campfire_upgraded":1,"win_rate":0.0,"timestamp":1607974875,"path_taken":["M","?","?","M","M","E","?","R","T","M","E","$","?","?","R","BOSS","M","?","M","?","?","E","$","E"],"items_purchased_type":["Relic","Relic"],"build_version":"2020-12-13","purchased_purges":0,"victory":false,"max_hp_per_floor":[70,70,63,63,63,63,63,63,63,63,63,63,63,63,63,63,63,63,63,63,63,63,63,63,63,63],"card_choices":[{"not_picked":["LuminesStrike","Acceleration"],"picked":"MagicAbsorber","floor":1},{"not_picked":["6A","AsteroidBelt"],"picked":"ShootTheMoon","floor":4},{"not_picked":["MilkyWay","DoubleSpark"],"picked":"GrandCross","floor":5},{"not_picked":["GalacticHalo","StarBarrage"],"picked":"BlazeAway","floor":6},{"not_picked":["DeepEcoloBomb","NonDirectionalLaser"],"picked":"FinalSpark","floor":10},{"not_picked":["AsteroidBelt","NonDirectionalLaser"],"picked":"CollectingQuirk","floor":11},{"not_picked":["MagicChant","NonDirectionalLaser"],"picked":"DoubleSpark","floor":14},{"not_picked":["UnstableBomb","PulseMagic","MagicAbsorber"],"picked":"SKIP","floor":18},{"not_picked":["PulseMagic","MagicAbsorber"],"picked":"UnstableBomb","floor":18},{"not_picked":["MagicChant","StarlightTyphoon"],"picked":"DoubleSpark","floor":20},{"not_picked":["ShootingEcho+1","LuminesStrike"],"picked":"GrandCross+1","floor":21},{"not_picked":["ShootTheMoon","EventHorizon","Acceleration"],"picked":"SKIP","floor":23}],"player_experience":486447,"relics_obtained":[{"floor":6,"key":"Thread and Needle"},{"floor":9,"key":"Tea:ReiMu"},{"floor":11,"key":"RuthlessExorcism:ReiMu"},{"floor":22,"key":"Bag of Preparation"},{"floor":23,"key":"ReplayTheSpireMod:Lightbulb"}],"event_choices":[{"cards_removed":["Defend_MRS"],"damage_healed":0,"gold_gain":0,"player_choice":"Card Removal","damage_taken":7,"max_hp_gain":0,"max_hp_loss":0,"event_name":"Golden Wing","floor":2,"gold_loss":0},{"damage_healed":0,"gold_gain":0,"player_choice":"Lose Max HP","damage_taken":0,"relics_obtained":["Golden Idol"],"max_hp_gain":0,"max_hp_loss":7,"event_name":"Golden Idol","floor":3,"gold_loss":0},{"cards_removed":["Strike_MRS"],"damage_healed":0,"gold_gain":0,"player_choice":"Offered Basic","damage_taken":0,"max_hp_gain":0,"max_hp_loss":0,"event_name":"Bonfire Elementals","floor":13,"gold_loss":0},{"damage_healed":0,"gold_gain":0,"player_choice":"Cursed","damage_taken":0,"max_hp_gain":0,"max_hp_loss":0,"event_name":"Wheel of Change","floor":19,"gold_loss":0,"cards_obtained":["Decay"]}],"is_beta":false,"boss_relics":[{"not_picked":["conspire:RoyalGoblet","conspire:SeveredTorchhead"],"picked":"Runic Pyramid"}],"items_purged_floors":[],"is_endless":false,"potions_floor_spawned":[1,4,5,6,23],"killed_by":"Book of Stabbing","ascension_level":18}}