{"host":"kos1s9q8ffr8fqos","time":1607912259,"event":{"mods":["2.2 Compatiblity","AchievementEnabler","AlwaysNeverKeys","Astrologer","BaseMod","Bestiary","Better Altar","Better Match","Better Note","Better Sensory Stone","Better Skull","Better Third Choice","Better Vampires","Colored Map","Colored Powertips","Curses Come First","Hermit","Infinite Spire","Jorbs\u0027s Wanderer Trilogy","Minty Spire (QoL Compilation)","Quick Restart","Random Character Button","Relic Stats","Shop Mod","StSLib","The Blue Laboratory","The Disciple","The Hierophant","The Runesmith"],"gold_per_floor":[114,64,81,81,81,112,112,137,137,137,151,76,8,55,55,184,184,204,222,222,95,24,24,44,64,64,105,105,30,54,54,54,173,173,186,186,186,207,221,221,259,282,282,298,298,298,298,0,0,0],"floor_reached":51,"playtime":4186,"items_purged":["Injury"],"score":668,"play_id":"e60d81dd-74f6-4d88-a4ed-7f1c2a7a9b68","local_time":"20201213201739","is_ascension_mode":false,"campfire_choices":[{"floor":7.0,"key":"REST"},{"data":"Discovery","floor":10.0,"key":"SMITH"},{"floor":15.0,"key":"REST"},{"floor":23,"key":"REST"},{"floor":28,"key":"REST"},{"floor":32,"key":"REST"},{"floor":40,"key":"REST"},{"floor":47,"key":"REST"},{"floor":49,"key":"REST"}],"circlet_count":0,"master_deck":["Runesmith:Strike_RS","Runesmith:Strike_RS","Runesmith:Strike_RS","Runesmith:Strike_RS","Runesmith:Defend_RS","Runesmith:Defend_RS","Runesmith:CraftFirestone","Runesmith:Fortify","Discovery+1","Runesmith:NanitesCloud","Runesmith:BackupBattery","Runesmith:NegativeSpace","Runesmith:EarthShield","Runesmith:CraftMedicinae","Apotheosis+1","Runesmith:PoweredAnvil","Runesmith:GrandSlam","Runesmith:Grindstone+1","Runesmith:LithiumIon","Runesmith:DoubleUp","Runesmith:EarthShield+1","Runesmith:Terraform+1","Runesmith:ArcReactor+1","Runesmith:Permafrost","Runesmith:Supernova+1","Runesmith:CraftReservo+1","Runesmith:CraftProtectio+1","Runesmith:CraftObretio+1","Madness+1","Madness+1","infinitespire:Collect+1"],"relics":["Runesmith:BrokenRuby","Golden Idol","InkBottle","Letter Opener","Juzu Bracelet","Fusion Hammer","Matryoshka","Toxic Egg 2","HornCleat","Pantograph","Sozu","Nunchaku","Happy Flower","Bird Faced Urn","Red Mask"],"acts_visited":["Exordium","TheCity","TheBeyond"],"potions_floor_usage":[24,27,39,50,50],"damage_taken":[{"damage":0.0,"enemies":"Small Slimes","floor":1.0,"turns":4.0},{"damage":8.0,"enemies":"2 Louse","floor":3.0,"turns":2.0},{"damage":46.0,"enemies":"Gremlin Nob","floor":6.0,"turns":6.0},{"damage":11.0,"enemies":"Jaw Worm","floor":8.0,"turns":3.0},{"damage":6.0,"enemies":"2 Fungi Beasts","floor":11.0,"turns":3.0},{"damage":17.0,"enemies":"The Guardian","floor":16.0,"turns":11.0},{"damage":13,"enemies":"Shell Parasite","floor":18,"turns":5},{"damage":2,"enemies":"Spheric Guardian","floor":19,"turns":4},{"damage":17,"enemies":"3 Cultists","floor":24,"turns":6},{"damage":4,"enemies":"Snecko","floor":25,"turns":5},{"damage":40,"enemies":"Slavers","floor":27,"turns":15},{"damage":2,"enemies":"Centurion and Healer","floor":30,"turns":7},{"damage":8,"enemies":"Champ","floor":33,"turns":9},{"damage":15,"enemies":"3 Darklings","floor":35,"turns":5},{"damage":3,"enemies":"3 Shapes","floor":38,"turns":7},{"damage":28,"enemies":"Transient","floor":39,"turns":5},{"damage":13,"enemies":"Giant Head","floor":41,"turns":9},{"damage":11,"enemies":"4 Shapes","floor":42,"turns":7},{"damage":3,"enemies":"Writhing Mass","floor":44,"turns":7},{"damage":42,"enemies":"Time Eater","floor":50,"turns":18}],"seed_played":"3295442404039144803","potions_obtained":[{"floor":8.0,"key":"BlessingOfTheForge"},{"floor":25,"key":"blueLaboratory:PhilterOfMotion"},{"floor":27,"key":"blueLaboratory:SavagePotion"},{"floor":30,"key":"DuplicationPotion"}],"is_trial":false,"path_per_floor":["M","?","M","?","?","E","R","M","T","R","M","?","$","T","R","B",null,"M","M","?","$","$","R","M","M","T","E","R","?","M","T","R","B",null,"M","?","?","M","M","R","E","M","T","M","?","?","R","?","R","B",null],"character_chosen":"RUNESMITH_CLASS","items_purchased":["Runesmith:PoweredAnvil","PowerPotion","Runesmith:LithiumIon"],"campfire_rested":8,"item_purchase_floors":[13,21,22],"current_hp_per_floor":[70,70,62,62,62,16,37,26,26,26,20,20,20,20,41,28,70,57,55,55,55,55,70,53,59,59,70,70,70,70,70,70,70,70,61,61,61,58,30,51,65,67,67,70,61,43,64,64,70,38],"gold":0,"neow_bonus":"RANDOM_COLORLESS","is_daily":false,"chose_seed":false,"campfire_upgraded":1,"win_rate":0.0,"timestamp":1607912259,"path_taken":["M","?","M","?","?","E","R","?","T","R","M","?","$","?","R","BOSS","M","M","?","?","$","R","M","M","T","E","R","?","M","?","R","BOSS","M","?","?","M","M","R","E","M","T","M","?","?","R","?","R","BOSS"],"items_purchased_type":["Card","Potion","Card"],"build_version":"2020-12-13","purchased_purges":1,"victory":true,"max_hp_per_floor":[70,70,70,70,70,70,70,70,70,70,70,70,70,70,70,70,70,70,70,70,70,70,70,70,70,70,70,70,70,70,70,70,70,70,70,70,70,70,70,70,70,70,70,70,70,70,70,70,70,70],"relic_stats":{"Sozu":3,"Nunchaku":[2],"Happy Flower":[8],"counters":[20,138],"Golden Idol":145,"Pantograph":0,"Bird Faced Urn":[15],"Juzu Bracelet":1,"Letter Opener":[340],"obtain_stats":[{"Runesmith:BrokenRuby":0,"Happy Flower":43,"Golden Idol":4,"Juzu Bracelet":14,"Letter Opener":9,"Sozu":34,"Nunchaku":41,"Matryoshka":26,"HornCleat":31,"Pantograph":31,"Bird Faced Urn":43,"Fusion Hammer":17,"Red Mask":48,"Toxic Egg 2":27,"InkBottle":6},{"Runesmith:BrokenRuby":0,"Happy Flower":18,"Golden Idol":2,"Juzu Bracelet":5,"Letter Opener":4,"Sozu":13,"Nunchaku":17,"Matryoshka":10,"HornCleat":12,"Pantograph":12,"Bird Faced Urn":18,"Fusion Hammer":6,"Red Mask":19,"Toxic Egg 2":11,"InkBottle":3},{"Runesmith:BrokenRuby":0,"Happy Flower":113,"Golden Idol":6,"Juzu Bracelet":18,"Letter Opener":15,"Sozu":80,"Nunchaku":106,"Matryoshka":49,"HornCleat":71,"Pantograph":71,"Bird Faced Urn":113,"Fusion Hammer":29,"Red Mask":120,"Toxic Egg 2":64,"InkBottle":12}],"InkBottle":[46]},"card_choices":[{"not_picked":["Deep Breath","Dark Shackles"],"picked":"Discovery","floor":0.0},{"not_picked":["Runesmith:Repurpose","Runesmith:MakeshiftArmor"],"picked":"Runesmith:NanitesCloud","floor":1.0},{"not_picked":["Runesmith:ShiftingStrike","Runesmith:StaticCage"],"picked":"Runesmith:BackupBattery","floor":3.0},{"not_picked":["Runesmith:ShiftingStrike","Runesmith:FieryHammer"],"picked":"Runesmith:NegativeSpace","floor":6.0},{"not_picked":["Runesmith:EnergizedChisel","Runesmith:UnstableHammer"],"picked":"Runesmith:EarthShield","floor":8.0},{"not_picked":["Runesmith:HeatedChisel","Runesmith:BackupBattery"],"picked":"Runesmith:CraftMedicinae","floor":11.0},{"not_picked":["Magnetism+1","The Bomb+1"],"picked":"Apotheosis+1","floor":12.0},{"not_picked":["Runesmith:ReplicatingBarrier","Runesmith:LightningRod"],"picked":"Runesmith:GrandSlam","floor":16.0},{"not_picked":["Runesmith:ChiselStab","Runesmith:StaticCage","Runesmith:UnstableHammer"],"picked":"SKIP","floor":18},{"not_picked":["Runesmith:ChiselStab","Runesmith:StaticCage","Runesmith:UnstableHammer"],"picked":"SKIP","floor":18},{"not_picked":["Runesmith:CraftMagma","Runesmith:ShiftingStrike"],"picked":"Runesmith:Grindstone+1","floor":19},{"not_picked":["Runesmith:HeatedChisel","Runesmith:Overpower+1"],"picked":"Runesmith:DoubleUp","floor":24},{"not_picked":["Runesmith:Grindstone+1","Runesmith:Discharge"],"picked":"Runesmith:EarthShield+1","floor":25},{"not_picked":["Runesmith:EnergizedChisel","Runesmith:GrandSlam"],"picked":"Runesmith:Terraform+1","floor":27},{"not_picked":["Runesmith:FissionHammer+1","Runesmith:CraftIndustria+1"],"picked":"Runesmith:ArcReactor+1","floor":29},{"not_picked":["Runesmith:CraftVitae+1","Runesmith:CraftReservo+1"],"picked":"Runesmith:Permafrost","floor":30},{"not_picked":["Runesmith:UnlimitedPower","Runesmith:LastStand+1"],"picked":"Runesmith:Supernova+1","floor":33},{"not_picked":["Runesmith:NegativeSpace+1","Runesmith:HammerTime+1","Runesmith:MakeshiftArmor+1"],"picked":"SKIP","floor":35},{"not_picked":["Runesmith:BackupBattery+1","Runesmith:HammerThrow"],"picked":"Runesmith:CraftReservo+1","floor":38},{"not_picked":["Runesmith:ChiselStab+1","Runesmith:Repurpose+1","Runesmith:EarthShield+1"],"picked":"SKIP","floor":39},{"not_picked":["Runesmith:GrandSlam","Runesmith:Repurpose+1"],"picked":"Runesmith:CraftProtectio+1","floor":41},{"not_picked":["Runesmith:PerfectChisel+1","Runesmith:Grindstone+1","Runesmith:MakeshiftArmor+1"],"picked":"SKIP","floor":42},{"not_picked":["Runesmith:Accelerate+1","Runesmith:RuneHurl+1"],"picked":"Runesmith:CraftObretio+1","floor":44},{"not_picked":["infinitespire:DeathsTouch","infinitespire:Starlight"],"picked":"infinitespire:Collect","floor":46}],"player_experience":1229367,"relics_obtained":[{"floor":6.0,"key":"InkBottle"},{"floor":9.0,"key":"Letter Opener"},{"floor":14.0,"key":"Juzu Bracelet"},{"floor":26,"key":"Matryoshka"},{"floor":27,"key":"Toxic Egg 2"},{"floor":31,"key":"HornCleat"},{"floor":31,"key":"Pantograph"},{"floor":41,"key":"Nunchaku"},{"floor":43,"key":"Happy Flower"},{"floor":43,"key":"Bird Faced Urn"}],"event_choices":[{"cards_removed":["Runesmith:Defend_RS"],"damage_healed":0.0,"max_hp_gain":0.0,"max_hp_loss":0.0,"gold_gain":0.0,"event_name":"The Cleric","player_choice":"Card Removal","floor":2.0,"gold_loss":50.0,"damage_taken":0.0},{"damage_healed":0.0,"max_hp_gain":0.0,"max_hp_loss":0.0,"gold_gain":0.0,"event_name":"Golden Idol","player_choice":"Take Wound","floor":4.0,"gold_loss":0.0,"damage_taken":0.0,"relics_obtained":["Golden Idol"],"cards_obtained":["Injury"]},{"damage_healed":0.0,"max_hp_gain":0.0,"max_hp_loss":0.0,"gold_gain":0.0,"event_name":"betterMatch:BetterMatch","player_choice":"2","floor":12.0,"gold_loss":0.0,"damage_taken":0.0,"cards_obtained":["betterMatch:ColorlessRareCard"]},{"cards_removed":["Injury"],"damage_healed":0,"gold_gain":0,"player_choice":"Give","damage_taken":0,"max_hp_gain":0,"max_hp_loss":0,"event_name":"betterNote:BetterNote","floor":20,"gold_loss":0,"cards_obtained":["Defend_G"]},{"damage_healed":0,"gold_gain":0,"player_choice":"2","damage_taken":0,"max_hp_gain":0,"max_hp_loss":0,"event_name":"betterMatch:BetterMatch","floor":29,"gold_loss":0,"cards_obtained":["betterMatch:RareCard"]},{"cards_removed":["Runesmith:Defend_RS"],"damage_healed":0,"gold_gain":0,"player_choice":"Removed Skill","damage_taken":0,"max_hp_gain":0,"max_hp_loss":0,"event_name":"Falling","floor":36,"gold_loss":0},{"damage_healed":0,"gold_gain":0,"player_choice":"Embrace Madness","damage_taken":9,"max_hp_gain":0,"max_hp_loss":0,"event_name":"Winding Halls","floor":45,"gold_loss":0,"cards_obtained":["Madness","Madness"]},{"damage_healed":0,"gold_gain":0,"player_choice":"Paid","damage_taken":0,"relics_obtained":["Red Mask"],"max_hp_gain":0,"max_hp_loss":0,"event_name":"Tomb of Lord Red Mask","floor":48,"gold_loss":298}],"is_beta":false,"boss_relics":[{"not_picked":["Calling Bell","Runesmith:PocketReactor"],"picked":"Fusion Hammer"},{"not_picked":["Pandora\u0027s Box","Velvet Choker"],"picked":"Sozu"}],"items_purged_floors":[21],"is_endless":false,"potions_floor_spawned":[8,25,27,30,38,39,44],"ascension_level":0}}