{"host":"b6xe5c77fhd1azzp","time":1607977769,"event":{"mods":["AchievementEnabler","BaseMod","Colored Map","Colored Powertips","Minty Spire (QoL Compilation)","Rare Cards Sparkle"],"gold_per_floor":[119,119,134,144,161,161,171,204,204,204,216,31,31,43,43,145,145,159,169,189,43,56,56,75,75,75,75,93,105,105,123,123,224,224,239,256,256,113,130,130,90,118,118,118,131,143,143,155,155,155],"floor_reached":51,"playtime":3895,"items_purged":["Bash"],"score":662,"play_id":"15b7499d-03d1-4ed5-a8a1-bf82b39bd727","local_time":"20201214132929","is_ascension_mode":false,"campfire_choices":[{"data":"Warcry","floor":6,"key":"SMITH"},{"floor":10,"key":"REST"},{"data":"Defend_R","floor":15,"key":"SMITH"},{"data":"Shrug It Off","floor":23,"key":"SMITH"},{"data":"Anger","floor":25,"key":"SMITH"},{"data":"Impervious","floor":27,"key":"SMITH"},{"floor":30,"key":"REST"},{"data":"Double Tap","floor":32,"key":"SMITH"},{"floor":40,"key":"REST"},{"floor":49,"key":"REST"}],"circlet_count":0,"master_deck":["Strike_R+1","Strike_R","Strike_R","Strike_R","Strike_R","Defend_R+1","Defend_R","Defend_R","Defend_R","Anger+1","Inflame+1","Shrug It Off+1","Warcry+1","Heavy Blade+1","Clash","Inflame+1","Swift Strike+1","Pommel Strike+1","Impervious+1","Pommel Strike+1","Sword Boomerang+1","Intimidate+1","Heavy Blade+1","Perfected Strike+1","Double Tap+1","Anger+1","Anger+1","Spot Weakness+1","Spot Weakness","Warcry+1","Demon Form+1","Bash+1"],"relics":["Burning Blood","Frozen Egg 2","Anchor","Molten Egg 2","Busted Crown","Tiny Chest","Meat on the Bone","Fusion Hammer","Pocketwatch","Incense Burner","Bag of Preparation"],"acts_visited":["Exordium","TheCity","TheBeyond"],"potions_floor_usage":[24,42,46,50],"damage_taken":[{"damage":1,"enemies":"Cultist","floor":1,"turns":4},{"damage":4,"enemies":"Small Slimes","floor":3,"turns":4},{"damage":11,"enemies":"Jaw Worm","floor":4,"turns":3},{"damage":19,"enemies":"Gremlin Gang","floor":5,"turns":5},{"damage":11,"enemies":"3 Louse","floor":7,"turns":4},{"damage":26,"enemies":"Lagavulin","floor":8,"turns":6},{"damage":8,"enemies":"Exordium Thugs","floor":11,"turns":4},{"damage":0,"enemies":"Exordium Wildlife","floor":14,"turns":2},{"damage":37,"enemies":"The Guardian","floor":16,"turns":6},{"damage":18,"enemies":"2 Thieves","floor":18,"turns":4},{"damage":0,"enemies":"3 Byrds","floor":19,"turns":5},{"damage":18,"enemies":"Centurion and Healer","floor":20,"turns":4},{"damage":0,"enemies":"Snake Plant","floor":22,"turns":3},{"damage":3,"enemies":"3 Cultists","floor":24,"turns":4},{"damage":22,"enemies":"Sentry and Sphere","floor":28,"turns":4},{"damage":0,"enemies":"Snecko","floor":29,"turns":2},{"damage":0,"enemies":"3 Cultists","floor":31,"turns":4},{"damage":41,"enemies":"Collector","floor":33,"turns":6},{"damage":0,"enemies":"3 Shapes","floor":35,"turns":4},{"damage":5,"enemies":"Orb Walker","floor":36,"turns":2},{"damage":20,"enemies":"3 Darklings","floor":39,"turns":4},{"damage":17,"enemies":"Giant Head","floor":42,"turns":6},{"damage":21,"enemies":"Spire Growth","floor":45,"turns":3},{"damage":7,"enemies":"Transient","floor":46,"turns":5},{"damage":0,"enemies":"Jaw Worm Horde","floor":48,"turns":2},{"damage":65,"enemies":"Donu and Deca","floor":50,"turns":6}],"seed_played":"-3327773823219780396","potions_obtained":[{"floor":3,"key":"GamblersBrew"},{"floor":11,"key":"FearPotion"},{"floor":22,"key":"LiquidMemories"},{"floor":24,"key":"ColorlessPotion"},{"floor":39,"key":"Energy Potion"},{"floor":42,"key":"Weak Potion"},{"floor":46,"key":"Fire Potion"}],"is_trial":false,"path_per_floor":["M","T","M","M","M","R","M","E","T","R","M","$","?","M","R","B",null,"M","M","M","$","M","R","M","R","T","R","M","M","R","M","R","B",null,"M","M","?","$","M","R","?","E","T","T","M","M","?","M","R","B",null],"character_chosen":"IRONCLAD","items_purchased":["FairyPotion","Swift Strike+1","Tiny Chest","Spot Weakness"],"campfire_rested":4,"item_purchase_floors":[12,12,21,38],"current_hp_per_floor":[88,88,88,83,70,70,65,45,45,71,69,69,69,75,75,44,88,76,82,70,70,76,76,79,79,79,79,63,69,88,88,88,53,88,88,88,88,88,74,88,88,77,77,77,62,61,61,67,88,41],"gold":155,"neow_bonus":"TEN_PERCENT_HP_BONUS","is_daily":false,"chose_seed":false,"campfire_upgraded":6,"win_rate":0.0,"timestamp":1607977769,"path_taken":["M","?","M","M","M","R","M","E","T","R","M","?","?","M","R","BOSS","M","?","?","?","M","R","M","R","T","R","M","M","R","M","R","BOSS","M","M","?","?","M","R","?","E","T","?","M","M","?","M","R","BOSS"],"items_purchased_type":["Potion","Card","Relic","Card"],"build_version":"2020-12-13","purchased_purges":1,"victory":true,"max_hp_per_floor":[88,88,88,88,88,88,88,88,88,88,88,88,88,88,88,88,88,88,88,88,88,88,88,88,88,88,88,88,88,88,88,88,88,88,88,88,88,88,88,88,88,88,88,88,88,88,88,88,88,88],"card_choices":[{"not_picked":["True Grit","Sword Boomerang"],"picked":"Anger","floor":1},{"not_picked":["Body Slam","Thunderclap"],"picked":"Inflame+1","floor":3},{"not_picked":["Heavy Blade","Ghostly Armor"],"picked":"Shrug It Off","floor":4},{"not_picked":["Sword Boomerang","Clash"],"picked":"Warcry","floor":5},{"not_picked":["Ghostly Armor","Clothesline"],"picked":"Heavy Blade","floor":7},{"not_picked":["Bludgeon","Reckless Charge"],"picked":"Clash","floor":8},{"not_picked":["Fire Breathing+1","Flame Barrier"],"picked":"Inflame+1","floor":11},{"not_picked":["Clash+1","Searing Blow+1"],"picked":"Pommel Strike+1","floor":14},{"not_picked":["Barricade+1","Offering"],"picked":"Impervious","floor":16},{"not_picked":[],"picked":"Pommel Strike+1","floor":18},{"not_picked":[],"picked":"Sword Boomerang+1","floor":19},{"not_picked":[],"picked":"Intimidate+1","floor":20},{"not_picked":["Battle Trance+1"],"picked":"SKIP","floor":22},{"not_picked":[],"picked":"Heavy Blade+1","floor":24},{"not_picked":[],"picked":"Perfected Strike+1","floor":28},{"not_picked":[],"picked":"Double Tap","floor":29},{"not_picked":[],"picked":"Anger+1","floor":31},{"not_picked":["Sword Boomerang+1"],"picked":"SKIP","floor":35},{"not_picked":[],"picked":"Anger+1","floor":36},{"not_picked":["Pommel Strike+1"],"picked":"SKIP","floor":39},{"not_picked":[],"picked":"Spot Weakness","floor":42},{"not_picked":[],"picked":"Warcry+1","floor":45},{"not_picked":["Rampage+1"],"picked":"SKIP","floor":46},{"not_picked":["Thunderclap+1"],"picked":"SKIP","floor":48}],"player_experience":30062,"relics_obtained":[{"floor":2,"key":"Frozen Egg 2"},{"floor":8,"key":"Anchor"},{"floor":9,"key":"Molten Egg 2"},{"floor":26,"key":"Meat on the Bone"},{"floor":42,"key":"Pocketwatch"},{"floor":43,"key":"Incense Burner"},{"floor":44,"key":"Bag of Preparation"}],"event_choices":[{"damage_healed":0,"gold_gain":0,"player_choice":"Upgraded","damage_taken":0,"max_hp_gain":0,"max_hp_loss":0,"event_name":"Upgrade Shrine","floor":13,"gold_loss":0,"cards_upgraded":["Heavy Blade"]},{"damage_healed":0,"gold_gain":0,"player_choice":"Upgraded","damage_taken":0,"max_hp_gain":0,"max_hp_loss":0,"event_name":"Upgrade Shrine","floor":37,"gold_loss":0,"cards_upgraded":["Strike_R"]},{"damage_healed":0,"gold_gain":0,"player_choice":"Upgrade","damage_taken":0,"max_hp_gain":0,"max_hp_loss":0,"event_name":"Designer","floor":41,"gold_loss":40,"cards_upgraded":["Spot Weakness"]},{"damage_healed":0,"gold_gain":0,"player_choice":"2 cards matched","damage_taken":0,"max_hp_gain":0,"max_hp_loss":0,"event_name":"Match and Keep!","floor":47,"gold_loss":0,"cards_obtained":["Demon Form","Bash"]}],"is_beta":false,"boss_relics":[{"not_picked":["Astrolabe","Cursed Key"],"picked":"Busted Crown"},{"not_picked":["Black Star","Coffee Dripper"],"picked":"Fusion Hammer"}],"items_purged_floors":[38],"is_endless":false,"potions_floor_spawned":[3,11,22,24,28,39,42,46,48],"ascension_level":0}}