{"host":"yb1yv0i4ygq2c9jc","time":1607916582,"event":{"mods":["AchievementEnabler","Act Like it!","Aspiration","BaseMod","Bestiary","Better Altar","Better Match","Better Note","Better Sensory Stone","Better Skull","Better Third Choice","CCEM","CapriCore","ChefMod","Colored Powertips","Displayed Cursed Tome","Elementarium","Fiend Mod","Hermit","Luminous","Magitek Elite","Marked Mod","Mimic Mod","Minty Spire (QoL Compilation)","Pale of the Ancients","Puzzle Mod","Rare Cards Sparkle","Relic Stats","Remilia??????","Replay The Spire","Robot Space Explorer","SOS???????","StSLib","The Clintock","The Edgeheg","The Elementalist","The Immortal","The Necromancer","The Problem Sleuth","The Runesmith","The Senshi","The Servant 0.9.4","TheFirefly","TheVacant","Thieving Mod","Wandering Minibosses"],"gold_per_floor":[117,133,133,147,147,175,188,188,224,224,224],"floor_reached":10,"playtime":600,"items_purged":[],"score":68,"play_id":"6cffac1e-e45b-4d79-8ec7-5fdb58266711","local_time":"20201213192942","is_ascension_mode":false,"campfire_choices":[{"data":"Fiend:FiendDemonWhip","floor":8,"key":"SMITH"}],"circlet_count":0,"master_deck":["Fiend:FiendDemonSlash","Fiend:FiendDemonSlash","Fiend:FiendDemonSlash","Fiend:FiendDemonSlash","Fiend:FiendDemonSlash","Fiend:FiendFortify","Fiend:FiendFortify","Fiend:FiendFortify","Fiend:FiendFortify","Fiend:FiendConsume","Fiend:FiendFleshPlating","Fiend:FiendMeditate","Fiend:FiendBloodlust","Fiend:FiendSliceAndDice","Fiend:FiendDemonWhip+1"],"relics":["Fiend:FiendTotem","NeowsBlessing","Regal Pillow","Bag of Preparation"],"acts_visited":["Exordium"],"potions_floor_usage":[7],"damage_taken":[{"damage":0,"enemies":"Jaw Worm","floor":1,"turns":1},{"damage":0,"enemies":"Cultist","floor":2,"turns":1},{"damage":0,"enemies":"Small Slimes","floor":4,"turns":2},{"damage":24,"enemies":"Replay:BlueRogue","floor":6,"turns":5},{"damage":25,"enemies":"2 Fungi Beasts","floor":7,"turns":6},{"damage":10,"enemies":"Exordium Thugs","floor":9,"turns":12},{"damage":13,"enemies":"3 Sentries","floor":10,"turns":5}],"seed_played":"-1017836399201258013","potions_obtained":[{"floor":3,"key":"Ancient Potion"},{"floor":3,"key":"Flashbang"},{"floor":3,"key":"Adrenaline Potion"},{"floor":6,"key":"SteroidPotion"},{"floor":7,"key":"Elixir"}],"is_trial":false,"path_per_floor":["M","M","?","M","$","E","M","R","MIM","E"],"character_chosen":"THE_FIEND","items_purchased":[],"campfire_rested":0,"item_purchase_floors":[],"current_hp_per_floor":[70,70,70,70,70,46,22,22,20,11,11],"gold":224,"neow_bonus":"THREE_ENEMY_KILL","is_daily":false,"chose_seed":false,"campfire_upgraded":1,"win_rate":0.0,"timestamp":1607916582,"path_taken":["M","M","?","M","$","E","M","R","MIM","E"],"items_purchased_type":[],"build_version":"2020-12-13","purchased_purges":0,"victory":false,"max_hp_per_floor":[70,70,70,70,70,70,70,70,71,71,71],"relic_stats":{"Regal Pillow":0,"counters":[7,32],"Bag of Preparation":[2],"obtain_stats":[{"Regal Pillow":6,"NeowsBlessing":0,"Bag of Preparation":9,"Fiend:FiendTotem":0},{"Regal Pillow":4,"NeowsBlessing":0,"Bag of Preparation":6,"Fiend:FiendTotem":0},{"Regal Pillow":9,"NeowsBlessing":0,"Bag of Preparation":27,"Fiend:FiendTotem":0}]},"card_choices":[{"not_picked":["Fiend:FiendFiendishCharge","Fiend:FiendMeatShield"],"picked":"Fiend:FiendFleshPlating","floor":1},{"not_picked":["Fiend:FiendHarden","Fiend:FiendMutativeArms"],"picked":"Fiend:FiendMeditate","floor":2},{"not_picked":["Fiend:FiendRampage","Fiend:FiendMutativeArms"],"picked":"Fiend:FiendBloodlust","floor":4},{"not_picked":["Fiend:FiendConserve","Fiend:FiendRiskyDice"],"picked":"Fiend:FiendSliceAndDice","floor":6},{"not_picked":["Fiend:FiendRadiation","Fiend:FiendHarden"],"picked":"Fiend:FiendDemonWhip","floor":7}],"player_experience":404331,"relics_obtained":[{"floor":6,"key":"Regal Pillow"},{"floor":9,"key":"Bag of Preparation"}],"event_choices":[{"damage_healed":0,"gold_gain":0,"player_choice":"Got Potions","damage_taken":0,"max_hp_gain":0,"max_hp_loss":0,"event_name":"Lab","floor":3,"gold_loss":0}],"is_beta":false,"boss_relics":[],"items_purged_floors":[],"is_endless":false,"potions_floor_spawned":[6,7],"killed_by":"3 Sentries","ascension_level":0}}