{"host":"2461dio7vetlq1z3","time":1607948813,"event":{"mods":["AchievementEnabler","Aspiration","BaseMod","Hermit","Lobotomy","Minty Spire (QoL Compilation)","Relic Stats","Spicy Shops","StSLib","Waifu the Spire"],"gold_per_floor":[109,120,136,156,156,183,183,183,183,208,227,268,291,315,315,419,419],"floor_reached":16,"playtime":786,"items_purged":[],"score":249,"play_id":"2dd85aec-65d2-496d-a585-91da70141a55","local_time":"20201214132653","is_ascension_mode":true,"campfire_choices":[{"floor":15,"key":"DIG"}],"circlet_count":0,"master_deck":["hermit:Strike_Hermit","hermit:Strike_Hermit","hermit:Strike_Hermit","hermit:Strike_Hermit","hermit:Defend_Hermit+1","hermit:Defend_Hermit+1","hermit:Defend_Hermit+1","hermit:Defend_Hermit+1","hermit:Snapshot+1","hermit:Covet+1","hermit:Enervate","hermit:LowProfile+1","hermit:Combo","hermit:EyeOfTheStorm+1","hermit:BlackWind","hermit:RoundhouseKick","hermit:HoleUp","hermit:BlackWind","hermit:Gestalt","hermit:TrackingShot"],"relics":["hermit:Momento","Shovel","Pocketwatch","Question Card","Smiling Mask","CeramicFish","The Courier"],"acts_visited":["Exordium"],"potions_floor_usage":[4,12,16],"damage_taken":[{"damage":2,"enemies":"Jaw Worm","floor":1,"turns":3},{"damage":0,"enemies":"Small Slimes","floor":2,"turns":3},{"damage":0,"enemies":"Cultist","floor":3,"turns":3},{"damage":28,"enemies":"Gremlin Gang","floor":4,"turns":6},{"damage":10,"enemies":"Lagavulin","floor":6,"turns":8},{"damage":16,"enemies":"Gremlin Nob","floor":10,"turns":3},{"damage":10,"enemies":"Large Slime","floor":11,"turns":3},{"damage":0,"enemies":"Lagavulin","floor":12,"turns":3},{"damage":0,"enemies":"2 Fungi Beasts","floor":13,"turns":2},{"damage":0,"enemies":"Blue Slaver","floor":14,"turns":1},{"damage":13,"enemies":"Slime Boss","floor":16,"turns":9}],"seed_played":"-4322526352631639446","potions_obtained":[{"floor":1,"key":"SkillPotion"},{"floor":6,"key":"Regen Potion"},{"floor":10,"key":"Fire Potion"},{"floor":12,"key":"PowerPotion"},{"floor":14,"key":"Block Potion"},{"floor":16,"key":"EssenceOfSteel"}],"is_trial":false,"path_per_floor":["M","M","M","M","?","E","?","T","T","E","M","E","M","M","R","B"],"character_chosen":"HERMIT","items_purchased":[],"campfire_rested":0,"item_purchase_floors":[],"current_hp_per_floor":[73,73,73,45,45,35,35,35,35,19,9,18,18,18,18,5,5],"gold":419,"neow_bonus":"RANDOM_COMMON_RELIC","is_daily":false,"chose_seed":false,"campfire_upgraded":0,"win_rate":0.0,"timestamp":1607948813,"path_taken":["M","M","M","M","?","E","?","?","T","E","M","E","M","M","R","BOSS"],"items_purchased_type":[],"build_version":"2020-12-13","purchased_purges":0,"victory":false,"max_hp_per_floor":[75,75,75,75,75,75,75,75,75,75,75,75,75,75,75,75,75],"relic_stats":{"Shovel":1,"counters":[11,44],"CeramicFish":27,"Question Card":6,"Smiling Mask":0,"obtain_stats":[{"Regal Pillow":0,"Shovel":6,"CeramicFish":12,"The Courier":15,"Question Card":9,"Smiling Mask":10,"hermit:Momento":0,"Pocketwatch":8},{"Regal Pillow":0,"Shovel":5,"CeramicFish":8,"The Courier":10,"Question Card":5,"Smiling Mask":6,"hermit:Momento":0,"Pocketwatch":5},{"Regal Pillow":0,"Shovel":23,"CeramicFish":32,"The Courier":35,"Question Card":23,"Smiling Mask":26,"hermit:Momento":0,"Pocketwatch":23}],"Pocketwatch":[21]},"card_choices":[{"not_picked":["hermit:LoneWolf","hermit:BodyArmor"],"picked":"hermit:Enervate","floor":1},{"not_picked":["hermit:TakeCover","hermit:Quickdraw"],"picked":"hermit:LowProfile","floor":2},{"not_picked":["hermit:Midnight","hermit:Vantage"],"picked":"hermit:Combo","floor":3},{"not_picked":["hermit:ItchyTrigger","hermit:BigShot"],"picked":"hermit:EyeOfTheStorm","floor":4},{"not_picked":["hermit:Deadeye","hermit:BodyArmor"],"picked":"hermit:BlackWind","floor":6},{"not_picked":["hermit:HighCaliber","hermit:FullyLoaded","hermit:Shortfuse"],"picked":"hermit:RoundhouseKick","floor":10},{"not_picked":["hermit:BodyArmor","hermit:Brawl","hermit:CalledShot"],"picked":"hermit:HoleUp","floor":11},{"not_picked":["hermit:SprayPray","hermit:Coalescence","hermit:Determination"],"picked":"hermit:BlackWind","floor":12},{"not_picked":["hermit:TakeCover","hermit:Snipe","hermit:Ricochet"],"picked":"hermit:Gestalt","floor":13},{"not_picked":["hermit:Misfire","hermit:Dive","hermit:HighCaliber"],"picked":"hermit:TrackingShot","floor":14}],"player_experience":712751,"relics_obtained":[{"floor":6,"key":"Shovel"},{"floor":8,"key":"Pocketwatch"},{"floor":9,"key":"Question Card"},{"floor":10,"key":"Smiling Mask"},{"floor":12,"key":"CeramicFish"},{"floor":15,"key":"The Courier"}],"event_choices":[{"damage_healed":0,"gold_gain":0,"player_choice":"Grow","damage_taken":0,"max_hp_gain":0,"max_hp_loss":0,"event_name":"Living Wall","floor":5,"gold_loss":0,"cards_upgraded":["hermit:Snapshot"]}],"is_beta":false,"boss_relics":[],"items_purged_floors":[],"is_endless":false,"potions_floor_spawned":[1,6,10,12,14,16],"killed_by":"Slime Boss","ascension_level":5}}