{"host":"5uvzo7moqy5vd63g","time":1607915608,"event":{"mods":["Aspiration","BaseMod","Conspire","Dio Mod","Downfall","Hermit","Hubris","Jedi Mod","Jorbs\u0027s Wanderer Trilogy","Mimic Mod","Minty Spire (QoL Compilation)","Replay The Spire","StSLib","The Animator","Wandering Minibosses"],"gold_per_floor":[99,114,129,143,47,87,87,87,187,217,248,263,13,25,43,163,163,88,1,1,31,62,79,111,140,65,99,112,122,215,225,240,240,240],"floor_reached":33,"playtime":3234,"items_purged":["animator:Defend_OwariNoSeraph","Injury"],"score":433,"play_id":"d751e2c7-8bd5-44bf-99bb-e7d1b3f4ed61","local_time":"20201213221328","is_ascension_mode":true,"campfire_choices":[{"data":"animator:ElricEdward","floor":1,"key":"SMITH"},{"floor":18,"key":"RECALL"},{"data":"animator:Shalltear","floor":26,"key":"SMITH"}],"circlet_count":0,"master_deck":["animator:Strike_FullmetalAlchemist","animator:Defend_FullmetalAlchemist","animator:ElricEdward+1","animator:ElricAlphonse","animator:NarberalGamma","animator:ElricEdward","animator:AcuraTooru","animator:Strike_GoblinSlayer","animator:Strike_Overlord","animator:Strike_FullmetalAlchemist","animator:Defend_NoGameNoLife","animator:Defend_HitsugiNoChaika","animator:Scar","animator:Sebas+1","animator:Pride+1","animator:MaesHughes+1","animator:Sebas+1","animator:Gluttony+1","animator:QuestionMark+1","animator:Layla","animator:Envy","animator:Guy+1","animator:Saitama+1","animator:Melzalgald","animator:Shalltear+1","animator:Sloth","animator:Viivi","animator:FeridBathory","animator:Sebas+1","animator:MaesHughes+1","animator:Arpeggio+1","animator:MamizouFutatsuiwa+1","animator:RoyMustang"],"relics":["animator:LivingPicture","animator:TheMissingPiece","animator:PurgingStone","Toy Ornithopter","hubris:64BitClover","Toxic Egg 2","Potion Belt","Replay:Bottled Steam","Philosopher\u0027s Stone","aspiration:PoetsPen_weak","downfall:HeartBlessingGreen","Bottled Lightning","aspiration:HummingbirdHeart","Snack Pack","Blood Vial","downfall:HeartBlessingRed","Omamori"],"acts_visited":["Exordium","TheCity"],"potions_floor_usage":[9,10,11,12,16,16,19,22,22,33,33],"damage_taken":[{"damage":6,"enemies":"Small Slimes","floor":2,"turns":4},{"damage":0,"enemies":"2 Louse","floor":3,"turns":3},{"damage":0,"enemies":"Cultist","floor":4,"turns":3},{"damage":14,"enemies":"Gremlin Nob","floor":6,"turns":4},{"damage":33,"enemies":"downfall:LadyInBlue","floor":9,"turns":9},{"damage":22,"enemies":"Lagavulin","floor":10,"turns":7},{"damage":12,"enemies":"3 Louse","floor":11,"turns":2},{"damage":0,"enemies":"Gremlin Gang","floor":12,"turns":3},{"damage":1,"enemies":"downfall:FleeingMerchant","floor":13,"turns":4},{"damage":0,"enemies":"Large Slime","floor":14,"turns":5},{"damage":0,"enemies":"2 Fungi Beasts","floor":15,"turns":2},{"damage":37,"enemies":"downfall:Ironclad","floor":16,"turns":5},{"damage":6,"enemies":"downfall:FleeingMerchant","floor":19,"turns":4},{"damage":2,"enemies":"Shell Parasite","floor":21,"turns":3},{"damage":32,"enemies":"Book of Stabbing","floor":22,"turns":5},{"damage":0,"enemies":"3 Byrds","floor":23,"turns":3},{"damage":0,"enemies":"Cultist and Chosen","floor":24,"turns":4},{"damage":0,"enemies":"Gremlin Leader","floor":25,"turns":3},{"damage":3,"enemies":"Book of Stabbing","floor":27,"turns":4},{"damage":0,"enemies":"Cultist and Chosen","floor":28,"turns":4},{"damage":10,"enemies":"Shelled Parasite and Fungi","floor":29,"turns":3},{"damage":0,"enemies":"downfall:FleeingMerchant","floor":30,"turns":1},{"damage":0,"enemies":"Snecko","floor":31,"turns":4},{"damage":0,"enemies":"Sentry and Sphere","floor":32,"turns":3},{"damage":56,"enemies":"downfall:Watcher","floor":33,"turns":4}],"seed_played":"-8216436160243950181","potions_obtained":[{"floor":2,"key":"Block Potion"},{"floor":6,"key":"SpeedPotion"},{"floor":9,"key":"Reflective Coating"},{"floor":9,"key":"FairyPotion"},{"floor":9,"key":"Guardian:BlockOnCardUsePotion"},{"floor":10,"key":"animator:FalseLifePotion"},{"floor":12,"key":"LiquidBronze"},{"floor":14,"key":"FearPotion"},{"floor":16,"key":"sneckomod:MuddlingPotion"},{"floor":25,"key":"Elixir"},{"floor":27,"key":"jedi:wingpotion"},{"floor":28,"key":"SpeedPotion"},{"floor":29,"key":"BlessingOfTheForge"},{"floor":31,"key":"jedi:tentaclejuice"},{"floor":32,"key":"Swift Potion"}],"is_trial":false,"path_per_floor":["R","M","M","M","?","E","T","?","?","E","M","M","$","M","M","B",null,"R","$","?","M","E","M","MIM","E","R","E","M","M","$","M","M","B"],"character_chosen":"THE_ANIMATOR","items_purchased":["animator:Gluttony+1","animator:QuestionMark+1","jedi:tentaclejuice","animator:Arpeggio+1","animator:MamizouFutatsuiwa+1"],"campfire_rested":0,"item_purchase_floors":[13,13,19,30,30],"current_hp_per_floor":[72,66,66,66,66,52,52,52,24,8,1,7,6,10,10,12,35,35,38,26,24,7,11,17,29,29,36,42,38,46,46,46,0,0],"gold":240,"neow_bonus":"TEN_PERCENT_HP_BONUS","is_daily":false,"chose_seed":false,"campfire_upgraded":2,"win_rate":0.0,"timestamp":1607915608,"path_taken":["R","M","M","M","?","E","T","?","?","E","?","M","$","M","M","BOSS","R","$","?","M","E","M","MIM","E","R","E","M","M","$","M","M","BOSS"],"items_purchased_type":["Card","Card","Potion","Card","Card"],"build_version":"2020-11-30","purchased_purges":2,"victory":false,"max_hp_per_floor":[72,72,72,72,72,72,72,72,72,73,42,43,43,43,43,43,43,43,43,43,43,44,44,46,46,46,46,46,46,46,46,46,46,46],"card_choices":[{"not_picked":["animator:Evileye","animator:Demiurge"],"picked":"animator:NarberalGamma","floor":2},{"not_picked":["animator:Raven","animator:MumenRider"],"picked":"animator:ElricEdward","floor":3},{"not_picked":["animator:ElricEdward","animator:Ara"],"picked":"animator:AcuraTooru","floor":4},{"not_picked":["animator:Gluttony","animator:ElricAlphonse"],"picked":"animator:Scar","floor":6},{"not_picked":["animator:Cocytus","animator:Entoma"],"picked":"animator:Sebas+1","floor":9},{"not_picked":["animator:Entoma","animator:WinryRockbell"],"picked":"animator:Father+1","floor":10},{"not_picked":["animator:Shalltear","animator:Sonic+1"],"picked":"animator:Pride+1","floor":11},{"not_picked":["animator:ElricEdward","animator:Pride+1"],"picked":"animator:MaesHughes+1","floor":12},{"not_picked":["animator:SilverFang+1","animator:MetalKnight"],"picked":"animator:Sebas+1","floor":13},{"not_picked":["animator:Rider+1","animator:Yoichi+1","animator:ShinjiMatou+1"],"picked":"SKIP","floor":14},{"not_picked":["animator:LizardPriest+1","animator:Bozes"],"picked":"animator:Layla","floor":15},{"not_picked":["animator:Gilgamesh","animator:FeridBathory"],"picked":"animator:Envy","floor":16},{"not_picked":["animator:AcuraTooru","animator:ChaikaBohdan"],"picked":"animator:Guy+1","floor":19},{"not_picked":["animator:Ciel+1","animator:ElricAlphonse+1"],"picked":"animator:Saitama+1","floor":21},{"not_picked":["animator:Sloth","animator:SakuraMatou+1"],"picked":"animator:Melzalgald","floor":22},{"not_picked":["animator:ChaikaBohdan","animator:AcuraTooru+1"],"picked":"animator:Shalltear","floor":23},{"not_picked":["animator:Demiurge+1","animator:ElricAlphonse+1"],"picked":"animator:Sloth","floor":24},{"not_picked":["animator:ChaikaBohdan","animator:Layla"],"picked":"animator:Viivi","floor":25},{"not_picked":["animator:Ain","animator:ElricAlphonse+1"],"picked":"animator:FeridBathory","floor":27},{"not_picked":["animator:Gillette","animator:ElricEdward","animator:Lu"],"picked":"SKIP","floor":28},{"not_picked":["animator:Gillette","animator:Layla+1"],"picked":"animator:Sebas+1","floor":29},{"not_picked":["animator:Scar","animator:ElricEdward"],"picked":"animator:MaesHughes+1","floor":30},{"not_picked":["animator:ElricEdward","animator:Assassin","animator:Entoma"],"picked":"SKIP","floor":31},{"not_picked":["animator:Illya+1","animator:Gillette"],"picked":"animator:RoyMustang","floor":32}],"player_experience":1290539,"relics_obtained":[{"floor":6,"key":"Toy Ornithopter"},{"floor":7,"key":"hubris:64BitClover"},{"floor":9,"key":"Potion Belt"},{"floor":10,"key":"Replay:Bottled Steam"},{"floor":22,"key":"Bottled Lightning"},{"floor":23,"key":"aspiration:HummingbirdHeart"},{"floor":24,"key":"Snack Pack"},{"floor":25,"key":"Blood Vial"},{"floor":27,"key":"Omamori"}],"event_choices":[],"is_beta":false,"boss_relics":[{"not_picked":["Coffee Dripper","Replay:Drink Me"],"picked":"aspiration:PoetsPen_weak"}],"items_purged_floors":[13,30],"is_endless":false,"potions_floor_spawned":[2,6,10,12,14,16,25,27,28,29,31,32],"killed_by":"downfall:Watcher","ascension_level":5}}