{"host":"3j2m8n0ywf988fwb","time":1607975470,"event":{"mods":["BaseMod","Colored Map","Colored Powertips","Downfall","Highlight Path","Minty Spire (QoL Compilation)","StSLib"],"gold_per_floor":[99,157,157,7,7,32,32,59,76,1,1,80,80,80,80,181,181,106,123,19,30,50,50,99,128,138,138,138],"floor_reached":27,"playtime":1726,"items_purged":[],"score":350,"play_id":"cc2c654e-fcd6-43a4-a605-6ba30b30ed95","local_time":"20201214135110","is_ascension_mode":true,"campfire_choices":[{"data":"Guardian:CurlUp","floor":1.0,"key":"SMITH"},{"data":"Guardian:TwinSlam","floor":5.0,"key":"SMITH"},{"data":"Guardian:RefractedBeam","floor":10,"key":"SMITH"},{"data":"Guardian:GemFinder","floor":18,"key":"SMITH"},{"data":"Guardian:RefractedBeam+1","floor":23,"key":"SMITH"}],"circlet_count":0,"master_deck":["Guardian:Defend_Guardian","Guardian:Defend_Guardian","Guardian:Defend_Guardian","Guardian:CurlUp+1","Guardian:TwinSlam+1","Guardian:Incinerate","Guardian:ShieldCharger","Guardian:ArmoredProtocol","Guardian:RefractedBeam+2","Guardian:RollAttack","Guardian:GemFinder+1","Guardian:SpikerProtocol+1","Guardian:RevengeProtocol+1","Guardian:Preprogram","Guardian:TemporalStrike","Guardian:PrimingBeam+1","Guardian:PrimingBeam","Guardian:Gem_Lightblue","Guardian:Harden+1","Guardian:Gem_Lightblue","Guardian:ConstructionForm"],"relics":["Guardian:ModeShifter","downfall:HeartsMalice","StoneCalendar","Guardian:DefensiveModeMoreBlock","Ornamental Fan","Sundial","downfall:HeartBlessingGreen","Astrolabe","downfall:HeartBlessingBlue","Toy Ornithopter","Happy Flower"],"acts_visited":["Exordium","TheCity"],"potions_floor_usage":[22],"damage_taken":[{"damage":0.0,"enemies":"3 Sentries","floor":2.0,"turns":1.0},{"damage":0.0,"enemies":"2 Louse","floor":3.0,"turns":1.0},{"damage":0.0,"enemies":"Lagavulin","floor":6.0,"turns":1.0},{"damage":26.0,"enemies":"Gremlin Nob","floor":8.0,"turns":6.0},{"damage":4,"enemies":"Jaw Worm","floor":9,"turns":4},{"damage":0,"enemies":"Cultist","floor":15,"turns":1},{"damage":26,"enemies":"downfall:Silent","floor":16,"turns":9},{"damage":8,"enemies":"Chosen","floor":19,"turns":5},{"damage":0,"enemies":"downfall:FleeingMerchant","floor":20,"turns":4},{"damage":0,"enemies":"Shell Parasite","floor":21,"turns":5},{"damage":15,"enemies":"Snake Plant","floor":22,"turns":4},{"damage":30,"enemies":"Book of Stabbing","floor":25,"turns":5},{"damage":4,"enemies":"3 Cultists","floor":26,"turns":6},{"damage":37,"enemies":"Gremlin Leader","floor":27,"turns":4}],"seed_played":"-6624056925558420963","potions_obtained":[{"floor":9,"key":"Fruit Juice"},{"floor":16,"key":"sneckomod:MuddlingPotion"},{"floor":21,"key":"Dexterity Potion"},{"floor":22,"key":"champ:CounterPotion"}],"is_trial":false,"path_per_floor":["R","?","M","?","R","E","T","E","M","R","?","T","?","?","M","B",null,"R","M","$","M","M","R","T","E","M","E"],"character_chosen":"GUARDIAN","items_purchased":["Guardian:Preprogram","Guardian:TemporalStrike"],"campfire_rested":0,"item_purchase_floors":[20,20],"current_hp_per_floor":[80,80,80,90,90,90,90,64,60,60,60,60,60,60,60,34,76,86,78,78,78,68,68,68,38,34,0,0],"gold":138,"neow_bonus":"THREE_ENEMY_KILL","is_daily":false,"chose_seed":false,"campfire_upgraded":5,"win_rate":0.0,"timestamp":1607975470,"path_taken":["R","?","M","?","R","E","T","E","?","R","?","?","?","?","M","BOSS","R","M","$","M","M","R","T","E","M","E"],"items_purchased_type":["Card","Card"],"build_version":"2020-12-13","purchased_purges":0,"victory":false,"max_hp_per_floor":[80,80,80,90,90,90,90,90,90,90,90,90,90,90,90,90,90,100,100,100,100,105,105,105,105,105,105,105],"card_choices":[{"not_picked":["Guardian:Planning","Guardian:ChargeCore"],"picked":"Guardian:Incinerate","floor":2.0},{"not_picked":["Guardian:Planning","Guardian:Gem_Purple"],"picked":"Guardian:ShieldCharger","floor":3.0},{"not_picked":["Guardian:ShieldCharger","Guardian:Suspension"],"picked":"Guardian:Gem_Cyan","floor":6.0},{"not_picked":["Guardian:Clone","Guardian:FuturePlans"],"picked":"Guardian:ArmoredProtocol","floor":8},{"not_picked":["Guardian:GemFinder","Guardian:Gem_Red"],"picked":"Guardian:RefractedBeam","floor":9},{"not_picked":["Guardian:FloatingOrbs","Guardian:Reroute"],"picked":"Guardian:RollAttack","floor":15},{"not_picked":["Guardian:GemFire","Guardian:FastForward"],"picked":"Guardian:GemFinder","floor":16},{"not_picked":["Guardian:Gem_Cyan","Guardian:Gem_Lightblue"],"picked":"Guardian:Gem_Green","floor":19},{"not_picked":["Guardian:Suspension","Guardian:Recover","Guardian:CrystalBeam"],"picked":"SKIP","floor":19},{"not_picked":["Guardian:RollAttack","Guardian:Emergency","Guardian:Incinerate"],"picked":"SKIP","floor":20},{"not_picked":["Guardian:Gem_Red","Guardian:Gem_Cyan"],"picked":"Guardian:Gem_Lightblue","floor":21},{"not_picked":["Guardian:FloatingOrbs","Guardian:WalkerClaw"],"picked":"Guardian:PrimingBeam+1","floor":21},{"not_picked":["Guardian:TimeCapacitor+1","Guardian:Recover+1"],"picked":"Guardian:PrimingBeam","floor":22},{"not_picked":["Guardian:Gem_Green","Guardian:Gem_Cyan"],"picked":"Guardian:Gem_Lightblue","floor":22},{"not_picked":["Guardian:Gem_Red","Guardian:Gem_Cyan"],"picked":"Guardian:Gem_Lightblue","floor":25},{"not_picked":["Guardian:TemporalShield","Guardian:Gem_Lightblue"],"picked":"Guardian:Harden+1","floor":25},{"not_picked":["Guardian:Gem_Cyan","Guardian:Gem_Red"],"picked":"Guardian:Gem_Lightblue","floor":26},{"not_picked":["Guardian:Gem_Yellow","Guardian:Gem_Purple"],"picked":"Guardian:ConstructionForm","floor":26}],"player_experience":924366,"relics_obtained":[{"floor":2.0,"key":"StoneCalendar"},{"floor":6.0,"key":"Guardian:DefensiveModeMoreBlock"},{"floor":7.0,"key":"Ornamental Fan"},{"floor":8,"key":"Sundial"},{"floor":24,"key":"Toy Ornithopter"},{"floor":25,"key":"Happy Flower"}],"event_choices":[{"cards_removed":["Guardian:Strike_Guardian"],"damage_healed":0,"gold_gain":0,"player_choice":"Card Removal","damage_taken":0,"max_hp_gain":0,"max_hp_loss":0,"event_name":"The Cleric","floor":11,"gold_loss":0}],"is_beta":false,"boss_relics":[{"not_picked":["Fusion Hammer","Tiny House"],"picked":"Astrolabe"}],"items_purged_floors":[],"is_endless":false,"potions_floor_spawned":[9,16,21,22,26],"killed_by":"Gremlin Leader","ascension_level":5}}