{"host":"z7byfb4bpt09dh7e","time":1607910820,"event":{"mods":["Aspiration","BaseMod","BetterRewards","Displayed Cursed Tome","Downfall","Infinite Spire","Minty Spire (QoL Compilation)","StSLib","The Blue Laboratory","Uncapped"],"gold_per_floor":[112,387,407,582,582,610,610,69,92,119,119,139,155,58,58,153,153,172,172,172,172,190,190,200,230,257,271,271,271,271,284,284,388,388,404,424,114,126,181,216,216,216,216],"floor_reached":42,"playtime":2804,"items_purged":["Doubt"],"score":579,"play_id":"b5dabb62-f12f-4f87-9669-bbffcd386e42","local_time":"20201213205340","is_ascension_mode":false,"campfire_choices":[{"data":"Collect","floor":7,"key":"SMITH"},{"floor":15,"key":"REST"},{"data":"Establishment","floor":23,"key":"SMITH"},{"floor":28,"key":"REST"},{"floor":30,"key":"REST"},{"floor":32,"key":"REST"}],"circlet_count":0,"master_deck":["Strike_P+1","Strike_P","Strike_P","Strike_P","Defend_P","Defend_P","Defend_P","Defend_P","Eruption","Vigilance","SignatureMove+1","Collect+1","SandsOfTime","Vault+1","Enlightenment+1","Perseverance+1","ForeignInfluence+1","EmptyFist","expansioncontent:CaCaw","Establishment+1","SandsOfTime","infinitespire:DeathsTouch","Swivel+1","Wireheading","Collect+1","Evaluate+1","MasterReality","Consecrate+1","BowlingBash+1","Worship+1","CutThroughFate","Wish+1","WheelKick+1","Consecrate+1","Evaluate+1","SandsOfTime+1","Master of Strategy+1","Prostrate+1","Nirvana","Evaluate+1","Consecrate+1","FlyingSleeves+1","Ragnarok"],"relics":["PureWater","NeowsBlessing","Gremlin Horn","aspiration:Lifesprig","Toxic Egg 2","Bronze Scales","Whetstone","Philosopher\u0027s Stone","Bag of Preparation","Prayer Wheel","infinitespire:Lucky Rock","infinitespire:PuzzleCube","aspiration:RitualStick","aspiration:PoetsPen_weak","Gambling Chip","Ancient Tea Set"],"acts_visited":["Exordium","TheCity","TheBeyond"],"potions_floor_usage":[10,13,24,24,39,40,40],"damage_taken":[{"damage":0,"enemies":"Jaw Worm","floor":1,"turns":1},{"damage":0,"enemies":"Cultist","floor":3,"turns":1},{"damage":2,"enemies":"3 Sentries","floor":6,"turns":2},{"damage":4,"enemies":"Gremlin Nob","floor":10,"turns":3},{"damage":7,"enemies":"2 Louse","floor":12,"turns":4},{"damage":7,"enemies":"Lots of Slimes","floor":13,"turns":5},{"damage":20,"enemies":"Hexaghost","floor":16,"turns":6},{"damage":2,"enemies":"Chosen","floor":18,"turns":4},{"damage":0,"enemies":"Spheric Guardian","floor":22,"turns":2},{"damage":17,"enemies":"Snake Plant","floor":24,"turns":1},{"damage":4,"enemies":"Gremlin Leader","floor":25,"turns":6},{"damage":17,"enemies":"Centurion and Healer","floor":27,"turns":4},{"damage":0,"enemies":"Snecko","floor":31,"turns":4},{"damage":9,"enemies":"Automaton","floor":33,"turns":5},{"damage":14,"enemies":"3 Darklings","floor":35,"turns":2},{"damage":20,"enemies":"Orb Walker","floor":36,"turns":2},{"damage":2,"enemies":"Spire Growth","floor":38,"turns":3},{"damage":20,"enemies":"2 Orb Walkers","floor":39,"turns":3},{"damage":0,"enemies":"Nemesis","floor":40,"turns":6}],"seed_played":"-1196466484487925358","potions_obtained":[{"floor":3,"key":"blueLaboratory:PressurePotion"},{"floor":10,"key":"FearPotion"},{"floor":12,"key":"SkillPotion"},{"floor":18,"key":"AttackPotion"},{"floor":31,"key":"blueLaboratory:BottleOfVodka"},{"floor":33,"key":"blueLaboratory:ImpenetrablePotion"},{"floor":35,"key":"blueLaboratory:BubblePotion"},{"floor":40,"key":"blueLaboratory:Moonshine"}],"is_trial":false,"path_per_floor":["M","?","M","?","?","E","R","$","T","E","?","M","M","$","R","B",null,"M","?","T","AVR","M","R","M","E","T","M","R","?","R","M","R","B",null,"M","M","$","M","?","E","?","M"],"character_chosen":"WATCHER","items_purchased":["Toxic Egg 2","Vault+1","Enlightenment+1","expansioncontent:CaCaw","Master of Strategy+1","Prostrate+1","Nirvana"],"campfire_rested":4,"item_purchase_floors":[8,8,8,14,37,37,37],"current_hp_per_floor":[72,72,72,72,65,63,63,63,63,59,59,52,45,45,66,46,72,70,57,57,57,57,57,40,36,36,19,42,27,50,50,73,64,77,63,43,43,41,21,21,29,0,0],"gold":216,"neow_bonus":"THREE_ENEMY_KILL","is_daily":false,"chose_seed":false,"campfire_upgraded":2,"win_rate":0.0,"timestamp":1607910820,"path_taken":["M","?","?","?","?","E","R","$","T","E","?","M","?","$","R","BOSS","M","?","?","AVR","M","R","M","E","T","?","R","?","R","M","R","BOSS","M","M","$","M","?","E","?","M"],"items_purchased_type":["Relic","Card","Card","Card","Card","Card","Card"],"build_version":"2020-12-13","purchased_purges":1,"victory":false,"max_hp_per_floor":[72,72,72,72,72,72,72,72,72,72,72,72,72,72,72,72,72,72,77,77,77,77,77,77,77,77,77,77,77,77,77,77,77,77,77,77,77,77,77,77,77,77,77],"card_choices":[{"not_picked":["FollowUp","CrushJoints"],"picked":"SignatureMove","floor":1},{"not_picked":["FollowUp","Tantrum"],"picked":"Collect","floor":3},{"not_picked":["ClearTheMind","Crescendo"],"picked":"SandsOfTime","floor":6},{"not_picked":["CrushJoints","FearNoEvil"],"picked":"Perseverance+1","floor":10},{"not_picked":["EmptyFist","Consecrate"],"picked":"ForeignInfluence+1","floor":12},{"not_picked":["BowlingBash","FollowUp"],"picked":"EmptyFist","floor":13},{"not_picked":["ConjureBlade+1","Blasphemy+1"],"picked":"Establishment","floor":16},{"not_picked":["Protect+1","Vengeance+1"],"picked":"SandsOfTime","floor":18},{"not_picked":["FlurryOfBlows+1","CrushJoints"],"picked":"Swivel+1","floor":22},{"not_picked":["EmptyFist","FlyingSleeves+1"],"picked":"Wireheading","floor":22},{"not_picked":["EmptyBody+1","SashWhip"],"picked":"Collect+1","floor":24},{"not_picked":["ThirdEye+1","TalkToTheHand"],"picked":"Evaluate+1","floor":24},{"not_picked":["ThirdEye+1","TalkToTheHand+1"],"picked":"MasterReality","floor":25},{"not_picked":["PathToVictory+1","JustLucky"],"picked":"Consecrate+1","floor":27},{"not_picked":["PathToVictory+1","FlyingSleeves"],"picked":"BowlingBash+1","floor":27},{"not_picked":["Protect+1","FearNoEvil+1"],"picked":"Worship+1","floor":31},{"not_picked":["Study","Fasting2"],"picked":"CutThroughFate","floor":31},{"not_picked":["SpiritShield+1","Alpha+1"],"picked":"Wish+1","floor":33},{"not_picked":["CrushJoints+1","ClearTheMind+1"],"picked":"WheelKick+1","floor":35},{"not_picked":["ThirdEye+1","BowlingBash"],"picked":"Consecrate+1","floor":35},{"not_picked":["Vengeance+1","EmptyBody+1"],"picked":"Evaluate+1","floor":36},{"not_picked":["CarveReality","ForeignInfluence+1"],"picked":"SandsOfTime+1","floor":36},{"not_picked":["FlurryOfBlows+1","LessonLearned"],"picked":"Evaluate+1","floor":38},{"not_picked":["EmptyFist","CrushJoints"],"picked":"Consecrate+1","floor":38},{"not_picked":["CarveReality","Halt+1"],"picked":"FlyingSleeves+1","floor":39},{"not_picked":["CrushJoints","EmptyFist"],"picked":"Ragnarok","floor":40}],"player_experience":248385,"relics_obtained":[{"floor":6,"key":"aspiration:Lifesprig"},{"floor":9,"key":"Bronze Scales"},{"floor":10,"key":"Whetstone"},{"floor":20,"key":"Bag of Preparation"},{"floor":25,"key":"infinitespire:Lucky Rock"},{"floor":26,"key":"infinitespire:PuzzleCube"},{"floor":39,"key":"Gambling Chip"},{"floor":40,"key":"Ancient Tea Set"}],"event_choices":[{"damage_healed":0,"gold_gain":275,"player_choice":"Desecrate","damage_taken":0,"max_hp_gain":0,"max_hp_loss":0,"event_name":"Golden Shrine","floor":2,"gold_loss":0,"cards_obtained":["Regret"]},{"damage_healed":0,"gold_gain":175,"player_choice":"AGREE","damage_taken":0,"max_hp_gain":0,"max_hp_loss":0,"event_name":"Liars Game","floor":4,"gold_loss":0,"cards_obtained":["Doubt"]},{"damage_healed":0,"gold_gain":0,"player_choice":"Success","damage_taken":7,"relics_obtained":["Gremlin Horn"],"max_hp_gain":0,"max_hp_loss":0,"event_name":"Scrap Ooze","floor":5,"gold_loss":0},{"cards_removed":["Regret"],"damage_healed":0,"gold_gain":0,"player_choice":"Removed Curses","damage_taken":0,"max_hp_gain":0,"max_hp_loss":0,"event_name":"Fountain of Cleansing","floor":11,"gold_loss":0},{"damage_healed":0,"gold_gain":0,"player_choice":"Shed Blood","damage_taken":18,"max_hp_gain":5,"max_hp_loss":0,"event_name":"Forgotten Altar","floor":19,"gold_loss":0},{"damage_healed":0,"gold_gain":0,"player_choice":"Fight","damage_taken":0,"max_hp_gain":0,"max_hp_loss":0,"event_name":"Mysterious Sphere","floor":39,"gold_loss":0}],"is_beta":false,"boss_relics":[{"not_picked":["infinitespire:Cupcake","aspiration:RunicSpoon"],"picked":"Philosopher\u0027s Stone"},{"not_picked":["aspiration:RitualDagger","Coffee Dripper"],"picked":"aspiration:PoetsPen_weak"}],"items_purged_floors":[8],"is_endless":false,"potions_floor_spawned":[3,10,12,18,31,33,35,40],"killed_by":"4 Shapes","ascension_level":0}}