{"host":"fj97s2ebyjeio3oc","time":1607965132,"event":{"mods":["AchievementEnabler","BaseMod","Colored Map","Colored Powertips","Hermit","Hubris","Infinite Spire","Koishi","Minty Spire (QoL Compilation)","StSLib","The Animator","The Bug Knight","The Cursed","The Disciple","The Jungle","The Necromancer"],"gold_per_floor":[119,135,135,60,78,78,95,95,95,95,24,40,68,78,78,182,182,196,216,234,37,52,64,78,78,78,78,78,78,108,136,148,262,274,301,313,342,130,143,143,161,161,161,176,176,176,176,22,22,129,129,139,141,141,141,10,10,0,0],"floor_reached":58,"playtime":6753,"items_purged":["hermit:Defend_Hermit","hermit:Reprieve","hermit:Strike_Hermit","hermit:Strike_Hermit"],"score":760,"play_id":"d7f759db-78df-4987-8d0f-6af36e993e8c","local_time":"20201214175852","is_ascension_mode":false,"campfire_choices":[{"data":"hermit:Dive","floor":6.0,"key":"SMITH"},{"data":"hermit:TrackingShot","floor":8.0,"key":"SMITH"},{"data":"hermit:Defend_Hermit","floor":10.0,"key":"SMITH"},{"data":"hermit:TakeAim","floor":15.0,"key":"SMITH"},{"floor":27.0,"key":"REST"},{"floor":29.0,"key":"REST"},{"floor":32.0,"key":"REST"},{"data":"hermit:Dive","floor":40.0,"key":"SMITH"},{"floor":42.0,"key":"REST"},{"data":"hermit:GhostlyPresence","floor":47.0,"key":"SMITH"},{"data":"hermit:GhostlyPresence","floor":49.0,"key":"SMITH"},{"data":"hermit:Strike_Hermit","floor":57,"key":"SMITH"}],"circlet_count":0,"master_deck":["hermit:Strike_Hermit","hermit:Strike_Hermit+1","hermit:Defend_Hermit","hermit:Defend_Hermit","hermit:Snapshot","hermit:Covet","hermit:Dive+1","hermit:TrackingShot+1","hermit:Dive+1","hermit:GhostlyPresence+1","hermit:TakeAim+1","hermit:LoneWolf","hermit:Quickdraw+1","CurseOfTheBell","hermit:Gestalt+1","hermit:BigShot+1","hermit:NoHoldsBarred+1","hermit:BigShot+1","hermit:Enervate+1","hermit:GhostlyPresence+1","hermit:ShadowCloak+1","hermit:EyeOfTheStorm","hubris:Lust","Pain","hubris:Fate","hermit:Ricochet+1","hermit:GhostlyPresence+1","hermit:Headshot+1","hermit:Feint","hermit:Headshot+1","hermit:HighCaliber+1","hermit:Dive+1","Bandage Up","hermit:BigShot+1","hermit:Scavenge","hermit:PistolWhip+1","hermit:Maintenance+1","hermit:Dive+1","hermit:BlackWind+1","Writhe","infinitespire:NeuralNetwork+1","hermit:DeadOrAlive+1","hermit:NoHoldsBarred+1","hermit:NoHoldsBarred+1","hermit:CursedWeapon+1","hermit:CursedWeapon+1","hermit:HighCaliber+1"],"relics":["hermit:Momento","Molten Egg 2","infinitespire:ShieldingShard","Calling Bell","Smiling Mask","Frozen Egg 2","hubris:Potato","Prayer Wheel","MawBank","Busted Crown","CaptainsWheel","Coffee Dripper","Lee\u0027s Waffle","Cursed Key","hubris:HerbalPaste"],"acts_visited":["Exordium","TheCity","TheBeyond"],"potions_floor_usage":[58,58],"damage_taken":[{"damage":1.0,"enemies":"Cultist","floor":1.0,"turns":4.0},{"damage":13.0,"enemies":"infinitespire:Voidling","floor":2.0,"turns":5.0},{"damage":1.0,"enemies":"2 Louse","floor":5.0,"turns":3.0},{"damage":0.0,"enemies":"Large Slime","floor":7.0,"turns":7.0},{"damage":0.0,"enemies":"Blue Slaver","floor":12.0,"turns":4.0},{"damage":7.0,"enemies":"Lagavulin","floor":13.0,"turns":10.0},{"damage":7.0,"enemies":"Looter","floor":14.0,"turns":5.0},{"damage":29.0,"enemies":"Hexaghost","floor":16.0,"turns":22.0},{"damage":2.0,"enemies":"Spheric Guardian","floor":18.0,"turns":12.0},{"damage":10.0,"enemies":"Snake Plant","floor":19.0,"turns":8.0},{"damage":26.0,"enemies":"Centurion and Healer","floor":20.0,"turns":11.0},{"damage":15.0,"enemies":"3 Cultists","floor":22.0,"turns":7.0},{"damage":1.0,"enemies":"Snecko","floor":23.0,"turns":6.0},{"damage":14.0,"enemies":"Shelled Parasite and Fungi","floor":24.0,"turns":7.0},{"damage":46.0,"enemies":"Nightmare","floor":30.0,"turns":13.0},{"damage":19.0,"enemies":"3 Cultists","floor":31.0,"turns":6.0},{"damage":34.0,"enemies":"Collector","floor":33.0,"turns":15.0},{"damage":20.0,"enemies":"3 Shapes","floor":35.0,"turns":7.0},{"damage":0.0,"enemies":"Orb Walker","floor":37.0,"turns":3.0},{"damage":1.0,"enemies":"Transient","floor":39.0,"turns":5.0},{"damage":23.0,"enemies":"Maw","floor":41.0,"turns":9.0},{"damage":20.0,"enemies":"Jaw Worm Horde","floor":44.0,"turns":5.0},{"damage":7.0,"enemies":"hubris:GrandSnecko","floor":50.0,"turns":9.0},{"damage":0,"enemies":"Cultist","floor":52,"turns":3},{"damage":0,"enemies":"Small Slimes","floor":53,"turns":2},{"damage":94,"enemies":"Nightmare","floor":58,"turns":7}],"seed_played":"517520783039632925","potions_obtained":[{"floor":1.0,"key":"Weak Potion"},{"floor":7.0,"key":"Strength Potion"},{"floor":13.0,"key":"Weak Potion"},{"floor":16.0,"key":"EntropicBrew"},{"floor":19.0,"key":"Dexterity Potion"},{"floor":23.0,"key":"DuplicationPotion"},{"floor":30.0,"key":"DistilledChaos"},{"floor":31.0,"key":"Explosive Potion"},{"floor":33.0,"key":"Weak Potion"},{"floor":37.0,"key":"Block Potion"},{"floor":50.0,"key":"GamblersBrew"},{"floor":52,"key":"Ancient Potion"}],"is_trial":false,"path_per_floor":["M","M","?","$","M","R","M","R","T","R","$","M","E","M","R","B",null,"M","M","M","$","M","M","M","?","T","R","?","R","NM","M","R","B",null,"M","?","M","$","M","R","M","R","T","M","?","AVR","R","$","R","B",null,"M","M","AVR","?","$","R","NM"],"character_chosen":"HERMIT","items_purchased":["hermit:GhostlyPresence","hermit:BigShot+1","hermit:Enervate+1","hermit:HighCaliber+1","hermit:Dive","Bandage Up","Lee\u0027s Waffle","hermit:CursedWeapon+1","hermit:HighCaliber+1"],"campfire_rested":4,"item_purchase_floors":[11,21,21,38,38,38,48,56,56],"current_hp_per_floor":[81,81,81,81,80,80,80,80,80,80,80,80,73,66,66,37,82,80,70,44,44,29,28,14,14,14,38,38,62,16,12,36,2,82,62,62,62,62,61,61,42,66,66,46,67,67,67,89,89,86,89,89,89,89,89,89,89,0,0],"gold":0,"neow_bonus":"TEN_PERCENT_HP_BONUS","is_daily":false,"chose_seed":false,"campfire_upgraded":8,"win_rate":0.0,"timestamp":1607965132,"path_taken":["M","M","?","$","M","R","M","R","T","R","?","M","E","M","R","BOSS","M","M","M","$","?","M","M","?","T","R","?","R","NM","?","R","BOSS","M","?","M","$","M","R","M","R","T","M","?","AVR","R","$","R","BOSS","M","M","AVR","?","$","R","NM"],"items_purchased_type":["Card","Card","Card","Card","Card","Card","Relic","Card","Card"],"build_version":"2020-12-13","purchased_purges":4,"victory":false,"max_hp_per_floor":[82,82,82,82,82,82,82,82,82,82,82,82,82,82,82,82,82,82,82,82,82,82,82,82,82,82,82,82,82,82,82,82,82,82,82,82,82,82,82,82,82,82,82,82,82,82,82,89,89,89,89,89,89,89,89,89,89,89,89],"card_choices":[{"not_picked":["hermit:LowProfile","hermit:Vantage"],"picked":"hermit:Dive","floor":1.0},{"not_picked":["hermit:Manifest","hermit:Cheat"],"picked":"hermit:TrackingShot","floor":2.0},{"not_picked":["hermit:FullyLoaded","hermit:Feint"],"picked":"hermit:Dive","floor":5.0},{"not_picked":["hermit:Misfire","hermit:PistolWhip","hermit:SprayPray"],"picked":"SKIP","floor":7.0},{"not_picked":["hermit:Scavenge","hermit:Shortfuse+1"],"picked":"hermit:TakeAim","floor":12.0},{"not_picked":["hermit:Virtue","hermit:Horror"],"picked":"hermit:LoneWolf","floor":13.0},{"not_picked":["hermit:Cheat","hermit:Manifest"],"picked":"hermit:Quickdraw+1","floor":14.0},{"not_picked":["hermit:Gambit","hermit:DeadOrAlive+1"],"picked":"hermit:Reprieve","floor":16.0},{"not_picked":["hermit:ItchyTrigger+1","hermit:SprayPray+1"],"picked":"hermit:Gestalt+1","floor":18.0},{"not_picked":["hermit:LuckOfTheDraw+1","hermit:BodyArmor"],"picked":"hermit:BigShot+1","floor":19.0},{"not_picked":["hermit:Spite+1","hermit:SprayPray+1"],"picked":"hermit:NoHoldsBarred+1","floor":20.0},{"not_picked":["hermit:WideOpen+1","hermit:ItchyTrigger+1"],"picked":"hermit:GhostlyPresence","floor":22.0},{"not_picked":["hermit:Shortfuse+1","hermit:Showdown+1"],"picked":"hermit:ShadowCloak+1","floor":23.0},{"not_picked":["hermit:LowProfile+1","hermit:CalledShot+1"],"picked":"hermit:EyeOfTheStorm","floor":24.0},{"not_picked":["infinitespire:TheBestDefense","infinitespire:SevenWalls"],"picked":"hubris:Fate","floor":25.0},{"not_picked":["hermit:FlashPowder","hermit:Cheat"],"picked":"hermit:Ricochet+1","floor":30.0},{"not_picked":["hermit:Spite+1","hermit:LuckOfTheDraw"],"picked":"hermit:GhostlyPresence","floor":31.0},{"not_picked":["hermit:LuckOfTheDraw","hermit:BodyArmor"],"picked":"hermit:Headshot+1","floor":31.0},{"not_picked":[],"picked":"hermit:Feint","floor":35.0},{"not_picked":["hermit:Showdown+1"],"picked":"SKIP","floor":35.0},{"not_picked":[],"picked":"hermit:Headshot+1","floor":37.0},{"not_picked":["hermit:DeadMansHand"],"picked":"SKIP","floor":37.0},{"not_picked":["hermit:DeadMansHand"],"picked":"SKIP","floor":37.0},{"not_picked":[],"picked":"hermit:BigShot+1","floor":39.0},{"not_picked":[],"picked":"hermit:Scavenge","floor":39.0},{"not_picked":[],"picked":"hermit:PistolWhip+1","floor":41.0},{"not_picked":[],"picked":"hermit:Maintenance+1","floor":41.0},{"not_picked":[],"picked":"hermit:Dive+1","floor":44.0},{"not_picked":[],"picked":"hermit:BlackWind+1","floor":44.0},{"not_picked":[],"picked":"hermit:DeadOrAlive+1","floor":50.0},{"not_picked":[],"picked":"hermit:NoHoldsBarred+1","floor":52},{"not_picked":["hermit:Snipe"],"picked":"SKIP","floor":52},{"not_picked":[],"picked":"hermit:NoHoldsBarred+1","floor":53},{"not_picked":[],"picked":"hermit:CursedWeapon+1","floor":53}],"player_experience":403707,"relics_obtained":[{"floor":9.0,"key":"Molten Egg 2"},{"floor":13.0,"key":"infinitespire:ShieldingShard"},{"floor":17.0,"key":"Smiling Mask"},{"floor":17.0,"key":"Frozen Egg 2"},{"floor":17.0,"key":"hubris:Potato"},{"floor":30.0,"key":"MawBank"},{"floor":43.0,"key":"CaptainsWheel"}],"event_choices":[{"damage_healed":0.0,"max_hp_gain":0.0,"max_hp_loss":0.0,"gold_gain":0.0,"event_name":"WeMeetAgain","player_choice":"Gave Potion","floor":28.0,"gold_loss":0.0,"damage_taken":0.0,"relics_obtained":["Prayer Wheel"]},{"cards_removed":["hermit:Defend_Hermit"],"damage_healed":0.0,"max_hp_gain":0.0,"max_hp_loss":0.0,"gold_gain":0.0,"event_name":"Falling","player_choice":"Removed Skill","floor":36.0,"gold_loss":0.0,"damage_taken":0.0},{"damage_healed":21.0,"max_hp_gain":0.0,"max_hp_loss":0.0,"gold_gain":0.0,"event_name":"Winding Halls","player_choice":"Writhe","floor":45.0,"gold_loss":0.0,"damage_taken":0.0,"cards_obtained":["Writhe"]}],"is_beta":false,"boss_relics":[{"not_picked":["Astrolabe","hermit:DentedPlate"],"picked":"Calling Bell"},{"not_picked":["Runic Dome","hubris:CrackedHourglass"],"picked":"Busted Crown"},{"not_picked":["SacredBark","hubris:ScarierMask"],"picked":"Cursed Key"}],"items_purged_floors":[4,21,38,56],"is_endless":true,"potions_floor_spawned":[1,7,13,16,19,23,30,31,33,37,50,52],"killed_by":"Nightmare","ascension_level":0}}