{"host":"x6tlfgqpy55vgxdn","time":1607930656,"event":{"mods":["AchievementEnabler","BaseMod","DeckTracker","Minty Spire (QoL Compilation)","Permanent Neow","StSLib","SuperFastMode"],"gold_per_floor":[112,129,129,144,69,69,99,115,169,203,390,413,458,484,496,612,624,656,668,680,705,732,770,795,841,853,880,892,922,934,962,974,1081,1093,1116,1140,479,496,546,575,586,604,604,636,662,692,692,709,709,709],"floor_reached":51,"playtime":3229,"items_purged":["Defend_P","Defend_P+1"],"score":1294,"play_id":"b9665f23-6563-450e-9218-a6271214a7eb","local_time":"20201214162416","is_ascension_mode":true,"campfire_choices":[{"data":"Eruption","floor":6.0,"key":"SMITH"},{"data":"TalkToTheHand","floor":15.0,"key":"SMITH"},{"floor":32.0,"key":"REST"},{"floor":49,"key":"REST"}],"circlet_count":0,"master_deck":["Defend_P+1","Eruption+1","Vigilance+1","FollowUp+1","CrushJoints+1","LessonLearned+1","FearNoEvil+1","Indignation+1","TalkToTheHand+1","Meditate+1","Establishment+1","Bite+1","Bite+1","Bite+1","Bite+1","Bite+1","DeceiveReality+1","Wallop+1","InnerPeace+1","Vault+1","MentalFortress+1","Adaptation+1","DeusExMachina+1"],"relics":["PureWater","Vajra","Singing Bowl","Omamori","MawBank","Bird Faced Urn","Fusion Hammer","Whetstone","HornCleat","Damaru","Philosopher\u0027s Stone","Akabeko","Pear","Du-Vu Doll","Pen Nib","Bottled Flame","Art of War","MealTicket","Centennial Puzzle"],"acts_visited":["Exordium","TheCity","TheBeyond"],"potions_floor_usage":[50,50,50,50,50,50],"damage_taken":[{"damage":1.0,"enemies":"Small Slimes","floor":1.0,"turns":6.0},{"damage":0.0,"enemies":"Cultist","floor":2.0,"turns":2.0},{"damage":0.0,"enemies":"Jaw Worm","floor":4.0,"turns":1.0},{"damage":0.0,"enemies":"Gremlin Nob","floor":7.0,"turns":2.0},{"damage":9.0,"enemies":"Looter","floor":8.0,"turns":3.0},{"damage":0.0,"enemies":"Lagavulin","floor":10.0,"turns":2.0},{"damage":8.0,"enemies":"Blue Slaver","floor":12.0,"turns":3.0},{"damage":33.0,"enemies":"Gremlin Nob","floor":13.0,"turns":6.0},{"damage":12.0,"enemies":"Exordium Wildlife","floor":14.0,"turns":3.0},{"damage":0.0,"enemies":"Hexaghost","floor":16.0,"turns":8.0},{"damage":11.0,"enemies":"Chosen","floor":18.0,"turns":2.0},{"damage":13.0,"enemies":"3 Byrds","floor":21.0,"turns":5.0},{"damage":24.0,"enemies":"Shelled Parasite and Fungi","floor":22.0,"turns":4.0},{"damage":26.0,"enemies":"Book of Stabbing","floor":23.0,"turns":4.0},{"damage":9.0,"enemies":"Sentry and Sphere","floor":24.0,"turns":7.0},{"damage":30.0,"enemies":"Gremlin Leader","floor":25.0,"turns":5.0},{"damage":15.0,"enemies":"Centurion and Healer","floor":27.0,"turns":10.0},{"damage":4.0,"enemies":"Cultist and Chosen","floor":29.0,"turns":4.0},{"damage":0.0,"enemies":"3 Cultists","floor":31.0,"turns":4.0},{"damage":53.0,"enemies":"Automaton","floor":33.0,"turns":12.0},{"damage":27.0,"enemies":"3 Darklings","floor":35.0,"turns":7.0},{"damage":1.0,"enemies":"Orb Walker","floor":36.0,"turns":4.0},{"damage":0.0,"enemies":"Transient","floor":38.0,"turns":6.0},{"damage":0.0,"enemies":"Mind Bloom Boss Battle","floor":39.0,"turns":5.0},{"damage":54.0,"enemies":"Giant Head","floor":40.0,"turns":8.0},{"damage":17.0,"enemies":"Writhing Mass","floor":41.0,"turns":5.0},{"damage":0,"enemies":"Sphere and 2 Shapes","floor":42,"turns":4},{"damage":21,"enemies":"Reptomancer","floor":44,"turns":7},{"damage":28,"enemies":"Giant Head","floor":46,"turns":8},{"damage":6,"enemies":"3 Darklings","floor":48,"turns":5},{"damage":15,"enemies":"Donu and Deca","floor":50,"turns":8}],"seed_played":"5208918024661065320","potions_obtained":[{"floor":2.0,"key":"LiquidMemories"},{"floor":3.0,"key":"EntropicBrew"},{"floor":3.0,"key":"LiquidBronze"},{"floor":7.0,"key":"SteroidPotion"},{"floor":12.0,"key":"EssenceOfSteel"},{"floor":14.0,"key":"PowerPotion"},{"floor":16.0,"key":"ColorlessPotion"},{"floor":22.0,"key":"Ancient Potion"},{"floor":24.0,"key":"FairyPotion"},{"floor":25.0,"key":"Swift Potion"},{"floor":39.0,"key":"StancePotion"},{"floor":40.0,"key":"Fruit Juice"},{"floor":41.0,"key":"Strength Potion"}],"is_trial":false,"path_per_floor":["M","M","?","M","$","R","E","M","T","E","?","M","E","M","R","B",null,"M","?","?","M","M","E","M","E","T","M","?","M","?","M","R","B",null,"M","M","$","M","?","E","M","M","T","E","T","E","?","M","R","B",null],"character_chosen":"WATCHER","items_purchased":["Vault","EntropicBrew","Akabeko","Pear"],"campfire_rested":2,"item_purchase_floors":[37,37,37,37],"current_hp_per_floor":[64,64,64,64,64,64,66,57,57,57,57,49,18,6,6,6,59,50,35,35,38,34,27,46,36,36,65,65,64,64,68,68,36,62,64,74,84,86,86,50,52,72,72,95,95,69,69,98,99,99],"gold":709,"neow_bonus":"RANDOM_COMMON_RELIC","is_daily":false,"chose_seed":false,"campfire_upgraded":2,"win_rate":0.0,"timestamp":1607930656,"path_taken":["M","M","?","?","$","R","E","M","T","E","?","M","E","M","R","BOSS","M","?","?","M","M","E","M","E","T","M","?","?","?","M","R","BOSS","M","M","$","?","?","E","M","M","T","E","?","E","?","M","R","BOSS"],"items_purchased_type":["Card","Potion","Relic","Relic"],"build_version":"2020-12-13","purchased_purges":2,"victory":true,"max_hp_per_floor":[72,72,72,72,72,72,74,74,74,74,74,74,76,76,76,76,76,78,83,58,60,62,64,64,64,64,66,66,68,68,68,68,70,70,72,74,84,86,86,93,93,95,95,95,95,97,97,99,99,99],"card_choices":[{"not_picked":["Halt","Evaluate"],"picked":"FollowUp","floor":1.0},{"not_picked":["Evaluate","Collect"],"picked":"CrushJoints","floor":2.0},{"not_picked":["Evaluate","ThirdEye"],"picked":"LessonLearned","floor":4.0},{"not_picked":["ClearTheMind","Halt","BattleHymn"],"picked":"Singing Bowl","floor":7.0},{"not_picked":["SignatureMove","Perseverance"],"picked":"FearNoEvil","floor":8.0},{"not_picked":["Crescendo","Consecrate"],"picked":"Indignation","floor":10.0},{"not_picked":["Evaluate","BowlingBash"],"picked":"TalkToTheHand","floor":12.0},{"not_picked":["CarveReality","FlyingSleeves","BowlingBash"],"picked":"Singing Bowl","floor":13.0},{"not_picked":["Halt","FollowUp"],"picked":"Meditate","floor":14.0},{"not_picked":["Alpha","DeusExMachina"],"picked":"Establishment","floor":16.0},{"not_picked":["CrushJoints+1","FollowUp","Wireheading"],"picked":"Singing Bowl","floor":18.0},{"not_picked":["Protect","EmptyFist+1","FlurryOfBlows"],"picked":"Singing Bowl","floor":21.0},{"not_picked":["FlyingSleeves","Devotion","Indignation"],"picked":"Singing Bowl","floor":22.0},{"not_picked":["Consecrate","Halt","BowlingBash"],"picked":"Singing Bowl","floor":23.0},{"not_picked":["ThirdEye","Swivel"],"picked":"DeceiveReality","floor":24.0},{"not_picked":["EmptyMind","SashWhip"],"picked":"Wallop","floor":25.0},{"not_picked":["ThirdEye","WheelKick","BowlingBash+1"],"picked":"Singing Bowl","floor":27.0},{"not_picked":["FlyingSleeves","FlurryOfBlows","Prostrate"],"picked":"Singing Bowl","floor":29.0},{"not_picked":["FlyingSleeves+1","FollowUp"],"picked":"InnerPeace","floor":31.0},{"not_picked":["Omniscience","Establishment","SpiritShield"],"picked":"Singing Bowl","floor":33.0},{"not_picked":["Consecrate+1","JustLucky","FearNoEvil"],"picked":"Singing Bowl","floor":35.0},{"not_picked":["BowlingBash+1","CutThroughFate","JustLucky+1"],"picked":"Singing Bowl","floor":36.0},{"not_picked":["LikeWater+1","EmptyFist+1","WindmillStrike"],"picked":"Singing Bowl","floor":38.0},{"not_picked":["SignatureMove","Vengeance+1"],"picked":"MentalFortress+1","floor":39.0},{"not_picked":["JustLucky+1","Weave+1","BattleHymn"],"picked":"Singing Bowl","floor":40.0},{"not_picked":["Prostrate+1","Halt"],"picked":"Adaptation+1","floor":41.0},{"not_picked":["BowlingBash","Worship","SandsOfTime+1"],"picked":"Singing Bowl","floor":42},{"not_picked":["ThirdEye","Omniscience"],"picked":"DeusExMachina","floor":44},{"not_picked":["Meditate+1","Swivel","CrushJoints"],"picked":"Singing Bowl","floor":46},{"not_picked":["Worship+1","PathToVictory","FollowUp+1"],"picked":"Singing Bowl","floor":48}],"player_experience":142953,"relics_obtained":[{"floor":7.0,"key":"Singing Bowl"},{"floor":9.0,"key":"Omamori"},{"floor":10.0,"key":"MawBank"},{"floor":13.0,"key":"Bird Faced Urn"},{"floor":23.0,"key":"Whetstone"},{"floor":26.0,"key":"HornCleat"},{"floor":39.0,"key":"Du-Vu Doll"},{"floor":40.0,"key":"Pen Nib"},{"floor":43,"key":"Bottled Flame"},{"floor":44,"key":"Art of War"},{"floor":45,"key":"MealTicket"},{"floor":46,"key":"Centennial Puzzle"}],"event_choices":[{"damage_healed":0.0,"max_hp_gain":0.0,"max_hp_loss":0.0,"gold_gain":0.0,"event_name":"Lab","player_choice":"Got Potions","floor":3.0,"gold_loss":0.0,"damage_taken":0.0},{"damage_healed":0.0,"max_hp_gain":0.0,"max_hp_loss":0.0,"gold_gain":175.0,"event_name":"Liars Game","player_choice":"AGREE","floor":11.0,"gold_loss":0.0,"damage_taken":0.0,"cards_obtained":["Doubt"]},{"damage_healed":0.0,"max_hp_gain":5.0,"max_hp_loss":0.0,"gold_gain":0.0,"event_name":"Forgotten Altar","player_choice":"Shed Blood","floor":19.0,"gold_loss":0.0,"damage_taken":20.0},{"damage_healed":0.0,"max_hp_gain":0.0,"max_hp_loss":25.0,"gold_gain":0.0,"event_name":"Vampires","player_choice":"Became a vampire","floor":20.0,"gold_loss":0.0,"damage_taken":0.0,"cards_obtained":["Bite","Bite","Bite","Bite","Bite"]},{"damage_healed":0.0,"max_hp_gain":0.0,"max_hp_loss":0.0,"gold_gain":0.0,"event_name":"The Mausoleum","player_choice":"Opened","floor":28.0,"gold_loss":0.0,"damage_taken":0.0,"relics_obtained":["Damaru"]},{"damage_healed":0.0,"max_hp_gain":0.0,"max_hp_loss":0.0,"gold_gain":0.0,"event_name":"Upgrade Shrine","player_choice":"Upgraded","floor":30.0,"gold_loss":0.0,"damage_taken":0.0,"cards_upgraded":["Vigilance"]},{"damage_healed":0.0,"max_hp_gain":0.0,"max_hp_loss":0.0,"gold_gain":0.0,"event_name":"MindBloom","player_choice":"Fight","floor":39.0,"gold_loss":0.0,"damage_taken":0.0},{"cards_removed":["Defend_P"],"damage_healed":0,"gold_gain":0,"player_choice":"Removed Skill","damage_taken":0,"max_hp_gain":0,"max_hp_loss":0,"event_name":"Falling","floor":47,"gold_loss":0}],"is_beta":false,"boss_relics":[{"not_picked":["Cursed Key","Empty Cage"],"picked":"Fusion Hammer"},{"not_picked":["Tiny House","Velvet Choker"],"picked":"Philosopher\u0027s Stone"}],"items_purged_floors":[5,37],"is_endless":false,"potions_floor_spawned":[2,7,12,14,16,18,21,22,24,25,31,38,39,40,41,42,44,48],"ascension_level":8}}