{"host":"xodzlm10r37577ou","time":1607956082,"event":{"mods":["Act Like it!","BaseMod","Minty Spire (QoL Compilation)","Remilia£®¿Ÿ√◊¿Ú—«£©","Replay The Spire","StSLib","TestMod"],"gold_per_floor":[112,187,200,77,127,162,180,205,205,130,130,143,143,171,171,246,246,263,312,312,312],"floor_reached":20,"playtime":596,"items_purged":["Defend_R"],"score":430,"play_id":"bf652264-3dce-4ab6-845e-d086fda03b5a","local_time":"20201214222802","is_ascension_mode":true,"campfire_choices":[{"data":"Pommel Strike","floor":13,"key":"SMITH"},{"data":"Demon Form","floor":15,"key":"SMITH"}],"circlet_count":1,"master_deck":["AscendersBane","Strike_R","Strike_R","Strike_R","Strike_R","Strike_R","Defend_R","Defend_R","Defend_R","Bash","Battle Trance","Cleave","Pommel Strike+1","Wild Strike","Headbutt","Demon Form+1","Hemogenesis","Clash+1"],"relics":["Burning Blood","testmod-TestBox","testmod-D®¶j®§vu","NeowsBlessing","Circlet","Durian","testmod-Alchemist","Incense Burner","NlothsMask","Happy Flower","testmod-BatchProcessingSystem"],"acts_visited":["Exordium","TheCity"],"potions_floor_usage":[18],"damage_taken":[{"damage":0.0,"enemies":"Cultist","floor":1.0,"turns":1.0},{"damage":0.0,"enemies":"2 Louse","floor":3.0,"turns":1.0},{"damage":0.0,"enemies":"Gremlin Nob","floor":6.0,"turns":1.0},{"damage":12.0,"enemies":"Jaw Worm","floor":7.0,"turns":2.0},{"damage":20.0,"enemies":"Lagavulin","floor":8.0,"turns":3.0},{"damage":20.0,"enemies":"Exordium Thugs","floor":12.0,"turns":2.0},{"damage":8,"enemies":"Gremlin Nob","floor":14,"turns":3},{"damage":22,"enemies":"Hexaghost","floor":16,"turns":4},{"damage":19,"enemies":"3 Byrds","floor":18,"turns":5},{"damage":12,"enemies":"Masked Bandits","floor":20,"turns":2}],"seed_played":"-3793137839797281113","potions_obtained":[{"floor":1.0,"key":"Weak Potion"},{"floor":3.0,"key":"LiquidMemories"},{"floor":12.0,"key":"ColorlessPotion"},{"floor":14,"key":"Explosive Potion"}],"is_trial":false,"path_per_floor":["M","?","M","?","?","E","M","E","T","$","?","M","R","E","R","B",null,"M","T","?"],"character_chosen":"IRONCLAD","items_purchased":[],"campfire_rested":0,"item_purchase_floors":[],"current_hp_per_floor":[74,63,69,69,69,80,74,60,60,60,60,46,46,44,44,28,67,54,54,42,42],"gold":312,"neow_bonus":"THREE_ENEMY_KILL","is_daily":false,"chose_seed":false,"campfire_upgraded":2,"win_rate":0.0,"timestamp":1607956082,"path_taken":["M","?","M","?","?","E","?","E","T","$","?","M","R","E","R","BOSS","M","?","?"],"items_purchased_type":[],"build_version":"2020-12-13","purchased_purges":1,"victory":false,"max_hp_per_floor":[75,75,75,75,75,80,80,80,80,80,80,80,80,80,80,80,80,80,80,80,80],"card_choices":[{"not_picked":["Entrench","ReplayReversal"],"picked":"Battle Trance","floor":1.0},{"not_picked":["Flex","Flame Barrier"],"picked":"Cleave","floor":3.0},{"not_picked":["Heavy Blade","Disarm"],"picked":"Pommel Strike","floor":6.0},{"not_picked":["ReplayTheSpireMod:Strike From Hell","Life Link"],"picked":"Wild Strike","floor":7.0},{"not_picked":["Twin Strike","Flex"],"picked":"Headbutt","floor":8.0},{"not_picked":["Infernal Blade","Brutality","Havoc"],"picked":"SKIP","floor":12.0},{"not_picked":["Thunderclap","Hemokinesis"],"picked":"Demon Form","floor":14},{"not_picked":["Offering","Eclipse"],"picked":"Hemogenesis","floor":16},{"not_picked":["Shockwave","ReplayTheSpireMod:LeadingStrike"],"picked":"Clash+1","floor":18}],"player_experience":523295,"relics_obtained":[{"floor":6.0,"key":"Durian"},{"floor":8.0,"key":"testmod-Alchemist"},{"floor":9.0,"key":"Incense Burner"},{"floor":14,"key":"Happy Flower"}],"event_choices":[{"damage_healed":0.0,"max_hp_gain":0.0,"max_hp_loss":0.0,"gold_gain":75.0,"event_name":"World of Goop","player_choice":"Gather Gold","floor":2.0,"gold_loss":0.0,"damage_taken":11.0},{"damage_healed":0.0,"max_hp_gain":0.0,"max_hp_loss":0.0,"gold_gain":50.0,"event_name":"Golden Shrine","player_choice":"Pray","floor":5.0,"gold_loss":0.0,"damage_taken":0.0},{"damage_healed":0.0,"max_hp_gain":0.0,"max_hp_loss":0.0,"gold_gain":0.0,"event_name":"FaceTrader","player_choice":"Trade","floor":11.0,"gold_loss":0.0,"damage_taken":0.0,"relics_obtained":["NlothsMask"]},{"damage_healed":0,"gold_gain":0,"player_choice":"Fought Bandits","damage_taken":0,"max_hp_gain":0,"max_hp_loss":0,"event_name":"Masked Bandits","floor":20,"gold_loss":0}],"is_beta":false,"boss_relics":[{"not_picked":["Black Star","Black Blood"],"picked":"testmod-BatchProcessingSystem"}],"items_purged_floors":[10],"is_endless":false,"potions_floor_spawned":[1,3,12,14],"killed_by":"Masked Bandits","ascension_level":20}}