{"host":"9vk21r6l9dtkpvh9","time":1607953294,"event":{"mods":["2.2 Compatiblity","AchievementEnabler","Act Like it!","Astrologer","Bard","Bartender","BaseMod","Better Altar","Better Match","Better Note","Better Sensory Stone","Better Skull","Better Third Choice","BetterRewards","CapriCore","CatGirl Mod","Colored Map","Colored Powertips","Conspire","DeckTracker","Downfall","Energized Spire","Fiend Mod","Gensokyo","GifTheSpireLib","Hermit","Hubris","Infinite Spire","Jorbs\u0027s Wanderer Trilogy","Koishi","LagranYue(???·?)","Luminous","Mad Scientist","Marisa????????","Mimic Mod","Minty Spire (QoL Compilation)","Potionbrewer","Rare Cards Sparkle","Relic Stats","Replay The Spire","SOS???????","Shade Mod","Spicy Shops","StSLib","SuperFastMode","Td1madao Mod","The Animator","The Construct","The Forsaken","The Gatherer","The Hayseed","The Hierophant","The Immortal","The Jungle","The Mystic","The Necromancer","The Runesmith","The Senshi","The Servant 0.9.4","The Trickster","The Valiant","The Wild Card","TheBandit","TheSwordswoman","TheWitcher","WarShipGirlsR/????R mod","vexMod","???Mod??????Boss"],"gold_per_floor":[118,136,59,73,91,91,121,134,173,23,23,41,61,91,91,187,287,305,331,349,124,138,138,151,151,151,151,169,197,209,241,253,265,265],"floor_reached":33,"playtime":2499,"items_purged":[],"score":281,"play_id":"858dfdfa-492c-4508-95d2-88db88aae53b","local_time":"20201214084134","is_ascension_mode":false,"campfire_choices":[{"data":"Noxious Fumes","floor":6,"key":"SMITH"},{"floor":11,"key":"REST"},{"data":"hubris:Counter","floor":15,"key":"SMITH"},{"floor":23,"key":"REST"},{"data":"Catalyst","floor":30,"key":"SMITH"}],"circlet_count":0,"master_deck":["Strike_G","Strike_G","Strike_G","Strike_G","Strike_G","Defend_G","Defend_G","Defend_G","Defend_G","Defend_G","Survivor","Neutralize","Deadly Poison","hubris:Counter+1","Sucker Punch","Noxious Fumes+1","Deflect","Backflip","PiercingWail","Flying Knee","Predator","Acrobatics","Atom Bomb","Prepared","Catalyst+1","After Image","Tactician+1","infinitespire:Starlight","Acrobatics"],"relics":["Ring of the Snake","LagranYue:RandomDrawCardRelic","Replay:Wax Seal","Regal Pillow","Medical Kit","Matryoshka","Replay:Wanted Poster","Snake Skull","theSenshi:SailorFukuRelic","hubris:EmptyBottle","construct:FoamFinger","vexMod:MysteryBossChallenge","theForsaken:PaleLantern","Molten Egg 2","theForsaken:ScaryMask","Runesmith:Nanobots","Toy Ornithopter","ClockworkSouvenir","MawBank"],"acts_visited":["Exordium","TheCity"],"potions_floor_usage":[14,18,22,24,24,28],"damage_taken":[{"damage":0,"enemies":"2 Louse","floor":1,"turns":3},{"damage":0,"enemies":"Cultist","floor":2,"turns":4},{"damage":0,"enemies":"Small Slimes","floor":4,"turns":4},{"damage":7,"enemies":"Gremlin Gang","floor":5,"turns":6},{"damage":17,"enemies":"Replay:BlueRogue","floor":7,"turns":8},{"damage":11,"enemies":"Lots of Slimes","floor":8,"turns":4},{"damage":4,"enemies":"Looter","floor":9,"turns":7},{"damage":2,"enemies":"Looter","floor":12,"turns":4},{"damage":0,"enemies":"Blue Slaver","floor":13,"turns":4},{"damage":6,"enemies":"Lagavulin","floor":14,"turns":5},{"damage":8,"enemies":"Hexaghost","floor":16,"turns":10},{"damage":0,"enemies":"Shell Parasite","floor":18,"turns":3},{"damage":7,"enemies":"Chosen","floor":20,"turns":3},{"damage":43,"enemies":"Sentry and Sphere","floor":22,"turns":7},{"damage":11,"enemies":"Cultist and Chosen","floor":24,"turns":8},{"damage":7,"enemies":"Centurion and Healer","floor":28,"turns":7},{"damage":8,"enemies":"Book of Stabbing","floor":29,"turns":4},{"damage":10,"enemies":"3 Cultists","floor":31,"turns":5},{"damage":7,"enemies":"conspire:MysteriousRune","floor":33,"turns":4}],"seed_played":"6339669814491485193","potions_obtained":[{"floor":2,"key":"AttackPotion"},{"floor":7,"key":"potionbrewer:FreezingPotion"},{"floor":8,"key":"ColorlessPotion"},{"floor":13,"key":"Block Potion"},{"floor":14,"key":"potionbrewer:DiscountPotion"},{"floor":20,"key":"Regen Potion"},{"floor":22,"key":"Adrenaline Potion"},{"floor":24,"key":"infinitespire:BlackPotion"}],"is_trial":false,"path_per_floor":["M","M","$","M","M","R","E","M","MIM","$","R","M","M","E","R","B",null,"M","T","M","$","M","R","M","AVR","T","$","M","E","R","M","R_BF","B"],"character_chosen":"THE_SILENT","items_purchased":["Replay:Wax Seal","Medical Kit","Catalyst","hubris:EmptyBottle","Runesmith:Nanobots","Toy Ornithopter","ClockworkSouvenir"],"campfire_rested":2,"item_purchase_floors":[3,10,21,21,27,27,27],"current_hp_per_floor":[70,70,70,70,63,63,46,35,31,31,67,65,65,59,59,51,70,70,70,63,63,35,70,63,63,63,27,35,27,27,27,63,56,56],"gold":265,"neow_bonus":"THREE_CARDS","is_daily":false,"chose_seed":false,"campfire_upgraded":3,"win_rate":0.0,"timestamp":1607953294,"path_taken":["M","M","$","M","M","R","E","M","MIM","$","R","M","M","E","R","BOSS","M","?","M","?","?","R","M","AVR","T","?","M","E","R","M","R_BF","BOSS"],"items_purchased_type":["Relic","Relic","Card","Relic","Relic","Relic","Relic"],"build_version":"2020-12-13","purchased_purges":0,"victory":false,"max_hp_per_floor":[70,70,70,70,70,70,70,70,70,70,70,70,70,70,70,70,70,70,70,70,70,70,70,70,70,70,70,70,70,70,70,70,70,70],"relic_stats":{"Regal Pillow":79,"counters":[49,295],"Snake Skull":[46],"Medical Kit":[6],"MawBank":48,"obtain_stats":[{"Regal Pillow":7,"theForsaken:ScaryMask":26,"construct:FoamFinger":25,"Snake Skull":19,"hubris:SlimyHat":54,"hubris:EmptyBottle":21,"Cleaning_Rag":43,"ClockworkSouvenir":27,"Replay:Wanted Poster":17,"Nunchaku":40,"TheAbacus":39,"Matryoshka":14,"Chemical X":53,"Replay:Wax Seal":3,"theSenshi:SailorFukuRelic":19,"vexMod:RetaliationKit":11,"Ring of the Snake":0,"construct:ClawGrip":34,"Runesmith:Nanobots":27,"vexMod:MysteryBossChallenge":25,"Thread and Needle":30,"theForsaken:PaleLantern":25,"Medical Kit":10,"MawBank":29,"infinitespire:EvilPickle":33,"vexMod:GhostlyGear":39,"Molten Egg 2":26,"Bag of Marbles":0,"vexMod:CursedCompass":17,"ReplayTheSpireMod:TigerMarble":28,"Snack Pack":42,"Runesmith:AutoHammer":39,"TungstenRod":7,"Toy Ornithopter":27,"Meat on the Bone":9},{"Regal Pillow":35,"theForsaken:ScaryMask":45,"construct:FoamFinger":45,"Snake Skull":42,"hubris:SlimyHat":29,"hubris:EmptyBottle":43,"Cleaning_Rag":24,"ClockworkSouvenir":45,"Replay:Wanted Poster":41,"Nunchaku":23,"TheAbacus":22,"Matryoshka":40,"Chemical X":28,"Replay:Wax Seal":32,"theSenshi:SailorFukuRelic":42,"vexMod:RetaliationKit":7,"Ring of the Snake":0,"construct:ClawGrip":20,"Runesmith:Nanobots":45,"vexMod:MysteryBossChallenge":45,"Thread and Needle":18,"theForsaken:PaleLantern":45,"Medical Kit":37,"MawBank":47,"infinitespire:EvilPickle":20,"vexMod:GhostlyGear":22,"Molten Egg 2":45,"Bag of Marbles":0,"vexMod:CursedCompass":11,"ReplayTheSpireMod:TigerMarble":16,"Snack Pack":24,"Runesmith:AutoHammer":22,"TungstenRod":5,"Toy Ornithopter":45,"Meat on the Bone":6},{"Regal Pillow":220,"theForsaken:ScaryMask":275,"construct:FoamFinger":275,"Snake Skull":257,"hubris:SlimyHat":185,"hubris:EmptyBottle":260,"Cleaning_Rag":151,"ClockworkSouvenir":275,"Replay:Wanted Poster":254,"Nunchaku":143,"TheAbacus":135,"Matryoshka":244,"Chemical X":176,"Replay:Wax Seal":202,"theSenshi:SailorFukuRelic":257,"vexMod:RetaliationKit":41,"Ring of the Snake":0,"construct:ClawGrip":124,"Runesmith:Nanobots":275,"vexMod:MysteryBossChallenge":275,"Thread and Needle":109,"theForsaken:PaleLantern":275,"Medical Kit":231,"MawBank":286,"infinitespire:EvilPickle":124,"vexMod:GhostlyGear":135,"Molten Egg 2":275,"Bag of Marbles":0,"vexMod:CursedCompass":64,"ReplayTheSpireMod:TigerMarble":99,"Snack Pack":151,"Runesmith:AutoHammer":135,"TungstenRod":27,"Toy Ornithopter":275,"Meat on the Bone":32}],"Toy Ornithopter":5,"Ring of the Snake":[49]},"card_choices":[{"not_picked":["conspire:DoublingDagger","Dagger Throw"],"picked":"Deadly Poison","floor":0},{"not_picked":["Backstab","Fluid Movement"],"picked":"hubris:Counter","floor":1},{"not_picked":["conspire:DoublingDagger","hubris:SlightOfHand"],"picked":"Sucker Punch","floor":2},{"not_picked":["Cloak And Dagger","Backflip"],"picked":"Noxious Fumes","floor":4},{"not_picked":["hubris:SlightOfHand","Accuracy"],"picked":"Deflect","floor":5},{"not_picked":["Bane","ReplayTheSpireMod:From All Sides"],"picked":"Backflip","floor":7},{"not_picked":["Blade Dance","Dash"],"picked":"PiercingWail","floor":8},{"not_picked":["Blade Dance","Riddle With Holes"],"picked":"Flying Knee","floor":9},{"not_picked":["Sucker Punch","Backstab"],"picked":"Predator","floor":12},{"not_picked":["PiercingWail","Bane"],"picked":"Acrobatics","floor":13},{"not_picked":["Unload","hubris:SlightOfHand","Sneak Up"],"picked":"SKIP","floor":14},{"not_picked":["Wraith Form v2","A Thousand Cuts"],"picked":"Atom Bomb","floor":16},{"not_picked":["Replay:Poison Smokescreen","Hidden Blade+1","Setup"],"picked":"SKIP","floor":18},{"not_picked":["Cloak And Dagger","Acrobatics"],"picked":"Prepared","floor":20},{"not_picked":["ReplayTheSpireMod:Shiv Toss+1","All Out Attack"],"picked":"After Image","floor":22},{"not_picked":["Flying Knee","Dagger Spray"],"picked":"Tactician","floor":24},{"not_picked":["Underhanded Strike+1","Dodge and Roll","Deadly Poison"],"picked":"SKIP","floor":28},{"not_picked":["Blade Dance+1","Flying Knee+1"],"picked":"Acrobatics","floor":29},{"not_picked":["Concentrate","Setup","ReplayTheSpireMod:From All Sides+1"],"picked":"SKIP","floor":31}],"player_experience":596910,"relics_obtained":[{"floor":7,"key":"Regal Pillow"},{"floor":14,"key":"Matryoshka"},{"floor":19,"key":"Snake Skull"},{"floor":19,"key":"theSenshi:SailorFukuRelic"},{"floor":26,"key":"Molten Egg 2"},{"floor":26,"key":"theForsaken:ScaryMask"},{"floor":29,"key":"MawBank"}],"event_choices":[],"is_beta":false,"boss_relics":[{"not_picked":["ReplayTheSpireMod:SealedPack","vexMod:ImprovementManual"],"picked":"Replay:Wanted Poster"}],"items_purged_floors":[],"is_endless":false,"potions_floor_spawned":[2,7,8,12,13,14,20,22,24],"killed_by":"conspire:MysteriousRune","ascension_level":0}}