{"host":"mn5ze3eyhx81nlo2","time":1607977083,"event":{"mods":["BaseMod","Block Reminder","Challenge The Spire","Downfall","Hermit","Hubris","Infinite Spire","Minty Spire (QoL Compilation)","Quick Restart","Replay The Spire","Shade Mod","StSLib","The Cursed","The Druid","The Hierophant","The Runesmith","Unceasing Turn Reminder"],"gold_per_floor":[99,131,131,165,165,73,73,73,93,93,110,560,575,575,592,688,688,688,702,727,727,739,739,739,774,792,792,792,811,187,187,205,303,303,303,333,333,351,364,381,381,381,381,408,408,408,419,419,430,430,430],"floor_reached":50,"playtime":2158,"items_purged":["Slimebound:Icky"],"score":703,"play_id":"666af17f-bd99-4af5-9fd4-ab78e4c86e37","local_time":"20201214201803","is_ascension_mode":true,"campfire_choices":[{"data":"hexamod:Float","floor":1.0,"key":"SMITH"},{"data":"hexamod:CatchUp","floor":5.0,"key":"SMITH"},{"data":"hexamod:FastForward","floor":10.0,"key":"SMITH"},{"floor":18.0,"key":"RECALL"},{"floor":27.0,"key":"REST"},{"floor":35.0,"key":"DIG"},{"floor":42,"key":"REST"}],"circlet_count":0,"master_deck":["hexamod:Defend","hexamod:Defend","hexamod:Defend","hexamod:Defend","hexamod:Sear","hexamod:Float+1","hexamod:RecurringNightmare","hexamod:CatchUp+1","hexamod:HauntingEcho+1","hexamod:SwordOfDarkness+1","hexamod:StepThrough+1","hexamod:FastForward+1","Slimebound:Icky","hexamod:EmpoweredFlame","hexamod:InspiringFlames","hexamod:GhostflameInferno+1","hexamod:TurnItUp+1","hexamod:TimeOfNeed+1","hexamod:HeatShield+1","CurseOfTheBell","hexamod:RadiantFlame","hexamod:SkipABeat+1","hexamod:GhostOfSpireFuture+1","hexamod:Rewind+1"],"relics":["hexamod:SpiritBrand","downfall:HeartsMalice","Bag of Marbles","Molten Egg 2","infinitespire:EmpoweringShard","Matryoshka","Replay:Grab Bag","infinitespire:Cupcake","Fusion Hammer","Astrolabe","Calling Bell","hubris:ToyBattleship","Blue Candle","FossilizedHelix","Juzu Bracelet","Anchor","infinitespire:Broken Mirror","Akabeko","Ice Cream","Regal Pillow","hexamod:IceCube","Potion Belt","infinitespire:Beetle Shell","Bronze Scales","infinitespire:Satchel","Replay:Wax Seal","Kunai"],"acts_visited":["Exordium","TheCity","TheBeyond"],"potions_floor_usage":[40,50,50,50],"damage_taken":[{"damage":0.0,"enemies":"Lagavulin","floor":2.0,"turns":1.0},{"damage":0.0,"enemies":"Cultist","floor":3.0,"turns":1.0},{"damage":0.0,"enemies":"Replay:BlueRogue","floor":4.0,"turns":1.0},{"damage":4.0,"enemies":"downfall:FleeingMerchant","floor":6.0,"turns":4.0},{"damage":0.0,"enemies":"Small Slimes","floor":9.0,"turns":2.0},{"damage":0.0,"enemies":"Jaw Worm","floor":11.0,"turns":1.0},{"damage":13.0,"enemies":"Exordium Thugs","floor":13.0,"turns":4.0},{"damage":5.0,"enemies":"Exordium Wildlife","floor":15.0,"turns":2.0},{"damage":14.0,"enemies":"downfall:Watcher","floor":16.0,"turns":6.0},{"damage":0.0,"enemies":"Spheric Guardian","floor":19.0,"turns":4.0},{"damage":7.0,"enemies":"Replay:Snechameleon","floor":20.0,"turns":8.0},{"damage":11.0,"enemies":"Snecko","floor":22.0,"turns":3.0},{"damage":23.0,"enemies":"Slavers","floor":25.0,"turns":7.0},{"damage":2.0,"enemies":"Centurion and Healer","floor":26.0,"turns":7.0},{"damage":7.0,"enemies":"Snake Plant","floor":29.0,"turns":3.0},{"damage":6.0,"enemies":"downfall:FleeingMerchant","floor":30.0,"turns":4.0},{"damage":9.0,"enemies":"Snecko","floor":32.0,"turns":4.0},{"damage":4.0,"enemies":"downfall:Ironclad","floor":33.0,"turns":6.0},{"damage":9.0,"enemies":"Nemesis","floor":36.0,"turns":5.0},{"damage":0.0,"enemies":"3 Darklings","floor":38.0,"turns":4.0},{"damage":0,"enemies":"Orb Walker","floor":39,"turns":2},{"damage":12,"enemies":"Sphere and 2 Shapes","floor":40,"turns":7},{"damage":23,"enemies":"Reptomancer","floor":44,"turns":9},{"damage":0,"enemies":"Writhing Mass","floor":47,"turns":3},{"damage":0,"enemies":"Spire Growth","floor":49,"turns":4},{"damage":108,"enemies":"downfall:Silent","floor":50,"turns":6}],"seed_played":"60853410470759196","potions_obtained":[{"floor":2.0,"key":"FairyPotion"},{"floor":9.0,"key":"ColorlessPotion"},{"floor":15.0,"key":"SkillPotion"},{"floor":20.0,"key":"Dexterity Potion"},{"floor":26.0,"key":"Weak Potion"},{"floor":33.0,"key":"BlessingOfTheForge"},{"floor":39,"key":"Weak Potion"},{"floor":44,"key":"sneckomod:MuddlingPotion"},{"floor":47,"key":"Adrenaline Potion"},{"floor":49,"key":"LifebloodPotion"}],"is_trial":false,"path_per_floor":["R","E","M","E","R","$","T","?","M","R","M","?","M","T","M","B",null,"R","M","E","?","M","AVR","T","E","M","R","?","M","$","?","M","B",null,"R","E","?","M","M","M","T","R","?","E","?","T","M","?","M","B"],"character_chosen":"THE_SPIRIT","items_purchased":["hexamod:StepThrough+1","Ice Cream","Regal Pillow","hexamod:RadiantFlame"],"campfire_rested":2,"item_purchase_floors":[6,30,30,30],"current_hp_per_floor":[70,70,70,70,70,66,66,66,66,66,66,66,53,53,48,34,70,70,70,63,63,52,52,52,29,27,48,48,41,35,35,26,22,70,70,61,61,61,61,49,49,70,70,47,47,47,47,47,47,0,0],"gold":430,"neow_bonus":"THREE_ENEMY_KILL","is_daily":false,"chose_seed":false,"campfire_upgraded":3,"win_rate":0.0,"timestamp":1607977083,"path_taken":["R","E","M","E","R","?","T","?","?","R","M","?","M","?","M","BOSS","R","M","E","?","M","AVR","T","E","M","R","?","M","$","?","M","BOSS","R","E","?","M","M","M","T","R","?","E","?","?","M","?","M","BOSS"],"items_purchased_type":["Card","Relic","Relic","Card"],"build_version":"2020-12-13","purchased_purges":1,"victory":false,"max_hp_per_floor":[70,70,70,70,70,70,70,70,70,70,70,70,70,70,70,70,70,70,70,70,70,70,70,70,70,70,70,70,70,70,70,70,70,70,70,70,70,70,70,70,70,70,70,70,70,70,70,70,70,70,70],"card_choices":[{"not_picked":["hexamod:DynamicBlow","hexamod:HeatShield"],"picked":"hexamod:RecurringNightmare","floor":2.0},{"not_picked":["hexamod:Firestarter","hexamod:ThermalTransfer"],"picked":"hexamod:CatchUp","floor":3.0},{"not_picked":["hexamod:BurningTouch","hexamod:AdvancingGuard"],"picked":"hexamod:HauntingEcho+1","floor":4.0},{"not_picked":["hexamod:BurningTouch","hexamod:SkipABeat"],"picked":"hexamod:SwordOfDarkness+1","floor":6.0},{"not_picked":["hexamod:FifthSeal","hexamod:NecessarySacrifice"],"picked":"hexamod:FastForward","floor":9.0},{"not_picked":["hexamod:GhostLash+1","hexamod:FastForward","hexamod:SwordOfDarkness+1"],"picked":"SKIP","floor":11.0},{"not_picked":["hexamod:RetreatToShadows","hexamod:Firestarter+1"],"picked":"hexamod:EmpoweredFlame","floor":13.0},{"not_picked":["hexamod:FastForward","hexamod:DynamicBlow+1"],"picked":"hexamod:InspiringFlames","floor":15.0},{"not_picked":["hexamod:FifthSeal","hexamod:SixthSeal"],"picked":"hexamod:GhostflameInferno","floor":16.0},{"not_picked":["hexamod:Hexaguard","hexamod:AdvancingGuard","hexamod:BurningTouch"],"picked":"SKIP","floor":19.0},{"not_picked":["hexamod:AdvancingGuard","hexamod:DynamicBlow+1","hexamod:FastForward+1"],"picked":"SKIP","floor":20.0},{"not_picked":["hexamod:AdvancingGuard+1","hexamod:GhostLash+1","hexamod:PhantomFireball+1"],"picked":"SKIP","floor":22.0},{"not_picked":["hexamod:FirstSeal","hexamod:VolcanoVisage","hexamod:StepThrough+1"],"picked":"SKIP","floor":25.0},{"not_picked":["hexamod:BurningTouch","hexamod:GhostLash+1","hexamod:NightmareGuise"],"picked":"SKIP","floor":26.0},{"not_picked":["hexamod:SpectralAdrenaline","hexamod:BacktrackSmack+1","hexamod:SwordOfDarkness+1"],"picked":"SKIP","floor":29.0},{"not_picked":["hexamod:PhantomFireball+1","hexamod:VolcanoVisage","hexamod:GhostLash+1"],"picked":"SKIP","floor":30.0},{"not_picked":["hexamod:FastForward","hexamod:EtherealExpedition+1","hexamod:SwordOfDarkness+1"],"picked":"SKIP","floor":32.0},{"not_picked":["hexamod:GhostLash+1","hexamod:BacktrackSmack+1","hexamod:RainOfEmbers+1"],"picked":"SKIP","floor":36.0},{"not_picked":["hexamod:GhostShield","hexamod:HeatShield"],"picked":"hexamod:SkipABeat+1","floor":38},{"not_picked":["hexamod:TurnItUp","hexamod:BacktrackSmack+1","hexamod:GhostShield"],"picked":"SKIP","floor":39},{"not_picked":["hexamod:PhantomFireball+1","hexamod:NecessarySacrifice+1","hexamod:BacktrackSmack+1"],"picked":"SKIP","floor":40},{"not_picked":["hexamod:BacktrackSmack+1","hexamod:EmpoweredFlame"],"picked":"hexamod:GhostOfSpireFuture+1","floor":44},{"not_picked":["hexamod:SwordOfDarkness+1","hexamod:RainOfEmbers+1","hexamod:ChargedBarrage"],"picked":"SKIP","floor":47},{"not_picked":["hexamod:ThermalTransfer+1","hexamod:RainOfEmbers+1"],"picked":"hexamod:Rewind+1","floor":49}],"player_experience":871427,"relics_obtained":[{"floor":2.0,"key":"Bag of Marbles"},{"floor":4.0,"key":"Molten Egg 2"},{"floor":7.0,"key":"infinitespire:EmpoweringShard"},{"floor":14.0,"key":"Matryoshka"},{"floor":17.0,"key":"hubris:ToyBattleship"},{"floor":17.0,"key":"Blue Candle"},{"floor":17.0,"key":"FossilizedHelix"},{"floor":20.0,"key":"Juzu Bracelet"},{"floor":24.0,"key":"Anchor"},{"floor":24.0,"key":"infinitespire:Broken Mirror"},{"floor":25.0,"key":"Akabeko"},{"floor":35.0,"key":"Potion Belt"},{"floor":36.0,"key":"infinitespire:Beetle Shell"},{"floor":41,"key":"Bronze Scales"},{"floor":41,"key":"infinitespire:Satchel"},{"floor":44,"key":"Replay:Wax Seal"},{"floor":48,"key":"Kunai"}],"event_choices":[{"cards_removed":["hexamod:Strike"],"damage_healed":0.0,"max_hp_gain":0.0,"max_hp_loss":0.0,"gold_gain":0.0,"event_name":"Bonfire Elementals","player_choice":"Offered Basic","floor":8.0,"gold_loss":0.0,"damage_taken":0.0}],"is_beta":false,"boss_relics":[{"not_picked":["SacredBark","Pandora\u0027s Box"],"picked":"Replay:Grab Bag"},{"not_picked":["hubris:RunicObelisk","Replay:Bronze Core"],"picked":"infinitespire:Cupcake"},{"not_picked":["ReplayTheSpireMod:Onyx Gauntlets","Painkiller Herb"],"picked":"Fusion Hammer"},{"not_picked":["Black Star","Snecko Eye"],"picked":"Astrolabe"},{"not_picked":["hubris:BlackHole","Kintsugi"],"picked":"Calling Bell"},{"not_picked":["hubris:ScarierMask","hubris:HollowSoul"],"picked":"hexamod:IceCube"}],"items_purged_floors":[30],"is_endless":false,"potions_floor_spawned":[2,9,15,20,26,29,33,39,44,47,49],"killed_by":"downfall:Silent","ascension_level":1}}