{"host":"qw1m3zcvi888b4j7","time":1607981747,"event":{"mods":["AchievementEnabler","BaseMod","Block Reminder","Colored Map","Colored Powertips","DeckTracker","Highlight Path","Minty Spire (QoL Compilation)","Quick Restart","Rare Cards Sparkle","Relic Sorter","Relic Stats"],"gold_per_floor":[118,135,135,39,114,145,145,26,26,42,42,56,56,71,71,169,169,188,188,208,218,218,218,237,270,270,299,15,15,34,46,46,144,144,158,158,174,194,18,18,47,47,70,0,29,29,29,29],"floor_reached":47,"playtime":4153,"items_purged":[],"score":704,"play_id":"38a791f9-9da3-4ed3-aca3-e15eb85e85e8","local_time":"20201214223547","is_ascension_mode":true,"campfire_choices":[{"floor":7,"key":"REST"},{"floor":11,"key":"RECALL"},{"data":"Body Slam","floor":13,"key":"SMITH"},{"data":"Body Slam","floor":15,"key":"SMITH"},{"data":"Ghostly","floor":23,"key":"SMITH"},{"data":"Infernal Blade","floor":29,"key":"SMITH"},{"data":"Ghostly","floor":32,"key":"SMITH"},{"data":"Mayhem","floor":40,"key":"SMITH"},{"data":"Double Tap","floor":42,"key":"SMITH"},{"data":"Ghostly","floor":46,"key":"SMITH"}],"circlet_count":0,"master_deck":["Strike_R","Strike_R","Strike_R","Strike_R","Strike_R","Defend_R","Defend_R","Defend_R","CurseOfTheBell","Wild Strike","Shrug It Off","Body Slam+1","Flex","Metallicize","Intimidate","Body Slam+1","Bloodletting","Double Tap+1","Dark Embrace+1","Barricade+1","Shrug It Off+1","Headbutt+1","Anger","Metallicize","Ghostly+1","Ghostly","Ghostly+1","Ghostly","Ghostly+1","Evolve+1","Searing Blow+1","Pummel+1","Iron Wave","Infernal Blade+1","Metallicize+1","Ghostly Armor","Feed","Headbutt+1","Sadistic Nature","Mayhem+1","Dark Shackles","Cleave+1","Spot Weakness","Wild Strike","Wild Strike","Anger+1","Anger+1"],"relics":["Calling Bell","Smiling Mask","The Courier","Pocketwatch","Bird Faced Urn","Bronze Scales","Medical Kit","Astrolabe","Eternal Feather","Pantograph","StoneCalendar","Meat on the Bone","Kunai","Black Star","Anchor","Molten Egg 2","Toxic Egg 2","Blood Vial","Red Mask","White Beast Statue","Potion Belt"],"acts_visited":["Exordium","TheCity","TheBeyond"],"potions_floor_usage":[16,20,21,27,27,33,45,47],"damage_taken":[{"damage":0,"enemies":"Small Slimes","floor":1,"turns":3},{"damage":9,"enemies":"2 Louse","floor":2,"turns":3},{"damage":24,"enemies":"Gremlin Nob","floor":6,"turns":4},{"damage":3,"enemies":"Jaw Worm","floor":10,"turns":4},{"damage":8,"enemies":"Red Slaver","floor":12,"turns":4},{"damage":7,"enemies":"Blue Slaver","floor":14,"turns":2},{"damage":51,"enemies":"Hexaghost","floor":16,"turns":12},{"damage":3,"enemies":"3 Byrds","floor":18,"turns":4},{"damage":10,"enemies":"Spheric Guardian","floor":20,"turns":3},{"damage":30,"enemies":"Snecko","floor":21,"turns":7},{"damage":0,"enemies":"Snake Plant","floor":24,"turns":6},{"damage":9,"enemies":"Slavers","floor":25,"turns":6},{"damage":1,"enemies":"Book of Stabbing","floor":27,"turns":6},{"damage":15,"enemies":"3 Cultists","floor":30,"turns":7},{"damage":6,"enemies":"Snecko","floor":31,"turns":7},{"damage":6,"enemies":"Champ","floor":33,"turns":12},{"damage":14,"enemies":"3 Darklings","floor":35,"turns":6},{"damage":1,"enemies":"Orb Walker","floor":37,"turns":5},{"damage":4,"enemies":"Maw","floor":38,"turns":10},{"damage":46,"enemies":"Giant Head","floor":41,"turns":9},{"damage":0,"enemies":"Nemesis","floor":45,"turns":7},{"damage":54,"enemies":"2 Orb Walkers","floor":47,"turns":5}],"seed_played":"-841508008329117128","potions_obtained":[{"floor":6,"key":"ColorlessPotion"},{"floor":16,"key":"Block Potion"},{"floor":18,"key":"DistilledChaos"},{"floor":20,"key":"Regen Potion"},{"floor":24,"key":"EssenceOfSteel"},{"floor":27,"key":"ElixirPotion"},{"floor":35,"key":"GamblersBrew"},{"floor":41,"key":"SpeedPotion"}],"is_trial":false,"path_per_floor":["M","M","?","$","?","E","R","$","T","M","R","M","R","M","R","B",null,"M","T","M","M","?","R","M","E","T","E","$","R","M","M","R","B",null,"M","?","M","M","$","R","E","R","T","?","E","R","?"],"character_chosen":"IRONCLAD","items_purchased":["Body Slam","Flex","Warcry","Medical Kit","Kunai","Iron Wave","Infernal Blade","Anchor","Wild Strike","Wild Strike"],"campfire_rested":1,"item_purchase_floors":[4,4,4,8,28,28,28,39,39,39],"current_hp_per_floor":[80,71,64,64,64,40,64,64,64,63,63,57,57,50,50,1,80,78,78,72,62,40,40,40,37,37,40,40,40,25,27,40,36,40,34,24,35,37,37,40,16,40,40,40,40,40,0,0],"gold":29,"neow_bonus":"BOSS_RELIC","is_daily":false,"chose_seed":false,"campfire_upgraded":8,"win_rate":0.0,"timestamp":1607981747,"path_taken":["M","M","?","$","?","E","R","$","T","?","R","M","R","M","R","BOSS","M","?","?","M","?","R","M","E","T","E","$","R","M","M","R","BOSS","M","?","M","M","$","R","E","R","T","?","E","R","?"],"items_purchased_type":["Card","Card","Card","Relic","Relic","Card","Card","Relic","Card","Card"],"build_version":"2020-12-13","purchased_purges":0,"victory":false,"max_hp_per_floor":[80,80,80,80,80,80,80,80,80,80,80,80,80,80,80,80,80,80,80,80,80,40,40,40,40,40,40,40,40,40,40,40,40,40,40,40,40,40,40,40,40,40,40,40,40,40,40,40],"relic_stats":{"counters":[22,132],"Astrolabe":["Dark Embrace","Barricade","Shrug It Off"],"Eternal Feather":40,"StoneCalendar":[177],"Smiling Mask":0,"Medical Kit":[32],"Blood Vial":0,"Bird Faced Urn":[81],"Bronze Scales":[450],"Pantograph":0,"Black Star":2,"Kunai":[26],"obtain_stats":[{"Potion Belt":45,"Astrolabe":17,"Eternal Feather":19,"StoneCalendar":26,"The Courier":0,"Smiling Mask":0,"Medical Kit":8,"Burning Blood":0,"White Beast Statue":45,"Calling Bell":0,"Blood Vial":43,"Anchor":39,"Bird Faced Urn":3,"Bronze Scales":6,"Pantograph":25,"Molten Egg 2":41,"Black Star":34,"Red Mask":44,"Kunai":28,"Toxic Egg 2":41,"Pocketwatch":0,"Meat on the Bone":27},{"Potion Belt":21,"Astrolabe":7,"Eternal Feather":8,"StoneCalendar":12,"The Courier":0,"Smiling Mask":0,"Medical Kit":3,"Burning Blood":0,"White Beast Statue":21,"Calling Bell":0,"Blood Vial":20,"Anchor":19,"Bird Faced Urn":2,"Bronze Scales":3,"Pantograph":12,"Molten Egg 2":20,"Black Star":16,"Red Mask":20,"Kunai":13,"Toxic Egg 2":20,"Pocketwatch":0,"Meat on the Bone":13},{"Potion Belt":127,"Astrolabe":32,"Eternal Feather":36,"StoneCalendar":58,"The Courier":0,"Smiling Mask":0,"Medical Kit":10,"Burning Blood":0,"White Beast Statue":127,"Calling Bell":0,"Blood Vial":120,"Anchor":111,"Bird Faced Urn":6,"Bronze Scales":10,"Pantograph":58,"Molten Egg 2":120,"Black Star":90,"Red Mask":120,"Kunai":64,"Toxic Egg 2":120,"Pocketwatch":0,"Meat on the Bone":64}],"Pocketwatch":[108],"Meat on the Bone":12},"card_choices":[{"not_picked":["Headbutt","True Grit"],"picked":"Wild Strike","floor":1},{"not_picked":["Pummel","Armaments"],"picked":"Shrug It Off","floor":2},{"not_picked":["Demon Form","Rage"],"picked":"Metallicize","floor":6},{"not_picked":["Armaments","Battle Trance"],"picked":"Intimidate","floor":10},{"not_picked":["Pommel Strike","Rupture"],"picked":"Body Slam","floor":12},{"not_picked":["Warcry","Anger"],"picked":"Bloodletting","floor":14},{"not_picked":["Bludgeon","Impervious"],"picked":"Double Tap","floor":16},{"not_picked":["Thunderclap","Wild Strike"],"picked":"Headbutt+1","floor":18},{"not_picked":["Impervious","Pummel"],"picked":"Anger","floor":20},{"not_picked":["Clash+1","Seeing Red"],"picked":"Metallicize","floor":21},{"not_picked":["Clash","True Grit"],"picked":"Evolve+1","floor":24},{"not_picked":["Headbutt+1","Offering"],"picked":"Searing Blow+1","floor":25},{"not_picked":["Rage","Headbutt"],"picked":"Pummel+1","floor":27},{"not_picked":["Twin Strike+1","Wild Strike"],"picked":"Metallicize+1","floor":30},{"not_picked":["Sever Soul","Perfected Strike"],"picked":"Ghostly Armor","floor":31},{"not_picked":["Offering","Immolate"],"picked":"Feed","floor":33},{"not_picked":["Iron Wave","True Grit"],"picked":"Headbutt+1","floor":35},{"not_picked":["Flash of Steel","Panacea"],"picked":"Sadistic Nature","floor":36},{"not_picked":["Sadistic Nature","Flash of Steel"],"picked":"Mayhem","floor":36},{"not_picked":["Blind","PanicButton"],"picked":"Dark Shackles","floor":36},{"not_picked":["Infernal Blade","Anger+1"],"picked":"Cleave+1","floor":37},{"not_picked":["Wild Strike+1","Blood for Blood"],"picked":"Spot Weakness","floor":38},{"not_picked":["Heavy Blade+1","Spot Weakness+1"],"picked":"Anger+1","floor":41},{"not_picked":["Flex+1","Twin Strike+1"],"picked":"Anger+1","floor":45}],"player_experience":69303,"relics_obtained":[{"floor":0,"key":"Smiling Mask"},{"floor":0,"key":"The Courier"},{"floor":0,"key":"Pocketwatch"},{"floor":6,"key":"Bronze Scales"},{"floor":19,"key":"Eternal Feather"},{"floor":25,"key":"Pantograph"},{"floor":26,"key":"StoneCalendar"},{"floor":27,"key":"Meat on the Bone"},{"floor":41,"key":"Molten Egg 2"},{"floor":41,"key":"Toxic Egg 2"},{"floor":43,"key":"Blood Vial"},{"floor":45,"key":"White Beast Statue"},{"floor":45,"key":"Potion Belt"}],"event_choices":[{"damage_healed":0,"gold_gain":0,"player_choice":"Success","damage_taken":7,"relics_obtained":["Bird Faced Urn"],"max_hp_gain":0,"max_hp_loss":0,"event_name":"Scrap Ooze","floor":3,"gold_loss":0},{"damage_healed":0,"gold_gain":75,"player_choice":"Gained Gold","damage_taken":0,"max_hp_gain":0,"max_hp_loss":0,"event_name":"Golden Wing","floor":5,"gold_loss":0},{"damage_healed":0,"gold_gain":0,"player_choice":"Became a Ghost","damage_taken":0,"max_hp_gain":0,"max_hp_loss":40,"event_name":"Ghosts","floor":22,"gold_loss":0,"cards_obtained":["Ghostly","Ghostly","Ghostly","Ghostly","Ghostly"]},{"damage_healed":0,"gold_gain":0,"player_choice":"Memory 3","damage_taken":10,"max_hp_gain":0,"max_hp_loss":0,"event_name":"SensoryStone","floor":36,"gold_loss":0},{"damage_healed":0,"gold_gain":0,"player_choice":"Paid","damage_taken":0,"relics_obtained":["Red Mask"],"max_hp_gain":0,"max_hp_loss":0,"event_name":"Tomb of Lord Red Mask","floor":44,"gold_loss":70},{"damage_healed":0,"gold_gain":0,"player_choice":"Fight","damage_taken":0,"max_hp_gain":0,"max_hp_loss":0,"event_name":"Mysterious Sphere","floor":47,"gold_loss":0}],"is_beta":false,"boss_relics":[{"not_picked":["SlaversCollar","Busted Crown"],"picked":"Astrolabe"},{"not_picked":["Empty Cage","Sozu"],"picked":"Black Star"}],"items_purged_floors":[],"is_endless":false,"potions_floor_spawned":[6,16,18,20,24,27,35,41],"killed_by":"2 Orb Walkers","ascension_level":1}}