{"host":"kjmsjq3kpb3v9rdj","time":1607961601,"event":{"mods":["Aspiration","BaseMod","CCEM","Colored Powertips","Conspire","Duelist Mod","GifTheSpireLib","Halation","Highlight Path","Hubris","Ironclad Rager","Minty Spire (QoL Compilation)","Quick Restart","Relic Sorter","Replay The Spire","Small Relic Pack","Spicy Shops","Spikes Relics","StSLib","Stuff the Spire","The Animator","The Blue Laboratory","The Cursed","The Disciple","The Dragon Tamer","The Mystic","The Necromancer","The Runesmith","The Showman","Trackpad","vexMod"],"gold_per_floor":[116,128,141,156,174,209,226,226,226,260,278,293,310,322,322,419,419,438,438,454,464,483,483,483],"floor_reached":23,"playtime":4659,"items_purged":[],"score":288,"play_id":"0d53874b-a1cb-4ce6-a6b7-3161fd85f659","local_time":"20201214080001","is_ascension_mode":false,"campfire_choices":[{"data":"TheCursedMod:EmpowerCircles","floor":8,"key":"SMITH"},{"floor":15,"key":"REST"}],"circlet_count":0,"master_deck":["TheCursedMod:CursedWand","TheCursedMod:CleanUpWorkshop","TheCursedMod:CursedShiv","TheCursedMod:Wield","TheCursedMod:ManaBullet","TheCursedMod:CircleOfFlame","TheCursedMod:CircleOfWindfury","TheCursedMod:CircleOfCorruption","TheCursedMod:CircleOfAbyss","Finesse","TheCursedMod:Wield","TheCursedMod:EmpowerCircles+1","TheCursedMod:Grudge+1","TheCursedMod:Wield","TheCursedMod:SurpriseAttack","TheCursedMod:CursedBlade","TheCursedMod:FleshFromBone","TheCursedMod:TroublousMinions","TheCursedMod:CursedShiv","TheCursedMod:CursedBoomerang","TheCursedMod:CursedArmor","TheCursedMod:CursedBoomerang","TheCursedMod:CollectTribute","TheCursedMod:Stigma","TheCursedMod:PrepareRite","TheCursedMod:SurpriseAttack","TheCursedMod:SpitefulPlan"],"relics":["TheCursedMod:MagicCandle","TheCursedMod:DemonicMark","Gremlin Food","Centennial Puzzle","hubris:VirtuousBlindfold","SsserpentHead"],"acts_visited":["Exordium","TheCity"],"potions_floor_usage":[4,10,10,10,10,10,11,16],"damage_taken":[{"damage":0,"enemies":"Cultist","floor":1,"turns":2},{"damage":0,"enemies":"conspire:RoseBush","floor":2,"turns":1},{"damage":2,"enemies":"Jaw Worm","floor":3,"turns":2},{"damage":0,"enemies":"Lots of Slimes","floor":4,"turns":1},{"damage":0,"enemies":"Large Slime","floor":5,"turns":1},{"damage":0,"enemies":"Gremlin Nob","floor":6,"turns":2},{"damage":0,"enemies":"Looter","floor":7,"turns":1},{"damage":2,"enemies":"3 Sentries","floor":10,"turns":3},{"damage":11,"enemies":"Exordium Thugs","floor":11,"turns":2},{"damage":0,"enemies":"Large Slime","floor":12,"turns":2},{"damage":0,"enemies":"3 Louse","floor":13,"turns":2},{"damage":0,"enemies":"Looter","floor":14,"turns":1},{"damage":0,"enemies":"Slime Boss","floor":16,"turns":5},{"damage":16,"enemies":"conspire:FuzzyDice","floor":18,"turns":2},{"damage":0,"enemies":"3 Byrds","floor":20,"turns":2},{"damage":29,"enemies":"Snake Plant","floor":21,"turns":4},{"damage":8,"enemies":"Snecko","floor":22,"turns":3},{"damage":35,"enemies":"theDuelist:KaibaA2","floor":23,"turns":5}],"seed_played":"3535623075796494028","potions_obtained":[{"floor":1,"key":"Regen Potion"},{"floor":3,"key":"Explosive Potion"},{"floor":5,"key":"EntropicBrew"},{"floor":6,"key":"Fire Potion"},{"floor":10,"key":"Strength Potion"},{"floor":21,"key":"SmokeBomb"}],"is_trial":false,"path_per_floor":["M","M","M","M","M","E","M","R","T","E","M","M","M","M","R","B",null,"M","?","M","M","M","E"],"character_chosen":"THE_CURSED","items_purchased":[],"campfire_rested":1,"item_purchase_floors":[],"current_hp_per_floor":[82,82,80,80,80,80,80,80,80,80,71,71,71,71,84,84,84,68,68,68,39,31,0,0],"gold":483,"neow_bonus":"TEN_PERCENT_HP_BONUS","is_daily":false,"chose_seed":false,"campfire_upgraded":1,"win_rate":0.0,"timestamp":1607961601,"path_taken":["M","M","M","M","M","E","M","R","T","E","?","M","M","M","R","BOSS","M","?","M","M","M","E"],"items_purchased_type":[],"build_version":"2020-12-13","purchased_purges":0,"victory":false,"max_hp_per_floor":[82,82,82,82,82,82,82,82,82,82,84,84,84,84,84,84,84,84,84,84,84,84,84,84],"card_choices":[{"not_picked":["TheCursedMod:SaltUponWound","TheCursedMod:VitalStrike"],"picked":"TheCursedMod:Wield","floor":1},{"not_picked":["TheCursedMod:Evocation","TheCursedMod:CursedBoomerang"],"picked":"TheCursedMod:EmpowerCircles","floor":2},{"not_picked":["TheCursedMod:ManaBullet","TheCursedMod:Stigma"],"picked":"TheCursedMod:Grudge","floor":3},{"not_picked":["TheCursedMod:VitalStrike","TheCursedMod:CircleOfAmplification"],"picked":"TheCursedMod:Wield","floor":4},{"not_picked":["TheCursedMod:BlessingInDisguise","TheCursedMod:Stretching"],"picked":"TheCursedMod:SurpriseAttack","floor":5},{"not_picked":["TheCursedMod:SurpriseAttack","TheCursedMod:VitalStrike"],"picked":"TheCursedMod:CursedBlade","floor":6},{"not_picked":["TheCursedMod:TacticalStrike","TheCursedMod:Stretching"],"picked":"TheCursedMod:FleshFromBone","floor":7},{"not_picked":["TheCursedMod:UltimatePain","TheCursedMod:FleshFromBone"],"picked":"TheCursedMod:TroublousMinions","floor":10},{"not_picked":["TheCursedMod:Stigma","TheCursedMod:CircleOfFlame"],"picked":"TheCursedMod:CursedShiv","floor":11},{"not_picked":["TheCursedMod:HellfireBreathing","TheCursedMod:CursedAmulet"],"picked":"TheCursedMod:CursedBoomerang","floor":12},{"not_picked":["TheCursedMod:EmpowerCircles","TheCursedMod:Evocation"],"picked":"TheCursedMod:CursedArmor","floor":13},{"not_picked":["TheCursedMod:RapidMovement","TheCursedMod:Stretching"],"picked":"TheCursedMod:CursedBoomerang","floor":14},{"not_picked":["TheCursedMod:OutForBlood","TheCursedMod:NeowsMight"],"picked":"TheCursedMod:CollectTribute","floor":16},{"not_picked":["TheCursedMod:HellfireBreathing","TheCursedMod:LuckyCharm"],"picked":"TheCursedMod:Stigma","floor":18},{"not_picked":["TheCursedMod:ReleasedKnowledge","TheCursedMod:BlessingInDisguise"],"picked":"TheCursedMod:PrepareRite","floor":20},{"not_picked":["TheCursedMod:VitalStrike+1","TheCursedMod:EmpowerCircles"],"picked":"TheCursedMod:SurpriseAttack","floor":21},{"not_picked":["TheCursedMod:StingEye","TheCursedMod:SmokeScreen"],"picked":"TheCursedMod:SpitefulPlan","floor":22}],"player_experience":465511,"relics_obtained":[{"floor":6,"key":"TheCursedMod:DemonicMark"},{"floor":9,"key":"Gremlin Food"},{"floor":10,"key":"Centennial Puzzle"}],"event_choices":[{"damage_healed":0,"gold_gain":0,"player_choice":"Trade","damage_taken":0,"relics_obtained":["SsserpentHead"],"max_hp_gain":0,"max_hp_loss":0,"event_name":"FaceTrader","floor":19,"gold_loss":0}],"is_beta":false,"boss_relics":[{"not_picked":["conspire:SlowCooker","hubris:RunicObelisk"],"picked":"hubris:VirtuousBlindfold"}],"items_purged_floors":[],"is_endless":false,"potions_floor_spawned":[1,3,5,6,10,21],"killed_by":"theDuelist:KaibaA2","ascension_level":0}}