{"host":"lfgp7c6orz52hf2j","time":1607910446,"event":{"mods":["2.2 Compatiblity","AchievementEnabler","Aspiration","BaseMod","Better Altar","Better Skull","Better Third Choice","BetterRewards","Colored Map","Conspire","Disable Question Mark Monsters","Displayed Cursed Tome","GifTheSpireLib","Halation","Hubris","Hyrulean Relics","Infinite Spire","Minty Spire (QoL Compilation)","Replay The Spire","Shade Mod","Shop Mod","Spikes Relics","StSLib","Stuff the Spire","The Blue Laboratory","The Factory","The Wild Card","Trackpad","Waifu the Spire","vexMod"],"gold_per_floor":[114,114,114,77,92,122,122,82,107,137,137,152,167,182,182,282,282,297,257,287,287,205,205,235,264,289,341,376,419,454,487,487,603,603,634,634,694,694,741,807,865,908,933,979,1020,1059,1108,1162,1162,1188],"floor_reached":51,"playtime":4867,"items_purged":[],"score":1169,"play_id":"263ebebc-ac8d-4e0f-aac6-40a802abe8a2","local_time":"20201213234726","daily_mods":["Cursed Run","ControlledChaos","DeadlyEvents"],"is_ascension_mode":false,"campfire_choices":[{"data":"theWildCard:Arsene","floor":7,"key":"SMITH"},{"data":"theWildCard:CryOfAgony","floor":15,"key":"SMITH"},{"data":"theWildCard:Providence","floor":23,"key":"SMITH"},{"data":"Glass Knife","floor":32,"key":"SMITH"},{"data":"theWildCard:Providence","floor":49,"key":"SMITH"}],"circlet_count":0,"master_deck":["theWildCard:BasicStrike","theWildCard:BasicStrike","theWildCard:BasicStrike","theWildCard:BasicDefend+1","theWildCard:BasicDefend","theWildCard:CallToAdventure","theWildCard:SeveringSlash+1","theWildCard:SeveringSlash","theWildCard:SacrificialStroke","theWildCard:ArcaneArts","theWildCard:MagicalMight","theWildCard:CryOfAgony+1","theWildCard:Loki","theWildCard:SacrificialStroke","Fluid Movement+1","Glass Knife+1","Storm of Steel","theWildCard:Providence+1","theWildCard:PowerOfTheArcana+1","theWildCard:UnderLockAndKey+1","theWildCard:StingingStrike","theWildCard:TheArcanaUnleashed+1","theWildCard:Abstinence+1","hubris:DuctTapeCard","hubris:Despair","infinitespire:UltimateForm+1","theWildCard:Providence+1","theWildCard:UnderLockAndKey","Injury"],"relics":["Cursed Key","Darkstone Periapt","Du-Vu Doll","Frozen Eye","Frozen Egg 2","hubris:SlimyHat","StuffTheSpire:RunicHypercube","trackpad:ByrdBGone","MerchantsRug","Replay:Bandana","conspire:TopHat","Pet Ghost","trackpad:Coffee","Vajra","Ring of Panic","Ring of Misfortune","hubris:Zylophone","hubris:DuctTape","trackpad:PetRock","infinitespire:BottledMercury","aspiration:ChemicalBlood"],"acts_visited":["Exordium","TheCity","TheBeyond"],"potions_floor_usage":[6,10,10,20,24,27,30,33,35,44,46,50],"damage_taken":[{"damage":0,"enemies":"Cultist","floor":1,"turns":3},{"damage":0,"enemies":"conspire:RoseBush","floor":5,"turns":2},{"damage":0,"enemies":"Gremlin Nob","floor":6,"turns":4},{"damage":6,"enemies":"Lagavulin","floor":10,"turns":4},{"damage":0,"enemies":"Small Slimes","floor":12,"turns":2},{"damage":0,"enemies":"3 Louse","floor":13,"turns":3},{"damage":0,"enemies":"Gremlin Gang","floor":14,"turns":4},{"damage":20,"enemies":"The Guardian","floor":16,"turns":6},{"damage":0,"enemies":"3 Byrds","floor":18,"turns":3},{"damage":0,"enemies":"Gremlin Leader","floor":20,"turns":2},{"damage":0,"enemies":"Book of Stabbing","floor":24,"turns":3},{"damage":0,"enemies":"Spheric Guardian","floor":25,"turns":2},{"damage":0,"enemies":"conspire:SneckoGhost","floor":27,"turns":2},{"damage":1,"enemies":"Shelled Parasite and Fungi","floor":28,"turns":2},{"damage":0,"enemies":"conspire:HollyBat","floor":29,"turns":5},{"damage":0,"enemies":"3 Cultists","floor":30,"turns":2},{"damage":0,"enemies":"Centurion and Healer","floor":31,"turns":2},{"damage":21,"enemies":"hubris:MusketHawk","floor":33,"turns":6},{"damage":0,"enemies":"3 Shapes","floor":35,"turns":2},{"damage":0,"enemies":"Nemesis","floor":37,"turns":5},{"damage":0,"enemies":"3 Darklings","floor":39,"turns":4},{"damage":0,"enemies":"R_Hoarder","floor":40,"turns":4},{"damage":0,"enemies":"Nemesis","floor":41,"turns":5},{"damage":0,"enemies":"Transient","floor":42,"turns":5},{"damage":15,"enemies":"Nightmare","floor":44,"turns":7},{"damage":0,"enemies":"Sphere and 2 Shapes","floor":45,"turns":2},{"damage":0,"enemies":"Jaw Worm Horde","floor":46,"turns":2},{"damage":0,"enemies":"3 Darklings","floor":47,"turns":3},{"damage":8,"enemies":"Reptomancer","floor":48,"turns":4},{"damage":14,"enemies":"hubris:GrandSnecko","floor":50,"turns":10}],"seed_played":"1880613833527945180","potions_obtained":[{"floor":5,"key":"blueLaboratory:PyrophylliteBrew"},{"floor":8,"key":"SmokeBomb"},{"floor":8,"key":"blueLaboratory:RecallPotion"},{"floor":8,"key":"AttackPotion"},{"floor":12,"key":"SpeedPotion"},{"floor":16,"key":"blueLaboratory:BottledHope"},{"floor":25,"key":"Weak Potion"},{"floor":29,"key":"DuplicationPotion"},{"floor":30,"key":"Fruit Juice"},{"floor":31,"key":"LiquidBronze"},{"floor":37,"key":"blueLaboratory:AbyssPotion"},{"floor":41,"key":"DuplicationPotion"},{"floor":45,"key":"blueLaboratory:BottledHope"}],"is_trial":false,"path_per_floor":["M","$","?","$","M","E","R","?","T","E","T","M","M","M","R","B",null,"M","?","E","?","$","R","E","M","T","E","M","M","M","M","R","B",null,"M","?","E","?","M","E","E","M","T","NM","M","M","M","E","R","B",null],"character_chosen":"THE_WILD_CARD","items_purchased":["theWildCard:Abstinence+1","MerchantsRug","theWildCard:Providence","theWildCard:PowerOfTheArcana+1"],"campfire_rested":0,"item_purchase_floors":[4,22,22,22],"current_hp_per_floor":[60,60,66,66,66,66,66,66,72,66,72,72,72,72,72,58,84,84,84,84,84,84,84,84,84,90,90,89,90,95,95,95,82,101,101,101,101,101,101,101,101,101,107,92,94,98,98,93,93,89],"gold":1188,"neow_bonus":"","is_daily":true,"chose_seed":false,"campfire_upgraded":5,"win_rate":0.0,"timestamp":1607910446,"path_taken":["M","?","?","$","M","E","R","?","T","?","?","M","?","M","R","BOSS","M","?","?","?","$","R","E","?","T","?","M","M","M","M","R","BOSS","M","?","?","?","?","E","?","M","T","NM","M","M","?","?","R","BOSS"],"items_purchased_type":["Card","Relic","Card","Card"],"build_version":"2020-12-13","purchased_purges":0,"victory":true,"max_hp_per_floor":[60,60,66,66,66,66,66,66,72,72,78,78,78,78,78,84,84,84,84,84,84,84,84,84,84,90,90,90,90,95,95,95,101,101,101,101,101,101,101,101,101,101,107,107,107,107,107,107,107,113],"card_choices":[{"not_picked":["theWildCard:Patience","theWildCard:Salvation"],"picked":"theWildCard:SeveringSlash","floor":1},{"not_picked":["theWildCard:ArchaicAssault","theWildCard:MaskChange"],"picked":"theWildCard:SeveringSlash","floor":5},{"not_picked":["theWildCard:MaskChange","theWildCard:ShieldOfMany"],"picked":"theWildCard:SacrificialStroke","floor":6},{"not_picked":["theWildCard:Metatron","theWildCard:Thanatos"],"picked":"theWildCard:ArcaneArts","floor":10},{"not_picked":["theWildCard:SacrificialStroke","theWildCard:Salvation"],"picked":"theWildCard:MagicalMight","floor":12},{"not_picked":["theWildCard:Polydeuces","theWildCard:MagicalMight","theWildCard:Patience"],"picked":"SKIP","floor":13},{"not_picked":["theWildCard:SeveringSlash","theWildCard:ArcanaArtistry"],"picked":"theWildCard:CryOfAgony","floor":14},{"not_picked":["theWildCard:FinalHour","theWildCard:Desolation"],"picked":"theWildCard:FuelForTheFire+1","floor":16},{"not_picked":["theWildCard:SeveringSlash","theWildCard:Proficiency"],"picked":"theWildCard:SacrificialStroke","floor":18},{"not_picked":["theWildCard:Polydeuces","theWildCard:UnendingRitual","theWildCard:Sakuya"],"picked":"SKIP","floor":20},{"not_picked":["theWildCard:Patience","theWildCard:Loki+1","theWildCard:BladeOfGenerations"],"picked":"SKIP","floor":24},{"not_picked":["theWildCard:StingingStrike","theWildCard:Satanael","theWildCard:MagicMettle"],"picked":"SKIP","floor":25},{"not_picked":["theWildCard:Polydeuces","theWildCard:SeveringSlash+1","theWildCard:Salvation"],"picked":"SKIP","floor":27},{"not_picked":["theWildCard:MagicalMight","theWildCard:PaleRider+1"],"picked":"theWildCard:UnderLockAndKey+1","floor":28},{"not_picked":["theWildCard:PaleRider","theWildCard:SacrificialStroke"],"picked":"theWildCard:StingingStrike","floor":29},{"not_picked":["theWildCard:MaskChange","theWildCard:Patience","theWildCard:ManOfManyFaces+1"],"picked":"SKIP","floor":30},{"not_picked":["theWildCard:ChangingDestiny","theWildCard:PaleRider+1","theWildCard:MagicMettle+1"],"picked":"SKIP","floor":31},{"not_picked":["theWildCard:Caesar","theWildCard:FinalHour"],"picked":"theWildCard:TheArcanaUnleashed+1","floor":33},{"not_picked":["theWildCard:ArchaicAssault","theWildCard:Salvation+1","theWildCard:SeveringSlash+1"],"picked":"SKIP","floor":35},{"not_picked":["theWildCard:Polydeuces+1","theWildCard:Unburden+1"],"picked":"theWildCard:Abstinence+1","floor":37},{"not_picked":["theWildCard:StalwartBlade","theWildCard:Attunement+1","theWildCard:Odin"],"picked":"SKIP","floor":39},{"not_picked":["theWildCard:ShieldOfMany+1","theWildCard:SeveringSlash+1","theWildCard:MagicMettle"],"picked":"SKIP","floor":40},{"not_picked":["theWildCard:MagicMettle+1","theWildCard:BladeOfGenerations+1","theWildCard:Impatience+1"],"picked":"SKIP","floor":41},{"not_picked":["theWildCard:Sakuya","theWildCard:Proficiency","theWildCard:EnergizedStroke"],"picked":"SKIP","floor":42},{"not_picked":["infinitespire:DeathsTouch","infinitespire:Fortify"],"picked":"infinitespire:UltimateForm","floor":44},{"not_picked":["theWildCard:EnergizedStroke+1","theWildCard:IdentityTheft","theWildCard:MasterPlan"],"picked":"SKIP","floor":44},{"not_picked":["theWildCard:MagicalMight","theWildCard:SeveringSlash+1"],"picked":"theWildCard:Providence","floor":45},{"not_picked":["theWildCard:MagicalMight+1","theWildCard:Sakuya+1"],"picked":"theWildCard:UnderLockAndKey","floor":46},{"not_picked":["theWildCard:ArcaneArts","theWildCard:Proficiency","theWildCard:Alice+1"],"picked":"SKIP","floor":47},{"not_picked":["theWildCard:MagicalMight","theWildCard:ArcaneArts+1","theWildCard:Michael"],"picked":"SKIP","floor":48}],"player_experience":1528529,"relics_obtained":[{"floor":6,"key":"Regal Pillow"},{"floor":9,"key":"hubris:SlimyHat"},{"floor":10,"key":"Replay:PocketPolymizer"},{"floor":11,"key":"trackpad:WritersBlock"},{"floor":20,"key":"trackpad:ByrdBGone"},{"floor":24,"key":"Replay:Bandana"},{"floor":26,"key":"conspire:TopHat"},{"floor":27,"key":"Pet Ghost"},{"floor":37,"key":"Vajra"},{"floor":38,"key":"Ring of Panic"},{"floor":38,"key":"Ring of Misfortune"},{"floor":40,"key":"hubris:Zylophone"},{"floor":41,"key":"hubris:DuctTape"},{"floor":43,"key":"trackpad:PetRock"},{"floor":44,"key":"infinitespire:BottledMercury"},{"floor":48,"key":"aspiration:ChemicalBlood"}],"event_choices":[{"damage_healed":0,"gold_gain":0,"player_choice":"Bought 3 Potions","damage_taken":0,"max_hp_gain":0,"max_hp_loss":0,"event_name":"The Woman in Blue","floor":8,"gold_loss":0},{"damage_healed":0,"gold_gain":0,"player_choice":"Upgraded Two","damage_taken":0,"max_hp_gain":0,"max_hp_loss":0,"event_name":"Designer","floor":19,"gold_loss":40,"cards_upgraded":["theWildCard:BasicDefend","theWildCard:SeveringSlash"]},{"cards_removed":["Replay:Hysterical Blindness","Notoriety","Delirium","hubris:Compulsion","hubris:Compulsion","Injury"],"damage_healed":0,"gold_gain":0,"player_choice":"Removed Curses","damage_taken":0,"max_hp_gain":0,"max_hp_loss":0,"event_name":"Fountain of Cleansing","floor":36,"gold_loss":0}],"is_beta":false,"boss_relics":[{"not_picked":["vexMod:MegatonBomb","Kintsugi"],"picked":"StuffTheSpire:RunicHypercube"},{"not_picked":["Replay:Drink Me","halation:CatFaceCupcake"],"picked":"trackpad:Coffee"}],"items_purged_floors":[],"is_endless":false,"potions_floor_spawned":[5,12,16,25,29,30,31,37,41,45],"ascension_level":0}}