{"host":"zjxcc3u4aqpoowwq","time":1607924341,"event":{"mods":["2.2 Compatiblity","AchievementEnabler","BaseMod","Better Third Choice","CapriCore","Colored Map","Keyboard Shortcuts","Minty Spire (QoL Compilation)","StSLib","The Dragon Tamer"],"gold_per_floor":[117,117,0,0,0,0,10,10,10,28,28,28,28,49,49,168,168,189,189,213,213,229,229,9,47,47,71,71,71,85,99,99,220,220,239,82,415,425,437,437,451,451,451,451],"floor_reached":42,"playtime":1521,"items_purged":[],"score":408,"play_id":"dd3a00c9-4aee-40c5-b9a8-1daac9a04d8e","local_time":"20201214143901","is_ascension_mode":false,"metric_token":671,"campfire_choices":[{"data":"Injury","floor":6.0,"key":"PURGE"},{"data":"Enlightenment","floor":8.0,"key":"SMITH"},{"data":"DTMod:Strike","floor":12.0,"key":"PURGE"},{"data":"Injury","floor":15.0,"key":"PURGE"},{"floor":23.0,"key":"REST"},{"floor":29.0,"key":"REST"},{"floor":32.0,"key":"REST"},{"data":"Shame","floor":40,"key":"PURGE"}],"dtmod_dragon_data":[2,56,0,1,0,14],"circlet_count":0,"master_deck":["DTMod:DoubleHit","DTMod:SwitchingTactic","DTMod:BurningForce","SignatureMove","Enlightenment+1","DTMod:InvisibleFlame","DTMod:Multitask","DTMod:Weaken+1","Necronomicurse","DTMod:Weaken+1","DTMod:RepeatStrike","DTMod:Dissolve+1","DTMod:BizarreTactic","DTMod:DragonDance","DTMod:RepeatStrike","DTMod:BlazingStrike","DTMod:Training","DTMod:SealedStrike","DTMod:HeatWave","DTMod:ExcessFootwork","DTMod:Adaptation","DTMod:EchoTactic","DTMod:Shift+1","DTMod:InvisibleFlame+1","DTMod:Shift"],"relics":["DTMod:PactStone","Peace Pipe","Bronze Scales","Pocketwatch","Philosopher\u0027s Stone","Necronomicon","MealTicket","Oddly Smooth Stone","Tiny Chest","InkBottle","Pandora\u0027s Box","DTMod:MindBender"],"acts_visited":["Exordium","TheCity","TheBeyond"],"potions_floor_usage":[41],"damage_taken":[{"damage":1.0,"enemies":"Jaw Worm","floor":1.0,"turns":4.0},{"damage":0.0,"enemies":"2 Louse","floor":7.0,"turns":2.0},{"damage":0.0,"enemies":"Cultist","floor":10.0,"turns":1.0},{"damage":0.0,"enemies":"3 Louse","floor":14.0,"turns":2.0},{"damage":8.0,"enemies":"Hexaghost","floor":16.0,"turns":7.0},{"damage":1.0,"enemies":"Spheric Guardian","floor":18.0,"turns":3.0},{"damage":0.0,"enemies":"2 Thieves","floor":20.0,"turns":3.0},{"damage":16.0,"enemies":"Snake Plant","floor":22.0,"turns":5.0},{"damage":20.0,"enemies":"Book of Stabbing","floor":25.0,"turns":4.0},{"damage":12.0,"enemies":"Sentry and Sphere","floor":27.0,"turns":5.0},{"damage":7.0,"enemies":"Cultist and Chosen","floor":30.0,"turns":5.0},{"damage":3.0,"enemies":"Snake Plant","floor":31.0,"turns":2.0},{"damage":1.0,"enemies":"Collector","floor":33.0,"turns":6.0},{"damage":1.0,"enemies":"3 Shapes","floor":35.0,"turns":3.0},{"damage":3,"enemies":"Orb Walker","floor":38,"turns":3},{"damage":17,"enemies":"Writhing Mass","floor":39,"turns":5},{"damage":1,"enemies":"Spire Growth","floor":41,"turns":4},{"damage":54,"enemies":"Giant Head","floor":42,"turns":6}],"seed_played":"-7347507414836436612","potions_obtained":[{"floor":14.0,"key":"Weak Potion"},{"floor":16.0,"key":"Dexterity Potion"},{"floor":22.0,"key":"Block Potion"},{"floor":25.0,"key":"GamblersBrew"},{"floor":27.0,"key":"BlessingOfTheForge"},{"floor":39,"key":"Regen Potion"}],"is_trial":false,"path_per_floor":["M","?","?","$","?","R","M","R","T","M","$","R","?","M","R","B",null,"M","?","M","?","M","R","$","E","T","M","?","R","M","M","R","B",null,"M","$","?","M","M","R","M","E"],"character_chosen":"THE_DT","items_purchased":["DTMod:RepeatStrike","MealTicket","DTMod:MindBender"],"campfire_rested":3,"item_purchase_floors":[24,24,36],"current_hp_per_floor":[44,17,23,23,23,23,23,23,23,23,23,23,23,23,23,15,51,50,34,34,34,18,33,33,13,13,1,1,16,9,6,21,20,51,50,51,51,48,31,31,42,0,0,0],"gold":451,"neow_bonus":"ONE_RARE_RELIC","is_daily":false,"chose_seed":false,"campfire_upgraded":1,"win_rate":0.0,"timestamp":1607924341,"path_taken":["M","?","?","?","?","R","?","R","T","M","$","R","?","M","R","BOSS","M","?","M","?","M","R","$","E","T","M","?","R","M","M","R","BOSS","M","$","?","M","M","R","M","E"],"items_purchased_type":["Card","Relic","Relic"],"build_version":"2020-12-13","purchased_purges":0,"victory":false,"max_hp_per_floor":[45,45,51,51,51,51,51,51,51,51,51,51,51,51,51,51,51,51,51,51,51,51,51,51,51,51,51,51,51,51,51,51,51,51,51,51,51,51,51,51,51,51,51,51],"card_choices":[{"not_picked":["DTMod:HeatWave","DTMod:Threaten"],"picked":"DTMod:BurningForce","floor":1.0},{"not_picked":["DTMod:LowKick","DTMod:Training"],"picked":"DTMod:InvisibleFlame","floor":7.0},{"not_picked":["DTMod:BreakAttack","DTMod:Cover","DTMod:RunningTactic"],"picked":"SKIP","floor":10.0},{"not_picked":["DTMod:Cover","DTMod:FlameSlash","DTMod:BuildUp"],"picked":"SKIP","floor":14.0},{"not_picked":["DTMod:RepeatStrike","DTMod:ExcessFootwork"],"picked":"DTMod:Multitask","floor":16.0},{"not_picked":["DTMod:BurningEnergy","DTMod:QuickFly"],"picked":"DTMod:Weaken+1","floor":18.0},{"not_picked":["DTMod:RecklessFlurry","DTMod:CleansingStrike"],"picked":"DTMod:Weaken+1","floor":20.0},{"not_picked":["DTMod:BreakAttack","DTMod:BurningEnergy","DTMod:FlameSlash"],"picked":"SKIP","floor":22.0},{"not_picked":["DTMod:Coolant","DTMod:Haste"],"picked":"DTMod:Dissolve+1","floor":25.0},{"not_picked":["DTMod:FlameSlash","DTMod:PurifyingFlame"],"picked":"DTMod:BizarreTactic","floor":27.0},{"not_picked":["DTMod:MagicField","DTMod:CleansingStrike","DTMod:Cover"],"picked":"SKIP","floor":30.0},{"not_picked":["DTMod:BuildUp","DTMod:BurningEnergy+1"],"picked":"DTMod:DragonDance","floor":31.0},{"not_picked":["DTMod:Multitask","DTMod:EchoTactic"],"picked":"DTMod:RepeatStrike","floor":33.0},{"not_picked":["DTMod:Training","DTMod:Weaken+1"],"picked":"DTMod:Shift+1","floor":35.0},{"not_picked":["DTMod:BuildUp","DTMod:BurningForce"],"picked":"DTMod:InvisibleFlame+1","floor":38},{"not_picked":["DTMod:BurningEnergy","DTMod:CleansingStrike+1"],"picked":"DTMod:Shift","floor":39},{"not_picked":["DTMod:Haste","DTMod:ShieldDrain+1","DTMod:StarRain"],"picked":"SKIP","floor":41}],"player_experience":785929,"relics_obtained":[{"floor":9.0,"key":"Pocketwatch"},{"floor":19.0,"key":"Necronomicon"},{"floor":25.0,"key":"Oddly Smooth Stone"},{"floor":26.0,"key":"Tiny Chest"}],"event_choices":[{"damage_healed":0.0,"max_hp_gain":0.0,"max_hp_loss":0.0,"gold_gain":0.0,"event_name":"betterThird:BetterSerpent","player_choice":"RENOUNCE","floor":3.0,"gold_loss":117.0,"damage_taken":117.0,"cards_obtained":["Enlightenment"]},{"damage_healed":0.0,"max_hp_gain":0.0,"max_hp_loss":0.0,"gold_gain":0.0,"event_name":"NoteForYourself","player_choice":"Ignored","floor":5.0,"gold_loss":0.0,"damage_taken":0.0},{"damage_healed":0.0,"max_hp_gain":0.0,"max_hp_loss":0.0,"gold_gain":0.0,"event_name":"Golden Idol","player_choice":"Take Wound","floor":13.0,"gold_loss":0.0,"damage_taken":0.0,"relics_obtained":["Golden Idol"],"cards_obtained":["Injury"]},{"damage_healed":0.0,"max_hp_gain":0.0,"max_hp_loss":0.0,"gold_gain":0.0,"event_name":"Cursed Tome","player_choice":"Obtained Book","floor":19.0,"gold_loss":0.0,"damage_taken":16.0},{"damage_healed":0.0,"max_hp_gain":0.0,"max_hp_loss":0.0,"gold_gain":0.0,"event_name":"Ghosts","player_choice":"Ignored","floor":21.0,"gold_loss":0.0,"damage_taken":0.0},{"damage_healed":0.0,"max_hp_gain":0.0,"max_hp_loss":0.0,"gold_gain":0.0,"event_name":"Addict","player_choice":"Stole Relic","floor":28.0,"gold_loss":0.0,"damage_taken":0.0,"relics_obtained":["InkBottle"],"cards_obtained":["Shame"]},{"damage_healed":0.0,"max_hp_gain":0.0,"max_hp_loss":0.0,"gold_gain":333.0,"event_name":"The Moai Head","player_choice":"Gave Idol","floor":37.0,"relics_lost":["Golden Idol"],"gold_loss":0.0,"damage_taken":0.0}],"is_beta":false,"boss_relics":[{"not_picked":["Empty Cage","Fusion Hammer"],"picked":"Philosopher\u0027s Stone"},{"not_picked":["Calling Bell","DTMod:TheChair"],"picked":"Pandora\u0027s Box"}],"items_purged_floors":[],"is_endless":false,"potions_floor_spawned":[14,16,22,25,27,39],"killed_by":"Giant Head","ascension_level":0}}