{"host":"4zvbxxdl6kueq37o","time":1607960209,"event":{"mods":["Act Like it!","BaseMod","Better Third Choice","Downfall","Minty Spire (QoL Compilation)","Replay The Spire","StSLib"],"gold_per_floor":[349,363,363,396,571,589,614,644,656,656,676,686,706,725,744,744,744],"floor_reached":16,"playtime":732,"items_purged":[],"score":114,"play_id":"c7d25c80-0655-4963-8aa2-3b466db1b592","local_time":"20201214163649","is_ascension_mode":false,"campfire_choices":[{"floor":1,"key":"DIG"},{"data":"Slimebound:Split","floor":3,"key":"SMITH"}],"circlet_count":0,"master_deck":["Slimebound:Strike_Slimebound","Slimebound:Strike_Slimebound","Slimebound:Strike_Slimebound","Slimebound:Tackle","Slimebound:Defend_Slimebound","Slimebound:Defend_Slimebound","Slimebound:Defend_Slimebound","Slimebound:Defend_Slimebound","Slimebound:Split+1","Slimebound:CorrosiveSpit","Slimebound:RainOfGoop","Slimebound:Schlurp","Doubt","Slimebound:SplitLeeching","Slimebound:FirmFortitude","Slimebound:FormOfPuddle","Slimebound:FormOfPuddle","Slimebound:HauntingLick","Slimebound:RejuvenatingLick","Slimebound:LevelUp","Slimebound:WasteNot"],"relics":["Slimebound:AbsorbEndCombat","Chameleon Ring","Replay:Wax Seal","Replay:Bottled Snecko","Slimebound:ScrapOozeRelic","Odd Mushroom"],"acts_visited":["Exordium"],"potions_floor_usage":[13],"damage_taken":[{"damage":8,"enemies":"Jaw Worm","floor":2,"turns":4},{"damage":35,"enemies":"Gremlin Nob","floor":4,"turns":4},{"damage":8,"enemies":"2 Louse","floor":6,"turns":3},{"damage":21,"enemies":"Lagavulin","floor":8,"turns":7},{"damage":22,"enemies":"Small Slimes","floor":9,"turns":4},{"damage":35,"enemies":"The Mushroom Lair","floor":11,"turns":4},{"damage":14,"enemies":"Blue Slaver","floor":12,"turns":3},{"damage":22,"enemies":"Lots of Slimes","floor":13,"turns":3},{"damage":7,"enemies":"Blue Slaver","floor":14,"turns":4},{"damage":11,"enemies":"3 Louse","floor":15,"turns":3},{"damage":54,"enemies":"downfall:Defect","floor":16,"turns":4}],"seed_played":"-5021382209240652772","potions_obtained":[{"floor":4,"key":"SpeedPotion"},{"floor":8,"key":"Toxic Potion"},{"floor":9,"key":"Cursed Concoction"},{"floor":14,"key":"Swift Potion"},{"floor":15,"key":"SkillPotion"}],"is_trial":false,"path_per_floor":["R","M","R","E","?","M","T","E","M","?","?","M","M","M","M","B"],"character_chosen":"SLIMEBOUND","items_purchased":[],"campfire_rested":0,"item_purchase_floors":[],"current_hp_per_floor":[54,54,54,38,38,46,46,45,43,43,28,22,16,27,38,0,0],"gold":744,"neow_bonus":"TWO_FIFTY_GOLD","is_daily":false,"chose_seed":false,"campfire_upgraded":1,"win_rate":0.0,"timestamp":1607960209,"path_taken":["R","M","R","E","?","M","T","E","M","?","?","M","M","M","M","BOSS"],"items_purchased_type":[],"build_version":"2020-12-13","purchased_purges":0,"victory":false,"max_hp_per_floor":[54,54,54,54,54,54,54,54,54,54,54,54,54,54,54,54,54],"card_choices":[{"not_picked":["Slimebound:ServeAndProtect","Slimebound:GrowthPunch"],"picked":"Slimebound:RainOfGoop","floor":2},{"not_picked":["Slimebound:ServeAndProtect","Slimebound:PressTheAttack"],"picked":"Slimebound:Schlurp","floor":4},{"not_picked":["Slimebound:FormOfPuddle","Slimebound:SlimeSpikes"],"picked":"Slimebound:SplitLeeching","floor":6},{"not_picked":["Slimebound:RejuvenatingLick","Slimebound:LeechEnergy"],"picked":"Slimebound:FirmFortitude","floor":8},{"not_picked":["Slimebound:SlimeTap","Slimebound:SlimeSpikes"],"picked":"Slimebound:FormOfPuddle","floor":9},{"not_picked":["Slimebound:DisruptingSlam","Slimebound:LeechingTouch"],"picked":"Slimebound:FormOfPuddle","floor":11},{"not_picked":["Slimebound:MegaLick","Slimebound:DivideAndConquer"],"picked":"Slimebound:HauntingLick","floor":12},{"not_picked":["Slimebound:SlimeSpikes","Slimebound:DisruptingSlam"],"picked":"Slimebound:RejuvenatingLick","floor":13},{"not_picked":["Slimebound:SplitBruiser","Slimebound:LeechingTouch"],"picked":"Slimebound:LevelUp","floor":14},{"not_picked":["Slimebound:SamplingLick","Slimebound:GoopTackle"],"picked":"Slimebound:WasteNot","floor":15}],"player_experience":663484,"relics_obtained":[{"floor":1,"key":"Nunchaku"},{"floor":4,"key":"Chameleon Ring"},{"floor":7,"key":"Replay:Wax Seal"},{"floor":8,"key":"Replay:Bottled Snecko"},{"floor":11,"key":"Odd Mushroom"}],"event_choices":[{"damage_healed":0,"gold_gain":0,"player_choice":"Fought Mushrooms","damage_taken":0,"max_hp_gain":0,"max_hp_loss":0,"event_name":"Mushrooms","floor":11,"gold_loss":0}],"is_beta":false,"boss_relics":[],"items_purged_floors":[],"is_endless":false,"potions_floor_spawned":[4,8,9,14,15],"killed_by":"downfall:Defect","ascension_level":0}}