{"host":"lctcqud4f9t1q6q5","time":1607921099,"event":{"mods":["BaseMod","Better Vampires","Block Reminder","Colored Map","Colored Powertips","Downfall","Highlight Path","KinomotoSakuraMod(木之本樱)","Lobotomy","LobotomyExtend","Marisa（F雨　魔理沙）","Minty Spire (QoL Compilation)","Reimu（博丽灵梦）","Relic Stats","Replay The Spire","RumiaBox-露米娅的神秘盒子","Shop Mod","Spicy Shops","StSLib","TestMod","The Bug Knight","WarShipGirlsR/战舰少女R mod","【功能Mod】混沌之环修复补丁","篝火指南"],"gold_per_floor":[114,126,139,139,89,101,101,61,85,128,128,180,215,215,215],"floor_reached":14,"playtime":1112,"items_purged":[],"score":130,"play_id":"d93f76bb-c2c5-4641-8a72-1f9d6fe64926","local_time":"20201214124459","is_ascension_mode":true,"campfire_choices":[{"data":"champ:Taunt","floor":7,"key":"SMITH"},{"floor":11,"key":"RECALL"}],"circlet_count":0,"master_deck":["champ:Strike","champ:Strike","champ:Strike","champ:Defend","champ:Defend","champ:Defend","champ:Defend","champ:Execute","champ:Taunt+1","HappyTeddy","champ:ShieldSigil","QueenOfHatred","champ:BerserkerStyle","champ:ViciousMockery","SilentOrchestra","Alriune","champ:RageSigil","Mercenary","champ:RageSigil+1","HeroicMonk","champ:IgnorePain","champ:DeathBlow","Murderer"],"relics":["champ:ChampionCrown","testmod-TestBox","CogitoBucket","testmod-Charity","SecretRecord","Baka2","PaintedHorse:ReiMu","CeramicFish","Vajra","SSSystem","LetterFromLob"],"acts_visited":["Exordium"],"potions_floor_usage":[14,14],"damage_taken":[{"damage":7.0,"enemies":"Cultist","floor":1.0,"turns":4.0},{"damage":22.0,"enemies":"Small Slimes","floor":2.0,"turns":3.0},{"damage":5,"enemies":"2 Louse","floor":3,"turns":2},{"damage":23,"enemies":"Looter","floor":6,"turns":2},{"damage":49,"enemies":"3 Sentries","floor":10,"turns":6},{"damage":67,"enemies":"Lagavulin","floor":12,"turns":6},{"damage":43,"enemies":"Blue Slaver","floor":13,"turns":2},{"damage":68,"enemies":"3 Sentries","floor":14,"turns":2}],"seed_played":"1301809217273463563","potions_obtained":[{"floor":2.0,"key":"Swift Potion"},{"floor":6,"key":"Explosive Potion"},{"floor":13,"key":"Elixir"}],"is_trial":false,"path_per_floor":["M","M","M","?","?","M","R","?","T","E","R","E","M","E"],"character_chosen":"THE_CHAMP","items_purchased":[],"campfire_rested":0,"item_purchase_floors":[],"current_hp_per_floor":[89,80,83,83,83,71,71,71,72,53,53,52,52,0,0],"gold":215,"neow_bonus":"","is_daily":false,"chose_seed":false,"campfire_upgraded":1,"win_rate":0.0,"timestamp":1607921099,"path_taken":["M","?","M","?","?","M","R","?","T","E","R","E","M","E"],"items_purchased_type":[],"build_version":"2020-12-13","purchased_purges":0,"victory":false,"max_hp_per_floor":[91,92,93,93,93,95,95,95,96,99,99,103,109,109,109],"relic_stats":{"counters":[8,27],"CeramicFish":56,"obtain_stats":[{"testmod-TestBox":0,"CeramicFish":9,"Vajra":10,"SSSystem":12,"champ:ChampionCrown":0,"AddBug":1,"SecretRecord":1,"Baka":1,"testmod-Charity":0,"CogitoBucket":0,"Baka2":2,"PaintedHorse:ReiMu":8,"LetterFromLob":12},{"testmod-TestBox":0,"CeramicFish":4,"Vajra":5,"SSSystem":6,"champ:ChampionCrown":0,"AddBug":1,"SecretRecord":1,"Baka":1,"testmod-Charity":0,"CogitoBucket":0,"Baka2":2,"PaintedHorse:ReiMu":4,"LetterFromLob":6},{"testmod-TestBox":0,"CeramicFish":11,"Vajra":17,"SSSystem":23,"champ:ChampionCrown":0,"AddBug":4,"SecretRecord":4,"Baka":4,"testmod-Charity":0,"CogitoBucket":0,"Baka2":7,"PaintedHorse:ReiMu":11,"LetterFromLob":23}]},"card_choices":[{"not_picked":["MHz","Scorched"],"picked":"HappyTeddy","floor":1.0},{"not_picked":["champ:TornadoPunch","champ:EnGarde"],"picked":"champ:ShieldSigil","floor":1.0},{"not_picked":["FairyFestival","OSAHOGD"],"picked":"QueenOfHatred","floor":2.0},{"not_picked":["champ:FlashCut","champ:BerserkersShout"],"picked":"champ:BerserkerStyle","floor":2.0},{"not_picked":["champ:Shatter","champ:Circumvent"],"picked":"champ:ViciousMockery","floor":3},{"not_picked":["WallGazer","CherryBlossoms"],"picked":"SilentOrchestra","floor":3},{"not_picked":["MHz","FairyFestival"],"picked":"Alriune","floor":6},{"not_picked":["champ:BladeFlurry","champ:AdrenalArmor","champ:GladiatorsShout"],"picked":"SKIP","floor":6},{"not_picked":["champ:BladeFlurry","champ:AdrenalArmor","champ:GladiatorsShout"],"picked":"SKIP","floor":6},{"not_picked":["champ:GladiatorsShout","champ:PerfectedStrike"],"picked":"champ:RageSigil","floor":10},{"not_picked":["SnowQueen","CrumblingArmor"],"picked":"Mercenary","floor":10},{"not_picked":["CrumblingArmor","Laetitia"],"picked":"HeroicMonk","floor":12},{"not_picked":["champ:Riposte","champ:RisingSlash"],"picked":"champ:IgnorePain","floor":12},{"not_picked":["champ:BringItOn","champ:FocusedGladiator"],"picked":"champ:DeathBlow","floor":13},{"not_picked":["PunishingBird","Wellcheers"],"picked":"Murderer","floor":13}],"player_experience":312885,"relics_obtained":[{"floor":1.0,"key":"AddBug"},{"floor":1.0,"key":"Baka"},{"floor":1.0,"key":"LetterFromLob"},{"floor":2.0,"key":"LetterFromLob"},{"floor":2.0,"key":"Baka2"},{"floor":3,"key":"LetterFromLob"},{"floor":9,"key":"CeramicFish"},{"floor":10,"key":"Vajra"},{"floor":12,"key":"SSSystem"},{"floor":12,"key":"LetterFromLob"}],"event_choices":[{"damage_healed":0,"gold_gain":0,"player_choice":"Swap Relic","damage_taken":0,"relics_obtained":["testmod-TestBox"],"max_hp_gain":0,"max_hp_loss":0,"event_name":"给自己的盒子","floor":4,"relics_lost":["AddBug"],"gold_loss":0},{"cards_removed":["champ:Strike"],"damage_healed":0,"gold_gain":0,"player_choice":"Card Removal","damage_taken":0,"max_hp_gain":0,"max_hp_loss":0,"event_name":"The Cleric","floor":5,"gold_loss":50},{"damage_healed":0,"gold_gain":0,"player_choice":"塞钱","damage_taken":0,"relics_obtained":["PaintedHorse:ReiMu"],"max_hp_gain":0,"max_hp_loss":0,"event_name":"yidonshenshe","floor":8,"gold_loss":40}],"is_beta":false,"boss_relics":[],"items_purged_floors":[],"is_endless":false,"potions_floor_spawned":[2,6,13],"killed_by":"3 Sentries","ascension_level":1}}