{"host":"nn0usk9aafse27ii","time":1607982102,"event":{"mods":["BaseMod","Colored Map","Highlight Path","Minty Spire (QoL Compilation)","Shop Mod","StSLib","The Cursed"],"gold_per_floor":[114,131,131,143,153,178,188,203,203,203,223,223,28,47,47,145,145,165,184,109,109,123,123,139,139,185,185,204,216,216,491,491,596,596,614,614,634,648,666,666,692,241,266,266,279,132,132,146,146,166,166,166,23,57,57,57],"floor_reached":55,"playtime":6419,"items_purged":["TheCursedMod:Strike_TheCursed"],"score":755,"play_id":"2ad41930-dce5-4e9b-ac02-5fd24aaec9ac","local_time":"20201214134142","is_ascension_mode":false,"campfire_choices":[{"data":"TheCursedMod:HellfireBreathing","floor":12.0,"key":"SMITH"},{"data":"TheCursedMod:HellsGateOpen","floor":15.0,"key":"SMITH"},{"data":"TheCursedMod:SpitefulPray","floor":23.0,"key":"SMITH"},{"data":"TheCursedMod:BloodBarrier","floor":25.0,"key":"SMITH"},{"floor":27.0,"key":"REST"},{"floor":32.0,"key":"REST"},{"floor":40.0,"key":"REST"},{"floor":44.0,"key":"RECALL"},{"data":"TheCursedMod:Hemoplague","floor":47.0,"key":"SMITH"},{"data":"TheCursedMod:TroublousMinions","floor":49.0,"key":"SMITH"},{"data":"TheCursedMod:Torture","floor":52.0,"key":"SMITH"}],"circlet_count":0,"master_deck":["TheCursedMod:Defend_TheCursed","TheCursedMod:Defend_TheCursed","TheCursedMod:Defend_TheCursed","TheCursedMod:Defend_TheCursed","TheCursedMod:CursedWand+1","TheCursedMod:CleanUpWorkshop","TheCursedMod:Dregs","TheCursedMod:Torture+1","TheCursedMod:HellfireBreathing+1","TheCursedMod:PrepareRite","TheCursedMod:SurpriseAttack","TheCursedMod:HellsGateOpen+1","TheCursedMod:CursedBlade","TheCursedMod:SpitefulStrike","TheCursedMod:CursedBoomerang","TheCursedMod:SurpriseAttack","TheCursedMod:CursedBlade","TheCursedMod:DemonSword+1","TheCursedMod:CursedSpellbook+1","TheCursedMod:RapidMovement+1","TheCursedMod:SpitefulPray+1","TheCursedMod:BloodBarrier+1","TheCursedMod:Hemoplague+1","TheCursedMod:FleshFromBone","TheCursedMod:ForbiddenAlchemy","TheCursedMod:WearCloak+1","TheCursedMod:CursedBlade+1","TheCursedMod:TroublousMinions+1","TheCursedMod:CircleOfCorruption+1","Doubt","TheCursedMod:WearCloak+1","TheCursedMod:Wield+1","TheCursedMod:SaltUponWound"],"relics":["TheCursedMod:BlackMagic101","MerchantsRug","Philosopher\u0027s Stone","FossilizedHelix","Cursed Key","HornCleat","Vajra","Frozen Eye","TheCursedMod:BloodyHarpoon","Centennial Puzzle"],"acts_visited":["Exordium","TheCity","TheBeyond","TheEnding"],"potions_floor_usage":[54,54,54,54,54,55,55,55,55,55],"damage_taken":[{"damage":4.0,"enemies":"Jaw Worm","floor":1.0,"turns":6.0},{"damage":1.0,"enemies":"Cultist","floor":2.0,"turns":4.0},{"damage":0.0,"enemies":"Small Slimes","floor":4.0,"turns":4.0},{"damage":5.0,"enemies":"2 Fungi Beasts","floor":5.0,"turns":3.0},{"damage":24.0,"enemies":"Gremlin Nob","floor":6.0,"turns":5.0},{"damage":0.0,"enemies":"3 Louse","floor":7.0,"turns":3.0},{"damage":3.0,"enemies":"Blue Slaver","floor":8.0,"turns":4.0},{"damage":0.0,"enemies":"Large Slime","floor":11.0,"turns":4.0},{"damage":0.0,"enemies":"Exordium Thugs","floor":14.0,"turns":4.0},{"damage":55.0,"enemies":"The Guardian","floor":16.0,"turns":8.0},{"damage":13.0,"enemies":"3 Byrds","floor":18.0,"turns":3.0},{"damage":14.0,"enemies":"2 Thieves","floor":19.0,"turns":3.0},{"damage":8.0,"enemies":"Cultist and Chosen","floor":22.0,"turns":4.0},{"damage":9.0,"enemies":"Snecko","floor":24.0,"turns":3.0},{"damage":5.0,"enemies":"Centurion and Healer","floor":28.0,"turns":5.0},{"damage":33.0,"enemies":"Snake Plant","floor":29.0,"turns":3.0},{"damage":36.0,"enemies":"Collector","floor":33.0,"turns":9.0},{"damage":9.0,"enemies":"3 Shapes","floor":35.0,"turns":4.0},{"damage":18.0,"enemies":"3 Darklings","floor":37.0,"turns":5.0},{"damage":8.0,"enemies":"Spire Growth","floor":38.0,"turns":4.0},{"damage":9.0,"enemies":"Maw","floor":39.0,"turns":6.0},{"damage":0.0,"enemies":"Giant Head","floor":41.0,"turns":6.0},{"damage":0.0,"enemies":"Writhing Mass","floor":45.0,"turns":5.0},{"damage":0.0,"enemies":"Spire Growth","floor":48.0,"turns":4.0},{"damage":52.0,"enemies":"Awakened One","floor":50.0,"turns":10.0},{"damage":0,"enemies":"Shield and Spear","floor":54,"turns":4},{"damage":98,"enemies":"The Heart","floor":55,"turns":5}],"seed_played":"-2051031739324664686","potions_obtained":[{"floor":4.0,"key":"Block Potion"},{"floor":6.0,"key":"SteroidPotion"},{"floor":7.0,"key":"EssenceOfSteel"},{"floor":16.0,"key":"SkillPotion"},{"floor":19.0,"key":"Explosive Potion"},{"floor":22.0,"key":"AttackPotion"},{"floor":33.0,"key":"CultistPotion"},{"floor":39.0,"key":"AttackPotion"},{"floor":41.0,"key":"Block Potion"},{"floor":45.0,"key":"Fire Potion"},{"floor":54,"key":"FearPotion"}],"is_trial":false,"path_per_floor":["M","M","?","M","M","E","M","M","T","?","M","R","$","M","R","B",null,"M","M","?","?","M","R","M","R","T","R","M","M","T","?","R","B",null,"M","?","M","M","M","R","E","$","T","R","M","$","R","M","R","B",null,"R","$","E","B"],"character_chosen":"THE_CURSED","items_purchased":["MerchantsRug","Lee\u0027s Waffle","Vajra","Blood Vial","Frozen Eye","TheCursedMod:BloodyHarpoon","Ancient Potion"],"campfire_rested":3,"item_purchase_floors":[13,42,42,42,46,53,53],"current_hp_per_floor":[71,70,70,70,65,41,41,38,38,63,63,63,63,63,63,8,75,62,48,48,48,40,40,31,31,31,53,48,15,15,21,45,9,81,72,72,54,46,37,61,61,88,94,94,94,94,94,94,94,43,94,94,94,94,0,0],"gold":57,"neow_bonus":"TRANSFORM_CARD","is_daily":false,"chose_seed":false,"campfire_upgraded":7,"win_rate":0.0,"timestamp":1607982102,"path_taken":["M","M","?","M","M","E","M","?","T","?","M","R","$","M","R","BOSS","M","M","?","?","M","R","M","R","T","R","M","M","?","?","R","BOSS","M","?","M","?","M","R","E","$","T","R","M","?","R","M","R","BOSS","R","$","E","BOSS"],"items_purchased_type":["Relic","Relic","Relic","Relic","Relic","Relic","Potion"],"build_version":"2020-12-13","purchased_purges":1,"victory":false,"max_hp_per_floor":[75,75,75,75,75,75,75,75,75,75,75,75,75,75,75,75,75,75,75,75,75,75,75,75,75,75,75,75,75,75,81,81,81,81,81,81,81,81,81,81,81,88,94,94,94,94,94,94,94,94,94,94,94,94,94,94],"card_choices":[{"not_picked":["TheCursedMod:CursedShiv","TheCursedMod:TacticalStrike"],"picked":"TheCursedMod:HellfireBreathing","floor":1.0},{"not_picked":["TheCursedMod:WearCloak","TheCursedMod:Stretching"],"picked":"TheCursedMod:PrepareRite","floor":2.0},{"not_picked":["TheCursedMod:Stigma","TheCursedMod:CircleOfCorruption"],"picked":"TheCursedMod:SurpriseAttack","floor":4.0},{"not_picked":["TheCursedMod:LuckyCharm","TheCursedMod:CircleOfCorruption"],"picked":"TheCursedMod:HellsGateOpen","floor":5.0},{"not_picked":["TheCursedMod:BloodBarrier","TheCursedMod:SoulReap"],"picked":"TheCursedMod:CursedBlade","floor":6.0},{"not_picked":["TheCursedMod:Stretching","TheCursedMod:TroublousMinions"],"picked":"TheCursedMod:SpitefulStrike","floor":7.0},{"not_picked":["TheCursedMod:Obscuration","TheCursedMod:CursedMace"],"picked":"TheCursedMod:CursedBoomerang","floor":8.0},{"not_picked":["TheCursedMod:CircleOfFocus","TheCursedMod:SaltUponWound"],"picked":"TheCursedMod:SurpriseAttack","floor":11.0},{"not_picked":["TheCursedMod:BloodBarrier","TheCursedMod:RavingStaff"],"picked":"TheCursedMod:CursedBlade","floor":14.0},{"not_picked":["TheCursedMod:ShockAndAwe","TheCursedMod:AntiAging"],"picked":"TheCursedMod:DemonSword","floor":16.0},{"not_picked":["TheCursedMod:Torture","TheCursedMod:SpitefulStrike+1"],"picked":"TheCursedMod:CursedSpellbook+1","floor":18.0},{"not_picked":["TheCursedMod:WearCloak","TheCursedMod:Stretching"],"picked":"TheCursedMod:RapidMovement+1","floor":19.0},{"not_picked":["TheCursedMod:CursedArmor","TheCursedMod:Hemoplague"],"picked":"TheCursedMod:SpitefulPray","floor":22.0},{"not_picked":["TheCursedMod:Torture","TheCursedMod:CursedShiv"],"picked":"TheCursedMod:BloodBarrier","floor":24.0},{"not_picked":["TheCursedMod:BloodBarrier","TheCursedMod:CursedShiv"],"picked":"TheCursedMod:Hemoplague","floor":28.0},{"not_picked":["TheCursedMod:CircleOfFocus","TheCursedMod:SurpriseAttack"],"picked":"TheCursedMod:FleshFromBone","floor":29.0},{"not_picked":["TheCursedMod:CircleOfAbyss","TheCursedMod:ManaCirculation"],"picked":"TheCursedMod:ForbiddenAlchemy","floor":33.0},{"not_picked":["TheCursedMod:Stigma","TheCursedMod:CircleOfCorruption"],"picked":"TheCursedMod:WearCloak+1","floor":35.0},{"not_picked":["TheCursedMod:SpreadPlague+1","TheCursedMod:WearCloak"],"picked":"TheCursedMod:CursedBlade+1","floor":37.0},{"not_picked":["TheCursedMod:Stigma+1","TheCursedMod:CursedBlade"],"picked":"TheCursedMod:TroublousMinions","floor":38.0},{"not_picked":["TheCursedMod:CircleOfAmplification+1","TheCursedMod:CircleOfWindfury"],"picked":"TheCursedMod:CircleOfCorruption+1","floor":39.0},{"not_picked":["TheCursedMod:SpitefulPlan","TheCursedMod:CursedBoomerang","TheCursedMod:Stretching"],"picked":"SKIP","floor":41.0},{"not_picked":["TheCursedMod:PrepareRite+1","TheCursedMod:Obscuration"],"picked":"TheCursedMod:WearCloak+1","floor":45.0},{"not_picked":["TheCursedMod:TacticalStrike","TheCursedMod:DoubleShield+1"],"picked":"TheCursedMod:Wield+1","floor":48.0},{"not_picked":["TheCursedMod:AntiAging","TheCursedMod:Obscuration"],"picked":"TheCursedMod:SaltUponWound","floor":54}],"player_experience":280694,"relics_obtained":[{"floor":6.0,"key":"Darkstone Periapt"},{"floor":9.0,"key":"Smiling Mask"},{"floor":26.0,"key":"Whetstone"},{"floor":30.0,"key":"FossilizedHelix"},{"floor":41.0,"key":"HornCleat"},{"floor":54,"key":"Centennial Puzzle"}],"event_choices":[{"cards_removed":["TheCursedMod:Strike_TheCursed"],"damage_healed":0.0,"max_hp_gain":0.0,"max_hp_loss":0.0,"gold_gain":0.0,"event_name":"Bonfire Elementals","player_choice":"Offered Basic","floor":3.0,"gold_loss":0.0,"damage_taken":0.0},{"damage_healed":25.0,"max_hp_gain":0.0,"max_hp_loss":0.0,"gold_gain":0.0,"event_name":"Big Fish","player_choice":"Banana","floor":10.0,"gold_loss":0.0,"damage_taken":0.0},{"cards_removed":["TheCursedMod:Strike_TheCursed"],"damage_healed":0.0,"max_hp_gain":0.0,"max_hp_loss":0.0,"gold_gain":0.0,"event_name":"Beggar","player_choice":"Gave Gold","floor":20.0,"gold_loss":75.0,"damage_taken":0.0},{"damage_healed":0.0,"max_hp_gain":0.0,"max_hp_loss":0.0,"gold_gain":0.0,"event_name":"Ghosts","player_choice":"Ignored","floor":21.0,"gold_loss":0.0,"damage_taken":0.0},{"damage_healed":0.0,"max_hp_gain":0.0,"max_hp_loss":0.0,"gold_gain":275.0,"event_name":"Golden Shrine","player_choice":"Desecrate","floor":31.0,"gold_loss":0.0,"damage_taken":0.0,"cards_obtained":["Regret"]},{"cards_removed":["Regret"],"damage_healed":0.0,"max_hp_gain":0.0,"max_hp_loss":0.0,"gold_gain":0.0,"event_name":"Purifier","player_choice":"Purged","floor":36.0,"gold_loss":0.0,"damage_taken":0.0}],"is_beta":false,"boss_relics":[{"not_picked":["Busted Crown","TheCursedMod:FourLeafCloverCharm"],"picked":"Philosopher\u0027s Stone"},{"not_picked":["Velvet Choker","Runic Dome"],"picked":"Cursed Key"}],"items_purged_floors":[13],"is_endless":false,"potions_floor_spawned":[4,6,7,16,19,22,33,39,41,45,48,54],"killed_by":"The Heart","ascension_level":0}}