{"host":"lctcqud4f9t1q6q5","time":1607919714,"event":{"mods":["BaseMod","Better Vampires","Block Reminder","Colored Map","Colored Powertips","Downfall","Highlight Path","KinomotoSakuraMod(木之本樱)","Lobotomy","LobotomyExtend","Marisa（F雨　魔理沙）","Minty Spire (QoL Compilation)","Reimu（博丽灵梦）","Relic Stats","Replay The Spire","RumiaBox-露米娅的神秘盒子","Shop Mod","Spicy Shops","StSLib","TestMod","The Bug Knight","WarShipGirlsR/战舰少女R mod","【功能Mod】混沌之环修复补丁","篝火指南"],"gold_per_floor":[119,136,152,167,181,181,181],"floor_reached":6,"playtime":683,"items_purged":[],"score":42,"play_id":"f85f291e-e605-48eb-97d6-112c4f693ccc","local_time":"20201214122154","is_ascension_mode":true,"campfire_choices":[],"circlet_count":0,"master_deck":["champ:Strike","champ:Strike","champ:Strike","champ:Strike","champ:Defend","champ:Defend","champ:Defend","champ:Defend","champ:Execute","champ:Taunt","champ:DefensiveStyle","MeatLantern","Bloodbath","champ:BerserkersShout","OSAHOGD","champ:Improvising","MHz","champ:Control"],"relics":["champ:ChampionCrown","testmod-TestBox","CogitoBucket","testmod-BalancedPeriapt","LetterFromLob"],"acts_visited":["Exordium"],"potions_floor_usage":[],"damage_taken":[{"damage":10,"enemies":"Small Slimes","floor":1,"turns":3},{"damage":5,"enemies":"2 Louse","floor":2,"turns":3},{"damage":5,"enemies":"Cultist","floor":3,"turns":4},{"damage":52,"enemies":"Blue Slaver","floor":4,"turns":5},{"damage":17,"enemies":"Gremlin Gang","floor":5,"turns":7},{"damage":103,"enemies":"3 Sentries","floor":6,"turns":8}],"seed_played":"6549578229685589218","potions_obtained":[{"floor":5,"key":"ColorlessPotion"}],"is_trial":false,"path_per_floor":["M","M","M","M","M","E"],"character_chosen":"THE_CHAMP","items_purchased":[],"campfire_rested":0,"item_purchase_floors":[],"current_hp_per_floor":[85,85,85,40,39,0,0],"gold":181,"neow_bonus":"","is_daily":false,"chose_seed":false,"campfire_upgraded":0,"win_rate":0.0,"timestamp":1607919714,"path_taken":["M","M","M","M","M","E"],"items_purchased_type":[],"build_version":"2020-12-13","purchased_purges":0,"victory":false,"max_hp_per_floor":[90,90,90,90,90,90,90],"relic_stats":{"counters":[6,30],"obtain_stats":[{"CogitoBucket":0,"testmod-TestBox":0,"champ:ChampionCrown":0,"LetterFromLob":1,"testmod-BalancedPeriapt":0},{"CogitoBucket":0,"testmod-TestBox":0,"champ:ChampionCrown":0,"LetterFromLob":1,"testmod-BalancedPeriapt":0},{"CogitoBucket":0,"testmod-TestBox":0,"champ:ChampionCrown":0,"LetterFromLob":3,"testmod-BalancedPeriapt":0}]},"card_choices":[{"not_picked":["champ:Haymaker","champ:BringItOn"],"picked":"champ:DefensiveStyle","floor":1},{"not_picked":["BeautyBeast","DespairKnight"],"picked":"MeatLantern","floor":1},{"not_picked":["VoidDream","Scorched"],"picked":"Bloodbath","floor":2},{"not_picked":["champ:FlashCut","champ:Haymaker"],"picked":"champ:BerserkersShout","floor":2},{"not_picked":["UniverseFragment","CherryBlossoms"],"picked":"OSAHOGD","floor":3},{"not_picked":["champ:Circumvent","champ:BladeFlurry","champ:HeartStrike"],"picked":"SKIP","floor":3},{"not_picked":["champ:Circumvent","champ:BladeFlurry","champ:HeartStrike"],"picked":"SKIP","floor":3},{"not_picked":["champ:PerfectedStrike","champ:FanOfKnives"],"picked":"champ:Improvising","floor":4},{"not_picked":["Scorched","UniverseFragment"],"picked":"MHz","floor":4},{"not_picked":["champ:TornadoPunch","champ:StanceDance"],"picked":"champ:Control","floor":5},{"not_picked":["FairyFestival","GalaxyChild"],"picked":"Woodsman","floor":5}],"player_experience":312202,"relics_obtained":[{"floor":1,"key":"LetterFromLob"}],"event_choices":[],"is_beta":false,"boss_relics":[],"items_purged_floors":[],"is_endless":false,"potions_floor_spawned":[5],"killed_by":"3 Sentries","ascension_level":1}}