{"host":"exphfieokgjuw8mv","time":1607969985,"event":{"mods":["2.2 Compatiblity","Aspiration","BaseMod","Colored Map","Colored Powertips","Downfall","Hermit","Hubris","Minty Spire (QoL Compilation)","Shop Mod","StSLib","The Accelerator","The Animator","The Bug Knight","The Exalted","The Necromancer","The Runesmith","The Servant 0.9.4","vexMod"],"gold_per_floor":[118,193,193,212,222,257,257,275,275,287,303,303,329,329,329,425,425,425,425,124,124,135,135,165,165,165,165,165,200,216,216,216,316,316,330,347,347,347,365,365,377,377,377,396,244,244,244,244,244,244],"floor_reached":51,"playtime":2326,"items_purged":[],"score":743,"play_id":"4cd93026-ea40-4ade-9344-21ed44de6e7d","local_time":"20201214191945","is_ascension_mode":false,"campfire_choices":[{"data":"HollowMod:DoubleDash","floor":7,"key":"SMITH"},{"data":"HollowMod:MantisMark","floor":15,"key":"SMITH"},{"data":"HollowMod:PerfectDash","floor":23,"key":"SMITH"},{"floor":32,"key":"REST"},{"floor":40,"key":"REST"},{"floor":42,"key":"REST"},{"floor":49,"key":"REST"}],"circlet_count":0,"master_deck":["HollowMod:FocusHealStart+1","HollowMod:PogoStrike+1","hubris:EnhanceAbility+1","HollowMod:DoubleDash+1","HollowMod:InfectedAttack+1","HollowMod:DescendingDark","hubris:DuctTapeCard+2","HollowMod:MantisMark+1","Malaise","Dagger Spray+1","HollowMod:PureVessel+1","Bite","Bite","Bite","Bite","HollowMod:PerfectDash+1","HollowMod:SlysStrikes+1","HollowMod:theNailsmith","HollowMod:SoulStrike","HollowMod:NewJinnsSoul+1","HollowMod:Weaversong"],"relics":["HollowMod:VesselMask","vexMod:Dragonfruit","vexMod:ImprovementManual","HollowMod:MillibellesNoteRelic","Nunchaku","Nloth\u0027s Gift","vexMod:FocusSash","Darkstone Periapt","hubris:Towel","Regal Pillow","aspiration:RitualStick","Pandora\u0027s Box","aspiration:FrozenJewel","hubris:EmptyBottle"],"acts_visited":["Exordium","TheCity","TheBeyond"],"potions_floor_usage":[10,13,18,29,33,33,50,50,50,50,50,50],"damage_taken":[{"damage":0,"enemies":"Cultist","floor":1,"turns":2},{"damage":3,"enemies":"Small Slimes","floor":4,"turns":3},{"damage":0,"enemies":"2 Louse","floor":5,"turns":3},{"damage":16,"enemies":"HollowMod:MossKnight","floor":6,"turns":20},{"damage":2,"enemies":"Blue Slaver","floor":8,"turns":4},{"damage":8,"enemies":"3 Louse","floor":10,"turns":3},{"damage":10,"enemies":"Large Slime","floor":11,"turns":7},{"damage":11,"enemies":"3 Sentries","floor":13,"turns":4},{"damage":56,"enemies":"Slime Boss","floor":16,"turns":7},{"damage":0,"enemies":"3 Byrds","floor":18,"turns":2},{"damage":0,"enemies":"Chosen","floor":22,"turns":5},{"damage":7,"enemies":"Gremlin Leader","floor":24,"turns":5},{"damage":24,"enemies":"Book of Stabbing","floor":29,"turns":8},{"damage":2,"enemies":"Snecko","floor":30,"turns":5},{"damage":77,"enemies":"Automaton","floor":33,"turns":11},{"damage":34,"enemies":"3 Darklings","floor":35,"turns":6},{"damage":10,"enemies":"Orb Walker","floor":36,"turns":5},{"damage":91,"enemies":"HollowMod:SlobberingHusk","floor":39,"turns":11},{"damage":20,"enemies":"Sphere and 2 Shapes","floor":41,"turns":4},{"damage":29,"enemies":"Transient","floor":44,"turns":5},{"damage":94,"enemies":"Time Eater","floor":50,"turns":12}],"seed_played":"-3658443656134752427","potions_obtained":[{"floor":6,"key":"SmokeBomb"},{"floor":8,"key":"Explosive Potion"},{"floor":10,"key":"Explosive Potion"},{"floor":13,"key":"LiquidMemories"},{"floor":16,"key":"AttackPotion"},{"floor":22,"key":"Dexterity Potion"},{"floor":30,"key":"Energy Potion"},{"floor":33,"key":"Guardian:BlockOnCardUsePotion"},{"floor":36,"key":"Strength Potion"},{"floor":39,"key":"Guardian:BlockOnCardUsePotion"}],"is_trial":false,"path_per_floor":["M","?","?","M","M","E","R","M","T","M","M","?","E","?","R","B",null,"M","?","$","?","M","R","E","$","T","?","?","E","M","?","R","B",null,"M","M","?","?","M","R","M","R","T","M","$","?","$","?","R","B",null],"character_chosen":"THE_BUGKNIGHT","items_purchased":["HollowMod:MillibellesNoteRelic","Nunchaku","hubris:EmptyBottle"],"campfire_rested":4,"item_purchase_floors":[20,20,45],"current_hp_per_floor":[68,57,57,54,60,56,56,62,67,67,65,65,62,62,62,20,73,73,73,73,73,73,73,73,73,73,73,73,57,69,54,73,32,73,48,48,66,66,15,51,43,73,73,45,45,45,45,45,73,3],"gold":244,"neow_bonus":"RANDOM_COLORLESS_2","is_daily":false,"chose_seed":false,"campfire_upgraded":3,"win_rate":0.0,"timestamp":1607969985,"path_taken":["M","?","?","?","M","E","R","M","T","M","M","?","E","?","R","BOSS","M","?","$","?","?","R","E","?","T","?","?","E","M","?","R","BOSS","M","M","?","?","?","R","M","R","T","M","$","?","$","?","R","BOSS"],"items_purchased_type":["Relic","Relic","Relic"],"build_version":"2020-12-13","purchased_purges":0,"victory":true,"max_hp_per_floor":[68,68,68,68,68,68,68,68,73,73,73,73,73,73,73,73,73,73,73,73,73,73,73,73,73,73,73,73,73,73,73,73,73,73,73,73,73,73,73,73,73,73,73,73,73,73,73,73,73,73],"card_choices":[{"not_picked":["HandOfGreed","Chrysalis"],"picked":"hubris:EnhanceAbility","floor":0},{"not_picked":["HollowMod:CornifersMapStart","HollowMod:SoulEater"],"picked":"HollowMod:DoubleDash","floor":1},{"not_picked":["HollowMod:DoubleDash","HollowMod:CornifersMapStart"],"picked":"HollowMod:HowlingWraiths","floor":4},{"not_picked":["HollowMod:HeavyBlow","HollowMod:DreamGate","HollowMod:Grubsong"],"picked":"SKIP","floor":5},{"not_picked":["HollowMod:HowlingWraiths","HollowMod:NewGlowingWomb"],"picked":"HollowMod:InfectedAttack","floor":6},{"not_picked":["HollowMod:SoulVessel","HollowMod:InfectedCysts","HollowMod:ShadowDash"],"picked":"SKIP","floor":8},{"not_picked":["HollowMod:SoulSplash","HollowMod:AbyssShriek"],"picked":"HollowMod:DescendingDark","floor":10},{"not_picked":["HollowMod:MothsMistake","HollowMod:CrystalDash","HollowMod:BrokenVessel"],"picked":"SKIP","floor":11},{"not_picked":["HollowMod:PureNailStrike","HollowMod:MawleksShell"],"picked":"HollowMod:MantisMark","floor":13},{"not_picked":["HollowMod:Hiveblood","HollowMod:LordofShades"],"picked":"HollowMod:PureVessel","floor":16},{"not_picked":["HollowMod:SoulVessel","HollowMod:SoulSplash"],"picked":"HollowMod:PerfectDash","floor":22},{"not_picked":["HollowMod:Hiveblood","HollowMod:CycloneSlash+1"],"picked":"HollowMod:SlysStrikes","floor":24},{"not_picked":["HollowMod:NewLittleFool","HollowMod:DungDefenderAura+1","HollowMod:ShapeofUnn"],"picked":"SKIP","floor":29},{"not_picked":["HollowMod:SoulVessel+1","HollowMod:WraithStrike"],"picked":"HollowMod:theNailsmith","floor":30},{"not_picked":["HollowMod:CloakDash+1","HollowMod:SiblingsSouls","HollowMod:MawleksShell+1"],"picked":"SKIP","floor":35},{"not_picked":["HollowMod:AwokenDreamNail","HollowMod:GrimmsGift","HollowMod:TaintedHusks+1"],"picked":"SKIP","floor":36},{"not_picked":["HollowMod:CycloneSlash","HollowMod:FastStrike"],"picked":"HollowMod:NewJinnsSoul+1","floor":39},{"not_picked":["HollowMod:MawleksShell","HollowMod:GreatSlash","HollowMod:InfectionAssault"],"picked":"SKIP","floor":41},{"not_picked":["HollowMod:NewGlowingWomb+1","HollowMod:PerfectDash+1"],"picked":"HollowMod:Weaversong","floor":44}],"player_experience":310739,"relics_obtained":[{"floor":6,"key":"Blood Vial"},{"floor":9,"key":"vexMod:Dragonfruit"},{"floor":13,"key":"hubris:DuctTape"},{"floor":24,"key":"vexMod:FocusSash"},{"floor":26,"key":"Darkstone Periapt"},{"floor":29,"key":"Regal Pillow"},{"floor":43,"key":"aspiration:FrozenJewel"}],"event_choices":[{"damage_healed":0,"gold_gain":75,"player_choice":"Gather Gold","damage_taken":11,"max_hp_gain":0,"max_hp_loss":0,"event_name":"World of Goop","floor":2,"gold_loss":0},{"damage_healed":0,"gold_gain":0,"player_choice":"Upgraded","damage_taken":0,"max_hp_gain":0,"max_hp_loss":0,"event_name":"Upgrade Shrine","floor":3,"gold_loss":0,"cards_upgraded":["hubris:EnhanceAbility"]},{"damage_healed":0,"gold_gain":0,"player_choice":"Grow","damage_taken":0,"max_hp_gain":0,"max_hp_loss":0,"event_name":"Living Wall","floor":12,"gold_loss":0,"cards_upgraded":["HollowMod:FocusHealStart"]},{"damage_healed":0,"gold_gain":0,"player_choice":"Became a vampire (Vial)","damage_taken":0,"max_hp_gain":0,"max_hp_loss":0,"event_name":"Vampires","floor":19,"relics_lost":["Blood Vial"],"gold_loss":0,"cards_obtained":["Bite","Bite","Bite","Bite","Bite"]},{"damage_healed":0,"gold_gain":0,"player_choice":"Traded Relic","damage_taken":0,"relics_obtained":["Nloth\u0027s Gift"],"max_hp_gain":0,"max_hp_loss":0,"event_name":"N\u0027loth","floor":21,"relics_lost":["hubris:DuctTape"],"gold_loss":0},{"damage_healed":0,"gold_gain":0,"player_choice":"Ignored","damage_taken":0,"max_hp_gain":0,"max_hp_loss":0,"event_name":"Beggar","floor":28,"gold_loss":0},{"damage_healed":0,"gold_gain":0,"player_choice":"Memory 1","damage_taken":0,"max_hp_gain":0,"max_hp_loss":0,"event_name":"SensoryStone","floor":38,"gold_loss":0},{"cards_removed":["Bite"],"damage_healed":0,"gold_gain":0,"player_choice":"Removed Attack","damage_taken":0,"max_hp_gain":0,"max_hp_loss":0,"event_name":"Falling","floor":48,"gold_loss":0}],"is_beta":false,"boss_relics":[{"not_picked":["Snecko Eye","Busted Crown"],"picked":"vexMod:ImprovementManual"},{"not_picked":["Black Star","Empty Cage"],"picked":"Pandora\u0027s Box"}],"items_purged_floors":[],"is_endless":false,"potions_floor_spawned":[6,8,10,13,16,18,22,30,33,36,39,44],"ascension_level":0}}