{"host":"95780gohsonvnbsu","time":1607904973,"event":{"mods":["Aspiration","BaseMod","Better Match","Better Note","Better Sensory Stone","Colored Map","Conspire","Downfall","Hubris","Infinite Spire","Minty Spire (QoL Compilation)","StSLib","slay the spire mod where everything is the same but ironclad has a cowboy hat"],"gold_per_floor":[109,184,232,243,263,292,292,311,391,171,181,181,192,216,216,216,216],"floor_reached":16,"playtime":1193,"items_purged":["Strike_G"],"score":127,"play_id":"f44f3719-1b66-4c70-abce-ac1bedb183a8","local_time":"20201213191613","is_ascension_mode":false,"campfire_choices":[{"data":"Adrenaline","floor":7,"key":"SMITH"},{"data":"Discovery","floor":12,"key":"SMITH"},{"floor":15,"key":"REST"}],"circlet_count":0,"master_deck":["Strike_G","Strike_G","Strike_G","Strike_G","Defend_G","Defend_G","Defend_G","Defend_G","Defend_G","Survivor","Neutralize","Underhanded Strike","Prepared","Prepared","Adrenaline+1","Backflip","Discovery+1","Prepared","Dagger Throw","Prepared"],"relics":["Ring of the Snake","aspiration:Nostalgia","sneckomod:SneckoSoul","hubris:ToyBattleship","Toy Ornithopter","hubris:TinFlute","Odd Mushroom"],"acts_visited":["Exordium"],"potions_floor_usage":[16,16,16,16],"damage_taken":[{"damage":0,"enemies":"Small Slimes","floor":1,"turns":5},{"damage":4,"enemies":"Jaw Worm","floor":4,"turns":5},{"damage":0,"enemies":"conspire:RoseBush","floor":5,"turns":3},{"damage":14,"enemies":"3 Sentries","floor":6,"turns":12},{"damage":1,"enemies":"Exordium Wildlife","floor":8,"turns":3},{"damage":1,"enemies":"conspire:2 RoseBushes","floor":11,"turns":5},{"damage":0,"enemies":"2 Fungi Beasts","floor":13,"turns":3},{"damage":8,"enemies":"The Mushroom Lair","floor":14,"turns":5},{"damage":72,"enemies":"Hexaghost","floor":16,"turns":16}],"seed_played":"-1779362694240849154","potions_obtained":[{"floor":5,"key":"sneckomod:MuddlingPotion"},{"floor":8,"key":"Swift Potion"},{"floor":11,"key":"EntropicBrew"}],"is_trial":false,"path_per_floor":["M","?","T","M","M","E","R","M","T","$","M","R","M","?","R","B"],"character_chosen":"THE_SILENT","items_purchased":["Discovery","Prepared"],"campfire_rested":1,"item_purchase_floors":[10,10],"current_hp_per_floor":[70,59,59,55,55,41,41,40,40,40,39,39,39,31,52,0,0],"gold":216,"neow_bonus":"NOSTALGIA","is_daily":false,"chose_seed":false,"campfire_upgraded":2,"win_rate":0.0,"timestamp":1607904973,"path_taken":["M","?","?","M","M","E","R","M","T","$","M","R","M","?","R","BOSS"],"items_purchased_type":["Card","Card"],"build_version":"2020-12-13","purchased_purges":1,"victory":false,"max_hp_per_floor":[70,70,70,70,70,70,70,70,70,70,70,70,70,70,70,70,70],"card_choices":[{"not_picked":["Reflex","Calculated Gamble"],"picked":"Underhanded Strike","floor":1},{"not_picked":["Accuracy","Deflect"],"picked":"Prepared","floor":4},{"not_picked":["hubris:SlightOfHand","Distraction"],"picked":"Prepared","floor":5},{"not_picked":["Outmaneuver","Prepared"],"picked":"Adrenaline","floor":6},{"not_picked":["Deflect","Blade Dance"],"picked":"Backflip","floor":8},{"not_picked":["conspire:DoublingDagger","Dagger Spray"],"picked":"Dagger Throw","floor":11},{"not_picked":["Flying Knee","Dagger Throw"],"picked":"Prepared","floor":13}],"player_experience":320359,"relics_obtained":[{"floor":3,"key":"hubris:ToyBattleship"},{"floor":6,"key":"Toy Ornithopter"},{"floor":9,"key":"hubris:TinFlute"},{"floor":14,"key":"Odd Mushroom"}],"event_choices":[{"damage_healed":0,"gold_gain":75,"player_choice":"Gather Gold","damage_taken":11,"max_hp_gain":0,"max_hp_loss":0,"event_name":"World of Goop","floor":2,"gold_loss":0},{"damage_healed":0,"gold_gain":0,"player_choice":"Fought Mushrooms","damage_taken":0,"max_hp_gain":0,"max_hp_loss":0,"event_name":"Mushrooms","floor":14,"gold_loss":0}],"is_beta":false,"boss_relics":[],"items_purged_floors":[10],"is_endless":false,"potions_floor_spawned":[5,8,11,13],"killed_by":"Hexaghost","ascension_level":0}}