{"host":"m7puq4mk16tgc6yn","time":1607931106,"event":{"mods":["AchievementEnabler","BaseMod","Colored Map","Colored Powertips","Minty Spire (QoL Compilation)","Relic Stats"],"gold_per_floor":[112,112,37,37,56,91,101,101,101,101,115,142,142,155,155,155,155],"floor_reached":16,"playtime":410,"items_purged":["Strike_R"],"score":155,"play_id":"0ce0c66e-cc71-4166-be3b-7a29a29124fc","local_time":"20201213233146","is_ascension_mode":true,"campfire_choices":[{"data":"Bash","floor":8,"key":"SMITH"},{"data":"Dropkick","floor":10,"key":"SMITH"},{"data":"Shrug It Off","floor":13,"key":"SMITH"},{"data":"Shrug It Off","floor":15,"key":"SMITH"}],"circlet_count":0,"master_deck":["Strike_R","Strike_R","Strike_R","Strike_R","Defend_R","Defend_R","Defend_R","Defend_R","Bash+1","Thunderclap","Thunderclap","Dropkick+1","Double Tap","Shrug It Off+1","Shrug It Off+1"],"relics":["Burning Blood","NeowsBlessing","NlothsMask","The Courier","Bag of Marbles"],"acts_visited":[],"potions_floor_usage":[11,16],"damage_taken":[{"damage":0,"enemies":"Small Slimes","floor":1,"turns":1},{"damage":0,"enemies":"Cultist","floor":5,"turns":1},{"damage":0,"enemies":"Gremlin Nob","floor":6,"turns":1},{"damage":16,"enemies":"Jaw Worm","floor":7,"turns":4},{"damage":11,"enemies":"Exordium Thugs","floor":11,"turns":4},{"damage":32,"enemies":"Lagavulin","floor":12,"turns":6},{"damage":9,"enemies":"Red Slaver","floor":14,"turns":2},{"damage":45,"enemies":"Hexaghost","floor":16,"turns":14}],"seed_played":"3918221893482293837","potions_obtained":[{"floor":5,"key":"SmokeBomb"},{"floor":7,"key":"Block Potion"},{"floor":12,"key":"ColorlessPotion"}],"is_trial":false,"path_per_floor":["M","?","$","?","M","E","M","R","T","R","M","E","R","M","R","B"],"character_chosen":"IRONCLAD","items_purchased":[],"campfire_rested":0,"item_purchase_floors":[],"current_hp_per_floor":[80,80,80,85,85,85,75,75,75,75,70,44,44,41,41,0,0],"gold":155,"neow_bonus":"THREE_ENEMY_KILL","is_daily":false,"chose_seed":false,"campfire_upgraded":4,"win_rate":0.0,"timestamp":1607931106,"path_taken":["M","?","?","?","M","E","M","R","T","R","M","E","R","M","R","BOSS"],"items_purchased_type":[],"build_version":"2020-12-13","purchased_purges":1,"victory":false,"max_hp_per_floor":[80,80,80,85,85,85,85,85,85,85,85,85,85,85,85,85,85],"relic_stats":{"counters":[8,33],"obtain_stats":[{"NeowsBlessing":0,"The Courier":6,"Bag of Marbles":12,"Burning Blood":0,"NlothsMask":2},{"NeowsBlessing":0,"The Courier":3,"Bag of Marbles":6,"Burning Blood":0,"NlothsMask":1},{"NeowsBlessing":0,"The Courier":3,"Bag of Marbles":17,"Burning Blood":0,"NlothsMask":1}],"Burning Blood":24},"card_choices":[{"not_picked":["Pommel Strike","Inflame"],"picked":"Thunderclap","floor":1},{"not_picked":["Warcry","Iron Wave"],"picked":"Thunderclap","floor":5},{"not_picked":["Disarm","Armaments"],"picked":"Dropkick","floor":6},{"not_picked":["Intimidate","Battle Trance"],"picked":"Double Tap","floor":7},{"not_picked":["Entrench","Searing Blow"],"picked":"Shrug It Off","floor":11},{"not_picked":["Pummel","Pommel Strike"],"picked":"Shrug It Off","floor":12},{"not_picked":["Sword Boomerang","Wild Strike","Burning Pact"],"picked":"SKIP","floor":14}],"player_experience":62488,"relics_obtained":[{"floor":6,"key":"The Courier"},{"floor":12,"key":"Bag of Marbles"}],"event_choices":[{"damage_healed":0,"gold_gain":0,"player_choice":"Trade","damage_taken":0,"relics_obtained":["NlothsMask"],"max_hp_gain":0,"max_hp_loss":0,"event_name":"FaceTrader","floor":2,"gold_loss":0},{"damage_healed":0,"gold_gain":0,"player_choice":"Donut","damage_taken":0,"max_hp_gain":5,"max_hp_loss":0,"event_name":"Big Fish","floor":4,"gold_loss":0}],"is_beta":false,"boss_relics":[],"items_purged_floors":[3],"is_endless":false,"potions_floor_spawned":[5,7,12],"killed_by":"Hexaghost","ascension_level":3}}