{"host":"gs0a38e4jr2axiip","time":1607914398,"event":{"mods":["Abigail Mod","Act Like it!","BaseMod","Better Note","BetterRewards","CCEM","Colored Map","Conspire","Downfall","Exacting","Gensokyo","Hallownest","Highlight Path","Hubris","Infinite Spire","Jedi Mod","Koishi","MarisaÅiñ∂âJÅ@ñÇóùçπÅj","Minty Spire (QoL Compilation)","Permanent Neow","Prisma Mod","Replay The Spire","Shade Mod","Shop Mod","Spire Birthday Party","StSLib","The Gatherer","The Necromancer","The Servant 0.9.4","Unceasing Turn Reminder","Waifu the Spire","Wandering Minibosses","Yuyuko"],"gold_per_floor":[99,119,133,58,91,125,125,140,157,188,199,213,36,5,17,17,17],"floor_reached":16,"playtime":1553,"items_purged":[],"score":121,"play_id":"1ffa9787-bece-441f-83f5-8ed2fae79391","local_time":"20201213205318","is_ascension_mode":true,"campfire_choices":[{"floor":1,"key":"RECALL"},{"data":"hexamod:Rewind","floor":4,"key":"SMITH"}],"circlet_count":0,"master_deck":["PrismaMod:MiyuCarnivalDefend","hexamod:Strike","hexamod:Strike","hexamod:Strike","hexamod:Strike","hexamod:Defend","hexamod:Defend","hexamod:Defend","hexamod:Defend","hexamod:Sear","hexamod:Float","hexamod:Rewind+1","hexamod:RadiantFlame","hexamod:FastForward","hexamod:Rewind","hexamod:SuperheatedStrike","hexamod:ThirdSeal","hexamod:FirstSeal","hexamod:SpectralSpark","hexamod:FastForward","hexamod:CatchUp","hexamod:SecondSeal","hexamod:Incineration","hexamod:TimeWarp","hexamod:ChargedBarrage","hexamod:Hexaguard","hexamod:NightmareGuise","hexamod:AdvancingGuard"],"relics":["hubris:ScarierMask","downfall:HeartBlessingRed","PreservedInsect","conspire:TopHat"],"acts_visited":["Gensokyo:Gensokyo"],"potions_floor_usage":[16,16],"damage_taken":[{"damage":0,"enemies":"Gensokyo:Python","floor":2,"turns":3},{"damage":6,"enemies":"Gensokyo:Gryphon","floor":3,"turns":3},{"damage":0,"enemies":"Gensokyo:3_Fairies","floor":5,"turns":6},{"damage":12,"enemies":"Gensokyo:Mamizou","floor":6,"turns":6},{"damage":2,"enemies":"Gensokyo:Gryphon_and_Rabbit","floor":8,"turns":3},{"damage":0,"enemies":"Gensokyo:LivingMonolith","floor":9,"turns":6},{"damage":4,"enemies":"Gensokyo:Aya","floor":10,"turns":3},{"damage":2,"enemies":"Gensokyo:2_Rabbits","floor":11,"turns":4},{"damage":22,"enemies":"Gensokyo:Python_and_Kodama","floor":12,"turns":5},{"damage":10,"enemies":"downfall:FleeingMerchant","floor":13,"turns":4},{"damage":15,"enemies":"downfall:FleeingMerchant","floor":14,"turns":4},{"damage":0,"enemies":"Gensokyo:3_Kodama","floor":15,"turns":2},{"damage":21,"enemies":"downfall:Defect","floor":16,"turns":5}],"seed_played":"-5940906580960042600","potions_obtained":[{"floor":3,"key":"SteroidPotion"},{"floor":8,"key":"Swift Potion"},{"floor":9,"key":"Ancient Potion"},{"floor":15,"key":"PowerPotion"}],"is_trial":false,"path_per_floor":["R_BF","M","M","R","M","E","T","M","M","E","M","M","$","$","M","B"],"character_chosen":"THE_SPIRIT","items_purchased":["hexamod:TimeWarp","hexamod:NightmareGuise"],"campfire_rested":0,"item_purchase_floors":[13,14],"current_hp_per_floor":[70,70,64,64,64,52,52,50,50,46,44,29,26,18,18,0,0],"gold":17,"neow_bonus":"BOSS_RELIC","is_daily":false,"chose_seed":false,"campfire_upgraded":1,"win_rate":0.0,"timestamp":1607914398,"path_taken":["R_BF","M","M","R","M","E","T","?","M","E","M","M","$","$","M","BOSS"],"items_purchased_type":["Card","Card"],"build_version":"2020-12-13","purchased_purges":0,"victory":false,"max_hp_per_floor":[70,70,70,70,70,70,70,70,70,70,70,70,70,70,70,70,70],"card_choices":[{"not_picked":["hexamod:SkipABeat","hexamod:NightmareGuise"],"picked":"hexamod:Rewind","floor":2},{"not_picked":["hexamod:CatchUp","hexamod:GhostLash"],"picked":"hexamod:RadiantFlame","floor":3},{"not_picked":["hexamod:GhostShield","hexamod:SuperheatedStrike"],"picked":"hexamod:FastForward","floor":5},{"not_picked":["hexamod:InspiringFlames","hexamod:AdvancingGuard"],"picked":"hexamod:Rewind","floor":6},{"not_picked":["hexamod:ThermalTransfer","hexamod:NightmareStrike"],"picked":"hexamod:SuperheatedStrike","floor":8},{"not_picked":["hexamod:UnleashSpirits","hexamod:BacktrackSmack","hexamod:AdvancingGuard"],"picked":"SKIP","floor":9},{"not_picked":["hexamod:SecondSeal","hexamod:ApocalypseNow"],"picked":"hexamod:ThirdSeal","floor":10},{"not_picked":["hexamod:GhostLash","hexamod:Incineration"],"picked":"hexamod:FirstSeal","floor":11},{"not_picked":["hexamod:AdvancingGuard","hexamod:BurningTouch"],"picked":"hexamod:SpectralSpark","floor":11},{"not_picked":["hexamod:ShieldOfDarkness","hexamod:Rewind"],"picked":"hexamod:FastForward","floor":12},{"not_picked":["hexamod:SwordOfDarkness","hexamod:AdvancingGuard"],"picked":"hexamod:CatchUp","floor":12},{"not_picked":["hexamod:Hexaguard","hexamod:InspiringFlames"],"picked":"hexamod:SecondSeal","floor":13},{"not_picked":["hexamod:SwordOfDarkness","hexamod:ThermalTransfer"],"picked":"hexamod:Incineration","floor":13},{"not_picked":["hexamod:FirstSeal","hexamod:Toasty"],"picked":"hexamod:ChargedBarrage","floor":14},{"not_picked":["hexamod:HeatCrush","hexamod:BurningTouch"],"picked":"hexamod:Hexaguard","floor":14},{"not_picked":["hexamod:PowerFromBeyond","hexamod:ThermalTransfer"],"picked":"hexamod:AdvancingGuard","floor":15}],"player_experience":761173,"relics_obtained":[{"floor":6,"key":"PreservedInsect"},{"floor":10,"key":"conspire:TopHat"}],"event_choices":[],"is_beta":false,"boss_relics":[],"items_purged_floors":[],"is_endless":false,"potions_floor_spawned":[3,8,9,15],"killed_by":"downfall:Defect","ascension_level":1}}