{"host":"Á¤±Û¸µ","time":1607960501,"event":{"mods":["AchievementEnabler","BaseMod","Colored Map","DeckTracker","Highlight Path","Keyboard Shortcuts","Minty Spire (QoL Compilation)","Permanent Neow","Quick Restart","Rare Cards Sparkle","StSLib","SuperFastMode","everything is the same but u backflip on backflip"],"gold_per_floor":[14,29,29,48,48,48,62,75,75,95,106,181,181,206,206,283,283,297,222,235,250,165,165,196,196,196],"floor_reached":25,"playtime":858,"items_purged":["Strike_P"],"score":394,"play_id":"7661d535-296b-4c94-bd78-7503495fa5db","local_time":"20201215004141","is_ascension_mode":true,"campfire_choices":[{"data":"Eruption","floor":6.0,"key":"SMITH"},{"floor":13.0,"key":"REST"},{"data":"Halt","floor":15,"key":"SMITH"},{"floor":23,"key":"REST"}],"circlet_count":0,"master_deck":["AscendersBane","Strike_P","Strike_P","Defend_P","Defend_P","Eruption+1","Vigilance","FlyingSleeves","Consecrate","Halt+1","Vault"],"relics":["PureWater","Akabeko","Letter Opener","Art of War","VioletLotus","MealTicket","CeramicFish"],"acts_visited":["Exordium","TheCity"],"potions_floor_usage":[14,20,25],"damage_taken":[{"damage":0.0,"enemies":"Cultist","floor":1.0,"turns":3.0},{"damage":0.0,"enemies":"Jaw Worm","floor":2.0,"turns":1.0},{"damage":4.0,"enemies":"Small Slimes","floor":4.0,"turns":3.0},{"damage":5.0,"enemies":"3 Louse","floor":7.0,"turns":3.0},{"damage":0.0,"enemies":"Large Slime","floor":8.0,"turns":3.0},{"damage":7.0,"enemies":"Exordium Thugs","floor":10.0,"turns":3.0},{"damage":5.0,"enemies":"Blue Slaver","floor":11.0,"turns":2.0},{"damage":4,"enemies":"3 Sentries","floor":14,"turns":6},{"damage":36,"enemies":"The Guardian","floor":16,"turns":12},{"damage":3,"enemies":"Chosen","floor":18,"turns":4},{"damage":17,"enemies":"2 Thieves","floor":20,"turns":3},{"damage":22,"enemies":"Snecko","floor":21,"turns":6},{"damage":21,"enemies":"Gremlin Leader","floor":24,"turns":6},{"damage":18,"enemies":"Cultist and Chosen","floor":25,"turns":5}],"seed_played":"-1227334637038137025","potions_obtained":[{"floor":1.0,"key":"SteroidPotion"},{"floor":7.0,"key":"Energy Potion"},{"floor":10.0,"key":"Dexterity Potion"},{"floor":11.0,"key":"Explosive Potion"},{"floor":24,"key":"SteroidPotion"}],"is_trial":false,"path_per_floor":["M","M","T","M","?","R","M","M","T","M","M","?","R","E","R","B",null,"M","$","M","M","?","R","E","M"],"character_chosen":"WATCHER","items_purchased":[],"campfire_rested":2,"item_purchase_floors":[],"current_hp_per_floor":[61,61,61,57,57,57,52,52,52,45,40,29,49,45,45,9,53,50,50,33,11,11,31,10,0,0],"gold":196,"neow_bonus":"REMOVE_TWO","is_daily":false,"chose_seed":false,"campfire_upgraded":2,"win_rate":0.0,"timestamp":1607960501,"path_taken":["M","M","?","M","?","R","?","?","T","?","M","?","R","E","R","BOSS","M","$","M","M","?","R","E","M"],"items_purchased_type":[],"build_version":"2020-12-07","purchased_purges":1,"victory":false,"max_hp_per_floor":[68,68,68,68,68,68,68,68,68,68,68,68,68,68,68,68,68,68,68,68,68,68,68,68,68,68],"card_choices":[{"not_picked":["Fasting2","WreathOfFlame","Evaluate"],"picked":"SKIP","floor":1.0},{"not_picked":["FollowUp","WreathOfFlame","Nirvana"],"picked":"SKIP","floor":2.0},{"not_picked":["ThirdEye","CrushJoints","Crescendo"],"picked":"SKIP","floor":4.0},{"not_picked":["LikeWater","WindmillStrike"],"picked":"FlyingSleeves","floor":7.0},{"not_picked":["EmptyBody","FollowUp","PathToVictory"],"picked":"SKIP","floor":8.0},{"not_picked":["WaveOfTheHand","EmptyFist"],"picked":"Consecrate","floor":10.0},{"not_picked":["DevaForm","LikeWater"],"picked":"Halt","floor":11.0},{"not_picked":["JustLucky","CutThroughFate","Consecrate"],"picked":"SKIP","floor":14},{"not_picked":["Brilliance","Ragnarok"],"picked":"Vault","floor":16},{"not_picked":["FlyingSleeves","JustLucky","Swivel"],"picked":"SKIP","floor":18},{"not_picked":["ThirdEye","BattleHymn","Consecrate"],"picked":"SKIP","floor":20},{"not_picked":["FlurryOfBlows","Evaluate","Protect"],"picked":"SKIP","floor":21},{"not_picked":["Prostrate","Crescendo","Vengeance+1"],"picked":"SKIP","floor":24}],"player_experience":461783,"relics_obtained":[{"floor":3.0,"key":"Akabeko"},{"floor":9.0,"key":"Letter Opener"},{"floor":14,"key":"Art of War"},{"floor":24,"key":"CeramicFish"}],"event_choices":[{"cards_removed":["Defend_P"],"damage_healed":0.0,"max_hp_gain":0.0,"max_hp_loss":0.0,"gold_gain":0.0,"event_name":"Purifier","player_choice":"Purged","floor":5.0,"gold_loss":0.0,"damage_taken":0.0},{"damage_healed":0.0,"max_hp_gain":0.0,"max_hp_loss":0.0,"gold_gain":75.0,"event_name":"World of Goop","player_choice":"Gather Gold","floor":12.0,"gold_loss":0.0,"damage_taken":11.0},{"damage_healed":0,"gold_gain":0,"player_choice":"Obtained Relic","damage_taken":0,"relics_obtained":["MealTicket"],"max_hp_gain":0,"max_hp_loss":0,"event_name":"Addict","floor":22,"gold_loss":85}],"is_beta":true,"boss_relics":[{"not_picked":["Calling Bell","Astrolabe"],"picked":"VioletLotus"}],"items_purged_floors":[19],"is_endless":false,"potions_floor_spawned":[1,7,10,11,24],"killed_by":"Cultist and Chosen","ascension_level":15}}