{"host":"s4klbi5zf1bej8mm","time":1607926113,"event":{"mods":["2.2 Compatiblity","Act Like it!","BaseMod","Block Reminder","Colored Map","Colored Powertips","DeckTracker","Downfall","Highlight Path","Jorbs\u0027s Wanderer Trilogy","Minty Spire (QoL Compilation)","Permanent Neow","Quick Restart","Random Character Button","Relic Sorter","Relic Stats","Replay The Spire","Shade Mod","Spicy Shops","StSLib","The Blackbeard","The Cursed","The Hierophant","Unknown Chances"],"gold_per_floor":[117,27,27,102,52,81,93,25,25,25,44,44,44,106,106,204,204,185,39,52,72,171,196,21,32,32,52,52,80,0,16,16,115,115,125,144,39,49,83,118,118,118,144,144,16,43,75,119,119,145],"floor_reached":51,"playtime":4284,"items_purged":["ReplayTheSpireMod:Restless Dread","TheCursedMod:Strike_TheCursed","TheCursedMod:Strike_TheCursed","TheCursedMod:Strike_TheCursed"],"score":1267,"play_id":"14dcd3d4-d333-4897-8b7a-b9c36b5b34b7","local_time":"20201214000833","is_ascension_mode":false,"campfire_choices":[{"data":"TheCursedMod:ForbiddenAlchemy","floor":10,"key":"SMITH"},{"data":"TheCursedMod:CursedRelics","floor":12,"key":"SMITH"},{"data":"TheCursedMod:HellsGateOpen","floor":15,"key":"SMITH"},{"data":"TheCursedMod:HellfireBreathing","floor":32,"key":"SMITH"},{"data":"TheCursedMod:NeowsMight","floor":42,"key":"SMITH"},{"data":"TheCursedMod:CursedSpellbook","floor":44,"key":"SMITH"}],"circlet_count":0,"master_deck":["TheCursedMod:Strike_TheCursed","TheCursedMod:Defend_TheCursed","TheCursedMod:Defend_TheCursed+1","TheCursedMod:Defend_TheCursed+1","TheCursedMod:CursedWand","TheCursedMod:CleanUpWorkshop","TheCursedMod:Dregs","TheCursedMod:VitalStrike","Shame","TheCursedMod:Torture+1","TheCursedMod:ForbiddenAlchemy+1","TheCursedMod:CursedBlade","TheCursedMod:CursedRelics+1","TheCursedMod:Hemoplague+1","TheCursedMod:HellsGateOpen+1","TheCursedMod:ForbiddenAlchemy+1","TheCursedMod:VitalStrike+1","TheCursedMod:HellfireBreathing+1","TheCursedMod:Stigma","TheCursedMod:CursedShiv","TheCursedMod:CursedSpellbook+1","TheCursedMod:NeowsMight+1","ReplayTheSpireMod:Faulty Equipment","Spreading Infection","Doubt","TheCursedMod:Stigma+1","TheCursedMod:CircleOfWindfury+1","Pain","TheCursedMod:Hemoplague+1","TheCursedMod:StingEye+1"],"relics":["TheCursedMod:BlackMagic101","NeowsBlessing","ReplayTheSpireMod:CursedCoin","Membership Card","Pen Nib","Replay:Baseball","HornCleat","Onion Ring","SacredBark","Guide Book","Gremlin Horn","Potion Belt","Strawberry","Replay:Bottled Snecko","Frozen Egg 2","Replay:Ancient Bell","Lantern","Replay:Accelerometer","TheCursedMod:SoulVessel","War Paint","Golden Egg","Mercury Hourglass","Replay:Bandana","Chameleon Ring"],"acts_visited":["Exordium","TheCity","TheBeyond"],"potions_floor_usage":[11,16,16,16,16,16,16,18,20,20,20,21,23,23,23,23,25,25,25,25,25,27,27,27,27,29,33,33,33,33,33,33,33,33,33,33,33,33,33,35,35,35,35,35,36,36,36,36,36,36,36,36,36,36,36,36,38,39,39,39,39,39,39,39,39,40,40,40,40,40,40,40,40,40,47,47,47,47,47,47,47,48,48,48,48,48,48,48,48,48,48,48,48,48,50,50,50,50,50,50,50,50,50,50,50,50,50],"damage_taken":[{"damage":0,"enemies":"2 Louse","floor":1,"turns":1},{"damage":0,"enemies":"Gremlin Nob","floor":6,"turns":1},{"damage":0,"enemies":"Small Slimes","floor":7,"turns":1},{"damage":6,"enemies":"Cultist","floor":11,"turns":2},{"damage":27,"enemies":"The Guardian","floor":16,"turns":7},{"damage":12,"enemies":"2 Thieves","floor":18,"turns":4},{"damage":0,"enemies":"Spheric Guardian","floor":20,"turns":2},{"damage":0,"enemies":"Snecko","floor":21,"turns":2},{"damage":15,"enemies":"Replay:Snechameleon","floor":23,"turns":4},{"damage":0,"enemies":"Centurion and Healer","floor":25,"turns":3},{"damage":16,"enemies":"Snake Plant","floor":27,"turns":2},{"damage":16,"enemies":"Book of Stabbing","floor":29,"turns":3},{"damage":0,"enemies":"Snecko","floor":31,"turns":3},{"damage":12,"enemies":"Pondfish","floor":33,"turns":3},{"damage":0,"enemies":"Orb Walker","floor":35,"turns":1},{"damage":0,"enemies":"3 Darklings","floor":36,"turns":2},{"damage":8,"enemies":"Sphere and 2 Shapes","floor":38,"turns":3},{"damage":6,"enemies":"Jaw Worm Horde","floor":39,"turns":2},{"damage":7,"enemies":"R_Hoarder","floor":40,"turns":4},{"damage":19,"enemies":"4 Shapes","floor":46,"turns":3},{"damage":7,"enemies":"Maw","floor":47,"turns":5},{"damage":3,"enemies":"Transient","floor":48,"turns":5},{"damage":3,"enemies":"Donu and Deca","floor":50,"turns":2}],"seed_played":"5767397204967178950","potions_obtained":[{"floor":1,"key":"champ:CounterPotion"},{"floor":11,"key":"sneckomod:MuddlingPotion"},{"floor":14,"key":"Flashbang"},{"floor":16,"key":"Energy Potion"},{"floor":18,"key":"Slimebound:ThreeZeroPotion"},{"floor":23,"key":"sneckomod:MuddlingPotion"},{"floor":27,"key":"Death Potion"},{"floor":29,"key":"Fire Potion"},{"floor":39,"key":"Ancient Potion"},{"floor":46,"key":"Weak Potion"},{"floor":47,"key":"BlessingOfTheForge"},{"floor":49,"key":"LiquidMemories"},{"floor":49,"key":"TheCursedMod:DregsPotion"}],"is_trial":false,"path_per_floor":["M","$","?","?","?","E","M","$","T","R","M","R","T","?","R","B",null,"M","$","M","M","?","E","$","M","T","M","?","E","?","M","R","B",null,"M","M","$","M","M","E","?","R","T","R","$","M","M","M","R","B",null],"character_chosen":"THE_CURSED","items_purchased":["ReplayTheSpireMod:CursedCoin","Membership Card","TheCursedMod:Torture","TheCursedMod:CursedRelics","Guide Book","TheCursedMod:HellfireBreathing","Potion Belt","Strawberry","War Paint","Chameleon Ring"],"campfire_rested":0,"item_purchase_floors":[2,2,2,8,19,19,24,24,37,45],"current_hp_per_floor":[75,75,75,64,64,64,64,64,64,64,58,58,58,40,40,13,75,63,63,63,63,63,48,55,55,55,39,39,23,23,23,23,11,82,82,82,82,74,70,67,67,67,67,67,67,49,45,47,47,55],"gold":145,"neow_bonus":"THREE_ENEMY_KILL","is_daily":false,"chose_seed":false,"campfire_upgraded":6,"win_rate":0.0,"timestamp":1607926113,"path_taken":["M","$","?","?","?","E","M","$","T","R","M","R","?","?","R","BOSS","M","$","M","M","?","E","$","M","T","M","?","E","?","M","R","BOSS","M","M","$","M","M","E","?","R","T","R","$","M","M","?","R","BOSS"],"items_purchased_type":["Relic","Relic","Card","Card","Relic","Card","Relic","Relic","Relic","Relic"],"build_version":"2020-12-13","purchased_purges":4,"victory":true,"max_hp_per_floor":[75,75,75,75,75,75,75,75,75,75,75,75,75,75,75,75,75,75,75,75,75,75,75,82,82,82,82,82,82,82,82,82,82,82,82,82,82,82,82,82,82,82,82,82,82,82,82,82,82,82],"relic_stats":{"Gremlin Horn":[12,13],"counters":[23,65],"Pen Nib":[17],"War Paint":["TheCursedMod:Defend_TheCursed","TheCursedMod:Defend_TheCursed"],"obtain_stats":[{"Potion Belt":24,"TheCursedMod:BlackMagic101":0,"Replay:Accelerometer":34,"Golden Egg":40,"Lantern":34,"NeowsBlessing":0,"Gremlin Horn":23,"ReplayTheSpireMod:CursedCoin":2,"SacredBark":17,"Guide Book":19,"Pen Nib":6,"Replay:Ancient Bell":34,"Frozen Egg 2":29,"War Paint":37,"Mercury Hourglass":41,"Replay:Baseball":9,"Replay:Bandana":43,"HornCleat":13,"Chameleon Ring":45,"Strawberry":24,"Onion Ring":14,"Membership Card":2,"Replay:Bottled Snecko":26,"TheCursedMod:SoulVessel":34},{"Potion Belt":9,"TheCursedMod:BlackMagic101":0,"Replay:Accelerometer":14,"Golden Egg":19,"Lantern":14,"NeowsBlessing":0,"Gremlin Horn":9,"ReplayTheSpireMod:CursedCoin":1,"SacredBark":5,"Guide Book":6,"Pen Nib":2,"Replay:Ancient Bell":14,"Frozen Egg 2":12,"War Paint":16,"Mercury Hourglass":19,"Replay:Baseball":3,"Replay:Bandana":19,"HornCleat":4,"Chameleon Ring":19,"Strawberry":9,"Onion Ring":4,"Membership Card":1,"Replay:Bottled Snecko":10,"TheCursedMod:SoulVessel":14},{"Potion Belt":24,"TheCursedMod:BlackMagic101":0,"Replay:Accelerometer":38,"Golden Egg":50,"Lantern":38,"NeowsBlessing":0,"Gremlin Horn":24,"ReplayTheSpireMod:CursedCoin":1,"SacredBark":12,"Guide Book":16,"Pen Nib":2,"Replay:Ancient Bell":38,"Frozen Egg 2":32,"War Paint":41,"Mercury Hourglass":50,"Replay:Baseball":3,"Replay:Bandana":50,"HornCleat":5,"Chameleon Ring":50,"Strawberry":24,"Onion Ring":5,"Membership Card":1,"Replay:Bottled Snecko":27,"TheCursedMod:SoulVessel":38}],"Mercury Hourglass":[66]},"card_choices":[{"not_picked":["TheCursedMod:SoulReap","TheCursedMod:Obscuration"],"picked":"TheCursedMod:VitalStrike","floor":1},{"not_picked":["TheCursedMod:FuryStrike","TheCursedMod:HellsGateOpen"],"picked":"TheCursedMod:ForbiddenAlchemy","floor":6},{"not_picked":["TheCursedMod:PrepareRite","TheCursedMod:CircleOfFlame"],"picked":"TheCursedMod:CursedBlade","floor":7},{"not_picked":["TheCursedMod:TacticalStrike","TheCursedMod:SmokeScreen"],"picked":"TheCursedMod:Hemoplague","floor":11},{"not_picked":["TheCursedMod:CursedMace","TheCursedMod:TroublousMinions"],"picked":"TheCursedMod:HellsGateOpen","floor":14},{"not_picked":["TheCursedMod:CursedRelics","TheCursedMod:DemonicPact"],"picked":"TheCursedMod:ForbiddenAlchemy","floor":16},{"not_picked":["TheCursedMod:HellsGateOpen","TheCursedMod:CursedBoomerang+1"],"picked":"TheCursedMod:VitalStrike+1","floor":18},{"not_picked":["TheCursedMod:CircleOfBlood","TheCursedMod:SmokeScreen","TheCursedMod:CircleOfFlame"],"picked":"SKIP","floor":20},{"not_picked":["TheCursedMod:Wield","TheCursedMod:VitalStrike"],"picked":"TheCursedMod:Stigma","floor":21},{"not_picked":["TheCursedMod:Wield","TheCursedMod:Evocation","TheCursedMod:Obscuration"],"picked":"SKIP","floor":23},{"not_picked":["TheCursedMod:Wield","TheCursedMod:Evocation","TheCursedMod:Obscuration"],"picked":"SKIP","floor":23},{"not_picked":["TheCursedMod:WearCloak","TheCursedMod:CursedMace"],"picked":"TheCursedMod:CursedShiv","floor":25},{"not_picked":["TheCursedMod:CircleOfBlood","TheCursedMod:CursedBlade+1","TheCursedMod:RavingStaff+1"],"picked":"SKIP","floor":27},{"not_picked":["TheCursedMod:CircleOfFlame","TheCursedMod:CursedBlade+1"],"picked":"TheCursedMod:CursedSpellbook","floor":29},{"not_picked":["TheCursedMod:SpreadPlague","TheCursedMod:ReleasedStrength","TheCursedMod:TacticalStrike+1"],"picked":"SKIP","floor":31},{"not_picked":["TheCursedMod:ShockAndAwe","TheCursedMod:StunningStrike"],"picked":"TheCursedMod:NeowsMight","floor":33},{"not_picked":["Languid","Sickly"],"picked":"ReplayTheSpireMod:Faulty Equipment","floor":34},{"not_picked":["Looming Evil","Overencumbered"],"picked":"Spreading Infection","floor":34},{"not_picked":["Delirium","stsjorbsmod:Withering"],"picked":"Doubt","floor":34},{"not_picked":["TheCursedMod:Wield","TheCursedMod:TroublousMinions+1"],"picked":"TheCursedMod:Stigma+1","floor":35},{"not_picked":["TheCursedMod:CursedAmulet+1","TheCursedMod:CursedArmor+1"],"picked":"TheCursedMod:CircleOfWindfury+1","floor":36},{"not_picked":["TheCursedMod:CircleOfFocus+1","TheCursedMod:CircleOfAbyss","TheCursedMod:BloodBarrier"],"picked":"SKIP","floor":38},{"not_picked":["TheCursedMod:SoulCrush+1","TheCursedMod:VitalStrike","TheCursedMod:SpitefulPlan+1"],"picked":"SKIP","floor":39},{"not_picked":["TheCursedMod:StingEye","TheCursedMod:FuryStrike"],"picked":"TheCursedMod:Hemoplague+1","floor":40},{"not_picked":["TheCursedMod:FleshFromBone","TheCursedMod:AbyssShockwave+1"],"picked":"TheCursedMod:StingEye+1","floor":46},{"not_picked":["TheCursedMod:SurpriseAttack","TheCursedMod:StingEye+1","TheCursedMod:Stigma"],"picked":"SKIP","floor":47},{"not_picked":["TheCursedMod:SmokeScreen","TheCursedMod:RapidMovement+1","TheCursedMod:Stigma+1"],"picked":"SKIP","floor":48}],"player_experience":116596,"relics_obtained":[{"floor":6,"key":"Pen Nib"},{"floor":9,"key":"Replay:Baseball"},{"floor":13,"key":"HornCleat"},{"floor":14,"key":"Onion Ring"},{"floor":23,"key":"Gremlin Horn"},{"floor":26,"key":"Replay:Bottled Snecko"},{"floor":29,"key":"Frozen Egg 2"},{"floor":40,"key":"Golden Egg"},{"floor":43,"key":"Replay:Bandana"}],"event_choices":[{"damage_healed":0,"gold_gain":0,"player_choice":"Grow","damage_taken":0,"max_hp_gain":0,"max_hp_loss":0,"event_name":"Living Wall","floor":3,"gold_loss":0,"cards_upgraded":["TheCursedMod:Torture"]},{"damage_healed":0,"gold_gain":75,"player_choice":"Gather Gold","damage_taken":11,"max_hp_gain":0,"max_hp_loss":0,"event_name":"World of Goop","floor":4,"gold_loss":0},{"cards_removed":["TheCursedMod:Defend_TheCursed"],"damage_healed":0,"gold_gain":0,"player_choice":"Card Removal","damage_taken":0,"max_hp_gain":0,"max_hp_loss":0,"event_name":"The Cleric","floor":5,"gold_loss":50},{"damage_healed":0,"gold_gain":99,"player_choice":"Stole From Cult","damage_taken":0,"max_hp_gain":0,"max_hp_loss":0,"event_name":"Nest","floor":22,"gold_loss":0},{"damage_healed":0,"gold_gain":0,"player_choice":"Ignored","damage_taken":0,"max_hp_gain":0,"max_hp_loss":0,"event_name":"Ghosts","floor":28,"gold_loss":0},{"damage_healed":0,"gold_gain":0,"player_choice":"Paid Fearfully","damage_taken":0,"max_hp_gain":0,"max_hp_loss":0,"event_name":"Masked Bandits","floor":30,"gold_loss":80},{"damage_healed":0,"gold_gain":0,"player_choice":"Gave Potion","damage_taken":0,"relics_obtained":["Mercury Hourglass"],"max_hp_gain":0,"max_hp_loss":0,"event_name":"WeMeetAgain","floor":41,"gold_loss":0}],"is_beta":false,"boss_relics":[{"not_picked":["Pandora\u0027s Box","Replay:Bronze Core"],"picked":"SacredBark"},{"not_picked":["Ring of Chaos","Tiny House"],"picked":"Replay:Ancient Bell"},{"not_picked":["Smiling Mask","TheCursedMod:Tack"],"picked":"Lantern"},{"not_picked":["Replay:Bottled Steam","Replay:Bottled Flurry"],"picked":"Replay:Accelerometer"},{"not_picked":["Ginger","Shovel"],"picked":"TheCursedMod:SoulVessel"}],"items_purged_floors":[2,19,24,37],"is_endless":false,"potions_floor_spawned":[1,11,16,18,23,27,29,39,46,47],"ascension_level":0}}