{"host":"o3b7ow6d1xe49css","time":1607942221,"event":{"mods":["2.2 Compatiblity","Act Like it!","Aspiration","BaseMod","Bestiary","Better Altar","Better Match","Better Note","Better Sensory Stone","Better Skull","Better Third Choice","Colored Powertips","Conspire","Downfall","Elementarium","Energized Spire","GifTheSpireLib","Halation","Hermit","Hubris","Infinite Spire","Minty Spire (QoL Compilation)","Quick Restart","Replay The Spire","Spicy Shops","Spikes Relics","StSLib","Stuff the Spire","The Blue Laboratory","The Jungle","Wandering Minibosses","vexMod"],"gold_per_floor":[113,125,135,135,155,184,214,214,241,241,8,8,27,27,27],"floor_reached":14,"playtime":463,"items_purged":[],"score":100,"play_id":"8e7224a8-43f6-43d3-b567-7a3dac76461c","local_time":"20201214013701","daily_mods":["Heirloom","Flight"],"is_ascension_mode":false,"campfire_choices":[{"data":"sneckomod:UnknownUncommonPower","floor":8,"key":"SMITH"},{"data":"sneckomod:UnknownClassINFINITE_BLACK","floor":10,"key":"SMITH"},{"data":"sneckomod:UnknownX","floor":12,"key":"SMITH"}],"circlet_count":0,"master_deck":["sneckomod:Strike","sneckomod:Strike","sneckomod:Defend","sneckomod:Defend","sneckomod:Defend","sneckomod:TailWhip","sneckomod:SnekBite","sneckomod:Unknown","sneckomod:Unknown","sneckomod:UnknownUncommonPower+1","sneckomod:SlitherStrike","sneckomod:UnknownBlock","sneckomod:UnknownClassINFINITE_BLACK+1","sneckomod:UnknownX+1","sneckomod:UnknownUncommonPower+1"],"relics":["sneckomod:SneckoSoul","StuffTheSpire:Expresso","hubris:OldNail","Orichalcum","MealTicket","sneckomod:UnknownEgg","Medical Kit"],"acts_visited":["Exordium"],"potions_floor_usage":[7],"damage_taken":[{"damage":3,"enemies":"Jaw Worm","floor":1,"turns":3},{"damage":0,"enemies":"Cultist","floor":2,"turns":3},{"damage":0,"enemies":"Small Slimes","floor":3,"turns":2},{"damage":0,"enemies":"3 Louse","floor":5,"turns":1},{"damage":14,"enemies":"Gremlin Nob","floor":6,"turns":3},{"damage":7,"enemies":"Lagavulin","floor":7,"turns":7},{"damage":0,"enemies":"Looter","floor":13,"turns":4},{"damage":0,"enemies":"3 Sentries","floor":14,"turns":1}],"seed_played":"-6059612368557121166","potions_obtained":[{"floor":1,"key":"blueLaboratory:ImpenetrablePotion"},{"floor":5,"key":"PowerPotion"},{"floor":7,"key":"Regen Potion"}],"is_trial":true,"path_per_floor":["M","M","M","?","M","E","E","R","T","R","$","R","M","E"],"character_chosen":"THE_SNECKO","items_purchased":["sneckomod:UnknownEgg","Medical Kit"],"campfire_rested":0,"item_purchase_floors":[11,11],"current_hp_per_floor":[88,88,89,89,90,76,70,70,70,70,85,85,86,86,86],"gold":27,"neow_bonus":"","is_daily":false,"chose_seed":false,"campfire_upgraded":3,"win_rate":0.0,"timestamp":1607942221,"path_taken":["M","M","M","?","?","E","E","R","T","R","$","R","M","E"],"items_purchased_type":["Relic","Relic"],"build_version":"2020-12-13","purchased_purges":0,"victory":false,"max_hp_per_floor":[91,91,92,92,93,93,94,94,94,94,94,94,95,95,95],"card_choices":[{"not_picked":["sneckomod:UnknownCommonSkill","sneckomod:UnknownClassDEFAULT_GRAY_COLOR"],"picked":"sneckomod:UnknownUncommonPower","floor":1},{"not_picked":["sneckomod:SoulRoll","sneckomod:UnknownUncommonPower"],"picked":"sneckomod:SlitherStrike","floor":2},{"not_picked":["sneckomod:DiceBlock","sneckomod:UnknownClassDEFAULT_GRAY_COLOR"],"picked":"sneckomod:UnknownBlock","floor":3},{"not_picked":["sneckomod:QuickMove","sneckomod:ImprovisedGuard"],"picked":"sneckomod:UnknownClassINFINITE_BLACK","floor":5},{"not_picked":["sneckomod:DefensiveFlair","sneckomod:Nope","sneckomod:SoulRoll"],"picked":"SKIP","floor":6},{"not_picked":["sneckomod:UnknownExhaust","sneckomod:SlitherStrike"],"picked":"sneckomod:UnknownX","floor":7},{"not_picked":["sneckomod:UnknownClassSLIMEBOUND+1","sneckomod:UnknownClassGUARDIAN+1"],"picked":"sneckomod:UnknownUncommonPower+1","floor":13}],"player_experience":1701045,"relics_obtained":[{"floor":6,"key":"hubris:OldNail"},{"floor":7,"key":"Orichalcum"},{"floor":9,"key":"MealTicket"}],"event_choices":[{"cards_removed":["sneckomod:Strike"],"damage_healed":0,"gold_gain":0,"player_choice":"Offered Basic","damage_taken":0,"max_hp_gain":0,"max_hp_loss":0,"event_name":"Bonfire Elementals","floor":4,"gold_loss":0}],"is_beta":false,"boss_relics":[],"items_purged_floors":[],"is_endless":false,"potions_floor_spawned":[1,5,7,13],"killed_by":"3 Sentries","ascension_level":0}}