{"host":"lck2g1j0kcwr02ez","time":1607941472,"event":{"mods":["BaseMod","CapriCore","Mari Mod (Legacy)","Mari\u0027s V1 Patch","Minty Spire (QoL Compilation)","Rare Cards Sparkle","StSLib","The Hierophant","The Mystic"],"gold_per_floor":[19,33,33,56,60,98,4870,4891,4937,4955,4955,4959,4488,4488,4488,4168,4168,3769,2896,2896,2920,2779,2548,2438,1595,1620,1620,1627,1627,1552,1629,1629,1457,1457,1336,1293,1056,196,203,210,210,210,210],"floor_reached":42,"playtime":2803,"items_purged":["hierophant:Strike_Hierophant","hierophant:Defend_Hierophant","hierophant:Defend_Hierophant","hierophant:Strike_Hierophant"],"score":587,"play_id":"c4c4468b-0081-4873-abf4-b82e41c9454d","local_time":"20201214182432","is_ascension_mode":false,"campfire_choices":[{"data":"Enlightenment","floor":15,"key":"SMITH"},{"floor":27,"key":"RECALL"},{"data":"hierophant:Glossolalia","floor":29,"key":"SMITH"},{"data":"hierophant:Glossolalia","floor":32,"key":"SMITH"},{"data":"hierophant:AuricForm","floor":41,"key":"SMITH"}],"circlet_count":0,"master_deck":["hierophant:Punish","hierophant:ChurchCoffers","hierophant:DeathKnell","hierophant:FlamingChariot","hierophant:Sermon","hierophant:OrnateBuckler","hierophant:FieryStrike","hierophant:Encroach","Enlightenment+1","hierophant:Martyrdom","hierophant:AuricBeam","hierophant:ThreeLashes","hierophant:Kindle","hierophant:AuricShield","hierophant:Glossolalia+1","hierophant:FlamingChariot","hierophant:Glossolalia+1","hierophant:Exaltation","Madness","hierophant:AuricForm+1","hierophant:HammerAndAnvil+1","Madness","hierophant:Martyrdom+1","hierophant:Shelter+1","hierophant:Exaltation"],"relics":["hierophant:PropheticMaskRelic","Golden Idol","Mercury Hourglass","Pocketwatch","Matryoshka","Mummified Hand","Smiling Mask","SlaversCollar","OrangePellets","Anchor","Darkstone Periapt","PreservedInsect","CaptainsWheel","Orichalcum","Turnip","Strawberry","Chemical X","Centennial Puzzle","Singing Bowl","Coffee Dripper","Frozen Egg 2","HandDrill","Letter Opener","Meat on the Bone"],"acts_visited":["Exordium","TheCity","TheBeyond"],"potions_floor_usage":[6,8,8,18,18,22,23,23,23,33,39],"damage_taken":[{"damage":0,"enemies":"2 Louse","floor":1,"turns":3},{"damage":3,"enemies":"Jaw Worm","floor":2,"turns":4},{"damage":1,"enemies":"Cultist","floor":4,"turns":4},{"damage":11,"enemies":"Exordium Wildlife","floor":5,"turns":7},{"damage":19,"enemies":"3 Sentries","floor":6,"turns":7},{"damage":0,"enemies":"Lagavulin","floor":8,"turns":5},{"damage":5,"enemies":"Lots of Slimes","floor":10,"turns":2},{"damage":12,"enemies":"Gremlin Gang","floor":12,"turns":3},{"damage":0,"enemies":"Blue Slaver","floor":13,"turns":2},{"damage":3,"enemies":"The Guardian","floor":16,"turns":2},{"damage":0,"enemies":"Shell Parasite","floor":18,"turns":2},{"damage":0,"enemies":"Chosen","floor":21,"turns":4},{"damage":0,"enemies":"Snake Plant","floor":22,"turns":3},{"damage":0,"enemies":"Gremlin Leader","floor":23,"turns":1},{"damage":6,"enemies":"Centurion and Healer","floor":24,"turns":4},{"damage":8,"enemies":"Shelled Parasite and Fungi","floor":28,"turns":4},{"damage":18,"enemies":"Automaton","floor":33,"turns":5},{"damage":0,"enemies":"Orb Walker","floor":35,"turns":1},{"damage":3,"enemies":"3 Shapes","floor":36,"turns":3},{"damage":0,"enemies":"Maw","floor":37,"turns":4},{"damage":0,"enemies":"Sphere and 2 Shapes","floor":39,"turns":3},{"damage":77,"enemies":"Reptomancer","floor":40,"turns":3},{"damage":8,"enemies":"Nemesis","floor":42,"turns":1}],"seed_played":"-1542936983993479438","potions_obtained":[{"floor":2,"key":"GamblersBrew"},{"floor":5,"key":"DistilledChaos"},{"floor":10,"key":"EssenceOfSteel"},{"floor":12,"key":"Swift Potion"},{"floor":22,"key":"Swift Potion"},{"floor":24,"key":"Fire Potion"},{"floor":28,"key":"Explosive Potion"},{"floor":37,"key":"CultistPotion"},{"floor":39,"key":"SteroidPotion"},{"floor":40,"key":"Ancient Potion"}],"is_trial":false,"path_per_floor":["M","M","?","M","M","E","$","E","T","M","?","M","M","?","R","B",null,"M","$","T","M","M","E","M","$","T","R","M","R","?","T","R","B",null,"M","M","M","$","M","E","R","E"],"character_chosen":"HIEROPHANT","items_purchased":["DistilledChaos","Pocketwatch","Matryoshka","Enlightenment","hierophant:AuricShield","OrangePellets","Anchor","Darkstone Periapt","hierophant:Glossolalia","BlessingOfTheForge","DistilledChaos","Explosive Potion","hierophant:Glossolalia","hierophant:Exaltation","Turnip","Strawberry","Chemical X","Madness","Frozen Egg 2","HandDrill","Letter Opener","Madness","hierophant:Martyrdom+1"],"campfire_rested":0,"item_purchase_floors":[7,7,7,7,19,19,19,19,19,19,19,19,25,25,25,25,25,25,38,38,38,38,38],"current_hp_per_floor":[75,72,54,53,42,23,23,23,23,18,18,6,6,6,6,3,75,75,75,75,75,75,75,69,76,76,76,68,68,68,68,68,50,82,84,81,83,83,83,6,6,0,0],"gold":210,"neow_bonus":"TRANSFORM_TWO_CARDS","is_daily":false,"chose_seed":false,"campfire_upgraded":4,"win_rate":0.0,"timestamp":1607941472,"path_taken":["M","M","?","M","M","E","$","E","T","M","?","?","M","?","R","BOSS","M","$","?","?","M","E","M","$","T","R","M","R","?","?","R","BOSS","M","M","?","$","M","E","R","E"],"items_purchased_type":["Potion","Relic","Relic","Card","Card","Relic","Relic","Relic","Card","Potion","Potion","Potion","Card","Card","Relic","Relic","Relic","Card","Relic","Relic","Relic","Card","Card"],"build_version":"2020-12-13","purchased_purges":4,"victory":false,"max_hp_per_floor":[75,75,75,75,75,75,75,75,75,75,75,75,75,75,75,75,75,75,75,75,75,75,75,75,82,82,82,82,82,82,82,82,82,82,84,84,86,86,86,86,86,86,86],"card_choices":[{"not_picked":["hierophant:DisplayOfPower","hierophant:Dazzle"],"picked":"hierophant:Sermon","floor":1},{"not_picked":["hierophant:DisplayOfPower","hierophant:CursedGold","hierophant:Smite"],"picked":"SKIP","floor":2},{"not_picked":["hierophant:SecretStash","hierophant:Zeal"],"picked":"hierophant:OrnateBuckler","floor":4},{"not_picked":["hierophant:Generosity","hierophant:OrnateJavelin"],"picked":"hierophant:FieryStrike","floor":5},{"not_picked":["hierophant:Repentance","hierophant:PassingBell"],"picked":"hierophant:Encroach","floor":6},{"not_picked":["hierophant:FieryStrike","hierophant:HolyVerse"],"picked":"hierophant:Martyrdom","floor":8},{"not_picked":["hierophant:Smite","hierophant:Repentance","hierophant:OrnateBuckler"],"picked":"SKIP","floor":10},{"not_picked":["hierophant:Mercenaries","hierophant:Shelter"],"picked":"hierophant:AuricBeam","floor":12},{"not_picked":["hierophant:EyeForCoin","hierophant:Racketeering"],"picked":"hierophant:ThreeLashes","floor":13},{"not_picked":["hierophant:Invocation","hierophant:WrathOfGod"],"picked":"hierophant:Kindle","floor":16},{"not_picked":["hierophant:Zeal","hierophant:Upheaval+1","hierophant:PassingBell"],"picked":"SKIP","floor":18},{"not_picked":["hierophant:Zeal","hierophant:MorningPrayer+1","hierophant:Remorse"],"picked":"SKIP","floor":21},{"not_picked":["hierophant:SealAway","hierophant:PassingBell","hierophant:PristineSoul+1"],"picked":"SKIP","floor":22},{"not_picked":["hierophant:SealAway","hierophant:Prophecy+1","hierophant:OrnateJavelin"],"picked":"SKIP","floor":23},{"not_picked":["hierophant:RecallFunds","hierophant:OrnateBuckler+1"],"picked":"hierophant:FlamingChariot","floor":24},{"not_picked":["hierophant:CoinFling","hierophant:OrnateBuckler+1","hierophant:PassingBell"],"picked":"SKIP","floor":28},{"not_picked":["hierophant:Kindle","hierophant:DeathKnell"],"picked":"hierophant:AuricForm","floor":33},{"not_picked":["hierophant:MorningPrayer","hierophant:OrnateBuckler","hierophant:RustyCrate"],"picked":"Singing Bowl","floor":35},{"not_picked":["hierophant:FieryStrike","hierophant:SealAway"],"picked":"hierophant:HammerAndAnvil+1","floor":36},{"not_picked":["hierophant:HolyVerse","hierophant:RustyCrate","hierophant:Doubloon+1"],"picked":"Singing Bowl","floor":37},{"not_picked":["hierophant:DisplayOfPower+1","hierophant:SealAway"],"picked":"hierophant:Shelter+1","floor":39},{"not_picked":["hierophant:Empathy","hierophant:DisplayOfPower"],"picked":"hierophant:Exaltation","floor":40}],"player_experience":145374,"relics_obtained":[{"floor":6,"key":"Mercury Hourglass"},{"floor":8,"key":"Mummified Hand"},{"floor":9,"key":"Smiling Mask"},{"floor":20,"key":"PreservedInsect"},{"floor":20,"key":"CaptainsWheel"},{"floor":23,"key":"Orichalcum"},{"floor":26,"key":"Centennial Puzzle"},{"floor":31,"key":"Singing Bowl"},{"floor":40,"key":"Meat on the Bone"}],"event_choices":[{"damage_healed":0,"gold_gain":0,"player_choice":"Take Damage","damage_taken":18,"relics_obtained":["Golden Idol"],"max_hp_gain":0,"max_hp_loss":0,"event_name":"Golden Idol","floor":3,"gold_loss":0},{"damage_healed":0,"gold_gain":0,"player_choice":"Ignored","damage_taken":0,"max_hp_gain":0,"max_hp_loss":0,"event_name":"NoteForYourself","floor":11,"gold_loss":0},{"cards_removed":["hierophant:Strike_Hierophant"],"damage_healed":0,"gold_gain":0,"player_choice":"Offered Basic","damage_taken":0,"max_hp_gain":0,"max_hp_loss":0,"event_name":"Bonfire Elementals","floor":14,"gold_loss":0},{"cards_removed":["hierophant:Defend_Hierophant"],"damage_healed":0,"gold_gain":0,"player_choice":"Gave Gold","damage_taken":0,"max_hp_gain":0,"max_hp_loss":0,"event_name":"Beggar","floor":30,"gold_loss":75}],"is_beta":false,"boss_relics":[{"not_picked":["Runic Dome","Fusion Hammer"],"picked":"SlaversCollar"},{"not_picked":["Velvet Choker","Pandora\u0027s Box"],"picked":"Coffee Dripper"}],"items_purged_floors":[7,19,25,38],"is_endless":false,"potions_floor_spawned":[2,5,10,12,21,22,24,28,37,39,40],"killed_by":"Nemesis","ascension_level":0}}