{"host":"i0avyit1s6jb1siw","time":1607955779,"event":{"mods":["BaseMod","DeckTracker","Dota2Spire","Highlight Path","Minty Spire (QoL Compilation)","Quick Restart","Replay The Spire","StSLib","SuperFastMode"],"gold_per_floor":[112,124,49,49,63,63,77,77,77,117,42,42,42,81,81,176,176,200,100,113,127,146,146,179,179,204,253,253,277,320,300,300,425,425,445,114,114,158,33,33,124,139,166,230,279,293,311,364,364,364,364,364],"floor_reached":51,"playtime":1634,"items_purged":["Defend_P","Defend_P","Defend_P"],"score":2057,"play_id":"6b7f070e-a2a5-4026-975c-ce68b06501d0","local_time":"20201214152259","is_ascension_mode":true,"campfire_choices":[{"data":"Eruption","floor":6.0,"key":"SMITH"},{"data":"EmptyFist","floor":8.0,"key":"SMITH"},{"data":"FollowUp","floor":15.0,"key":"SMITH"},{"data":"Adaptation","floor":23,"key":"SMITH"},{"data":"Scrawl","floor":25,"key":"SMITH"},{"floor":32,"key":"REST"},{"floor":40,"key":"RECALL"},{"data":"Vault","floor":49,"key":"SMITH"}],"circlet_count":0,"master_deck":["AscendersBane","Eruption+1","Vigilance","EmptyFist+1","FollowUp+1","Scrawl+1","Replay:AtTheReady+1","Omniscience+1","Evaluate+1","Adaptation+1","Wallop+1","Vault+1","InnerPeace"],"relics":["Busted Crown","Golden Idol","Sundial","Dota2Spire:DrumOfEndurance","Pantograph","Bag of Marbles","Astrolabe","Toy Ornithopter","Dota2Spire:HandOfMidas","Dota2Spire:Bloodstone","FossilizedHelix","Orichalcum","The Courier"],"acts_visited":["Exordium","TheCity","TheBeyond"],"potions_floor_usage":[33],"damage_taken":[{"damage":4.0,"enemies":"2 Louse","floor":1.0,"turns":2.0},{"damage":4.0,"enemies":"Small Slimes","floor":2.0,"turns":3.0},{"damage":1.0,"enemies":"Cultist","floor":5.0,"turns":3.0},{"damage":6.0,"enemies":"Red Slaver","floor":7.0,"turns":4.0},{"damage":17.0,"enemies":"Lagavulin","floor":10.0,"turns":5.0},{"damage":8.0,"enemies":"Gremlin Nob","floor":14.0,"turns":3.0},{"damage":50.0,"enemies":"Fading Forest","floor":16.0,"turns":13.0},{"damage":1,"enemies":"3 Byrds","floor":18,"turns":5},{"damage":0,"enemies":"2 Thieves","floor":20,"turns":2},{"damage":10,"enemies":"Centurion and Healer","floor":21,"turns":4},{"damage":14,"enemies":"Snake Plant","floor":22,"turns":3},{"damage":3,"enemies":"Book of Stabbing","floor":24,"turns":4},{"damage":4,"enemies":"Shelled Parasite and Fungi","floor":27,"turns":3},{"damage":0,"enemies":"Sentry and Sphere","floor":29,"turns":3},{"damage":0,"enemies":"Snake Plant","floor":30,"turns":2},{"damage":5,"enemies":"Pondfish","floor":33,"turns":7},{"damage":0,"enemies":"Orb Walker","floor":35,"turns":4},{"damage":0,"enemies":"3 Shapes","floor":38,"turns":3},{"damage":8,"enemies":"R_Hoarder","floor":41,"turns":7},{"damage":0,"enemies":"3 Darklings","floor":42,"turns":3},{"damage":0,"enemies":"Giant Head","floor":44,"turns":4},{"damage":0,"enemies":"Maw","floor":45,"turns":5},{"damage":0,"enemies":"Sphere and 2 Shapes","floor":46,"turns":2},{"damage":0,"enemies":"Spire Growth","floor":47,"turns":2},{"damage":0,"enemies":"Jaw Worm Horde","floor":48,"turns":2},{"damage":0,"enemies":"Donu and Deca","floor":50,"turns":3},{"damage":93,"enemies":"Time Eater","floor":51,"turns":9}],"seed_played":"1669474138141031868","potions_obtained":[{"floor":1.0,"key":"Elixir"},{"floor":5.0,"key":"LiquidMemories"},{"floor":7.0,"key":"Block Potion"},{"floor":21,"key":"Weak Potion"},{"floor":24,"key":"Explosive Potion"},{"floor":27,"key":"Regen Potion"},{"floor":31,"key":"FearPotion"},{"floor":35,"key":"Languid Potion"},{"floor":45,"key":"LiquidMemories"}],"is_trial":false,"path_per_floor":["M","M","$","?","M","R","M","R","T","E","?","$","?","E","R","B",null,"M","$","M","M","M","R","E","R","T","M","?","M","M","?","R","B",null,"M","$","?","M","$","R","E","M","T","E","M","M","M","M","R","B","B"],"character_chosen":"WATCHER","items_purchased":["FossilizedHelix"],"campfire_rested":1,"item_purchase_floors":[36],"current_hp_per_floor":[57,53,53,53,52,52,46,46,46,29,29,29,29,21,21,4,48,47,47,47,37,23,23,20,20,20,16,16,16,16,16,34,59,61,61,61,61,61,61,61,59,59,59,59,59,59,59,59,59,62,0,0],"gold":364,"neow_bonus":"BOSS_RELIC","is_daily":false,"chose_seed":false,"campfire_upgraded":6,"win_rate":0.0,"timestamp":1607955779,"path_taken":["M","M","$","?","M","R","M","R","T","E","?","$","?","E","R","BOSS","M","$","M","M","M","R","E","R","T","M","?","?","M","?","R","BOSS","M","$","?","M","?","R","E","M","T","E","M","M","M","M","R","BOSS","BOSS"],"items_purchased_type":["Relic"],"build_version":"2020-12-13","purchased_purges":3,"victory":false,"max_hp_per_floor":[68,68,68,62,62,62,62,62,62,62,62,62,62,62,62,62,62,62,62,62,62,62,62,62,62,62,62,62,62,62,62,62,62,62,62,62,62,62,62,62,62,62,62,62,62,62,62,62,62,62,62,62],"card_choices":[{"not_picked":["WreathOfFlame"],"picked":"SKIP","floor":1.0},{"not_picked":[],"picked":"EmptyFist","floor":2.0},{"not_picked":["Replay:AtTheReady"],"picked":"SKIP","floor":5.0},{"not_picked":["ThirdEye"],"picked":"SKIP","floor":7.0},{"not_picked":["ConjureBlade"],"picked":"SKIP","floor":10.0},{"not_picked":[],"picked":"FollowUp","floor":14.0},{"not_picked":[],"picked":"Scrawl","floor":16.0},{"not_picked":["FollowUp+1"],"picked":"SKIP","floor":18},{"not_picked":["Conclude"],"picked":"SKIP","floor":20},{"not_picked":[],"picked":"Adaptation","floor":21},{"not_picked":["Replay:Hum"],"picked":"SKIP","floor":22},{"not_picked":[],"picked":"Wallop","floor":24},{"not_picked":["BowlingBash"],"picked":"SKIP","floor":27},{"not_picked":["ThirdEye"],"picked":"SKIP","floor":29},{"not_picked":["BowlingBash"],"picked":"SKIP","floor":30},{"not_picked":["JustLucky"],"picked":"SKIP","floor":35},{"not_picked":["Weave+1"],"picked":"SKIP","floor":38},{"not_picked":[],"picked":"Vault","floor":41},{"not_picked":["Sanctity"],"picked":"SKIP","floor":42},{"not_picked":["Crescendo"],"picked":"SKIP","floor":44},{"not_picked":["Crescendo"],"picked":"SKIP","floor":45},{"not_picked":["EmptyFist"],"picked":"SKIP","floor":46},{"not_picked":[],"picked":"InnerPeace","floor":47},{"not_picked":["CrushJoints+1"],"picked":"SKIP","floor":48}],"player_experience":2071641,"relics_obtained":[{"floor":9.0,"key":"Sundial"},{"floor":10.0,"key":"Dota2Spire:DrumOfEndurance"},{"floor":14.0,"key":"Bag of Marbles"},{"floor":24,"key":"Toy Ornithopter"},{"floor":26,"key":"Dota2Spire:HandOfMidas"},{"floor":41,"key":"Orichalcum"},{"floor":44,"key":"The Courier"}],"event_choices":[{"damage_healed":0.0,"max_hp_gain":0.0,"max_hp_loss":6.0,"gold_gain":0.0,"event_name":"Golden Idol","player_choice":"Lose Max HP","floor":4.0,"gold_loss":0.0,"damage_taken":0.0,"relics_obtained":["Golden Idol"]},{"cards_removed":["Strike_P"],"damage_healed":0.0,"max_hp_gain":0.0,"max_hp_loss":0.0,"gold_gain":0.0,"event_name":"The Cleric","player_choice":"Card Removal","floor":11.0,"gold_loss":75.0,"damage_taken":0.0},{"damage_healed":0.0,"max_hp_gain":0.0,"max_hp_loss":0.0,"gold_gain":0.0,"event_name":"WeMeetAgain","player_choice":"Gave Potion","floor":13.0,"gold_loss":0.0,"damage_taken":0.0,"relics_obtained":["Pantograph"]},{"damage_healed":0,"gold_gain":0,"player_choice":"Upgraded","damage_taken":0,"max_hp_gain":0,"max_hp_loss":0,"event_name":"Upgrade Shrine","floor":28,"gold_loss":0,"cards_upgraded":["Wallop"]},{"damage_healed":0,"gold_gain":0,"player_choice":"Bought 1 Potion","damage_taken":0,"max_hp_gain":0,"max_hp_loss":0,"event_name":"The Woman in Blue","floor":31,"gold_loss":0},{"cards_removed":["Strike_P"],"damage_healed":0,"gold_gain":0,"player_choice":"Purged","damage_taken":0,"max_hp_gain":0,"max_hp_loss":0,"event_name":"Purifier","floor":37,"gold_loss":0}],"is_beta":false,"boss_relics":[{"not_picked":["Philosopher\u0027s Stone","Fusion Hammer"],"picked":"Astrolabe"},{"not_picked":["Tiny House","Replay:Grab Bag"],"picked":"Dota2Spire:Bloodstone"}],"items_purged_floors":[3,19,39],"is_endless":false,"potions_floor_spawned":[1,5,7,21,24,27,35,38,45,48],"killed_by":"Time Eater","ascension_level":20}}