{"host":"d7qmn60fs48wu5y6","time":1607968716,"event":{"mods":["BaseMod","Downfall","Minty Spire (QoL Compilation)","Shade Mod","StSLib","The Cursed","The Servant 0.9.4"],"gold_per_floor":[114,132,132,132,17,50,60,93,93,111,136,136,136,147,147,250,250,268,283,293,78,78,78,96,96,121,147,77,89,122,139,139,243,243,260,260,35,53,65,65,96,96,96,123,142,158,172,172,172,172,172,172,94,124,124],"floor_reached":56,"playtime":3368,"items_purged":["Strike_S"],"score":1634,"play_id":"e7ddd5eb-45a6-4ae4-94c8-080ebd43f1b3","local_time":"20201214095836","is_ascension_mode":true,"campfire_choices":[{"floor":12.0,"key":"REST"},{"data":"MoonPhase","floor":15.0,"key":"SMITH"},{"floor":23.0,"key":"RECALL"},{"data":"Spin","floor":25.0,"key":"SMITH"},{"floor":32.0,"key":"REST"},{"floor":40.0,"key":"REST"},{"floor":42.0,"key":"REST"},{"floor":49,"key":"REST"},{"data":"MoonPhase","floor":52,"key":"SMITH"}],"circlet_count":0,"master_deck":["Strike_S","Strike_S","Defend_S","Defend_S","Defend_S+1","Defend_S","KidneyShot","Exchange","DoubleEdge","Orbit","Defy+1","MoonPhase+1","Hightail","Spin+1","Rearm","ForgedInTime","Sunlight","Unruled+1","StarChef+1","SilverBlades","FanOfKnives","Duplication","MoonPhase+1","Spin","SilverMatrix","MoonPhase+1","expansioncontent:ChargeUp","Hightail","Hightail+1","InstantArmor+1","Madness","Madness","SilverBlades","Unruled+1"],"relics":["Uniform","Ancient Tea Set","Dead Branch","Gremlin Horn","Lantern","MysterySword","Omamori","Sundial","War Paint","SlaversCollar","MealTicket","Mercury Hourglass","Mummified Hand","Ginger","KneeBrace"],"acts_visited":["Exordium","TheCity","TheBeyond","TheEnding"],"potions_floor_usage":[55],"damage_taken":[{"damage":7.0,"enemies":"Jaw Worm","floor":1.0,"turns":3.0},{"damage":3.0,"enemies":"2 Louse","floor":2.0,"turns":2.0},{"damage":14.0,"enemies":"3 Sentries","floor":6.0,"turns":10.0},{"damage":0.0,"enemies":"Cultist","floor":7.0,"turns":5.0},{"damage":2.0,"enemies":"Lagavulin","floor":8.0,"turns":13.0},{"damage":0.0,"enemies":"Gremlin Gang","floor":10.0,"turns":3.0},{"damage":0.0,"enemies":"Gremlin Nob","floor":11.0,"turns":4.0},{"damage":0.0,"enemies":"Lots of Slimes","floor":14.0,"turns":1.0},{"damage":5.0,"enemies":"Slime Boss","floor":16.0,"turns":11.0},{"damage":7.0,"enemies":"Shell Parasite","floor":18.0,"turns":5.0},{"damage":0.0,"enemies":"3 Byrds","floor":19.0,"turns":3.0},{"damage":0.0,"enemies":"Sentry and Sphere","floor":20.0,"turns":5.0},{"damage":14.0,"enemies":"Centurion and Healer","floor":24.0,"turns":5.0},{"damage":13.0,"enemies":"Book of Stabbing","floor":27.0,"turns":5.0},{"damage":28.0,"enemies":"Snake Plant","floor":29.0,"turns":5.0},{"damage":0.0,"enemies":"Gremlin Leader","floor":30.0,"turns":5.0},{"damage":0.0,"enemies":"3 Cultists","floor":31.0,"turns":4.0},{"damage":0.0,"enemies":"Collector","floor":33.0,"turns":8.0},{"damage":17.0,"enemies":"3 Darklings","floor":35.0,"turns":3.0},{"damage":0.0,"enemies":"Orb Walker","floor":38.0,"turns":7.0},{"damage":30.0,"enemies":"Transient","floor":39.0,"turns":5.0},{"damage":0.0,"enemies":"Giant Head","floor":41.0,"turns":9.0},{"damage":0.0,"enemies":"Reptomancer","floor":44.0,"turns":7.0},{"damage":3.0,"enemies":"4 Shapes","floor":45.0,"turns":5.0},{"damage":0.0,"enemies":"Jaw Worm Horde","floor":46.0,"turns":5.0},{"damage":0,"enemies":"Transient","floor":47,"turns":5},{"damage":0,"enemies":"Time Eater","floor":50,"turns":8},{"damage":0,"enemies":"Shield and Spear","floor":54,"turns":7},{"damage":0,"enemies":"The Heart","floor":55,"turns":11}],"seed_played":"-9122714502705867632","potions_obtained":[{"floor":1.0,"key":"DistilledChaos"},{"floor":2.0,"key":"Swift Potion"},{"floor":8.0,"key":"CultistPotion"},{"floor":14.0,"key":"hexamod:EctoCoolerPotion"},{"floor":16.0,"key":"Fire Potion"},{"floor":19.0,"key":"FairyPotion"},{"floor":24.0,"key":"Energy Potion"},{"floor":30.0,"key":"AttackPotion"},{"floor":31.0,"key":"champ:CounterPotion"},{"floor":45.0,"key":"LiquidBronze"},{"floor":46.0,"key":"CultistPotion"},{"floor":47,"key":"FairyPotion"}],"is_trial":false,"path_per_floor":["M","M","$","?","$","E","M","E","T","M","E","R","?","M","R","B",null,"M","M","M","$","T","R","M","R","T","E","$","M","E","M","R","B",null,"M","?","$","M","M","R","E","R","T","E","M","M","M","?","R","B",null,"R","$","E","B",null],"character_chosen":"THE_SERVANT","items_purchased":["MoonPhase","Hightail","SilverBlades","FanOfKnives","MoonPhase","MealTicket","Hightail","SilverBlades"],"campfire_rested":5,"item_purchase_floors":[5,5,21,21,28,37,37,53],"current_hp_per_floor":[58,55,55,55,55,41,41,39,39,39,39,58,58,58,58,53,65,58,58,58,58,58,58,44,44,44,31,31,3,3,3,22,22,65,48,48,48,48,18,37,37,56,56,56,53,53,53,45,64,64,65,65,65,65,65],"gold":124,"neow_bonus":"THREE_CARDS","is_daily":false,"chose_seed":false,"campfire_upgraded":3,"win_rate":0.0,"timestamp":1607968716,"path_taken":["M","M","$","?","$","E","M","E","T","M","E","R","?","?","R","BOSS","M","M","?","$","?","R","?","R","T","E","$","M","E","M","R","BOSS","M","?","$","M","M","R","E","R","T","E","M","M","M","?","R","BOSS","R","$","E","BOSS"],"items_purchased_type":["Card","Card","Card","Card","Card","Relic","Card","Card"],"build_version":"2020-12-13","purchased_purges":1,"victory":true,"max_hp_per_floor":[65,65,65,65,65,65,65,65,65,65,65,65,65,65,65,65,65,65,65,65,65,65,65,65,65,65,65,65,65,65,65,65,65,65,65,65,65,65,65,65,65,65,65,65,65,65,65,65,65,65,65,65,65,65,65],"card_choices":[{"not_picked":["StarChef","BottledTime"],"picked":"DoubleEdge","floor":0.0},{"not_picked":["ShatteredReality","WasteNot"],"picked":"Orbit","floor":1.0},{"not_picked":["BottledTime","Starlight"],"picked":"Defy","floor":2.0},{"not_picked":["Ricochet","DoubleEdge"],"picked":"Spin","floor":6.0},{"not_picked":["Unruled","TimeWarp","TimeTheft"],"picked":"SKIP","floor":7.0},{"not_picked":["Desolation","Alleviate","Rewind"],"picked":"SKIP","floor":8.0},{"not_picked":["WasteNot","TimeWarp"],"picked":"Rearm","floor":10.0},{"not_picked":["FloweringNight","TimeWarp"],"picked":"ForgedInTime","floor":11.0},{"not_picked":["Foresight","Manipulate","Alleviate"],"picked":"SKIP","floor":14.0},{"not_picked":["Initiator","TheWorld"],"picked":"Sunlight","floor":16.0},{"not_picked":["Deadline","BottledTime","Revamp"],"picked":"SKIP","floor":18.0},{"not_picked":["Rearm","Ricochet"],"picked":"Unruled+1","floor":19.0},{"not_picked":["Potential","Moondial+1"],"picked":"StarChef+1","floor":20.0},{"not_picked":["Rearm","Unruled","Shuttle"],"picked":"SKIP","floor":24.0},{"not_picked":["Alleviate","Potential"],"picked":"Duplication","floor":27.0},{"not_picked":["BottledTime","RealityMarble"],"picked":"Spin","floor":29.0},{"not_picked":["WasteNot","Alleviate","Rewind"],"picked":"SKIP","floor":30.0},{"not_picked":["Moondial","TimeWarp","WasteNot"],"picked":"SKIP","floor":31.0},{"not_picked":["Deny","Dilation"],"picked":"SilverMatrix","floor":33.0},{"not_picked":["Defy","ShatteredReality"],"picked":"MoonPhase+1","floor":35.0},{"not_picked":["expansioncontent:Torchfire","expansioncontent:GuardianWhirl"],"picked":"expansioncontent:ChargeUp","floor":36.0},{"not_picked":["Comet","Potential+1","Revamp"],"picked":"SKIP","floor":38.0},{"not_picked":["Ricochet+1","Starlight","Solidify"],"picked":"SKIP","floor":39.0},{"not_picked":["Starlight+1","FanOfKnives+1","Rewind"],"picked":"SKIP","floor":41.0},{"not_picked":["Comet","DancingSilver"],"picked":"Hightail+1","floor":44.0},{"not_picked":["TimeWarp+1","Defy","FastForward"],"picked":"SKIP","floor":45.0},{"not_picked":["TimeWarp","Unruled+1"],"picked":"InstantArmor+1","floor":46.0},{"not_picked":["ShatteredReality","Unruled","Rearm"],"picked":"SKIP","floor":47},{"not_picked":["ShatteredReality+1","Barrier+1"],"picked":"Unruled+1","floor":54}],"player_experience":856707,"relics_obtained":[{"floor":6.0,"key":"Ancient Tea Set"},{"floor":8.0,"key":"Dead Branch"},{"floor":9.0,"key":"Gremlin Horn"},{"floor":11.0,"key":"Lantern"},{"floor":26.0,"key":"Omamori"},{"floor":27.0,"key":"Sundial"},{"floor":30.0,"key":"War Paint"},{"floor":41.0,"key":"Mercury Hourglass"},{"floor":43.0,"key":"Mummified Hand"},{"floor":44.0,"key":"Ginger"},{"floor":54,"key":"KneeBrace"}],"event_choices":[{"damage_healed":0.0,"max_hp_gain":0.0,"max_hp_loss":0.0,"gold_gain":0.0,"event_name":"The Cleric","player_choice":"Leave","floor":4.0,"gold_loss":0.0,"damage_taken":0.0},{"cards_removed":["Strike_S"],"damage_healed":0.0,"max_hp_gain":0.0,"max_hp_loss":0.0,"gold_gain":0.0,"event_name":"Bonfire Elementals","player_choice":"Offered Basic","floor":13.0,"gold_loss":0.0,"damage_taken":0.0},{"damage_healed":0.0,"max_hp_gain":0.0,"max_hp_loss":0.0,"gold_gain":0.0,"event_name":"SensoryStone","player_choice":"Memory 1","floor":36.0,"gold_loss":0.0,"damage_taken":0.0},{"damage_healed":0,"gold_gain":0,"player_choice":"Embrace Madness","damage_taken":8,"max_hp_gain":0,"max_hp_loss":0,"event_name":"Winding Halls","floor":48,"gold_loss":0,"cards_obtained":["Madness","Madness"]}],"is_beta":false,"boss_relics":[{"not_picked":["Runic Dome","Busted Crown"],"picked":"MysterySword"},{"not_picked":["Runic Pyramid","Coffee Dripper"],"picked":"SlaversCollar"}],"items_purged_floors":[21],"is_endless":false,"potions_floor_spawned":[1,2,8,14,16,19,24,30,31,33,45,46,47],"ascension_level":1}}