{"host":"r2b8ojg4o4pyvjvq","time":1607952964,"event":{"mods":["BaseMod","Colored Map","Downfall","Highlight Path","Hubris","Minty Spire (QoL Compilation)","Replay The Spire","StSLib","SuperFastMode"],"gold_per_floor":[114,130,500,500,500,500,500,500,500,500,500,500,500,500,500,500,500,500,500,500,500,500,500,500,500,500,500,500,500,500,500,500,500,500,500,500,500,500,500,500,500,500,500,500,500,500,500,500,500,500,500,500,500,500,500],"floor_reached":56,"playtime":2275,"items_purged":["Strike_P","Strike_P","Strike_P","Strike_P","Slimebound:Icky","Defend_P"],"score":1298,"play_id":"8f08c3f9-d650-433c-99b0-5525320a22d8","local_time":"20201214143604","is_ascension_mode":true,"campfire_choices":[{"data":"Ragnarok","floor":6,"key":"SMITH"},{"data":"Vault","floor":15,"key":"SMITH"},{"floor":32,"key":"RECALL"},{"data":"Scrawl","floor":40,"key":"SMITH"},{"data":"Alpha","floor":47,"key":"SMITH"},{"data":"Injury","floor":49,"key":"PURGE"},{"data":"SpiritShield","floor":52,"key":"SMITH"}],"circlet_count":0,"master_deck":["Eruption","Vigilance","EmptyBody+1","SashWhip","expansioncontent:CaCaw","Ragnarok+1","Wish","Wireheading","Indignation","Wallop","CrushJoints","FlyingSleeves","Replay:ManipulateFuture","CutThroughFate","Vault+1","SpiritShield+1","Evaluate","Alpha+1","Replay:BluntJabs+1","RitualDagger","Prostrate","Wallop+1","CutThroughFate","Vengeance","ThirdEye","DeceiveReality","Scrawl+1","sneckomod:Bewildered","CutThroughFate+1","SandsOfTime","LessonLearned","expansioncontent:LastStand","TalkToTheHand+1","TalkToTheHand+1"],"relics":["PureWater","NeowsBlessing","Replay:Bottled Steam","hubris:BottledRain","Frozen Eye","Replay:Mystery Machine","hubris:MysteriousPyramids","MealTicket","Melange","Replay:Grab Bag","Painkiller Herb","hubris:VirtuousBlindfold","hubris:ScarierMask","Empty Cage","hubris:Metronome","Red Mask","Ornamental Fan","hexamod:BolsterEngine","Oddly Smooth Stone","ReplayTheSpireMod:Ninjato","Medical Kit","hubris:TinFlute","Replay:Ancient Bell","PreservedInsect","Sundial","hubris:CuriousFeather","Replay:Accelerometer","hubris:ToyBattleship","hubris:HerbalPaste","Bag of Marbles","Singing Bowl","Molten Egg 2","TheAbacus","Kunai","GoldenEye","Garlic","Ice Cream","Chemical X","Counterbalance"],"acts_visited":["Exordium","TheCity","TheBeyond","TheEnding"],"potions_floor_usage":[13,16,50,55,55],"damage_taken":[{"damage":0,"enemies":"Jaw Worm","floor":1,"turns":1},{"damage":0,"enemies":"Cultist","floor":2,"turns":1},{"damage":0,"enemies":"Small Slimes","floor":5,"turns":2},{"damage":20,"enemies":"Lagavulin","floor":7,"turns":6},{"damage":0,"enemies":"3 Louse","floor":8,"turns":2},{"damage":0,"enemies":"2 Fungi Beasts","floor":10,"turns":2},{"damage":3,"enemies":"Exordium Wildlife","floor":11,"turns":3},{"damage":3,"enemies":"Exordium Thugs","floor":13,"turns":2},{"damage":0,"enemies":"Lots of Slimes","floor":14,"turns":1},{"damage":9,"enemies":"The Guardian","floor":16,"turns":10},{"damage":9,"enemies":"Shell Parasite","floor":18,"turns":5},{"damage":12,"enemies":"3 Byrds","floor":20,"turns":4},{"damage":0,"enemies":"Centurion and Healer","floor":21,"turns":3},{"damage":3,"enemies":"Snecko","floor":22,"turns":4},{"damage":3,"enemies":"Gremlin Leader","floor":23,"turns":5},{"damage":0,"enemies":"Masked Bandits","floor":24,"turns":2},{"damage":24,"enemies":"Book of Stabbing","floor":25,"turns":4},{"damage":3,"enemies":"Slavers","floor":27,"turns":3},{"damage":0,"enemies":"Shelled Parasite and Fungi","floor":28,"turns":2},{"damage":0,"enemies":"Centurion and Healer","floor":29,"turns":3},{"damage":0,"enemies":"3 Cultists","floor":31,"turns":4},{"damage":0,"enemies":"Automaton","floor":33,"turns":7},{"damage":9,"enemies":"3 Darklings","floor":35,"turns":2},{"damage":0,"enemies":"Orb Walker","floor":36,"turns":3},{"damage":16,"enemies":"Maw","floor":37,"turns":5},{"damage":29,"enemies":"Transient","floor":39,"turns":5},{"damage":0,"enemies":"R_Hoarder","floor":41,"turns":4},{"damage":0,"enemies":"Jaw Worm Horde","floor":44,"turns":2},{"damage":0,"enemies":"Sphere and 2 Shapes","floor":45,"turns":2},{"damage":0,"enemies":"2 Orb Walkers","floor":46,"turns":2},{"damage":0,"enemies":"Maw","floor":48,"turns":4},{"damage":67,"enemies":"Replay:Hell Engine","floor":50,"turns":4},{"damage":0,"enemies":"Shield and Spear","floor":54,"turns":1},{"damage":48,"enemies":"The Heart","floor":55,"turns":10}],"seed_played":"-212496857630010087","potions_obtained":[{"floor":5,"key":"hexamod:EctoCoolerPotion"},{"floor":7,"key":"StancePotion"},{"floor":8,"key":"Fire Potion"},{"floor":22,"key":"Venom Potion"},{"floor":23,"key":"Death Potion"},{"floor":29,"key":"AttackPotion"},{"floor":48,"key":"DuplicationPotion"}],"is_trial":false,"path_per_floor":["M","M","$","?","M","R","E","M","T","M","M","$","M","M","R","B",null,"?","?","?","?","?","E","?","E","T","E","?","?","T","?","T","B",null,"?","?","?","T","?","T","E","T","T","?","?","?","T","?","T","B",null,"T","T","E","B",null],"character_chosen":"WATCHER","items_purchased":["expansioncontent:CaCaw","Ragnarok","Wish","Wireheading","Replay:Bottled Steam","hubris:BottledRain","Frozen Eye","hubris:MysteriousPyramids","MealTicket","Melange","Vault","ReplayTheSpireMod:Ninjato","Medical Kit","hubris:TinFlute","DeceiveReality","Replay:Accelerometer","hubris:ToyBattleship","hubris:HerbalPaste","LessonLearned","expansioncontent:LastStand","Singing Bowl","Molten Egg 2","TheAbacus","TalkToTheHand+1","Garlic","Ice Cream","Chemical X","TalkToTheHand+1"],"campfire_rested":0,"item_purchase_floors":[3,3,3,3,3,3,3,12,12,12,12,30,30,30,30,38,38,38,38,38,42,42,42,42,53,53,53,53],"current_hp_per_floor":[72,72,72,72,72,72,52,52,52,52,49,49,46,46,46,37,72,63,63,57,63,66,69,72,48,54,57,63,69,72,72,72,72,72,63,69,56,72,43,49,61,72,72,74,76,78,78,80,80,16,80,80,80,82,35],"gold":500,"neow_bonus":"THREE_ENEMY_KILL","is_daily":false,"chose_seed":false,"campfire_upgraded":5,"win_rate":0.0,"timestamp":1607952964,"path_taken":["M","M","$","?","?","R","E","M","T","M","M","?","M","M","R","BOSS","?","?","?","?","?","E","?","E","T","E","?","?","?","?","T","BOSS","?","?","?","?","?","T","E","T","T","?","?","?","T","?","T","BOSS","T","T","E","BOSS"],"items_purchased_type":["Card","Card","Card","Card","Relic","Relic","Relic","Relic","Relic","Relic","Card","Relic","Relic","Relic","Card","Relic","Relic","Relic","Card","Card","Relic","Relic","Relic","Card","Relic","Relic","Relic","Card"],"build_version":"2020-12-13","purchased_purges":6,"victory":true,"max_hp_per_floor":[72,72,72,72,72,72,72,72,72,72,72,72,72,72,72,72,72,72,72,72,72,72,72,72,72,72,72,72,72,72,72,72,72,72,72,72,72,72,72,72,72,72,72,74,76,78,78,80,80,80,80,80,80,82,82],"card_choices":[{"not_picked":["Protect","Replay:AtTheReady"],"picked":"EmptyBody","floor":1},{"not_picked":["Crescendo","JustLucky"],"picked":"SashWhip","floor":2},{"not_picked":["Replay:AtTheReady","FlurryOfBlows"],"picked":"Wallop","floor":5},{"not_picked":["ClearTheMind","EmptyBody"],"picked":"CrushJoints","floor":7},{"not_picked":["CrushJoints","SignatureMove"],"picked":"FlyingSleeves","floor":8},{"not_picked":["ThirdEye","Pray"],"picked":"Replay:ManipulateFuture","floor":10},{"not_picked":["EmptyFist","ClearTheMind"],"picked":"CutThroughFate","floor":11},{"not_picked":["PathToVictory","CutThroughFate"],"picked":"SpiritShield","floor":13},{"not_picked":["Conclude","Replay:Anticipation"],"picked":"Evaluate","floor":14},{"not_picked":["DeusExMachina","Replay:LoomingThreat"],"picked":"Alpha","floor":16},{"not_picked":["JustLucky","CrushJoints"],"picked":"Replay:BluntJabs+1","floor":18},{"not_picked":["Replay:ManipulateFuture+1","ClearTheMind","Replay:BluntJabs"],"picked":"SKIP","floor":20},{"not_picked":["Adaptation","WreathOfFlame"],"picked":"Prostrate","floor":21},{"not_picked":["Collect","EmptyFist"],"picked":"Wallop+1","floor":22},{"not_picked":["Replay:Hum","EmptyBody"],"picked":"CutThroughFate","floor":23},{"not_picked":["CutThroughFate+1","JustLucky"],"picked":"Vengeance","floor":25},{"not_picked":["Ragnarok","Replay:LoomingThreat","FollowUp"],"picked":"SKIP","floor":27},{"not_picked":["Protect","CutThroughFate","FollowUp"],"picked":"SKIP","floor":28},{"not_picked":["Wish","Weave"],"picked":"ThirdEye","floor":29},{"not_picked":["Adaptation","Collect","PathToVictory+1"],"picked":"SKIP","floor":31},{"not_picked":["DeusExMachina","Ragnarok"],"picked":"Scrawl","floor":33},{"not_picked":["CurseOfTheBell","Writhe"],"picked":"Injury","floor":34},{"not_picked":["hubris:Gluttony","hubris:Lust"],"picked":"Slimebound:Icky","floor":34},{"not_picked":["Regret","CommonCold"],"picked":"sneckomod:Bewildered","floor":34},{"not_picked":["ThirdEye","PathToVictory"],"picked":"CutThroughFate+1","floor":35},{"not_picked":["BowlingBash","EmptyFist"],"picked":"SandsOfTime","floor":36},{"not_picked":["Conclude+1","Replay:Anticipation+1","Replay:AtTheReady"],"picked":"SKIP","floor":37},{"not_picked":["Replay:ManipulateFuture+1","CutThroughFate+1","Prostrate"],"picked":"SKIP","floor":39},{"not_picked":["Meditate+1","Ragnarok","SashWhip"],"picked":"SKIP","floor":41},{"not_picked":["Sanctity+1","Replay:BluntJabs+1","BowlingBash+1"],"picked":"Singing Bowl","floor":44},{"not_picked":["FlurryOfBlows+1","Adaptation","Protect+1"],"picked":"Singing Bowl","floor":45},{"not_picked":["CarveReality+1","Vengeance","Consecrate+1"],"picked":"Singing Bowl","floor":46},{"not_picked":["Replay:BluntJabs+1","Halt+1","FlurryOfBlows+1"],"picked":"Singing Bowl","floor":48},{"not_picked":["Replay:LoomingThreat","SignatureMove+1","Evaluate+1"],"picked":"Singing Bowl","floor":54}],"player_experience":398449,"relics_obtained":[{"floor":7,"key":"Replay:Mystery Machine"},{"floor":23,"key":"hubris:Metronome"},{"floor":24,"key":"Red Mask"},{"floor":25,"key":"Ornamental Fan"},{"floor":26,"key":"hexamod:BolsterEngine"},{"floor":27,"key":"Oddly Smooth Stone"},{"floor":41,"key":"Bag of Marbles"},{"floor":43,"key":"Kunai"},{"floor":46,"key":"GoldenEye"},{"floor":54,"key":"Counterbalance"}],"event_choices":[{"damage_healed":0,"gold_gain":0,"cards_transformed":["Defend_P"],"player_choice":"Transformed","damage_taken":0,"max_hp_gain":0,"max_hp_loss":0,"event_name":"Transmorgrifier","floor":4,"gold_loss":0,"cards_obtained":["Indignation"]},{"damage_healed":0,"gold_gain":0,"player_choice":"Joined the Cult","damage_taken":6,"max_hp_gain":0,"max_hp_loss":0,"event_name":"Nest","floor":19,"gold_loss":0,"cards_obtained":["RitualDagger"]},{"damage_healed":0,"gold_gain":0,"player_choice":"Fought Bandits","damage_taken":0,"max_hp_gain":0,"max_hp_loss":0,"event_name":"Masked Bandits","floor":24,"gold_loss":0},{"damage_healed":0,"gold_gain":0,"player_choice":"Fight","damage_taken":0,"max_hp_gain":0,"max_hp_loss":0,"event_name":"Mysterious Sphere","floor":46,"gold_loss":0}],"is_beta":false,"boss_relics":[{"not_picked":["Busted Crown","Astrolabe"],"picked":"Replay:Grab Bag"},{"not_picked":["Coffee Dripper","Philosopher\u0027s Stone"],"picked":"Painkiller Herb"},{"not_picked":["Fusion Hammer","ReplayTheSpireMod:DimensionalGlitch"],"picked":"hubris:VirtuousBlindfold"},{"not_picked":["HolyWater","Kintsugi"],"picked":"hubris:ScarierMask"},{"not_picked":["Runic Pyramid","Pandora\u0027s Box"],"picked":"Empty Cage"},{"not_picked":["Honey Jar","Tiny House"],"picked":"Replay:Ancient Bell"},{"not_picked":["Juzu Bracelet","Strawberry"],"picked":"PreservedInsect"},{"not_picked":["Blue Candle","hubris:DuctTape"],"picked":"Sundial"},{"not_picked":["Pondfish Scales","Shovel"],"picked":"hubris:CuriousFeather"}],"items_purged_floors":[3,12,30,38,42,53],"is_endless":false,"potions_floor_spawned":[5,7,8,11,22,23,24,27,29,33,37,39,44,48],"ascension_level":3}}