{"host":"hdafziggwnbzqpcb","time":1607989780,"event":{"mods":["BaseMod","Better Vampires","Colored Map","Colored Powertips","Duelist Mod","GifTheSpireLib","Minty Spire (QoL Compilation)","Quick Restart","Rare Cards Sparkle","Robot Space Explorer","StSLib","The Bug Knight","The Cursed","The Senshi","TheHero"],"gold_per_floor":[115,129,129,129,146,180,196,196,196,196,296,330,347,358,358,358,358],"floor_reached":16,"playtime":1046,"items_purged":[],"score":112,"play_id":"e6695956-0532-4e18-8b1e-d7ed1a37dd46","local_time":"20201214154940","is_ascension_mode":false,"campfire_choices":[{"data":"HollowMod:theNailsmith","floor":8,"key":"SMITH"},{"data":"HollowMod:PogoStrike","floor":15,"key":"SMITH"}],"circlet_count":0,"master_deck":["HollowMod:NailStrikeStart","HollowMod:NailStrikeStart","HollowMod:NailStrikeStart","HollowMod:NailStrikeStart","HollowMod:QuickDashStart","HollowMod:QuickDashStart","HollowMod:QuickDashStart+1","HollowMod:QuickDashStart+1","HollowMod:FocusHealStart","HollowMod:PogoStrike+1","HollowMod:DashSlash","HollowMod:FallenFury","HollowMod:DashSlash","HollowMod:theNailsmith+1","HollowMod:HuntersJournal"],"relics":["HollowMod:VesselMask","NeowsBlessing","HollowMod:LifeEnderRelic","Frozen Egg 2","Matryoshka","Blue Candle"],"acts_visited":["Exordium"],"potions_floor_usage":[7,13,16],"damage_taken":[{"damage":0,"enemies":"Small Slimes","floor":1,"turns":1},{"damage":0,"enemies":"2 Louse","floor":2,"turns":1},{"damage":0,"enemies":"Cultist","floor":5,"turns":1},{"damage":19,"enemies":"3 Sentries","floor":6,"turns":9},{"damage":0,"enemies":"Looter","floor":7,"turns":3},{"damage":14,"enemies":"Gremlin Nob","floor":12,"turns":4},{"damage":1,"enemies":"Red Slaver","floor":13,"turns":4},{"damage":5,"enemies":"Lots of Slimes","floor":14,"turns":7},{"damage":59,"enemies":"Slime Boss","floor":16,"turns":11}],"seed_played":"4589933514926107963","potions_obtained":[{"floor":6,"key":"AttackPotion"},{"floor":12,"key":"DistilledChaos"},{"floor":14,"key":"Swift Potion"}],"is_trial":false,"path_per_floor":["M","M","?","?","M","E","M","R","T","?","?","E","M","M","R","B"],"character_chosen":"THE_BUGKNIGHT","items_purchased":[],"campfire_rested":0,"item_purchase_floors":[],"current_hp_per_floor":[75,75,68,68,68,59,59,59,59,44,44,30,39,46,46,0,0],"gold":358,"neow_bonus":"THREE_ENEMY_KILL","is_daily":false,"chose_seed":false,"campfire_upgraded":2,"win_rate":0.0,"timestamp":1607989780,"path_taken":["M","M","?","?","?","E","M","R","T","?","?","E","?","M","R","BOSS"],"items_purchased_type":[],"build_version":"2020-12-13","purchased_purges":0,"victory":false,"max_hp_per_floor":[75,75,75,75,75,75,75,75,75,75,75,75,75,75,75,75,75],"card_choices":[{"not_picked":["HollowMod:DescendingDark","HollowMod:ChannelNail"],"picked":"HollowMod:DashSlash","floor":1},{"not_picked":["HollowMod:NewJinnsSoul","HollowMod:InfectedCysts","HollowMod:SoulSplash"],"picked":"SKIP","floor":2},{"not_picked":["HollowMod:ShadowDash","HollowMod:NewJinnsSoul"],"picked":"HollowMod:DashSlash","floor":5},{"not_picked":["HollowMod:InfectedCysts","HollowMod:LifebloodCocoon"],"picked":"HollowMod:theNailsmith","floor":6},{"not_picked":["HollowMod:DescendingDark","HollowMod:Grubsong+1","HollowMod:QuirrelsAssistance"],"picked":"SKIP","floor":7},{"not_picked":["HollowMod:CornifersMapStart","HollowMod:InfectedAttack"],"picked":"HollowMod:HuntersJournal","floor":12},{"not_picked":["HollowMod:QuirrelsAssistance","HollowMod:TaintedHusks","HollowMod:SharpenedShadows+1"],"picked":"SKIP","floor":13},{"not_picked":["HollowMod:NewJinnsSoul","HollowMod:HowlingWraiths","HollowMod:InfectedCysts"],"picked":"SKIP","floor":14}],"player_experience":592863,"relics_obtained":[{"floor":6,"key":"Frozen Egg 2"},{"floor":9,"key":"Matryoshka"},{"floor":12,"key":"Blue Candle"}],"event_choices":[{"damage_healed":0,"gold_gain":0,"player_choice":"Success","damage_taken":7,"relics_obtained":["HollowMod:LifeEnderRelic"],"max_hp_gain":0,"max_hp_loss":0,"event_name":"Scrap Ooze","floor":3,"gold_loss":0},{"damage_healed":0,"gold_gain":0,"player_choice":"1 cards matched","damage_taken":0,"max_hp_gain":0,"max_hp_loss":0,"event_name":"Match and Keep!","floor":4,"gold_loss":0,"cards_obtained":["HollowMod:FallenFury"]},{"damage_healed":0,"gold_gain":0,"player_choice":"Entered Light","damage_taken":15,"max_hp_gain":0,"max_hp_loss":0,"event_name":"Shining Light","floor":10,"gold_loss":0,"cards_upgraded":["HollowMod:QuickDashStart","HollowMod:QuickDashStart"]},{"damage_healed":0,"gold_gain":100,"player_choice":"Pray","damage_taken":0,"max_hp_gain":0,"max_hp_loss":0,"event_name":"Golden Shrine","floor":11,"gold_loss":0}],"is_beta":false,"boss_relics":[],"items_purged_floors":[],"is_endless":false,"potions_floor_spawned":[6,12,14],"killed_by":"Slime Boss","ascension_level":0}}