{"host":"2fcuechlb8c23yrb","time":1607975610,"event":{"mods":["2.2 Compatiblity","AchievementEnabler","BaseMod","Bestiary","Better Match","Block Reminder","Colored Map","Colored Powertips","DeckTracker","Displayed Cursed Tome","GifTheSpireLib","Highlight Path","Minty Spire (QoL Compilation)","Quick Restart","Rare Cards Sparkle","Relic Sorter","Relic Stats","StSLib"],"gold_per_floor":[114,132,132,151,166,166,186,211,211,211,211,236,236,252,252,356,356,368,13,103,114,114,114,114,114,114,130,16,16,51,67,67,162,162,181,38,138,151,164,164,182,182,233,262,262,274,274,289,289,289,289,289,21,51,51,51],"floor_reached":55,"playtime":5477,"items_purged":["Decay"],"score":704,"play_id":"47924168-f85e-4a5a-a718-4a1dc4cf59be","local_time":"20201214145330","is_ascension_mode":false,"campfire_choices":[{"data":"Conserve Battery","floor":6.0,"key":"SMITH"},{"floor":10.0,"key":"REST"},{"floor":13.0,"key":"REST"},{"floor":15.0,"key":"REST"},{"floor":23.0,"key":"RECALL"},{"data":"Ball Lightning","floor":25.0,"key":"SMITH"},{"floor":32.0,"key":"REST"},{"floor":40.0,"key":"REST"},{"floor":47.0,"key":"REST"},{"floor":49.0,"key":"REST"},{"data":"Zap","floor":52.0,"key":"SMITH"}],"circlet_count":0,"master_deck":["Strike_B","Strike_B","Strike_B","Strike_B","Defend_B","Defend_B","Defend_B+1","Defend_B","Zap+1","Conserve Battery+1","Ball Lightning+1","Darkness+1","Hello World+1","Storm+1","Thunder Strike+1","Sweeping Beam+1","Self Repair+1","Ball Lightning+1","Cold Snap+1","Capacitor+1","Electrodynamics+1","Glacier+1","The Bomb+1","Dramatic Entrance+1","Static Discharge+1","Conserve Battery+1","Cold Snap+1"],"relics":["Cracked Core","Frozen Egg 2","Meat on the Bone","Molten Egg 2","Black Star","Membership Card","Pear","ClockworkSouvenir","Question Card","PreservedInsect","War Paint","Strawberry","Symbiotic Virus","DataDisk","Toy Ornithopter","Boot","Ornamental Fan"],"acts_visited":["Exordium","TheCity","TheBeyond","TheEnding"],"potions_floor_usage":[54,54,55],"damage_taken":[{"damage":0.0,"enemies":"Cultist","floor":1.0,"turns":4.0},{"damage":1.0,"enemies":"2 Louse","floor":2.0,"turns":2.0},{"damage":5.0,"enemies":"Small Slimes","floor":4.0,"turns":3.0},{"damage":3.0,"enemies":"Looter","floor":5.0,"turns":3.0},{"damage":4.0,"enemies":"Blue Slaver","floor":7.0,"turns":3.0},{"damage":17.0,"enemies":"Gremlin Nob","floor":8.0,"turns":4.0},{"damage":35.0,"enemies":"Lagavulin","floor":12.0,"turns":6.0},{"damage":13.0,"enemies":"Lots of Slimes","floor":14.0,"turns":4.0},{"damage":31.0,"enemies":"Hexaghost","floor":16.0,"turns":9.0},{"damage":13.0,"enemies":"Spheric Guardian","floor":18.0,"turns":4.0},{"damage":11.0,"enemies":"Chosen","floor":21.0,"turns":5.0},{"damage":0.0,"enemies":"Centurion and Healer","floor":24.0,"turns":1.0},{"damage":22.0,"enemies":"Cultist and Chosen","floor":27.0,"turns":5.0},{"damage":16.0,"enemies":"Gremlin Leader","floor":30.0,"turns":4.0},{"damage":19.0,"enemies":"Sentry and Sphere","floor":31.0,"turns":4.0},{"damage":78.0,"enemies":"Champ","floor":33.0,"turns":11.0},{"damage":26.0,"enemies":"Orb Walker","floor":35.0,"turns":4.0},{"damage":47.0,"enemies":"3 Shapes","floor":38.0,"turns":6.0},{"damage":38.0,"enemies":"Writhing Mass","floor":39.0,"turns":5.0},{"damage":32.0,"enemies":"Maw","floor":41.0,"turns":8.0},{"damage":31.0,"enemies":"Reptomancer","floor":44.0,"turns":4.0},{"damage":24.0,"enemies":"Sphere and 2 Shapes","floor":46.0,"turns":3.0},{"damage":16.0,"enemies":"Writhing Mass","floor":48.0,"turns":5.0},{"damage":74.0,"enemies":"Donu and Deca","floor":50.0,"turns":6.0},{"damage":49,"enemies":"Shield and Spear","floor":54,"turns":5},{"damage":77,"enemies":"The Heart","floor":55,"turns":5}],"seed_played":"-7162536389659109866","potions_obtained":[{"floor":0.0,"key":"Energy Potion"},{"floor":0.0,"key":"Strength Potion"},{"floor":0.0,"key":"SmokeBomb"},{"floor":8.0,"key":"SpeedPotion"},{"floor":18.0,"key":"SkillPotion"},{"floor":27.0,"key":"ColorlessPotion"},{"floor":33.0,"key":"Dexterity Potion"},{"floor":39.0,"key":"Explosive Potion"},{"floor":41.0,"key":"LiquidBronze"},{"floor":48.0,"key":"DuplicationPotion"}],"is_trial":false,"path_per_floor":["M","M","?","M","M","R","M","E","T","R","?","E","R","M","R","B",null,"M","$","?","M","?","R","M","R","T","M","$","$","E","M","R","B",null,"M","$","?","M","M","R","M","?","T","E","?","M","R","M","R","B",null,"R","$","E","B"],"character_chosen":"DEFECT","items_purchased":["Membership Card","Pear","Self Repair+1","BlessingOfTheForge","Cold Snap+1","Strength Potion","ClockworkSouvenir","BlessingOfTheForge","The Bomb","SkillPotion","CultistPotion","PowerPotion","Regen Potion","DataDisk","Toy Ornithopter"],"campfire_rested":7,"item_purchase_floors":[19,19,19,19,28,28,28,36,36,36,53,53,53,53,53],"current_hp_per_floor":[75,74,74,69,66,66,62,45,45,67,67,44,66,53,75,44,75,62,72,60,59,59,59,69,69,69,57,57,57,63,54,79,23,85,69,69,69,44,28,53,43,43,43,41,41,39,66,60,87,25,92,92,92,72,0,0],"gold":51,"neow_bonus":"THREE_SMALL_POTIONS","is_daily":false,"chose_seed":false,"campfire_upgraded":3,"win_rate":0.0,"timestamp":1607975610,"path_taken":["M","M","?","?","M","R","?","E","T","R","?","E","R","M","R","BOSS","M","$","?","?","?","R","M","R","T","?","?","$","E","M","R","BOSS","M","$","?","M","M","R","?","?","T","E","?","M","R","M","R","BOSS","R","$","E","BOSS"],"items_purchased_type":["Relic","Relic","Card","Potion","Card","Potion","Relic","Potion","Card","Potion","Potion","Potion","Potion","Relic","Relic"],"build_version":"2020-12-13","purchased_purges":1,"victory":false,"max_hp_per_floor":[75,75,75,75,75,75,75,75,75,75,75,75,75,75,75,75,75,75,85,85,85,85,85,85,85,85,85,85,85,85,85,85,85,85,85,85,85,85,85,85,85,85,85,92,92,92,92,92,92,92,92,92,92,92,92,92],"relic_stats":{"counters":[26,123],"Ornamental Fan":[0],"PreservedInsect":125,"Black Star":3,"War Paint":["The Bomb","Defend_B"],"Question Card":11,"Boot":[0],"obtain_stats":[{"Pear":19,"PreservedInsect":30,"Frozen Egg 2":8,"War Paint":43,"Question Card":30,"Boot":54,"ClockworkSouvenir":28,"DataDisk":53,"Ornamental Fan":54,"Strawberry":44,"Molten Egg 2":12,"Black Star":17,"Membership Card":19,"Cracked Core":0,"Symbiotic Virus":44,"Toy Ornithopter":53,"Meat on the Bone":9},{"Pear":10,"PreservedInsect":14,"Frozen Egg 2":6,"War Paint":20,"Question Card":14,"Boot":25,"ClockworkSouvenir":13,"DataDisk":24,"Ornamental Fan":25,"Strawberry":21,"Molten Egg 2":7,"Black Star":9,"Membership Card":10,"Cracked Core":0,"Symbiotic Virus":21,"Toy Ornithopter":24,"Meat on the Bone":6},{"Pear":42,"PreservedInsect":57,"Frozen Egg 2":19,"War Paint":95,"Question Card":57,"Boot":118,"ClockworkSouvenir":53,"DataDisk":113,"Ornamental Fan":118,"Strawberry":99,"Molten Egg 2":25,"Black Star":38,"Membership Card":42,"Cracked Core":0,"Symbiotic Virus":99,"Toy Ornithopter":113,"Meat on the Bone":19}],"Toy Ornithopter":15,"Meat on the Bone":108},"card_choices":[{"not_picked":["Rebound","Rip and Tear","Consume"],"picked":"SKIP","floor":1.0},{"not_picked":["Steam","Barrage"],"picked":"Conserve Battery","floor":2.0},{"not_picked":["Go for the Eyes","Leap"],"picked":"Ball Lightning","floor":4.0},{"not_picked":["Chaos","Stack","Rebound"],"picked":"SKIP","floor":5.0},{"not_picked":["Barrage","Chaos"],"picked":"Darkness","floor":7.0},{"not_picked":["FTL","Streamline"],"picked":"Hello World+1","floor":8.0},{"not_picked":["Fusion","Machine Learning+1","Redo"],"picked":"SKIP","floor":12.0},{"not_picked":["Streamline+1","Steam"],"picked":"Storm+1","floor":14.0},{"not_picked":["Reboot","Rainbow"],"picked":"Thunder Strike+1","floor":16.0},{"not_picked":["Hologram","Rebound+1"],"picked":"Sweeping Beam+1","floor":18.0},{"not_picked":["BootSequence","Sunder+1"],"picked":"Ball Lightning+1","floor":21.0},{"not_picked":["Tempest","Gash+1"],"picked":"Go for the Eyes+1","floor":27.0},{"not_picked":["Fission","Rebound+1","Barrage+1"],"picked":"SKIP","floor":30.0},{"not_picked":["Redo","Tempest","Melter+1"],"picked":"Capacitor+1","floor":31.0},{"not_picked":["Amplify","Creative AI+1","Seek"],"picked":"Electrodynamics+1","floor":33.0},{"not_picked":["Cold Snap+1","Gash+1","Coolheaded+1"],"picked":"Glacier+1","floor":35.0},{"not_picked":["Chill","Sweeping Beam+1","Reinforced Body+1","Consume"],"picked":"SKIP","floor":38.0},{"not_picked":["Leap","Tempest","Chill","Streamline+1"],"picked":"SKIP","floor":39.0},{"not_picked":["Genetic Algorithm","Ball Lightning+1","Turbo+1","Fission"],"picked":"SKIP","floor":41.0},{"not_picked":["Madness","PanicButton","Secret Weapon"],"picked":"Dramatic Entrance+1","floor":42.0},{"not_picked":["Biased Cognition+1","Beam Cell+1","Streamline+1"],"picked":"Static Discharge+1","floor":44.0},{"not_picked":["Darkness","Rip and Tear+1","Streamline+1"],"picked":"Conserve Battery+1","floor":46.0},{"not_picked":["Stack","Leap","Chill"],"picked":"Cold Snap+1","floor":48.0},{"not_picked":["Self Repair+1","Thunder Strike+1","Redo","Coolheaded"],"picked":"SKIP","floor":54}],"player_experience":59740,"relics_obtained":[{"floor":8.0,"key":"Frozen Egg 2"},{"floor":9.0,"key":"Meat on the Bone"},{"floor":12.0,"key":"Molten Egg 2"},{"floor":30.0,"key":"Question Card"},{"floor":30.0,"key":"PreservedInsect"},{"floor":43.0,"key":"War Paint"},{"floor":44.0,"key":"Strawberry"},{"floor":44.0,"key":"Symbiotic Virus"},{"floor":54,"key":"Boot"},{"floor":54,"key":"Ornamental Fan"}],"event_choices":[{"cards_removed":["Dualcast"],"damage_healed":0.0,"max_hp_gain":0.0,"max_hp_loss":0.0,"gold_gain":0.0,"event_name":"Bonfire Elementals","player_choice":"Offered Basic","floor":3.0,"gold_loss":0.0,"damage_taken":0.0},{"damage_healed":0.0,"max_hp_gain":0.0,"max_hp_loss":0.0,"gold_gain":0.0,"event_name":"Wheel of Change","player_choice":"Cursed","floor":11.0,"gold_loss":0.0,"damage_taken":0.0,"cards_obtained":["Decay"]},{"damage_healed":0.0,"max_hp_gain":0.0,"max_hp_loss":0.0,"gold_gain":90.0,"event_name":"Knowing Skull","player_choice":"GOLD ","floor":20.0,"potions_obtained":[],"gold_loss":0.0,"damage_taken":12.0,"cards_obtained":[]},{"damage_healed":0.0,"max_hp_gain":0.0,"max_hp_loss":0.0,"gold_gain":0.0,"event_name":"Upgrade Shrine","player_choice":"Upgraded","floor":22.0,"gold_loss":0.0,"damage_taken":0.0,"cards_upgraded":["Darkness"]},{"damage_healed":0.0,"max_hp_gain":0.0,"max_hp_loss":0.0,"gold_gain":100.0,"event_name":"Golden Shrine","player_choice":"Pray","floor":37.0,"gold_loss":0.0,"damage_taken":0.0},{"damage_healed":0.0,"max_hp_gain":0.0,"max_hp_loss":0.0,"gold_gain":0.0,"event_name":"SensoryStone","player_choice":"Memory 1","floor":42.0,"gold_loss":0.0,"damage_taken":0.0},{"cards_removed":["Go for the Eyes"],"damage_healed":0.0,"max_hp_gain":0.0,"max_hp_loss":0.0,"gold_gain":0.0,"event_name":"Falling","player_choice":"Removed Attack","floor":45.0,"gold_loss":0.0,"damage_taken":0.0}],"is_beta":false,"boss_relics":[{"not_picked":["Snecko Eye","Nuclear Battery"],"picked":"Black Star"},{"not_picked":["Velvet Choker","Runic Dome","Sozu"]}],"items_purged_floors":[19],"is_endless":false,"potions_floor_spawned":[1,4,8,12,18,24,27,33,39,41,48],"killed_by":"The Heart","ascension_level":0}}