{"host":"5o2n8gt0sn3szjgb","time":1607966383,"event":{"mods":["BaseMod","BetterRewards","Library of Ruina","Library of Ruina Extra","Minty Spire (QoL Compilation)","StSLib"],"gold_per_floor":[110,120,135,154,165,192,205,239,239,101,120,131,144,162,162,235,235,247,263,263,283,302,332,332,347,347,347,364,397,407,433,433,510,510,530,1529,1529,1178,1192,1223,1223,1253,1253,1284,1284,1302,1302,1329,1329,1329,1329,1329,1329,968,996,996],"floor_reached":57,"playtime":2480,"items_purged":["Dodge","LightDefense","LightAttack","LightDefense","LightDefense","LightAttack","LightAttack","LightDefense","ChargeAndCover","Normality","Observe+1"],"score":2413,"play_id":"9e56eaa7-ac43-4aff-b345-6100c8cc0234","local_time":"20201215011943","is_ascension_mode":true,"campfire_choices":[{"data":"ForTheFamily","floor":15.0,"key":"SMITH"},{"data":"ChargeUp","floor":32.0,"key":"SMITH"},{"data":"FaintMemories","floor":41.0,"key":"SMITH"},{"floor":45.0,"key":"RECALL"},{"floor":49,"key":"REST"},{"floor":53,"key":"REST"}],"circlet_count":0,"master_deck":["AscendersBane","FocusedStrikes+1","ForTheFamily+1","SomberProcuration+1","LeRegole+1","CrackOfDawn+1","ChargeUp+1","FaintMemories+1","Reload+1"],"relics":["PageOfLibrarian","PageOfFairyFestival","PageOfTheQueenOfHatred","Eternal Feather","PageOfBloodbath","PageOfPorccubus","Omamori","Singing Bowl","Oddly Smooth Stone","PageOfAlriune","PageOfMercenary","PageOfScorchedGirl","Toxic Egg 2","PageOfWrath","Medical Kit","PageOfRedShoes","Boot","PageOfPinocchio","Membership Card","PageOfUniverseFragment","PageOfSnowWhitesApple","Matryoshka","Orrery","Mummified Hand","Bag of Preparation","Anchor","TungstenRod","Bottled Tornado","Whetstone","Frozen Egg 2","Lee\u0027s Waffle","Ginger","PageOfTheKnightOfDespair","PageOfGreed","PageOfQueenBee","PageOfNihil","Busted Crown","Meat on the Bone","HornCleat","Lantern","PreservedInsect","Sundial","Bag of Marbles","Philosopher\u0027s Stone","OrangePellets","Pear","Ornamental Fan","Question Card","InkBottle","Akabeko","Kunai","PageOfScarecrow","Bronze Scales","Shuriken"],"acts_visited":["Exordium","TheCity","TheBeyond","TheEnding"],"potions_floor_usage":[],"damage_taken":[{"damage":4.0,"enemies":"Small Slimes","floor":1.0,"turns":1.0},{"damage":4.0,"enemies":"2 Louse","floor":2.0,"turns":1.0},{"damage":4.0,"enemies":"Jaw Worm","floor":3.0,"turns":1.0},{"damage":4.0,"enemies":"Large Slime","floor":4.0,"turns":1.0},{"damage":4.0,"enemies":"Looter","floor":5.0,"turns":1.0},{"damage":4.0,"enemies":"Gremlin Nob","floor":6.0,"turns":1.0},{"damage":4.0,"enemies":"2 Fungi Beasts","floor":7.0,"turns":1.0},{"damage":4.0,"enemies":"3 Sentries","floor":8.0,"turns":2.0},{"damage":35.0,"enemies":"Lagavulin","floor":11.0,"turns":4.0},{"damage":4.0,"enemies":"Gremlin Gang","floor":12.0,"turns":2.0},{"damage":4.0,"enemies":"Exordium Thugs","floor":13.0,"turns":1.0},{"damage":4.0,"enemies":"2 Fungi Beasts","floor":14.0,"turns":1.0},{"damage":4.0,"enemies":"The Guardian","floor":16.0,"turns":1.0},{"damage":4.0,"enemies":"2 Thieves","floor":18.0,"turns":1.0},{"damage":4.0,"enemies":"Chosen","floor":19.0,"turns":1.0},{"damage":4.0,"enemies":"Sentry and Sphere","floor":21.0,"turns":1.0},{"damage":4.0,"enemies":"Snake Plant","floor":22.0,"turns":1.0},{"damage":4.0,"enemies":"Slavers","floor":23.0,"turns":1.0},{"damage":4.0,"enemies":"Snecko","floor":25.0,"turns":1.0},{"damage":4.0,"enemies":"Chosen and Byrds","floor":28.0,"turns":1.0},{"damage":4.0,"enemies":"Gremlin Leader","floor":29.0,"turns":1.0},{"damage":4.0,"enemies":"Snake Plant","floor":30.0,"turns":1.0},{"damage":4.0,"enemies":"Slavers","floor":31.0,"turns":1.0},{"damage":4.0,"enemies":"Collector","floor":33.0,"turns":1.0},{"damage":4.0,"enemies":"3 Darklings","floor":35.0,"turns":1.0},{"damage":4.0,"enemies":"3 Shapes","floor":39.0,"turns":1.0},{"damage":4.0,"enemies":"Reptomancer","floor":40.0,"turns":1.0},{"damage":4.0,"enemies":"Giant Head","floor":42.0,"turns":1.0},{"damage":4.0,"enemies":"Reptomancer","floor":44.0,"turns":1.0},{"damage":4.0,"enemies":"Writhing Mass","floor":46.0,"turns":1.0},{"damage":4,"enemies":"Giant Head","floor":48,"turns":1},{"damage":4,"enemies":"Time Eater","floor":50,"turns":2},{"damage":4,"enemies":"Time Eater","floor":51,"turns":2},{"damage":4,"enemies":"Shield and Spear","floor":55,"turns":1},{"damage":11,"enemies":"The Heart","floor":56,"turns":4}],"seed_played":"-3091156664525746786","potions_obtained":[{"floor":2.0,"key":"BlessingOfTheForge"},{"floor":4.0,"key":"SteroidPotion"},{"floor":8.0,"key":"FairyPotion"}],"is_trial":false,"path_per_floor":["M","M","M","M","M","E","M","E","T","$","E","M","M","M","R","B",null,"M","M","?","M","M","E","?","M","T","?","M","E","M","E","R","B",null,"M","?","?","$","M","E","R","E","T","E","R","M","?","E","R","B",null,null,"R","$","E","B",null],"character_chosen":"Librarian","items_purchased":["PageOfFairyFestival","ForTheFamily","PageOfTheQueenOfHatred","Eternal Feather","PageOfBloodbath","PageOfPorccubus","Omamori","Singing Bowl","Oddly Smooth Stone","PageOfAlriune","PageOfMercenary","PageOfScorchedGirl","Toxic Egg 2","PageOfWrath","Medical Kit","PageOfRedShoes","Boot","PageOfPinocchio","Membership Card","Commandeering+1","SomberProcuration+1","PageOfUniverseFragment","PageOfSnowWhitesApple","Matryoshka","Orrery","Mummified Hand","Bag of Preparation","CrackOfDawn","ChargeUp","Anchor","TungstenRod","Bottled Tornado","Whetstone","Frozen Egg 2","Lee\u0027s Waffle","Ginger","OrangePellets","Pear","PageOfScarecrow","Bronze Scales"],"campfire_rested":2,"item_purchase_floors":[0,0,0,0,0,0,0,0,0,0,0,0,0,0,0,0,0,0,0,0,0,0,0,0,0,0,0,0,0,0,0,0,0,0,0,0,38,38,54,54],"current_hp_per_floor":[73,73,73,73,71,69,69,67,67,67,48,48,48,48,54,54,107,107,107,128,126,126,126,126,126,126,126,126,126,126,126,132,132,143,143,143,141,151,149,149,153,151,151,151,157,155,157,157,163,159,157,162,163,163,161,165],"gold":996,"neow_bonus":"","is_daily":false,"chose_seed":false,"campfire_upgraded":3,"win_rate":0.0,"timestamp":1607966383,"path_taken":["M","M","M","M","M","E","M","E","T","$","E","M","M","M","R","BOSS","M","M","?","M","M","E","?","M","T","?","M","E","M","E","R","BOSS","M","?","?","$","M","E","R","E","T","E","R","M","?","E","R","BOSS","R","$","E","BOSS"],"items_purchased_type":["Relic","Card","Relic","Relic","Relic","Relic","Relic","Relic","Relic","Relic","Relic","Relic","Relic","Relic","Relic","Relic","Relic","Relic","Relic","Card","Card","Relic","Relic","Relic","Relic","Relic","Relic","Card","Card","Relic","Relic","Relic","Relic","Relic","Relic","Relic","Relic","Relic","Relic","Relic"],"build_version":"2020-12-13","purchased_purges":11,"victory":true,"max_hp_per_floor":[104,106,108,110,110,112,114,114,114,114,92,94,115,117,122,124,124,126,128,128,130,132,134,134,136,136,136,138,140,142,144,144,146,146,148,148,141,151,153,153,153,155,155,157,157,159,161,163,163,163,163,163,163,163,165,165],"card_choices":[{"not_picked":["PreemptiveStrike","EnergyCycle","Feast","EndlessBattle","TheArtOfRapidSteps+1","EnergyShield+1","Pound","Suppress","RatsGuideToSurvival+1"],"picked":"Singing Bowl","floor":0.0},{"not_picked":["CombatPreparation+1","FleetEdge","GuidanceOfTheGears+1","SunsetBlade","Outburst","PreemptiveStrike","Slice_lor","Rampage_lor","EnergyConversion"],"picked":"Singing Bowl","floor":0.0},{"not_picked":["Mutilate","FierceOnslaught","ReadyUp+1","NightInTheBackstreets","TheRedNotes","ToWhereThePrescriptPoints+1","Multislash","SunsetBlade","Standoff"],"picked":"Singing Bowl","floor":0.0},{"not_picked":["BackAttack+1","ClassAndRespect","WillProduceFineSilk+1","Quickness+1","NightInTheBackstreets","ToOvercomeCrisis+1","Multislash","PreemptiveStrike"],"picked":"LeRegole+1","floor":0.0},{"not_picked":["HiddenBlade","EndlessBattle","BlazingStrike","Faith+1","TheArtOfRapidSteps+1","StructuralAnalysis+1","YouOnlyLiveOnce","AsThePrescriptOrders+1","BackAttack+1"],"picked":"Singing Bowl","floor":0.0},{"not_picked":["EndlessBattle","OpportunitySpotted","TimeForALittleTest","StructuralAnalysis+1","IllEndYou","Overcharge+1","SilentMist+1","Juggling+1","ClassAndRespect"],"picked":"Singing Bowl","floor":1.0},{"not_picked":["SkyClearingCut","GuardingStance+1","DesperateStruggle","AutomatedMovement+1","Crush","HiddenBlade","GoinFirst","SunsetBlade+1","ShrineToMusic+1"],"picked":"Singing Bowl","floor":2.0},{"not_picked":["HiddenBlade","Mutilate","FrontalAssault+1","Cruelty","SetFire","TendonChords","Zzzzzap+1","Pound","NightInTheBackstreets"],"picked":"Singing Bowl","floor":3.0},{"not_picked":["HighSpeedStabbing","ShockRound","FrontalAssault+1","Overcharge+1","FlashOfSunup","FierceCharge+1","EnergyShield+1","FendThisOffIfYouCan","DeepDrag"],"picked":"Singing Bowl","floor":4.0},{"not_picked":["Diversion","TrashDisposal","Retaliate","TraceOfFumes","SpearedSweep","GuardingStance+1","AutonomousRush","DefenseOrder+1"],"picked":"FaintMemories","floor":5.0},{"not_picked":["Faith+1","HighKick","Quickness+1","FocusFire","Castigation","HighSpeedStabbing","Unlock1","UnforgettableMelody+1"],"picked":"Reload+1","floor":6.0},{"not_picked":["Thrust","YoureTooSlow+1","EnergyShield+1","EnergyBeam","AsThePrescriptOrders+1","Reload+1","Ripple","Pound","HiddenBlade"],"picked":"Singing Bowl","floor":7.0},{"not_picked":["GutHarvesting","PreparedMind+1","ExtractFuel+1","Thrust","QuickAttack","Gamble","FrontalAssault+1","EnergyShield+1"],"picked":"Observe+1","floor":8.0},{"not_picked":["Eject","IronWall+1","StrongStrike","Unlock1","Leap_lor","Diversion","GuidanceOfTheGears+1","DefenseOrder+1","RatsGuideToSurvival+1"],"picked":"Singing Bowl","floor":11.0},{"not_picked":["SparkingSpear","PreemptiveStrike","QuickAttack","AssaultOrder","ShrineToMusic+1","UpbeatPerformance","Rewind+1","Outburst","Unlock1"],"picked":"Singing Bowl","floor":12.0},{"not_picked":["FierceOnslaught","SharpSwipe","MultiHit","SunsetBlade+1","Thrust","FlashingStrike","Reload+1","HandleRequest","LossOfSenses"],"picked":"Singing Bowl","floor":13.0},{"not_picked":["FierceCharge+1","Thrust","Ripple","HiddenBlade","DirtyBlow","Unlock1","MultiHit","MultiBlock+1","Wallop_lor"],"picked":"Singing Bowl","floor":14.0},{"not_picked":["GutHarvesting","SilentNight","ScratchThat"],"picked":"Singing Bowl","floor":16.0},{"not_picked":["ShockRound","Diversion","DriedUp+1","FleetEdge","AsThePrescriptOrders+1","ScatteringSlash","EnergyConversion"],"picked":"Singing Bowl","floor":18.0},{"not_picked":["Rewind+1","GatherIntel+1","Parry","SpearedSweep","BackstreetsDash","SilentNight","StrongStrike"],"picked":"Singing Bowl","floor":19.0},{"not_picked":["FlashOfSunup","StructuralAnalysis+1","Parry","UnavoidableGaze+1","UncannyStrike+1","TendonChords","HiddenBlade+1"],"picked":"Singing Bowl","floor":21.0},{"not_picked":["HeavyPeaks","MindPrepared","GuardingStance+1","StrongStrike+1","Suppress","SmokingPipe+1","StructuralAnalysis+1"],"picked":"Singing Bowl","floor":22.0},{"not_picked":["AlloutWar+1","FleetFootsteps+1","HighKick+1","ChargeUp+1","DesperateStruggle","SharpenedBlade+1","DarkCloud+1"],"picked":"Singing Bowl","floor":23.0},{"not_picked":["NightInTheBackstreets+1","Unlock1","FlowOfTheSword","TrashDisposal","HiddenBlade","Guardian_lor+1","Quickness+1"],"picked":"Singing Bowl","floor":25.0},{"not_picked":["Diversion","Multislash","StructuralAnalysis+1","GuardingStance+1","ExtractFuel+1","MultiBlock+1","Unlock1"],"picked":"Singing Bowl","floor":28.0},{"not_picked":["BayonetCombat+1","CumulusWall+1","LeRegole+1","EnergyCycle","GuidanceOfTheGears+1","HighKick+1","Leap_lor"],"picked":"Singing Bowl","floor":29.0},{"not_picked":["HiddenBlade","ScratchThat","QuickAttack","TraceOfFumes","DirtyBlow","AsThePrescriptOrders+1","ToWhereThePrescriptPoints+1"],"picked":"Singing Bowl","floor":30.0},{"not_picked":["Standoff","HighKick","CumulusWall+1","EndlessBattle","EnergyCycle","LossOfSenses+1","UpbeatPerformance"],"picked":"Singing Bowl","floor":31.0},{"not_picked":["Eradication"],"picked":"Singing Bowl","floor":33.0},{"not_picked":["Leap_lor+1","Mutilate+1","UpbeatPerformance","EnergyShield+1","Pound+1","FendThisOffIfYouCan","HeavyPeaks"],"picked":"Singing Bowl","floor":35.0},{"not_picked":["Bvapour","SkitterAway+1","FlashingStrike","FleetEdge","GuardingStance+1","FrontalAssault+1","Rewind+1"],"picked":"Singing Bowl","floor":39.0},{"not_picked":["InnerArdor+1","MindPrepared","ProselytesBlade","ExtractFuel+1","SweepTheBackstreets","Preparation+1","HighKick"],"picked":"Singing Bowl","floor":40.0},{"not_picked":["Multislash","SweepTheBackstreets","ButterflySlash","Thrust+1","FendThisOffIfYouCan","ReadyUp+1","SpearedSweep"],"picked":"Singing Bowl","floor":42.0},{"not_picked":["TraceOfFumes","GutHarvesting","WillOfThePrescript+1","HeavyPeaks","ShockRound","SenseQuarry+1","FierceCharge+1","FleetFootsteps+1"],"picked":"Singing Bowl","floor":44.0},{"not_picked":["Unlock1","Parry","EnergyBeam","EnergyShield+1","BizarreAttack","Outburst","BladeWhirl","Overpower"],"picked":"Singing Bowl","floor":46.0},{"not_picked":["Forethought+1","Impatience+1","Flash of Steel","Jack Of All Trades+1","Dramatic Entrance","Finesse+1","Metamorphosis+1","Purity+1"],"picked":"Singing Bowl","floor":47},{"not_picked":["StructuralAnalysis+1","BlazingStrike","PreparedMind+1","SuppressingShot","YourShield+1","GuardingStance+1","Faith+1","MultiHit"],"picked":"Singing Bowl","floor":48},{"not_picked":["Quickness+1","TraceOfFumes+1","YouOnlyLiveOnce","Brawl+1","GuidanceOfTheGears+1","HiddenBlade","DarkCloud+1","Parry+1"],"picked":"Singing Bowl","floor":55}],"player_experience":348119,"relics_obtained":[{"floor":6.0,"key":"PageOfTheKnightOfDespair"},{"floor":8.0,"key":"PageOfGreed"},{"floor":9.0,"key":"PageOfQueenBee"},{"floor":11.0,"key":"PageOfNihil"},{"floor":23.0,"key":"Meat on the Bone"},{"floor":26.0,"key":"Lantern"},{"floor":26.0,"key":"PreservedInsect"},{"floor":29.0,"key":"Sundial"},{"floor":31.0,"key":"Bag of Marbles"},{"floor":40.0,"key":"Ornamental Fan"},{"floor":42.0,"key":"Question Card"},{"floor":43.0,"key":"InkBottle"},{"floor":44.0,"key":"Akabeko"},{"floor":48,"key":"Kunai"},{"floor":55,"key":"Shuriken"}],"event_choices":[{"damage_healed":26.0,"max_hp_gain":0.0,"max_hp_loss":0.0,"gold_gain":0.0,"event_name":"The Library","player_choice":"Heal","floor":20.0,"gold_loss":0.0,"damage_taken":0.0},{"damage_healed":0.0,"max_hp_gain":0.0,"max_hp_loss":0.0,"gold_gain":0.0,"event_name":"The Mausoleum","player_choice":"Opened","floor":24.0,"gold_loss":0.0,"damage_taken":0.0,"relics_obtained":["HornCleat"],"cards_obtained":["Writhe"]},{"cards_removed":["Commandeering"],"damage_healed":0.0,"max_hp_gain":0.0,"max_hp_loss":0.0,"gold_gain":0.0,"event_name":"Back to Basics","player_choice":"Elegance","floor":27.0,"gold_loss":0.0,"damage_taken":0.0},{"damage_healed":0.0,"max_hp_gain":0.0,"max_hp_loss":0.0,"gold_gain":999.0,"event_name":"MindBloom","player_choice":"Gold","floor":36.0,"gold_loss":0.0,"damage_taken":0.0,"cards_obtained":["Normality","Normality"]},{"damage_healed":0.0,"max_hp_gain":0.0,"max_hp_loss":7.0,"gold_gain":0.0,"event_name":"Winding Halls","player_choice":"Max HP","floor":37.0,"gold_loss":0.0,"damage_taken":0.0},{"damage_healed":0,"gold_gain":0,"player_choice":"Memory 1","damage_taken":0,"max_hp_gain":0,"max_hp_loss":0,"event_name":"SensoryStone","floor":47,"gold_loss":0}],"is_beta":false,"boss_relics":[{"not_picked":["Runic Pyramid","Pandora\u0027s Box"],"picked":"Busted Crown"},{"not_picked":["Tiny House","Sozu"],"picked":"Philosopher\u0027s Stone"}],"items_purged_floors":[0,0,0,0,0,0,0,0,10,38,54],"is_endless":false,"potions_floor_spawned":[2,4,8,12,13,14,18,21,25,29,30,40,46,48,55],"ascension_level":15}}