{"host":"exexdi9os29xec1d","time":1607952097,"event":{"mods":["Act Like it!","BaseMod","Colored Map","Conspire","Downfall","Gensokyo","Hero for Fun","Hubris","Infinite Spire","Marisa（F雨　魔理沙）","Minty Spire (QoL Compilation)","READ ME - Guardian Mod","Remilia（蕾米莉亚）","Replay The Spire","Shop Mod","StSLib","The Animator","The Bug Knight","The Cursed","The Disciple","The Hierophant","The Necromancer","The Servant 0.9.4","Youmu（魂魄妖梦）","[地精首领爬塔]The Maniac"],"gold_per_floor":[112,129,147,9,28,28,38,38,38,52,26,26,46,46,46,142,142,155,172,195,214,257,272,272,283,283,303,303,319,234,248,248,352,352,372,422,238,271,298,298,328,328,376,376,286,313,313,365,365,371,371],"floor_reached":50,"playtime":5495,"items_purged":["Parasite","Voices"],"score":517,"play_id":"33f016f1-7cb9-494f-ad3b-f193990d30de","local_time":"20201214212137","is_ascension_mode":false,"campfire_choices":[{"data":"Manipulate","floor":6,"key":"SMITH"},{"data":"BestPractice","floor":8,"key":"SMITH"},{"data":"FastForward","floor":12,"key":"SMITH"},{"data":"infinitespire:NeuralNetwork","floor":24,"key":"SMITH"},{"data":"BestPractice","floor":28,"key":"SMITH"},{"data":"FlawlessForm","floor":40,"key":"SMITH"},{"floor":42,"key":"REST"},{"floor":44,"key":"REST"},{"floor":49,"key":"REST"}],"circlet_count":0,"master_deck":["Strike_S","Strike_S","Strike_S","Defend_S+1","Defend_S+1","Defend_S+1","Defend_S+1","KidneyShot+1","Exchange","Ricochet","Manipulate+1","Rewind+1","Contraction","BestPractice+1","Defy","Rearm","Starlight+1","FastForward+1","SurpressingFire","Dilation","Parasite","Guardian:CurlUp","Duplication","infinitespire:NeuralNetwork+1","Blind","FastForward+1","Rearm","Replace+1","SilverBlades+1","Defy","BestPractice+1","FastForward+1","Rewind+1","FlawlessForm+1","FastForward+1","GearUp","Rearm","Rearm","Moonlight+1","Rewind+1","FanOfKnives","Defy","Snipe+1"],"relics":["Uniform","Replay:Bottled Eggs","ReplayTheSpireMod:SealedPack","ReplayTheSpireMod:CursedCoin","Ornamental Fan","Juzu Bracelet","Gremlin Horn","Sozu","Ring of Fury","Ring of Greed","Replay:Bandana","Membership Card","MerchantsRug"],"acts_visited":["Exordium","TheCity","TheBeyond"],"potions_floor_usage":[16,31,33,50],"damage_taken":[{"damage":0,"enemies":"Cultist","floor":1,"turns":3},{"damage":1,"enemies":"Jaw Worm","floor":2,"turns":4},{"damage":0,"enemies":"Small Slimes","floor":3,"turns":2},{"damage":0,"enemies":"3 Louse","floor":5,"turns":2},{"damage":0,"enemies":"Red Slaver","floor":7,"turns":7},{"damage":0,"enemies":"Lots of Slimes","floor":10,"turns":6},{"damage":0,"enemies":"Looter","floor":13,"turns":4},{"damage":3,"enemies":"The Guardian","floor":16,"turns":14},{"damage":5,"enemies":"3 Byrds","floor":18,"turns":5},{"damage":0,"enemies":"Shell Parasite","floor":19,"turns":10},{"damage":6,"enemies":"Centurion and Healer","floor":21,"turns":12},{"damage":0,"enemies":"conspire:MimicChest","floor":22,"turns":20},{"damage":1,"enemies":"Snake Plant","floor":23,"turns":10},{"damage":1,"enemies":"Cultist and Chosen","floor":25,"turns":7},{"damage":17,"enemies":"Sentry and Sphere","floor":27,"turns":12},{"damage":8,"enemies":"Centurion and Healer","floor":29,"turns":12},{"damage":16,"enemies":"Cultist and Chosen","floor":31,"turns":8},{"damage":20,"enemies":"Automaton","floor":33,"turns":20},{"damage":0,"enemies":"Orb Walker","floor":35,"turns":6},{"damage":2,"enemies":"3 Shapes","floor":38,"turns":7},{"damage":6,"enemies":"Transient","floor":39,"turns":5},{"damage":47,"enemies":"4 Shapes","floor":41,"turns":6},{"damage":11,"enemies":"Sphere and 2 Shapes","floor":46,"turns":4},{"damage":20,"enemies":"Jaw Worm Horde","floor":48,"turns":3},{"damage":32,"enemies":"Awakened One","floor":50,"turns":4}],"seed_played":"-4689940871406291334","potions_obtained":[{"floor":2,"key":"SpeedPotion"},{"floor":10,"key":"EssenceOfSteel"},{"floor":13,"key":"Fire Potion"},{"floor":16,"key":"infinitespire:BlackPotion"}],"is_trial":false,"path_per_floor":["M","M","M","$","M","R","M","R","T","M","$","R","M","?","R_BF","B",null,"M","M","$","M","?","M","R","M","T","M","R","M","?","M","R_BF","B",null,"M","?","$","M","M","R","M","R","T","R","?","M","?","M","R","B"],"character_chosen":"THE_SERVANT","items_purchased":["Contraction","BestPractice","FastForward","ReplayTheSpireMod:CursedCoin","Rearm","MerchantsRug","GearUp","Rearm"],"campfire_rested":3,"item_purchase_floors":[4,4,11,20,20,37,37,37],"current_hp_per_floor":[65,64,64,64,64,64,64,64,64,64,64,64,64,64,65,62,65,60,60,60,54,54,53,53,52,52,35,35,27,27,11,29,9,62,62,62,62,60,54,54,7,25,25,43,43,32,32,12,30,0,0],"gold":371,"neow_bonus":"RANDOM_EVENT","is_daily":false,"chose_seed":false,"campfire_upgraded":6,"win_rate":0.0,"timestamp":1607952097,"path_taken":["M","M","M","$","M","R","M","R","T","M","?","R","M","?","R_BF","BOSS","M","M","$","M","?","M","R","?","T","M","R","M","?","M","R_BF","BOSS","M","?","$","M","M","R","M","R","T","R","?","M","?","M","R","BOSS"],"items_purchased_type":["Card","Card","Card","Relic","Card","Relic","Card","Card"],"build_version":"2020-12-13","purchased_purges":2,"victory":false,"max_hp_per_floor":[65,65,65,65,65,65,65,65,65,65,65,65,65,65,65,65,65,65,65,62,62,62,62,62,62,62,62,62,62,62,62,62,62,62,62,62,62,62,62,62,62,62,62,62,62,62,62,62,62,62,62],"card_choices":[{"not_picked":["Reset","Alleviate"],"picked":"Ricochet","floor":1},{"not_picked":["Unruled","ShatteredReality"],"picked":"Manipulate","floor":2},{"not_picked":["Unruled","Spin"],"picked":"Rewind","floor":3},{"not_picked":["Sabotage","Revamp"],"picked":"Defy","floor":5},{"not_picked":["Spin","DoubleEdge"],"picked":"Rearm","floor":7},{"not_picked":["Foresight","Hightail"],"picked":"Starlight","floor":10},{"not_picked":["Manipulate","DoubleEdge"],"picked":"SurpressingFire","floor":13},{"not_picked":["Initiator","MurderousAura"],"picked":"Dilation","floor":16},{"not_picked":["sneckomod:SnekBite","PatternShift"],"picked":"Guardian:CurlUp","floor":17},{"not_picked":["Dilation","FloweringNight"],"picked":"Duplication","floor":17},{"not_picked":["ReplayTheSpireMod:Book of Names","infinitespire:DeathsTouch"],"picked":"infinitespire:NeuralNetwork","floor":17},{"not_picked":["expansioncontent:SuperHexaguard","expansioncontent:HyperBeam"],"picked":"Blind","floor":17},{"not_picked":["DoubleEdge","Reset","Snipe"],"picked":"SKIP","floor":18},{"not_picked":["Starlight","DoubleEdge"],"picked":"FastForward+1","floor":19},{"not_picked":["Foresight","Spin","Solidify"],"picked":"SKIP","floor":21},{"not_picked":["Alleviate+1","DoubleEdge"],"picked":"Replace","floor":22},{"not_picked":["Revamp","BottledTime"],"picked":"SilverBlades+1","floor":23},{"not_picked":["Unruled+1","Ricochet"],"picked":"Defy","floor":25},{"not_picked":["Defy","Ricochet"],"picked":"BestPractice","floor":27},{"not_picked":["Rearm","Solidify"],"picked":"FastForward+1","floor":29},{"not_picked":["Replace","Defy"],"picked":"Rewind+1","floor":31},{"not_picked":["ForgedInTime","Dilation"],"picked":"FlawlessForm","floor":33},{"not_picked":["Moondial+1","Unruled"],"picked":"FastForward+1","floor":35},{"not_picked":["FastForward","Ricochet+1"],"picked":"Moonlight+1","floor":38},{"not_picked":["Replace","Starlight"],"picked":"Rewind+1","floor":39},{"not_picked":["TimeWarp","Potential+1"],"picked":"FanOfKnives","floor":41},{"not_picked":["LightFlow","Desolation"],"picked":"Defy","floor":46},{"not_picked":["Unruled","TimeWarp+1"],"picked":"Snipe+1","floor":48}],"player_experience":43989,"relics_obtained":[{"floor":9,"key":"Replay:Bottled Eggs"},{"floor":22,"key":"Ornamental Fan"},{"floor":26,"key":"Juzu Bracelet"},{"floor":36,"key":"Ring of Fury"},{"floor":36,"key":"Ring of Greed"},{"floor":36,"key":"Replay:Bandana"},{"floor":36,"key":"Membership Card"}],"event_choices":[{"damage_healed":0,"gold_gain":0,"player_choice":"Leave","damage_taken":0,"max_hp_gain":0,"max_hp_loss":0,"event_name":"The Cleric","floor":14,"gold_loss":0},{"damage_healed":0,"gold_gain":0,"player_choice":"Obtained Relic","damage_taken":0,"relics_obtained":["Gremlin Horn"],"max_hp_gain":0,"max_hp_loss":0,"event_name":"Addict","floor":30,"gold_loss":85},{"cards_removed":["Gensokyo:AllTheWorldsEvil"],"damage_healed":0,"gold_gain":0,"player_choice":"Upgrade and Remove","damage_taken":0,"max_hp_gain":0,"max_hp_loss":0,"event_name":"Designer","floor":45,"gold_loss":90,"cards_upgraded":["Starlight"]},{"cards_removed":["Strike_S"],"damage_healed":0,"gold_gain":0,"player_choice":"Purged","damage_taken":0,"max_hp_gain":0,"max_hp_loss":0,"event_name":"Purifier","floor":47,"gold_loss":0}],"is_beta":false,"boss_relics":[{"not_picked":["Calling Bell","Velvet Choker"],"picked":"ReplayTheSpireMod:SealedPack"},{"not_picked":["Philosopher\u0027s Stone","Replay:Ancient Bell"],"picked":"Sozu"}],"items_purged_floors":[20,37],"is_endless":false,"potions_floor_spawned":[2,10,13,16,19,21,22,27,38,48],"killed_by":"Awakened One","ascension_level":0}}