{"host":"0azimyi6n3ugndj4","time":1607951749,"event":{"mods":["BaseMod","Bestiary","Conspire","Curses Come First","Defuse TimeMaze Blight","Hyrulean Relics","Infinite Spire","Minty Spire (QoL Compilation)","Relic Stats","Replay The Spire","StSLib","SuperFastMode","Uncapped","¡¼?Úª?ø«¡½REMEMod"],"gold_per_floor":[99,99,99,142,184,268,268,268,268,268,352,352,400,442,442,673,673,721,748,245,284,284,284,309,309,309,393,17,17,17,67,67,67,67],"floor_reached":33,"playtime":605,"items_purged":[],"score":855,"play_id":"3173cb5c-8947-4d1c-bc2a-46df24268501","local_time":"20201214221549","daily_mods":["Draft","Hoarder","Insanity","Chimera","Specialized","Vintage","ControlledChaos","Allstar","Diverse","Colorless Cards","Heirloom","Time Dilation","Flight","Binary","Elite Swarm","Lethality","Midas","Night Terrors","Binary"],"is_ascension_mode":true,"campfire_choices":[{"floor":7.0,"key":"REST"},{"floor":15,"key":"REST"},{"floor":23,"key":"REST"},{"floor":25,"key":"REST"},{"floor":32,"key":"REST"}],"circlet_count":0,"master_deck":["Demon Form","Wraith Form v2","Echo Form","DevaForm","AscendersBane","Survivor","Zap","Eruption","Strike_R","Strike_G","Strike_B","Defend_R","Defend_G","Defend_P","Tantrum","Rip and Tear","Protect","Consecrate","Blur","Sneak Up","Replay:Hum","BowlingBash","Study","ReplayTheSpireMod:Tripwire","Dramatic Entrance","Nirvana","Doom and Gloom","Blur","ThirdEye","Cloak And Dagger","Backflip","Endless Agony","Cloak And Dagger","Reflex","Anger","Storm","Halt","Hidden Blade","Backflip","CarveReality","Fusion","EmptyFist","Backflip","REME_SingleHolding","Blade Dance","Dagger Throw","CrushJoints","Redo","Redo","Good Instincts","Survey Options","FlyingSleeves","Battle Trance","Stack","Reflex","Headbutt","REME_Compress","Replay:Anticipation","FollowUp","Poisoned Stab","Panacea","Auto Shields","Pommel Strike","BowlingBash","Biased Cognition","Biased Cognition","Biased Cognition","Biased Cognition","Biased Cognition","Biased Cognition","Biased Cognition","Biased Cognition","Biased Cognition","Biased Cognition","Biased Cognition","Biased Cognition","Biased Cognition","Biased Cognition","Biased Cognition","Bouncing Flask","Bouncing Flask","Bouncing Flask","Clothesline","Clothesline","Clothesline","CutThroughFate","CutThroughFate","CutThroughFate","Flame Barrier","Flame Barrier","Flame Barrier","Flying Knee","Flying Knee","Flying Knee","Sweeping Beam","Sweeping Beam","Sweeping Beam","FollowUp","FollowUp","FollowUp","Discovery","Discovery","Discovery","Replay:BluntJabs","Replay:BluntJabs","Replay:BluntJabs","ThirdEye","ThirdEye","ThirdEye","CrushJoints","CrushJoints","CrushJoints","REME_TheoryOfElimination","REME_TheoryOfElimination","REME_TheoryOfElimination","Heavy Blade","Heavy Blade","Heavy Blade","Cloak And Dagger","Cloak And Dagger","Cloak And Dagger","Anger","Anger","Anger","conspire:Rain","conspire:Rain","conspire:Rain","Eruption","Eruption","Eruption","REME_CurseOfMatryoshka","REME_CurseOfMatryoshka","REME_CurseOfMatryoshka","CommonCold","CommonCold","CommonCold","Pain","Pain"],"relics":["Frozen Eye","Busted Crown","REME_ComplimentaryCards","Pondfish Scales","Replay:M_SmolderingBlood","ReplayTheSpireMod:CursedCoin","Tiny Chest","zeldaRelics:CourageTriforce","ReplayTheSpireMod:Ring of Collecting","zeldaRelics:WisdomTriforce","WarpedTongs","Anchor","Replay:Wax Seal","Mark of Pain","Regal Pillow","King of Hearts","conspire:TopHat","Strange Spoon","Replay:Rubber Ducky","zeldaRelics:PowerTriforce","zeldaRelics:PowerPiece","Replay:Bottled Steam","Red Skull","Replay:Lucky Slots"],"acts_visited":["Exordium","TheCity"],"potions_floor_usage":[21,33],"damage_taken":[{"damage":0.0,"enemies":"Cultist","floor":5.0,"turns":4.0},{"damage":33.0,"enemies":"Lagavulin","floor":6.0,"turns":6.0},{"damage":23.0,"enemies":"Replay:BlueRogue","floor":11.0,"turns":4.0},{"damage":0.0,"enemies":"2 Louse","floor":13.0,"turns":2.0},{"damage":7.0,"enemies":"conspire:RoseBush","floor":14.0,"turns":3.0},{"damage":100,"enemies":"Hexaghost","floor":16,"turns":8},{"damage":36,"enemies":"conspire:FuzzyDice","floor":18,"turns":4},{"damage":0,"enemies":"2 Thieves","floor":21,"turns":3},{"damage":18,"enemies":"Slavers","floor":27,"turns":3},{"damage":57,"enemies":"Automaton","floor":33,"turns":6}],"seed_played":"-3148528756643984077","potions_obtained":[{"floor":5.0,"key":"DistilledChaos"},{"floor":16,"key":"Explosive Potion"},{"floor":18,"key":"Block Potion"}],"is_trial":true,"path_per_floor":["?","$","$","$","M","E","R","?","T","WH","E","?","M","M","R","B",null,"M","T","$","M","?","R","T","R","T","E","$","$","?","?","R","B"],"character_chosen":"IRONCLAD","items_purchased":["ReplayTheSpireMod:CursedCoin","FairyPotion","King of Hearts","conspire:TopHat","Strange Spoon","Red Skull","Replay:Lucky Slots"],"campfire_rested":5,"item_purchase_floors":[4,4,20,20,20,28,28],"current_hp_per_floor":[68,68,68,68,68,35,70,70,70,77,54,54,54,47,72,17,58,22,22,22,22,22,67,67,62,62,44,44,44,44,44,57,0,0],"gold":67,"neow_bonus":"TEN_PERCENT_HP_BONUS","is_daily":false,"chose_seed":false,"campfire_upgraded":0,"win_rate":0.0,"timestamp":1607951749,"path_taken":["?","$","$","$","M","E","R","?","T","WH","E","?","?","M","R","BOSS","M","?","?","?","?","R","?","R","T","E","$","$","?","?","R","BOSS"],"items_purchased_type":["Relic","Potion","Relic","Relic","Relic","Relic","Relic"],"build_version":"2020-12-13","purchased_purges":0,"victory":false,"max_hp_per_floor":[75,75,75,75,75,75,70,70,70,77,77,77,77,77,72,72,72,72,72,72,72,72,67,67,62,62,62,62,62,62,62,57,57,57],"relic_stats":{"Strange Spoon":[6],"Regal Pillow":0,"Busted Crown":16,"counters":[10,43],"Tiny Chest":2,"obtain_stats":[{"Regal Pillow":18,"King of Hearts":20,"Burning Blood":0,"zeldaRelics:WisdomTriforce":19,"conspire:TopHat":20,"Replay:Rubber Ducky":21,"Frozen Eye":0,"Replay:M_SmolderingBlood":1,"Tiny Chest":5,"Replay:Lucky Slots":28,"zeldaRelics:CouragePiece":6,"Replay:Wax Seal":14,"zeldaRelics:PowerPiece":24,"Red Skull":28,"Replay:Bottled Steam":27,"zeldaRelics:WisdomPiece":11,"ReplayTheSpireMod:CursedCoin":4,"zeldaRelics:PowerTriforce":26,"zeldaRelics:CourageTriforce":9,"WarpedTongs":12,"Strange Spoon":20,"Pondfish Scales":0,"Anchor":13,"Busted Crown":0,"ReplayTheSpireMod:Ring of Collecting":8,"Mark of Pain":17,"REME_ComplimentaryCards":0},{"Regal Pillow":7,"King of Hearts":7,"Burning Blood":0,"zeldaRelics:WisdomTriforce":7,"conspire:TopHat":7,"Replay:Rubber Ducky":8,"Frozen Eye":0,"Replay:M_SmolderingBlood":0,"Tiny Chest":1,"Replay:Lucky Slots":9,"zeldaRelics:CouragePiece":2,"Replay:Wax Seal":5,"zeldaRelics:PowerPiece":8,"Red Skull":9,"Replay:Bottled Steam":9,"zeldaRelics:WisdomPiece":3,"ReplayTheSpireMod:CursedCoin":0,"zeldaRelics:PowerTriforce":8,"zeldaRelics:CourageTriforce":2,"WarpedTongs":3,"Strange Spoon":7,"Pondfish Scales":0,"Anchor":4,"Busted Crown":0,"ReplayTheSpireMod:Ring of Collecting":2,"Mark of Pain":6,"REME_ComplimentaryCards":0},{"Regal Pillow":31,"King of Hearts":31,"Burning Blood":0,"zeldaRelics:WisdomTriforce":31,"conspire:TopHat":31,"Replay:Rubber Ducky":34,"Frozen Eye":0,"Replay:M_SmolderingBlood":0,"Tiny Chest":4,"Replay:Lucky Slots":37,"zeldaRelics:CouragePiece":10,"Replay:Wax Seal":19,"zeldaRelics:PowerPiece":34,"Red Skull":37,"Replay:Bottled Steam":37,"zeldaRelics:WisdomPiece":14,"ReplayTheSpireMod:CursedCoin":0,"zeldaRelics:PowerTriforce":34,"zeldaRelics:CourageTriforce":10,"WarpedTongs":14,"Strange Spoon":31,"Pondfish Scales":0,"Anchor":16,"Busted Crown":0,"ReplayTheSpireMod:Ring of Collecting":10,"Mark of Pain":27,"REME_ComplimentaryCards":0}],"WarpedTongs":[29]},"card_choices":[{"not_picked":["FlyingSleeves","Conserve Battery"],"picked":"Bouncing Flask","floor":0.0},{"not_picked":["Deflect","REME_ShadowStrike"],"picked":"Clothesline","floor":0.0},{"not_picked":["Indignation","Deep Breath"],"picked":"CutThroughFate","floor":0.0},{"not_picked":["Aggregate","Dash"],"picked":"Flame Barrier","floor":0.0},{"not_picked":["Shrug It Off","ReplayTheSpireMod:Calculation Training"],"picked":"Flying Knee","floor":0.0},{"not_picked":["Discovery","Clash"],"picked":"Sweeping Beam","floor":0.0},{"not_picked":["Thunderclap","Clash"],"picked":"FollowUp","floor":0.0},{"not_picked":["EmptyFist","Run Through"],"picked":"Discovery","floor":0.0},{"not_picked":["EmptyBody","Outmaneuver"],"picked":"Replay:BluntJabs","floor":0.0},{"not_picked":["Crystallizer","ReplayTheSpireMod:Strike From Hell"],"picked":"ThirdEye","floor":0.0},{"not_picked":["Replay:Battleflow","REME_DataAnalysis"],"picked":"CrushJoints","floor":0.0},{"not_picked":["Sweeping Beam","CrushJoints"],"picked":"REME_TheoryOfElimination","floor":0.0},{"not_picked":["Prepared","Steam"],"picked":"Heavy Blade","floor":0.0},{"not_picked":["Enlightenment","conspire:Rain"],"picked":"Cloak And Dagger","floor":0.0},{"not_picked":["Bane","Replay:Bootleg Shield Generator"],"picked":"Anger","floor":0.0}],"player_experience":1451440,"relics_obtained":[{"floor":5.0,"key":"Tiny Chest"},{"floor":6.0,"key":"zeldaRelics:CouragePiece"},{"floor":8.0,"key":"ReplayTheSpireMod:Ring of Collecting"},{"floor":9.0,"key":"zeldaRelics:CouragePiece"},{"floor":9.0,"key":"zeldaRelics:CouragePiece"},{"floor":11.0,"key":"zeldaRelics:WisdomPiece"},{"floor":13.0,"key":"Anchor"},{"floor":14,"key":"Replay:Wax Seal"},{"floor":18,"key":"Regal Pillow"},{"floor":19,"key":"zeldaRelics:WisdomPiece"},{"floor":19,"key":"zeldaRelics:WisdomPiece"},{"floor":21,"key":"Replay:Rubber Ducky"},{"floor":24,"key":"zeldaRelics:PowerPiece"},{"floor":24,"key":"zeldaRelics:PowerPiece"},{"floor":26,"key":"zeldaRelics:PowerPiece"},{"floor":26,"key":"zeldaRelics:PowerPiece"},{"floor":27,"key":"Replay:Bottled Steam"}],"event_choices":[{"damage_healed":0.0,"max_hp_gain":0.0,"max_hp_loss":0.0,"gold_gain":0.0,"event_name":"Accursed Blacksmith","player_choice":"Rummage","floor":12.0,"gold_loss":0.0,"damage_taken":0.0,"relics_obtained":["WarpedTongs"],"cards_obtained":["Pain"]},{"damage_healed":0,"gold_gain":0,"player_choice":"Ignored","damage_taken":0,"max_hp_gain":0,"max_hp_loss":0,"event_name":"Vampires","floor":22,"gold_loss":0},{"cards_removed":["Pain"],"damage_healed":0,"gold_gain":0,"player_choice":"Elegance","damage_taken":0,"max_hp_gain":0,"max_hp_loss":0,"event_name":"Back to Basics","floor":30,"gold_loss":0},{"damage_healed":0,"gold_gain":50,"player_choice":"Stole From Cult","damage_taken":0,"max_hp_gain":0,"max_hp_loss":0,"event_name":"Nest","floor":31,"gold_loss":0}],"is_beta":false,"boss_relics":[{"not_picked":["Replay:Wanted Poster","ReplayTheSpireMod:SealedPack"],"picked":"Mark of Pain"}],"items_purged_floors":[],"is_endless":false,"potions_floor_spawned":[5,6,13,16,18],"killed_by":"Automaton","ascension_level":20}}