{"host":"d8hh7rr4yzitjeuj","time":1607911675,"event":{"mods":["2.2 Compatiblity","AchievementEnabler","BaseMod","CapriCore","Colored Map","Colored Powertips","Highlight Path","Keyboard Shortcuts","Minty Spire (QoL Compilation)","Permanent Neow","Quick Restart","StSLib","SuperFastMode"],"gold_per_floor":[119,119,139,154,165,165,199,199,223,250,15,30,46,46,46,46,46],"floor_reached":16,"playtime":374,"items_purged":[],"score":224,"play_id":"45d6becc-4eed-44fd-bcb6-211139d23c2a","local_time":"20201214110755","is_ascension_mode":true,"campfire_choices":[{"data":"Beam Cell","floor":6.0,"key":"SMITH"},{"floor":8.0,"key":"REST"},{"data":"Apotheosis","floor":15,"key":"SMITH"}],"circlet_count":0,"master_deck":["AscendersBane","Strike_B","Strike_B","Strike_B+1","Strike_B+1","Defend_B","Defend_B","Defend_B","Defend_B","Zap+1","Dualcast","Turbo","Ball Lightning","Beam Cell+1","Rebound","Tempest","Reprogram","Apotheosis+1","Leap","Gash","Hologram"],"relics":["Black Star","Toy Ornithopter","Lantern","PreservedInsect","Whetstone","Nunchaku","Pantograph"],"acts_visited":["Exordium"],"potions_floor_usage":[16],"damage_taken":[{"damage":7.0,"enemies":"2 Louse","floor":1.0,"turns":3.0},{"damage":4.0,"enemies":"Small Slimes","floor":3.0,"turns":3.0},{"damage":2.0,"enemies":"Jaw Worm","floor":4.0,"turns":3.0},{"damage":0.0,"enemies":"Large Slime","floor":5.0,"turns":4.0},{"damage":31.0,"enemies":"Gremlin Nob","floor":7.0,"turns":4.0},{"damage":30.0,"enemies":"3 Sentries","floor":10.0,"turns":5.0},{"damage":0.0,"enemies":"Exordium Wildlife","floor":12.0,"turns":3.0},{"damage":10,"enemies":"Lots of Slimes","floor":13,"turns":4},{"damage":31,"enemies":"Hexaghost","floor":16,"turns":9}],"seed_played":"-1820942008123178363","potions_obtained":[{"floor":1.0,"key":"Swift Potion"},{"floor":3.0,"key":"Fire Potion"},{"floor":4.0,"key":"Ancient Potion"},{"floor":12.0,"key":"Strength Potion"}],"is_trial":false,"path_per_floor":["M","?","M","M","M","R","E","R","T","E","$","M","M","?","R","B"],"character_chosen":"DEFECT","items_purchased":["Apotheosis","Leap"],"campfire_rested":1,"item_purchase_floors":[11,11],"current_hp_per_floor":[57,57,53,51,51,51,20,41,41,11,11,11,1,1,1,0,0],"gold":46,"neow_bonus":"BOSS_RELIC","is_daily":false,"chose_seed":false,"campfire_upgraded":2,"win_rate":0.0,"timestamp":1607911675,"path_taken":["M","?","M","M","M","R","E","R","T","E","$","M","M","?","R","BOSS"],"items_purchased_type":["Card","Card"],"build_version":"2020-12-13","purchased_purges":0,"victory":false,"max_hp_per_floor":[71,71,71,71,71,71,71,71,71,71,71,71,71,71,71,71,71],"card_choices":[{"not_picked":["Genetic Algorithm","Redo"],"picked":"Turbo","floor":1.0},{"not_picked":["Hologram","Barrage"],"picked":"Ball Lightning","floor":3.0},{"not_picked":["Fusion","Amplify"],"picked":"Beam Cell","floor":4.0},{"not_picked":["Stack","Turbo"],"picked":"Rebound","floor":5.0},{"not_picked":["Leap","Loop"],"picked":"Tempest","floor":7.0},{"not_picked":["Steam Power","Sweeping Beam"],"picked":"Reprogram","floor":10.0},{"not_picked":["Defragment","Fusion"],"picked":"Gash","floor":12.0},{"not_picked":["Leap","Sunder"],"picked":"Hologram","floor":13}],"player_experience":1334293,"relics_obtained":[{"floor":7.0,"key":"Toy Ornithopter"},{"floor":7.0,"key":"Lantern"},{"floor":9.0,"key":"PreservedInsect"},{"floor":10.0,"key":"Whetstone"},{"floor":10.0,"key":"Nunchaku"}],"event_choices":[{"damage_healed":0.0,"max_hp_gain":0.0,"max_hp_loss":0.0,"gold_gain":0.0,"event_name":"Living Wall","player_choice":"Grow","floor":2.0,"gold_loss":0.0,"damage_taken":0.0,"cards_upgraded":["Zap"]},{"damage_healed":0,"gold_gain":0,"player_choice":"Searched \u00272\u0027 times","damage_taken":0,"relics_obtained":["Pantograph"],"max_hp_gain":0,"max_hp_loss":0,"event_name":"Dead Adventurer","floor":14,"gold_loss":0}],"is_beta":false,"boss_relics":[],"items_purged_floors":[],"is_endless":false,"potions_floor_spawned":[1,3,4,12],"killed_by":"Hexaghost","ascension_level":20}}