{"host":"lheqn2stdak53gn8","time":1607915979,"event":{"mods":["BaseMod","BetterRewards","Colored Map","Colored Powertips","Custom Start","Infinite Spire","Minty Spire (QoL Compilation)","Quick Restart","Replay The Spire","StSLib"],"gold_per_floor":[124,167,85,117,117,142,142,179,179,220,220,176,176,213,213,318,318,343,376,394,420,420,478,398,427,452,893,937,963,995,910,910,1068,1068,1171,1171,1186,1209,679,679,679,679,679,715,749,749,820,925,79,79,90,255,417,444,444],"floor_reached":54,"playtime":2644,"items_purged":["Strike_R","Strike_R","Strike_R","Strike_R","Strike_R","Defend_R","Defend_R","Defend_R","Defend_R","ReplayTheSpireMod:LeadingStrike+1","Bash","Finesse","Armaments+1","Armaments+1","Amnesia"],"score":3566,"play_id":"fcb846de-1aa7-4b3e-9ea9-0e28e106cf3d","local_time":"20201213211939","is_ascension_mode":true,"campfire_choices":[{"floor":11,"key":"DIG"},{"data":"1","floor":13,"key":"LIFT"},{"data":"2","floor":15,"key":"LIFT"},{"data":"3","floor":32,"key":"LIFT"},{"floor":40,"key":"REST"},{"floor":40,"key":"DIG"},{"floor":43,"key":"REST"},{"floor":43,"key":"DIG"}],"circlet_count":20,"master_deck":["AscendersBane","Twin Strike+1","Flame Barrier+1","Good Instincts+1","Sadistic Nature+1","Cleave","Rampage","Spot Weakness+1","Barricade+1","Deep Breath+1","Shrug It Off+1","Pommel Strike+1","Fire Breathing","Swift Strike+1","Spot Weakness+1","Twin Strike+1","Cleave+1","Metallicize","Inflame","Replay:Undeath\u0027s Touch","Cleave","Replay:Undeath\u0027s Touch","Twin Strike+1","Inflame","Disarm+1","Swift Strike","Shrug It Off+1","Limit Break+1","Limit Break+1","Inflame","Sadistic Nature","Good Instincts+1","Metallicize","Good Instincts+1","Feel No Pain","Dark Embrace","Panacea+1","Panacea+1","Inflame","Enlightenment+1","Berserk","Reaper","Reaper","Rage+1","Uppercut","Uppercut","Metallicize","Metallicize","Shrug It Off+1","Reaper","Iron Wave","Iron Wave","Shrug It Off+1","Panache","Apotheosis+1","Whirlwind","Whirlwind","Exhume+1","ReplayTheSpireMod:Brewmster","ReplayTheSpireMod:Brewmster","Rage+1","Shrug It Off+1","Feel No Pain","ReplayUltimateDefense","Exhume+1","Shrug It Off+1","Shrug It Off+1","Metallicize+1","Inflame+1","Fire Breathing+1","Offering+1","Demon Form+1","Panache+1","Feed+1","Offering+1","Feed+1","Metallicize+1","Offering+1","ReplayUltimateDefense+1","ReplayUltimateDefense+1","Iron Wave+1","Shrug It Off+1","Shrug It Off+1","Metallicize+1","Panache+1","Shrug It Off+1","Shrug It Off+1","Demon Form+1","ReplayUltimateDefense+1","Berserk+1","Feel No Pain+1","Feed+1","Metallicize+1","Metallicize+1","Panache+1","Panache+1","Metallicize+1","Replay:Many Hands+1","Shrug It Off+1","Feel No Pain+1","Metallicize+1","Inflame+1","Juggernaut+1","Panache+1","Panache+1","Berserk+1","Rage+1","Replay:Bootleg Shield Generator+1","Offering+1","infinitespire:NeuralNetwork+1","infinitespire:SevenWalls+1","Whirlwind+1","Offering+1","infinitespire:Starlight+1","infinitespire:Gouge+1","infinitespire:DeathsTouch+1","infinitespire:Fortify+1","Feed+1","infinitespire:UltimateForm+1","Doubt","Deep Breath+1","infinitespire:Oblivion+1"],"relics":["Burning Blood","Membership Card","ReplayTheSpireMod:Spearhead","ReplayTheSpireMod:Ninjato","Turnip","Toxic Egg 2","TungstenRod","Divine Protection","Omamori","Replay:Lucky Slots","infinitespire:ShieldingShard","Pen Nib","Nunchaku","InkBottle","Sling","infinitespire:Magic Flask","infinitespire:Satchel","CeramicFish","Lee\u0027s Waffle","Another Sword","Bag of Preparation","Gambling Chip","Guide Book","Orichalcum","ReplayTheSpireMod:Shallot","Du-Vu Doll","Champion Belt","Mummified Hand","Orrery","Lantern","Gremlin Food","Durian","Shovel","Whetstone","StrikeDummy","TheAbacus","Ginger","Matryoshka","Sundial","Frozen Eye","Replay:Multitool","Girya","Eternal Feather","Replay:Kaleidoscope","Medical Kit","Blue Doll","Singing Bowl","Vajra","infinitespire:WardingShard","Counterbalance","Dream Catcher","OrangePellets","Torii","StoneCalendar","Replay:Mystery Machine","Mercury Hourglass","Oddly Smooth Stone","Bird Faced Urn","infinitespire:Midas Blood","infinitespire:Golems Mask","Chemical X","Quantum Egg","infinitespire:Lucky Rock","Anchor","Replay:WaspNest","ClockworkSouvenir","Shuriken","Bronze Scales","Blue Candle","Replay:Baseball","HandDrill","Art of War","Boot","Question Card","Blood Vial","Ornamental Fan","Chameleon Ring","Centennial Puzzle","Toolbox","Pocketwatch","Replay:Wax Seal","Mirror","infinitespire:Bottled Soul","Mango","Potion Belt","infinitespire:Beetle Shell","Ancient Tea Set","WingedGreaves","Replay:Ringing Soul","Darkstone Periapt","Golden Egg","Bottled Lightning","CaptainsWheel","Pantograph","infinitespire:Broken Mirror","infinitespire:PuzzleCube","Pondfish Scales","Replay:Bandana","Replay:Arrowhead","Pear","Letter Opener","Red Skull","Kunai","Garlic","Bag of Marbles","Onion Ring","FossilizedHelix","Lizard Tail","infinitespire:BottledMercury","Tiny Chest","Regal Pillow","ReplayTheSpireMod:Lightbulb","Prayer Wheel","Meat on the Bone","Pet Ghost","Akabeko","PreservedInsect","ReplayTheSpireMod:TigerMarble","ReplayFunnel","HornCleat","King of Hearts","Snack Pack","Toy Ornithopter","Unceasing Top","Bottled Flame","infinitespire:Joker Card","Self Forming Clay","Calipers","Happy Flower","infinitespire:EmpoweringShard","MealTicket","infinitespire:CursedDice","Replay:Rubber Ducky","Charon\u0027s Ashes","War Paint","Replay:Bottled Flurry","Strawberry","Magic Flower","Replay:Towering Pillar of Hats","Iron Hammer","DollysMirror","Juzu Bracelet","infinitespire:Lychee Nut","Frozen Egg 2","White Beast Statue","Paper Frog","Replay:Bottled Eggs","Ice Cream","ReplayTheSpireMod:ShopPack","Replay:Accelerometer","Replay:PocketPolymizer","infinitespire:FocusingShard","Incense Burner","Gremlin Horn","Thread and Needle","Circlet","infinitespire:CheckeredPen","infinitespire:Eraser","Molten Egg 2","Bottled Tornado","ReplayTheSpireMod:Ring of Collecting","Ring of Hypnosis","ReplayTheSpireMod:Ring of Exchange","ChewingGum","Fusion Hammer","SlaversCollar","infinitespire:EvilPickle","Cursed Key","Replay:Bronze Core","Pandora\u0027s Box","Busted Crown","BranchBurnRelic","ReplayTheSpireMod:SealedPack"],"acts_visited":["Exordium","TheCity","TheBeyond","Exordium"],"potions_floor_usage":[0],"damage_taken":[{"damage":0,"enemies":"Small Slimes","floor":1,"turns":1},{"damage":0,"enemies":"Jaw Worm","floor":2,"turns":1},{"damage":0,"enemies":"2 Louse","floor":4,"turns":1},{"damage":0,"enemies":"3 Sentries","floor":6,"turns":1},{"damage":0,"enemies":"Replay:BlueRogue","floor":8,"turns":1},{"damage":0,"enemies":"Lagavulin","floor":10,"turns":1},{"damage":0,"enemies":"Lots of Slimes","floor":14,"turns":1},{"damage":0,"enemies":"Hexaghost","floor":16,"turns":1},{"damage":0,"enemies":"Spheric Guardian","floor":18,"turns":1},{"damage":0,"enemies":"Chosen","floor":19,"turns":1},{"damage":0,"enemies":"Centurion and Healer","floor":21,"turns":1},{"damage":0,"enemies":"Gremlin Leader","floor":23,"turns":1},{"damage":0,"enemies":"Shelled Parasite and Fungi","floor":25,"turns":1},{"damage":0,"enemies":"Book of Stabbing","floor":28,"turns":1},{"damage":0,"enemies":"Gremlin Leader","floor":30,"turns":1},{"damage":0,"enemies":"Pondfish","floor":33,"turns":2},{"damage":0,"enemies":"3 Shapes","floor":35,"turns":1},{"damage":0,"enemies":"infinitespire:Three Voidlings","floor":37,"turns":1},{"damage":0,"enemies":"2 Orb Walkers","floor":47,"turns":1},{"damage":0,"enemies":"R_Hoarder","floor":48,"turns":2},{"damage":0,"enemies":"Donu and Deca","floor":52,"turns":1},{"damage":0,"enemies":"Awakened One","floor":53,"turns":2}],"seed_played":"8455925855416451724","potions_obtained":[{"floor":36,"key":"PowerPotion"}],"is_trial":false,"path_per_floor":["M","M","$","M","$","E","?","E","T","E","R","$","R","M","R_BF","B",null,"M","M","AVR","M","?","E","?","M","T","$","E","T","E","?","R","B",null,"M","?","?","T","$","R","PTL","PTL","R","AVR","T","?","?","E","$","$","R_BF","B","B",null],"character_chosen":"IRONCLAD","items_purchased":["Membership Card","ReplayTheSpireMod:Spearhead","ReplayTheSpireMod:Ninjato","PowerPotion","Twin Strike","ReplayTheSpireMod:LeadingStrike+1","Finesse","Toxic Egg 2","Divine Protection","Omamori","Replay:Lucky Slots","Flame Barrier+1","Armaments+1","Good Instincts+1","Sadistic Nature","infinitespire:ShieldingShard","Pen Nib","Armaments+1","Cleave","Rampage","Nunchaku","InkBottle","Sling","HeartOfIron","Spot Weakness+1","Barricade","Deep Breath+1","infinitespire:Satchel","CeramicFish","Lee\u0027s Waffle","Shrug It Off+1","Pommel Strike+1","Fire Breathing","Swift Strike","Bag of Preparation","Gambling Chip","Guide Book","Orichalcum","ReplayTheSpireMod:Shallot","Spot Weakness+1","Twin Strike","Cleave","Metallicize","Champion Belt","Mummified Hand","PowerPotion","Orrery","Lantern","Gremlin Food","Inflame","Shovel","Whetstone","Disarm+1","Swift Strike","Shrug It Off+1","StrikeDummy","TheAbacus","Ginger","Limit Break+1","Inflame","Sadistic Nature","Good Instincts+1","Matryoshka","Sundial","Frozen Eye","Girya","Eternal Feather","Medical Kit","Blue Doll","Singing Bowl","Metallicize","Good Instincts+1","Vajra","infinitespire:WardingShard","Feel No Pain","Counterbalance","Dream Catcher","Dark Embrace","Panacea+1","OrangePellets","Torii","StoneCalendar","Inflame","Enlightenment+1","Replay:Mystery Machine","Mercury Hourglass","Berserk","Reaper","Rage+1","Oddly Smooth Stone","Bird Faced Urn","Uppercut","infinitespire:Midas Blood","infinitespire:Golems Mask","Metallicize","Shrug It Off+1","Reaper","Chemical X","Quantum Egg","infinitespire:Lucky Rock","Anchor","Replay:WaspNest","Iron Wave","ClockworkSouvenir","Shuriken","Bronze Scales","Shrug It Off+1","Panache","Apotheosis+1","Blue Candle","Replay:Baseball","HandDrill","Whirlwind","Art of War","Boot","Question Card","Exhume+1","ReplayTheSpireMod:Brewmster","Blood Vial","Ornamental Fan","Chameleon Ring","Centennial Puzzle","Toolbox","Rage+1","Pocketwatch","Shrug It Off+1","Feel No Pain","Replay:Wax Seal","Mirror","ReplayUltimateDefense","Exhume+1","infinitespire:Bottled Soul","Mango","Potion Belt","Fruit Juice","Shrug It Off+1","infinitespire:Beetle Shell","Ancient Tea Set","Swift Potion","WingedGreaves","Replay:Ringing Soul","Shrug It Off+1","EntropicBrew","Darkstone Periapt","Golden Egg","Bottled Lightning","CaptainsWheel","Metallicize","Pantograph","infinitespire:Broken Mirror","infinitespire:PuzzleCube","Pondfish Scales","Replay:Bandana","Inflame","Replay:Arrowhead","Pear","Letter Opener","Red Skull","Fire Breathing","Offering+1","Kunai","Garlic","Bag of Marbles","Onion Ring","Demon Form","FossilizedHelix","Lizard Tail","infinitespire:BottledMercury","Panache","Feed+1","Tiny Chest","Regal Pillow","ReplayTheSpireMod:Lightbulb","Prayer Wheel","Offering+1","Meat on the Bone","Feed","Pet Ghost","Akabeko","Metallicize","Offering+1","PreservedInsect","ReplayTheSpireMod:TigerMarble","ReplayUltimateDefense","ReplayFunnel","HornCleat","King of Hearts","Snack Pack","Toy Ornithopter","Unceasing Top","Iron Wave","Bottled Flame","Shrug It Off+1","Metallicize","infinitespire:Joker Card","Self Forming Clay","Panache","Calipers","Happy Flower","infinitespire:EmpoweringShard","MealTicket","infinitespire:CursedDice","Replay:Rubber Ducky","Charon\u0027s Ashes","Shrug It Off+1","War Paint","Replay:Bottled Flurry","Strawberry","Magic Flower","Replay:Towering Pillar of Hats","Demon Form","Iron Hammer","DollysMirror","Juzu Bracelet","infinitespire:Lychee Nut","Berserk","Frozen Egg 2","Feel No Pain+1","Feed+1","White Beast Statue","Paper Frog","Replay:Bottled Eggs","Ice Cream","ReplayTheSpireMod:ShopPack","Replay:Accelerometer","Replay:PocketPolymizer","Metallicize+1","infinitespire:FocusingShard","Incense Burner","Metallicize+1","Panache+1","Gremlin Horn","Metallicize+1","Thread and Needle","Circlet","infinitespire:CheckeredPen","Replay:Many Hands+1","infinitespire:Eraser","Shrug It Off+1","Feel No Pain+1","Metallicize+1","Molten Egg 2","Inflame+1","Bottled Tornado","Juggernaut+1","Panache+1","Adrenaline Potion","Replay:Bootleg Shield Generator+1","Whirlwind+1","SlaversCollar","Replay:Bronze Core","Busted Crown","Feed+1"],"campfire_rested":2,"item_purchase_floors":[0,0,0,0,0,0,0,0,0,0,0,0,0,0,0,0,0,0,0,0,0,0,0,0,0,0,0,0,0,0,0,0,0,0,0,0,0,0,0,0,0,0,0,0,0,0,0,0,0,0,0,0,0,0,0,0,0,0,0,0,0,0,0,0,0,0,0,0,0,0,0,0,0,0,0,0,0,0,0,0,0,0,0,0,0,0,0,0,0,0,0,0,0,0,0,0,0,0,0,0,0,0,0,0,0,0,0,0,0,0,0,0,0,0,0,0,0,0,0,0,0,0,0,0,0,0,0,0,0,0,0,0,0,0,0,0,0,0,0,0,0,0,0,0,0,0,0,0,0,0,0,0,0,0,0,0,0,0,0,0,0,0,0,0,0,0,0,0,0,0,0,0,0,0,0,0,0,0,0,0,0,0,0,0,0,0,0,0,0,0,0,0,0,0,0,0,0,0,0,0,0,0,0,0,0,0,0,0,0,0,0,0,0,0,0,0,0,0,0,0,0,0,0,0,0,0,0,0,0,0,0,0,0,0,0,0,0,0,0,0,0,0,0,0,0,3,3,12,27,27,39,49,49],"current_hp_per_floor":[106,110,113,116,116,118,118,120,120,126,126,129,129,133,133,136,136,140,144,147,151,151,153,153,157,157,160,166,166,168,168,168,171,171,179,179,179,179,179,181,181,181,183,186,195,197,203,205,208,208,159,213,223,236,236],"gold":444,"neow_bonus":"","is_daily":false,"chose_seed":false,"campfire_upgraded":0,"win_rate":0.0,"timestamp":1607915979,"path_taken":["M","M","$","M","$","E","?","E","T","E","R","$","R","M","R_BF","BOSS","M","M","AVR","M","?","E","?","M","T","$","E","?","E","?","R","BOSS","M","?","?","?","$","R","PTL","PTL","R","AVR","T","?","?","E","?","$","R_BF","BOSS","BOSS"],"items_purchased_type":["Relic","Relic","Relic","Potion","Card","Card","Card","Relic","Relic","Relic","Relic","Card","Card","Card","Card","Relic","Relic","Card","Card","Card","Relic","Relic","Relic","Potion","Card","Card","Card","Relic","Relic","Relic","Card","Card","Card","Card","Relic","Relic","Relic","Relic","Relic","Card","Card","Card","Card","Relic","Relic","Potion","Relic","Relic","Relic","Card","Relic","Relic","Card","Card","Card","Relic","Relic","Relic","Card","Card","Card","Card","Relic","Relic","Relic","Relic","Relic","Relic","Relic","Relic","Card","Card","Relic","Relic","Card","Relic","Relic","Card","Card","Relic","Relic","Relic","Card","Card","Relic","Relic","Card","Card","Card","Relic","Relic","Card","Relic","Relic","Card","Card","Card","Relic","Relic","Relic","Relic","Relic","Card","Relic","Relic","Relic","Card","Card","Card","Relic","Relic","Relic","Card","Relic","Relic","Relic","Card","Card","Relic","Relic","Relic","Relic","Relic","Card","Relic","Card","Card","Relic","Relic","Card","Card","Relic","Relic","Relic","Potion","Card","Relic","Relic","Potion","Relic","Relic","Card","Potion","Relic","Relic","Relic","Relic","Card","Relic","Relic","Relic","Relic","Relic","Card","Relic","Relic","Relic","Relic","Card","Card","Relic","Relic","Relic","Relic","Card","Relic","Relic","Relic","Card","Card","Relic","Relic","Relic","Relic","Card","Relic","Card","Relic","Relic","Card","Card","Relic","Relic","Card","Relic","Relic","Relic","Relic","Relic","Relic","Card","Relic","Card","Card","Relic","Relic","Card","Relic","Relic","Relic","Relic","Relic","Relic","Relic","Card","Relic","Relic","Relic","Relic","Relic","Card","Relic","Relic","Relic","Relic","Card","Relic","Card","Card","Relic","Relic","Relic","Relic","Relic","Relic","Relic","Card","Relic","Relic","Card","Card","Relic","Card","Relic","Undefined","Relic","Card","Relic","Card","Card","Card","Relic","Card","Relic","Card","Card","Potion","Card","Card","Relic","Relic","Relic","Card"],"build_version":"2020-12-13","purchased_purges":15,"victory":false,"max_hp_per_floor":[106,110,113,116,116,118,118,120,120,126,126,129,129,133,133,136,136,140,144,147,151,151,153,153,157,157,160,166,166,168,168,168,171,171,179,179,179,179,179,181,181,181,183,186,195,197,203,205,208,208,211,213,223,236,236],"card_choices":[{"not_picked":["Barricade","Run Through"],"picked":"Inflame","floor":0},{"not_picked":["Anger","ReplayTheSpireMod:Stacked+1"],"picked":"Replay:Undeath\u0027s Touch","floor":0},{"not_picked":["Headbutt","Run Through"],"picked":"Cleave","floor":0},{"not_picked":["Body Slam","Flex+1"],"picked":"Replay:Undeath\u0027s Touch","floor":0},{"not_picked":["Heavy Blade","Second Wind+1"],"picked":"Twin Strike","floor":0},{"not_picked":["Magnetism","Violence","Apotheosis","The Bomb"],"picked":"Singing Bowl","floor":0},{"not_picked":["ReplayTheSpireMod:Trickstab","ReplayTheSpireMod:Uncanny Aura","Swift Strike","Purity"],"picked":"Singing Bowl","floor":0},{"not_picked":["Survey Options","Deep Breath","Panache","Good Instincts"],"picked":"Singing Bowl","floor":0},{"not_picked":["Shrug It Off+1","Headbutt+1","ReplayTheSpireMod:Strike From Hell+1","Disarm+1"],"picked":"Singing Bowl","floor":1},{"not_picked":["Reckless Charge+1","Whirlwind+1","Run Through+1","Clash+1"],"picked":"Singing Bowl","floor":1},{"not_picked":["Dual Wield+1","Wild Strike+1","Iron Wave+1","Pommel Strike+1"],"picked":"Singing Bowl","floor":2},{"not_picked":["True Grit+1","Pommel Strike+1","Life Link+1","Bloodletting+1"],"picked":"Singing Bowl","floor":2},{"not_picked":["Wild Strike+1","Carnage+1","Flex+1"],"picked":"Berserk+1","floor":4},{"not_picked":["Seeing Red+1","Run Through+1","Thunderclap+1"],"picked":"Rage+1","floor":4},{"not_picked":["Sever Soul+1","True Grit+1","infinitespire:OneForAll+1","Warcry+1"],"picked":"Singing Bowl","floor":6},{"not_picked":["ReplayTheSpireMod:LeadingStrike+1","Thunderclap+1","Dark Embrace+1","Sever Soul+1"],"picked":"Singing Bowl","floor":8},{"not_picked":["Headbutt+1","Armaments+1","Sword Boomerang+1","Limit Break+1"],"picked":"Singing Bowl","floor":10},{"not_picked":["Thunderclap+1","Twin Strike+1","Iron Wave+1","Fire Breathing+1"],"picked":"Singing Bowl","floor":14},{"not_picked":["True Grit+1","Headbutt+1","Defy Death+1","infinitespire:OneForAll+1"],"picked":"Singing Bowl","floor":14},{"not_picked":["Barricade+1","Bludgeon+1","Berserk+1"],"picked":"Offering+1","floor":16},{"not_picked":["Sword Boomerang+1","Headbutt+1","Clothesline+1","Twin Strike+1"],"picked":"Singing Bowl","floor":18},{"not_picked":["Warcry+1","infinitespire:OneForAll+1","Headbutt+1","Body Slam+1"],"picked":"Singing Bowl","floor":18},{"not_picked":["Fire Breathing+1","Cleave+1","Clothesline+1","Run Through+1"],"picked":"Singing Bowl","floor":19},{"not_picked":["Evolve+1","ReplayTheSpireMod:Muscle Training+1","Sword Boomerang+1","Clothesline+1"],"picked":"Singing Bowl","floor":19},{"not_picked":["True Grit+1","Anger+1","Havoc+1","ReplayTheSpireMod:Muscle Training+1"],"picked":"Singing Bowl","floor":21},{"not_picked":["Run Through+1","Flex+1","Intimidate+1","Life Link+1"],"picked":"Singing Bowl","floor":21},{"not_picked":["Reaper+1","Bloodletting+1","Bludgeon+1","Shrug It Off+1"],"picked":"Singing Bowl","floor":23},{"not_picked":["True Grit+1","Wild Strike+1","Combust+1","Heavy Blade+1"],"picked":"Singing Bowl","floor":25},{"not_picked":["ReplayTheSpireMod:LeadingStrike+1","Demonic Infusion+1","Iron Wave+1","Dual Wield+1"],"picked":"Singing Bowl","floor":25},{"not_picked":["Havoc+1","Headbutt+1","Pommel Strike+1","Sever Soul+1"],"picked":"Singing Bowl","floor":28},{"not_picked":["Havoc+1","Hemokinesis+1","Entrench+1","Replay:Undeath\u0027s Touch+1"],"picked":"Singing Bowl","floor":30},{"not_picked":["Demon Form+1","Brutality+1","Bludgeon+1"],"picked":"Offering+1","floor":33},{"not_picked":["Sword Boomerang+1","ReplayTheSpireMod:LeadingStrike+1","True Grit+1","Run Through+1"],"picked":"Singing Bowl","floor":35},{"not_picked":["Clash+1","Pommel Strike+1","Headbutt+1","Body Slam+1"],"picked":"Singing Bowl","floor":35},{"not_picked":["Defy Death+1","Clash+1","Abandon+1","Searing Blow+1"],"picked":"Singing Bowl","floor":40},{"not_picked":["Pommel Strike+1","Wild Strike+1","Pummel+1","Replay:Many Hands+1"],"picked":"Singing Bowl","floor":43},{"not_picked":["Dark Shackles+1","Finesse+1","Bandage Up+1","Replay:Parry+1"],"picked":"Singing Bowl","floor":46},{"not_picked":["Havoc+1","Perfected Strike+1","Body Slam+1","Blood for Blood+1"],"picked":"Singing Bowl","floor":47},{"not_picked":["Wild Strike+1","Replay:Undeath\u0027s Touch+1","Havoc+1","Juggernaut+1"],"picked":"Singing Bowl","floor":48},{"not_picked":["ReplayTheSpireMod:??????????????????????","infinitespire:FutureSight"],"picked":"infinitespire:UltimateForm","floor":51},{"not_picked":["Corruption+1","Replay:Many Hands+1"],"picked":"Singing Bowl","floor":52},{"not_picked":["Corruption+1","Bludgeon+1"],"picked":"Singing Bowl","floor":53},{"not_picked":["Survivor","Bash"],"picked":"Singing Bowl","floor":54},{"not_picked":["Corruption","Bludgeon"],"picked":"Singing Bowl","floor":54},{"not_picked":["Madness"],"picked":"Deep Breath","floor":54},{"not_picked":["infinitespire:SealOfDarkness+"],"picked":"infinitespire:Oblivion","floor":54}],"player_experience":2212255,"relics_obtained":[{"floor":6,"key":"Circlet"},{"floor":7,"key":"ReplayTheSpireMod:Ring of Collecting"},{"floor":7,"key":"Ring of Hypnosis"},{"floor":8,"key":"Circlet"},{"floor":9,"key":"Circlet"},{"floor":9,"key":"ReplayTheSpireMod:Ring of Exchange"},{"floor":10,"key":"Circlet"},{"floor":11,"key":"Circlet"},{"floor":23,"key":"Circlet"},{"floor":26,"key":"Circlet"},{"floor":26,"key":"Circlet"},{"floor":28,"key":"Circlet"},{"floor":29,"key":"Circlet"},{"floor":30,"key":"Circlet"},{"floor":38,"key":"Circlet"},{"floor":40,"key":"Circlet"},{"floor":43,"key":"Circlet"},{"floor":45,"key":"Circlet"},{"floor":47,"key":"Circlet"},{"floor":48,"key":"Circlet"}],"event_choices":[{"damage_healed":0,"gold_gain":0,"player_choice":"Obtained Relic","damage_taken":0,"relics_obtained":["Circlet"],"max_hp_gain":0,"max_hp_loss":0,"event_name":"Addict","floor":31,"gold_loss":85},{"damage_healed":0,"gold_gain":0,"player_choice":"Got Potions","damage_taken":0,"max_hp_gain":0,"max_hp_loss":0,"event_name":"Lab","floor":36,"gold_loss":0},{"damage_healed":0,"gold_gain":0,"player_choice":"Memory 1","damage_taken":0,"max_hp_gain":0,"max_hp_loss":0,"event_name":"SensoryStone","floor":46,"gold_loss":0},{"damage_healed":0,"gold_gain":0,"player_choice":"Fight","damage_taken":0,"max_hp_gain":0,"max_hp_loss":0,"event_name":"Mysterious Sphere","floor":47,"gold_loss":0}],"is_beta":false,"boss_relics":[{"not_picked":["Black Star","Snecko Eye"],"picked":"ChewingGum"},{"not_picked":["Honey Jar","Ring of Chaos"],"picked":"Cursed Key"},{"not_picked":["Velvet Choker","Replay:Drink Me"],"picked":"ReplayTheSpireMod:SealedPack"}],"items_purged_floors":[0,0,0,0,0,0,0,0,0,0,0,0,0,0,49],"is_endless":true,"potions_floor_spawned":[1,2,4,6,8,10,14,16,18,19,21,23,25,28,30,33,35,37,47,48,52,53],"ascension_level":20}}