{"host":"gzwwvnucm264f2jm","time":1607975847,"event":{"mods":["AchievementEnabler","BaseMod","Better Note","BetterRewards","Colored Map","Minty Spire (QoL Compilation)","Permanent Neow","Quick Restart","Rare Cards Sparkle","Slay-I","Spicy Shops","StSLib","SuperFastMode"],"gold_per_floor":[109,133,145,157,169,181,223,235,247,259,271,301,313,93,93,216,216,231,247,247,21,21,21,61,61,61,61,97,97,12,326,326,451,451,465,465,6,6,19,50,91,91,169,184,200,200,200,53,53,53],"floor_reached":51,"playtime":1640,"items_purged":["Regret"],"score":925,"play_id":"1c178b6f-f73d-453a-91cf-f6654dfaa61d","local_time":"20201214145727","daily_mods":["Draft","Vintage","Flight"],"is_ascension_mode":false,"campfire_choices":[{"data":"Capacitor","floor":6,"key":"SMITH"},{"data":"Loop","floor":8,"key":"SMITH"},{"data":"Glacier","floor":11,"key":"SMITH"},{"data":"Scrape","floor":15,"key":"SMITH"},{"data":"Defragment","floor":23,"key":"SMITH"},{"data":"Lockon","floor":25,"key":"SMITH"},{"data":"Tempest","floor":27,"key":"SMITH"},{"data":"Barrage","floor":32,"key":"SMITH"},{"data":"Force Field","floor":42,"key":"SMITH"},{"floor":49,"key":"REST"}],"circlet_count":0,"master_deck":["Conserve Battery+1","Genetic Algorithm+1","Loop+1","Ball Lightning+1","Glacier+1","Leap+1","Sweeping Beam+1","Gash+1","Capacitor+1","Tempest+1","Auto Shields+1","Force Field+1","Scrape+1","Loop+1","Aggregate+1","Seek+1","Defragment+1","Lockon+1","Barrage+1","Core Surge+1","Blind+1","Zap+1","Parasite","Injury"],"relics":["Cracked Core","MawBank","Toxic Egg 2","Bag of Preparation","Golden Idol","Odd Mushroom","Potion Belt","Kunai","Bag of Marbles","Medical Kit","Sozu","Regal Pillow","Matryoshka","ClockworkSouvenir","Strawberry","Nunchaku","Bottled Lightning","Pear","MutagenicStrength","Blood Vial","Old Coin","Cursed Key","Dream Catcher","DataDisk","Calipers","Mango","Oddly Smooth Stone","Ancient Tea Set","Bronze Scales","Question Card","Lizard Tail","Ornamental Fan","Mark of the Bloom","Prayer Wheel","Runic Capacitor"],"acts_visited":["Exordium","TheCity","TheBeyond"],"potions_floor_usage":[28,50],"damage_taken":[{"damage":0,"enemies":"2 Louse","floor":1,"turns":3},{"damage":2,"enemies":"Small Slimes","floor":2,"turns":2},{"damage":15,"enemies":"The Mushroom Lair","floor":7,"turns":3},{"damage":0,"enemies":"Jaw Worm","floor":12,"turns":3},{"damage":1,"enemies":"Slime Boss","floor":16,"turns":9},{"damage":0,"enemies":"Chosen","floor":18,"turns":4},{"damage":0,"enemies":"Spheric Guardian","floor":19,"turns":3},{"damage":16,"enemies":"Gremlin Leader","floor":24,"turns":7},{"damage":32,"enemies":"Book of Stabbing","floor":28,"turns":5},{"damage":6,"enemies":"Centurion and Healer","floor":31,"turns":4},{"damage":11,"enemies":"Champ","floor":33,"turns":6},{"damage":0,"enemies":"3 Shapes","floor":35,"turns":3},{"damage":0,"enemies":"Orb Walker","floor":39,"turns":2},{"damage":0,"enemies":"Nemesis","floor":40,"turns":3},{"damage":0,"enemies":"Giant Head","floor":41,"turns":6},{"damage":0,"enemies":"3 Darklings","floor":44,"turns":4},{"damage":0,"enemies":"Sphere and 2 Shapes","floor":45,"turns":3},{"damage":14,"enemies":"Time Eater","floor":50,"turns":7}],"seed_played":"7328874166479670211","potions_obtained":[{"floor":7,"key":"PotionOfCapacity"},{"floor":12,"key":"FocusPotion"}],"is_trial":true,"path_per_floor":["M","M","?","?","?","R","?","R","T","?","R","M","?","$","R","B",null,"M","M","?","$","?","R","E","R","T","R","E","?","?","M","R","B",null,"M","?","$","?","M","E","E","R","T","M","M","?","T","$","R","B",null],"character_chosen":"DEFECT","items_purchased":["Medical Kit","ClockworkSouvenir","Defragment","DataDisk","Calipers","Runic Capacitor"],"campfire_rested":1,"item_purchase_floors":[14,21,21,37,37,48],"current_hp_per_floor":[75,73,73,55,40,40,25,25,25,22,22,22,22,22,22,21,75,75,75,75,75,75,75,66,66,66,66,44,44,44,40,40,31,92,92,82,82,82,98,100,102,102,102,104,106,106,106,106,106,92],"gold":53,"neow_bonus":"","is_daily":false,"chose_seed":false,"campfire_upgraded":9,"win_rate":0.0,"timestamp":1607975847,"path_taken":["M","M","?","?","?","R","?","R","T","?","R","?","?","$","R","BOSS","M","M","?","$","?","R","E","R","T","R","E","?","?","?","R","BOSS","M","?","$","?","M","E","E","R","T","?","?","?","?","?","R","BOSS"],"items_purchased_type":["Relic","Relic","Card","Relic","Relic","Relic"],"build_version":"2020-12-13","purchased_purges":1,"victory":true,"max_hp_per_floor":[75,75,75,75,75,75,75,75,75,75,75,75,75,75,75,75,75,75,75,75,75,75,75,82,82,82,82,92,92,92,92,92,92,92,92,92,92,92,106,106,106,106,106,106,106,106,106,106,106,106],"card_choices":[{"not_picked":["Streamline","Aggregate"],"picked":"Conserve Battery","floor":0},{"not_picked":["Go for the Eyes","Lockon"],"picked":"Genetic Algorithm","floor":0},{"not_picked":["Sweeping Beam","Beam Cell"],"picked":"Loop","floor":0},{"not_picked":["Leap","Doom and Gloom"],"picked":"Ball Lightning","floor":0},{"not_picked":["Rip and Tear","Reinforced Body"],"picked":"Steam","floor":0},{"not_picked":["Sweeping Beam","Leap"],"picked":"Glacier","floor":0},{"not_picked":["Beam Cell","Lockon"],"picked":"Leap","floor":0},{"not_picked":["Rebound","Turbo"],"picked":"Sweeping Beam","floor":0},{"not_picked":["Rebound","Cold Snap"],"picked":"Gash","floor":0},{"not_picked":["Steam","Coolheaded"],"picked":"Capacitor","floor":0},{"not_picked":["Go for the Eyes","Redo"],"picked":"Tempest","floor":0},{"not_picked":["Beam Cell","Reprogram"],"picked":"Auto Shields","floor":0},{"not_picked":["Steam","Beam Cell"],"picked":"Force Field","floor":0},{"not_picked":["Genetic Algorithm","Redo"],"picked":"Scrape","floor":0},{"not_picked":["Leap","Compile Driver"],"picked":"Loop","floor":0},{"not_picked":["Steam+1","Storm"],"picked":"Aggregate+1","floor":7},{"not_picked":["Machine Learning","Thunder Strike"],"picked":"Seek+1","floor":16},{"not_picked":["Cold Snap","Static Discharge"],"picked":"Lockon","floor":24},{"not_picked":["FTL","Hello World"],"picked":"Barrage","floor":28},{"not_picked":["Hyperbeam","Thunder Strike"],"picked":"Core Surge","floor":33},{"not_picked":["Purity+1","Good Instincts+1"],"picked":"Blind+1","floor":36},{"not_picked":["Streamline","Heatsinks+1","Ball Lightning"],"picked":"SKIP","floor":40},{"not_picked":["Beam Cell+1","Ball Lightning+1","Chill+1"],"picked":"SKIP","floor":41}],"player_experience":425638,"relics_obtained":[{"floor":1,"key":"MawBank"},{"floor":2,"key":"Toxic Egg 2"},{"floor":7,"key":"Odd Mushroom"},{"floor":9,"key":"Potion Belt"},{"floor":12,"key":"Bag of Marbles"},{"floor":18,"key":"Regal Pillow"},{"floor":19,"key":"Matryoshka"},{"floor":24,"key":"Strawberry"},{"floor":26,"key":"Nunchaku"},{"floor":26,"key":"Bottled Lightning"},{"floor":28,"key":"Pear"},{"floor":31,"key":"Old Coin"},{"floor":35,"key":"Dream Catcher"},{"floor":39,"key":"Mango"},{"floor":40,"key":"Oddly Smooth Stone"},{"floor":41,"key":"Ancient Tea Set"},{"floor":43,"key":"Bronze Scales"},{"floor":43,"key":"Question Card"},{"floor":44,"key":"Lizard Tail"},{"floor":45,"key":"Ornamental Fan"},{"floor":47,"key":"Prayer Wheel"}],"event_choices":[{"damage_healed":0,"gold_gain":0,"player_choice":"Box","damage_taken":0,"relics_obtained":["Bag of Preparation"],"max_hp_gain":0,"max_hp_loss":0,"event_name":"Big Fish","floor":3,"gold_loss":0,"cards_obtained":["Regret"]},{"damage_healed":0,"gold_gain":0,"player_choice":"Take Damage","damage_taken":18,"relics_obtained":["Golden Idol"],"max_hp_gain":0,"max_hp_loss":0,"event_name":"Golden Idol","floor":4,"gold_loss":0},{"damage_healed":0,"gold_gain":0,"player_choice":"Entered Light","damage_taken":15,"max_hp_gain":0,"max_hp_loss":0,"event_name":"Shining Light","floor":5,"gold_loss":0,"cards_upgraded":["Sweeping Beam","Loop"]},{"damage_healed":0,"gold_gain":0,"player_choice":"Fought Mushrooms","damage_taken":0,"max_hp_gain":0,"max_hp_loss":0,"event_name":"Mushrooms","floor":7,"gold_loss":0},{"damage_healed":0,"gold_gain":0,"player_choice":"Success","damage_taken":3,"relics_obtained":["Kunai"],"max_hp_gain":0,"max_hp_loss":0,"event_name":"Scrap Ooze","floor":10,"gold_loss":0},{"damage_healed":0,"gold_gain":0,"player_choice":"Bought 0 Potions","damage_taken":0,"max_hp_gain":0,"max_hp_loss":0,"event_name":"The Woman in Blue","floor":13,"gold_loss":0},{"cards_removed":["Steam"],"damage_healed":0,"gold_gain":0,"player_choice":"Purged","damage_taken":0,"max_hp_gain":0,"max_hp_loss":0,"event_name":"Purifier","floor":20,"gold_loss":0},{"damage_healed":0,"gold_gain":0,"player_choice":"Ignored","damage_taken":0,"max_hp_gain":0,"max_hp_loss":0,"event_name":"betterNote:BetterNote","floor":22,"gold_loss":0,"cards_obtained":["Trip"]},{"damage_healed":0,"gold_gain":0,"player_choice":"Inject Mutagens","damage_taken":0,"relics_obtained":["MutagenicStrength"],"max_hp_gain":0,"max_hp_loss":0,"event_name":"Drug Dealer","floor":29,"gold_loss":0},{"damage_healed":0,"gold_gain":0,"player_choice":"Obtained Relic","damage_taken":0,"relics_obtained":["Blood Vial"],"max_hp_gain":0,"max_hp_loss":0,"event_name":"Addict","floor":30,"gold_loss":85},{"damage_healed":0,"gold_gain":0,"player_choice":"Memory 3","damage_taken":10,"max_hp_gain":0,"max_hp_loss":0,"event_name":"SensoryStone","floor":36,"gold_loss":0},{"damage_healed":0,"gold_gain":0,"player_choice":"1 cards matched","damage_taken":0,"max_hp_gain":0,"max_hp_loss":0,"event_name":"Match and Keep!","floor":38,"gold_loss":0,"cards_obtained":["Zap"]},{"damage_healed":0,"gold_gain":0,"player_choice":"Upgrade","damage_taken":0,"relics_obtained":["Mark of the Bloom"],"max_hp_gain":0,"max_hp_loss":0,"event_name":"MindBloom","floor":46,"gold_loss":0,"cards_upgraded":["Conserve Battery","Genetic Algorithm","Ball Lightning","Leap","Gash","Auto Shields","Core Surge"]}],"is_beta":false,"boss_relics":[{"not_picked":["Ectoplasm","SacredBark"],"picked":"Sozu"},{"not_picked":["Astrolabe","Black Star"],"picked":"Cursed Key"}],"items_purged_floors":[14],"is_endless":false,"potions_floor_spawned":[7,12,19,24,31,40,44],"ascension_level":0}}