{"host":"l85rtarfuh0ld3b1","time":1607951315,"event":{"mods":["Act Like it!","BaseMod","BetterRewards","CapriCore","Chen","Decade(王小明)","Gensokyo","KinomotoSakuraMod(木之本樱)","Koishi","Marisa（F雨　魔理沙）","Minty Spire (QoL Compilation)","Nova Terra(诺娃・泰拉)","Permanent Neow","Reimu（博丽灵梦）","Remilia（蕾米莉亚）","Shop Mod","StSLib","TestMod","The Administrix","The Immortal","The Servant 0.9.4","【东方二次创作】八云紫mod"],"gold_per_floor":[116,145,197,1637,1645,1674,1674,1702,1702,1727,1301,1328,1328,1328,1328,1424,1424,1436,1018,1018,1026,1424,1424,1457,1835,1902,1902,1933,1944,1956,1968,1968,2072,2072,2087,2065,2065,2112,2112,2136,2136,2148,2148,2179,2179,2224,2248,2258,2258,2258,2258,2258,2319,2353,2353],"floor_reached":56,"playtime":3009,"items_purged":["Strike_MRS","Strike_MRS","Defend_MRS","Strike_MRS","Strike_MRS","Defend_MRS","Defend_MRS","Injury","Clumsy","Defend_MRS","MasterSpark","UpSweep","Doubt","Orbital","Orbital","StarDustReverie+1","StarDustReverie+1","StarDustReverie+1","Flash of Steel","CasketOfStar+1","After Image+1","Offering+1"],"score":2867,"play_id":"489a089a-d67d-4b6a-9d87-eee752e5d274","local_time":"20201214210835","is_ascension_mode":true,"campfire_choices":[{"data":"StarlightTyphoon","floor":7.0,"key":"SMITH"},{"floor":13.0,"key":"RECALL"},{"data":"ManaRampage","floor":15.0,"key":"SMITH"},{"data":"MasterSpark","floor":23.0,"key":"PURGE"},{"data":"ManaConvection","floor":27.0,"key":"SMITH"},{"data":"ClowCardTheFly+1","floor":32.0,"key":"PURGE"},{"data":"testmod-Wormhole","floor":41,"key":"SMITH"},{"floor":45,"key":"DIG"},{"floor":49,"key":"DIG"},{"floor":52,"key":"DIG"}],"circlet_count":0,"master_deck":["AscendersBane","ManaConvection+1","StarlightTyphoon+1","Panache+1","ShootTheMoon+1","Parasite","Parasite","WitchLeyline+1","Finesse+1","testmod-Wormhole+1","ManaRampage+1","Solidify+1","TreasureHunter+1","EscapeVelocity+1","Orbital+1","Flash of Steel+1","FlawlessForm+1"],"relics":["BewitchedHakkero","testmod-TestBox","testmod-ConstraintPeriapt","MerchantsRug","CeramicFish","Ice Cream","Darkstone Periapt","Mastiff:ReiMu","Medical Kit","testmod-Laevatain","ShroomBag","Tiny Chest","SimpleLauncher","StoneCalendar","Chemical X","Toy Ornithopter","Shovel","testmod-Charity","testmod-IndustrialRevolution","HandDrill","testmod-ObsoleteBoomerang","ClockworkSouvenir","Unceasing Top","Omamori","Membership Card","Question Card","Dream Catcher","Blue Candle","Singing Bowl","testmod-Acrobat","Juzu Bracelet","AntiCross","Brimstone","Lizard Tail","testmod-EqualTreatment","Mummified Hand","HandmadeGrimoire","White Beast Statue","AmplifyWand","FossilizedHelix","Prayer Wheel","testmod-Alchemist","Memoryfragments_purpleEX","Peace Pipe","testmod-CyclicPeriapt","SproutingBranch","Smiling Mask","Bottled Tornado","testmod-DragonStarHat","Toxic Egg 2","Bottled Lightning","Ornamental Fan","Gremlin Horn","Gensokyo:ConquerorOfFear","SproutingBranch","testmod-Justice","HornCleat","InkBottle","Molten Egg 2","CaptainsWheel","Pocketwatch","MagicBroom","Bird Faced Urn","testmod-BlackFramedGlasses","testmod-CasingShield","testmod-CrystalShield","Turnip","testmod-Fortitude","testmod-Maize","testmod-IntensifyImprint","Incense Burner","CatCart","testmod-BouquetWithThorns","Du-Vu Doll","testmod-InjuryResistance","Thread and Needle","testmod-TheFather","Gambling Chip"],"acts_visited":["Gensokyo:Gensokyo","Gensokyo:Gensokyoer","TheBeyond","TheEnding"],"potions_floor_usage":[55,55],"damage_taken":[{"damage":0.0,"enemies":"Gensokyo:2_Kodama","floor":1.0,"turns":1.0},{"damage":89.0,"enemies":"Gensokyo:Cirno","floor":2.0,"turns":4.0},{"damage":100.0,"enemies":"Gensokyo:Aya","floor":6.0,"turns":1.0},{"damage":73.0,"enemies":"Gensokyo:Mamizou","floor":8.0,"turns":1.0},{"damage":0.0,"enemies":"Gensokyo:Gryphon","floor":10.0,"turns":1.0},{"damage":0.0,"enemies":"Gensokyo:Aya","floor":12.0,"turns":1.0},{"damage":1.0,"enemies":"Gensokyo:Reimu","floor":16.0,"turns":1.0},{"damage":0.0,"enemies":"Gensokyo:AngelMirror","floor":18.0,"turns":1.0},{"damage":0.0,"enemies":"Gensokyo:AngelMirror","floor":22.0,"turns":1.0},{"damage":0.0,"enemies":"Gensokyo:Reisen","floor":24.0,"turns":1.0},{"damage":3.0,"enemies":"Gensokyo:Tenshi","floor":28.0,"turns":1.0},{"damage":0.0,"enemies":"Gensokyo:2_Gloops","floor":29.0,"turns":1.0},{"damage":0.0,"enemies":"Gensokyo:Wraith","floor":30.0,"turns":1.0},{"damage":0.0,"enemies":"Gensokyo:Slime_Group","floor":31.0,"turns":1.0},{"damage":8.0,"enemies":"Gensokyo:Eiki","floor":33.0,"turns":1.0},{"damage":0.0,"enemies":"3 Darklings","floor":35.0,"turns":1.0},{"damage":0,"enemies":"2 Orb Walkers","floor":38,"turns":1},{"damage":1,"enemies":"Reptomancer","floor":40,"turns":1},{"damage":8,"enemies":"Orb Walker","floor":42,"turns":1},{"damage":0,"enemies":"Nemesis","floor":44,"turns":1},{"damage":0,"enemies":"Orin","floor":46,"turns":2},{"damage":0,"enemies":"4 Shapes","floor":48,"turns":1},{"damage":1,"enemies":"Time Eater","floor":50,"turns":1},{"damage":0,"enemies":"Shield and Spear","floor":54,"turns":1},{"damage":1,"enemies":"The Heart","floor":55,"turns":1}],"seed_played":"-7594172496768101570","potions_obtained":[{"floor":0.0,"key":"Swift Potion"},{"floor":0.0,"key":"LiquidMemories"},{"floor":0.0,"key":"testmod-EscapePotion"},{"floor":0.0,"key":"EssenceOfSteel"},{"floor":0.0,"key":"DistilledChaos"},{"floor":0.0,"key":"Swift Potion"},{"floor":0.0,"key":"LiquidMemories"},{"floor":0.0,"key":"testmod-EscapePotion"},{"floor":0.0,"key":"EssenceOfSteel"},{"floor":0.0,"key":"DistilledChaos"},{"floor":1.0,"key":"PowerPotion"},{"floor":2.0,"key":"ZuzhouPotion:ReiMu"},{"floor":6.0,"key":"SpeedPotion"},{"floor":8.0,"key":"Fire Potion"},{"floor":10.0,"key":"Weak Potion"},{"floor":12.0,"key":"testmod-SpacePotion"},{"floor":16.0,"key":"Energy Potion"},{"floor":18.0,"key":"GamblersBrew"},{"floor":24.0,"key":"FairyPotion"},{"floor":28.0,"key":"SneckoOil"},{"floor":29.0,"key":"GamblersBrew"},{"floor":30.0,"key":"Regen Potion"},{"floor":31.0,"key":"BottledSpark"},{"floor":33.0,"key":"testmod-TimePotion"},{"floor":35.0,"key":"BottledSpark"},{"floor":38,"key":"SpeedPotion"},{"floor":40,"key":"LiquidBronze"},{"floor":42,"key":"CultistPotion"},{"floor":44,"key":"GrandPatriotsElixir:ReiMu"},{"floor":46,"key":"BottledSpark"},{"floor":48,"key":"SneckoOil"},{"floor":54,"key":"PowerPotion"}],"is_trial":false,"path_per_floor":["M","?","T","$","?","E","R","E","T","M","$","E","R","T","R","B",null,"M","$","?","?","?","R","E","$","T","R","E","M","M","M","R","B",null,"M","$","T","?","?","E","R","M","T","E","R","?","T","M","R","B",null,"R","$","E","B",null],"character_chosen":"MARISA","items_purchased":["ManaConvection","Eternal Feather","Vajra","MerchantsRug","testmod-Nyarlathotep","testmod-IWantAll","CeramicFish","Anchor","Lee\u0027s Waffle","MealTicket","Ice Cream","Sling","Darkstone Periapt","testmod-LifeArmor","Frozen Eye","StarlightTyphoon","Panache","testmod-OneHitWonder","testmod-Motorcycle","PrismaticShard","Mastiff:ReiMu","testmod-ArcanaOfDestiny","Medical Kit","testmod-Laevatain","Shuriken","Boot","Art of War","Frozen Egg 2","Kunai","TheAbacus","ShootTheMoon","testmod-SpacePotion","ShroomBag","RuthlessExorcism:ReiMu","testmod-MagicalMallet","Mercury Hourglass","Ancient Tea Set","TentaclePot:ReiMu","WitchLeyline","Orbital","Bronze Scales","Tiny Chest","SimpleLauncher","Finesse","StarDustReverie","StoneCalendar","Bag of Marbles","Chemical X","TungstenRod","testmod-Antiphasic","testmod-Register","Ginger","War Paint","Toy Ornithopter","Shovel","testmod-Charity","testmod-Wormhole","testmod-IndustrialRevolution","BreadOfAWashokuLover","OrangePellets","testmod-FatalChain","Bag of Preparation","Strange Spoon","Regal Pillow","testmod-TurbochargingSystem","HandDrill","Sundial","Bottled Flame","testmod-Faith","testmod-ObsoleteBoomerang","Lantern","DollysMirror","Matryoshka","Blood Vial","ClockworkSouvenir","testmod-AssaultLearning","Akabeko","Toolbox","Unceasing Top","Tea:ReiMu","Oddly Smooth Stone","Omamori","Potion Belt","Membership Card","ScarletDevilRocket","Whetstone","Pen Nib","Question Card","Meat on the Bone","PreservedInsect","Orichalcum","Centennial Puzzle","testmod-RealStoneCalender","Cauldron","Dream Catcher","Pantograph","Strawberry","PureWhite:ReiMu","Flash of Steel","Blue Candle","Nunchaku","Singing Bowl","testmod-Déjàvu","Orrery","testmod-Acrobat","Happy Flower","Pear","Juzu Bracelet","Mango","Letter Opener","EntropicBrew","AntiCross","CrazyTorch:ReiMu","testmod-HeartOfDaVinci","ManaRampage","Brimstone","Red Skull","Lizard Tail","Toxic Egg 2","EntropicBrew","Torii","Pan","testmod-EqualTreatment","Fruit Juice","testmod-DragonStarHat","testmod-Justice","Mummified Hand","TreasureHunter","InkBottle","HandmadeGrimoire","EscapeVelocity+1","Paper Frog","EntropicBrew","testmod-CasingShield","Paper Crane","White Beast Statue","EntropicBrew","AmplifyWand","Snake Skull","testmod-SpacePotion","TwistedFunnel","Gremlin Horn","CasketOfStar+1","testmod-TheFather","TypeBBloodRedTea","Ornamental Fan","FossilizedHelix","RedBat","Prayer Wheel","Orbital+1","testmod-Hope","Bottled Lightning","testmod-SpacePotion","EntropicBrew","testmod-Alchemist","AdministrixMod:GoldenChickadee","testmod-SpacePotion","testmod-BlackFramedGlasses","testmod-BouquetWithThorns","EntropicBrew","Memoryfragments_purpleEX","Bottled Tornado","Molten Egg 2","EntropicBrew","HornCleat","Peace Pipe","WingedGreaves","Calipers","testmod-ThousandKnives","Fruit Juice","testmod-CyclicPeriapt","Flash of Steel+1","Bottled Tornado","testmod-DragonStarHat","Toxic Egg 2","Bottled Lightning","Ornamental Fan","Gremlin Horn","HornCleat","InkBottle","Calipers","testmod-BlackFramedGlasses","testmod-CasingShield","Thread and Needle","testmod-TheFather"],"campfire_rested":0,"item_purchase_floors":[0,0,0,0,0,0,0,0,0,0,0,0,0,0,0,0,0,0,0,0,0,0,0,0,0,0,0,0,0,0,0,0,0,0,0,0,0,0,0,0,0,0,0,0,0,0,0,0,0,0,0,0,0,0,0,0,0,0,0,0,0,0,0,0,0,0,0,0,0,0,0,0,0,0,0,0,0,0,0,0,0,0,0,0,0,0,0,0,0,0,0,0,0,0,0,0,0,0,0,0,0,0,0,0,0,0,0,0,0,0,0,0,0,0,0,0,0,0,0,0,0,0,0,0,0,0,0,0,0,0,0,0,0,0,0,0,0,0,0,0,0,0,0,0,0,0,0,0,0,0,0,0,0,0,0,0,0,0,0,0,0,0,0,0,0,0,0,0,0,0,0,4,11,11,11,19,19,19,25,25,36,36,36,53,53],"current_hp_per_floor":[249,214,216,326,327,235,235,172,172,179,180,190,190,190,190,209,389,400,400,400,401,418,418,434,450,451,451,460,478,492,499,499,500,541,561,573,573,581,581,593,593,602,602,621,621,624,625,630,630,643,643,643,652,662,682],"gold":2353,"neow_bonus":"","is_daily":false,"chose_seed":false,"campfire_upgraded":4,"win_rate":0.0,"timestamp":1607951315,"path_taken":["M","?","?","$","?","E","R","E","T","M","$","E","R","?","R","BOSS","M","$","?","?","?","R","E","$","T","R","E","M","M","M","R","BOSS","M","$","?","?","?","E","R","M","T","E","R","?","?","M","R","BOSS","R","$","E","BOSS"],"items_purchased_type":["Card","Relic","Relic","Relic","Relic","Relic","Relic","Relic","Relic","Relic","Relic","Relic","Relic","Relic","Relic","Card","Card","Relic","Relic","Relic","Relic","Relic","Relic","Relic","Relic","Relic","Relic","Relic","Relic","Relic","Card","Potion","Relic","Relic","Relic","Relic","Relic","Relic","Card","Card","Relic","Relic","Relic","Card","Card","Relic","Relic","Relic","Relic","Relic","Relic","Relic","Relic","Relic","Relic","Relic","Card","Relic","Relic","Relic","Relic","Relic","Relic","Relic","Relic","Relic","Relic","Relic","Relic","Relic","Relic","Relic","Relic","Relic","Relic","Relic","Relic","Relic","Relic","Relic","Relic","Relic","Relic","Relic","Relic","Relic","Relic","Relic","Relic","Relic","Relic","Relic","Relic","Relic","Relic","Relic","Relic","Relic","Card","Relic","Relic","Relic","Relic","Relic","Relic","Relic","Relic","Relic","Relic","Relic","Potion","Relic","Relic","Relic","Card","Relic","Relic","Relic","Relic","Potion","Relic","Relic","Relic","Potion","Relic","Relic","Relic","Card","Relic","Relic","Card","Relic","Potion","Relic","Relic","Relic","Potion","Relic","Relic","Potion","Relic","Relic","Card","Relic","Relic","Relic","Relic","Relic","Relic","Card","Relic","Relic","Potion","Potion","Relic","Relic","Potion","Relic","Relic","Potion","Relic","Relic","Relic","Potion","Relic","Relic","Relic","Relic","Relic","Potion","Relic","Card","Relic","Relic","Relic","Relic","Relic","Relic","Relic","Relic","Relic","Relic","Relic","Relic","Relic"],"build_version":"2020-12-13","purchased_purges":22,"victory":true,"max_hp_per_floor":[249,303,305,400,401,407,407,415,415,422,423,433,433,433,433,449,449,460,460,460,461,476,476,488,504,505,505,515,528,540,547,547,554,554,561,573,573,581,581,593,593,606,606,621,621,624,625,630,630,643,643,643,652,662,682],"card_choices":[{"not_picked":["AdvanceAttack_purple","ClowCardTheCloud","Slice","Headbutt"],"picked":"Singing Bowl","floor":0.0},{"not_picked":["DoubleSpark","Rip and Tear","EmptyFist","Stack"],"picked":"Singing Bowl","floor":0.0},{"not_picked":["Master of Strategy","AdministrixMod:CrackingPangu","Chen:Sweep","RunawayExorcism:ReiMu"],"picked":"Singing Bowl","floor":0.0},{"not_picked":["Advance","Koishi:Vanish","Worldmountain_purple","Expertise"],"picked":"Singing Bowl","floor":0.0},{"not_picked":["SpringWay:ReiMu","TimeWarp","FormRidePegasus","DC"],"picked":"Singing Bowl","floor":0.0},{"not_picked":["Rampage+1","MokouMod:BurningDraft+1","Cleave+1","Bane+1"],"picked":"Singing Bowl","floor":1.0},{"not_picked":["GalacticHalo+1","Lockon+1","NovaMod:TripleTap+1","Rebound+1"],"picked":"Singing Bowl","floor":1.0},{"not_picked":["ClowCardTheSand+1","ClowCardTheArrow+1","AdministrixMod:GuanyinBlessing+1","GrandCross+1"],"picked":"Singing Bowl","floor":2.0},{"not_picked":["PropBag","PowerUp","MeteoricShower","OneTimeOff"],"picked":"Singing Bowl","floor":6.0},{"not_picked":["DragonMeteor","GrandCross","NonDirectionalLaser","WitchLeyline"],"picked":"Singing Bowl","floor":8.0},{"not_picked":["WitchLeyline","SporeBomb","UnstableBomb","ShootTheMoon"],"picked":"Singing Bowl","floor":10.0},{"not_picked":["MillisecondPulsars","ShootingEcho","MysteriousBeam","PowerUp"],"picked":"Singing Bowl","floor":10.0},{"not_picked":["GalacticHalo+1","SprinkleStarSeal+1","ShootingEcho","GrandCross"],"picked":"Singing Bowl","floor":12.0},{"not_picked":["TreasureHunter","AbsoluteMagnitude","MillisecondPulsars","ManaRampage+1"],"picked":"Singing Bowl","floor":16.0},{"not_picked":["ManaConvection+1","PowerUp+1","DarkSpark","Robbery"],"picked":"Singing Bowl","floor":18.0},{"not_picked":["GravityBeat","Occultation+1","EventHorizon","NonDirectionalLaser"],"picked":"Singing Bowl","floor":18.0},{"not_picked":["EscapeVelocity","LuminesStrike","PowerUp+1","DarkMatter+1"],"picked":"Singing Bowl","floor":22.0},{"not_picked":["GravityBeat","AsteroidBelt+1","EnergyRecoil+1","JA"],"picked":"Singing Bowl","floor":24.0},{"not_picked":["BigCrunch+1","Orbital+1","MilkyWay+1","AsteroidBelt+1"],"picked":"Singing Bowl","floor":28.0},{"not_picked":["MilkyWay+1","DragonMeteor+1","MeteoricShower+1","GravityBeat+1"],"picked":"Singing Bowl","floor":29.0},{"not_picked":["LuminesStrike+1","Orbital+1","AsteroidBelt+1","ShootTheMoon+1"],"picked":"Singing Bowl","floor":29.0},{"not_picked":["AsteroidBelt+1","DeepEcoloBomb+1","LuminesStrike+1","MeteoricShower+1"],"picked":"Singing Bowl","floor":30.0},{"not_picked":["GravityBeat+1","OortCloud+1","SprinkleStarSeal+1","Acceleration+1"],"picked":"Singing Bowl","floor":30.0},{"not_picked":["WitchOfGreed","GasGiant+1","WitchLeyline+1","MillisecondPulsars"],"picked":"Singing Bowl","floor":31.0},{"not_picked":["GravityBeat+1","AsteroidBelt+1","MysteriousBeam+1","ChargingUp+1"],"picked":"Singing Bowl","floor":31.0},{"not_picked":["BigCrunch+1","SuperNova","StarDustReverie+1","CasketOfStar"],"picked":"Singing Bowl","floor":33.0},{"not_picked":["AsteroidBelt+1","LuminesStrike+1","DoubleSpark+1","GasGiant+1"],"picked":"Singing Bowl","floor":35.0},{"not_picked":["MagicChant+1","Singularity","GravityBeat+1","DoubleSpark+1"],"picked":"Singing Bowl","floor":35.0},{"not_picked":["MeteoricShower+1","Occultation+1","PowerUp+1","BlazeAway+1"],"picked":"Singing Bowl","floor":38},{"not_picked":["StarlightTyphoon+1","BlazingStar+1","NonDirectionalLaser+1","GravityBeat+1"],"picked":"Singing Bowl","floor":40},{"not_picked":["GrandCross+1","AsteroidBelt+1","MilkyWay+1","DC+1"],"picked":"Singing Bowl","floor":42},{"not_picked":["Acceleration+1","MaximisePower+1","OortCloud","EventHorizon+1"],"picked":"Singing Bowl","floor":42},{"not_picked":["EnergyFlow","OrrerysSun+1","ShootingEcho+1","StarlightTyphoon+1"],"picked":"Singing Bowl","floor":44},{"not_picked":["SporeBomb+1","UnstableBomb+1","LuminesStrike+1","ChargingUp+1"],"picked":"Singing Bowl","floor":46},{"not_picked":["MagicChant+1","Robbery+1","ManaConvection+1","PowerUp+1"],"picked":"Singing Bowl","floor":48},{"not_picked":["Orbital+1","GalacticHalo+1","LuminesStrike+1","FairyDestructionRay+1"],"picked":"Singing Bowl","floor":48},{"not_picked":["WitchLeyline+1","FinalSpark+1","FairyDestructionRay+1","DarkSpark+1"],"picked":"Singing Bowl","floor":54}],"player_experience":577985,"relics_obtained":[{"floor":2.0,"key":"SproutingBranch"},{"floor":3.0,"key":"KSMOD_TeddyBear"},{"floor":6.0,"key":"testmod-Hope"},{"floor":8.0,"key":"Smiling Mask"},{"floor":9.0,"key":"MawBank"},{"floor":12.0,"key":"testmod-Muramasa"},{"floor":14.0,"key":"StrikeDummy"},{"floor":22.0,"key":"Old Coin"},{"floor":22.0,"key":"SproutingBranch"},{"floor":22.0,"key":"Gensokyo:ConquerorOfFear"},{"floor":24.0,"key":"testmod-Justice"},{"floor":26.0,"key":"Molten Egg 2"},{"floor":28.0,"key":"CaptainsWheel"},{"floor":34.0,"key":"Pocketwatch"},{"floor":34.0,"key":"MagicBroom"},{"floor":34.0,"key":"Bird Faced Urn"},{"floor":37,"key":"testmod-CrystalShield"},{"floor":38,"key":"Turnip"},{"floor":40,"key":"testmod-Fortitude"},{"floor":43,"key":"testmod-Maize"},{"floor":44,"key":"testmod-IntensifyImprint"},{"floor":44,"key":"Incense Burner"},{"floor":45,"key":"testmod-Brilliant"},{"floor":46,"key":"CatCart"},{"floor":47,"key":"testmod-BouquetWithThorns"},{"floor":49,"key":"Du-Vu Doll"},{"floor":52,"key":"testmod-InjuryResistance"},{"floor":54,"key":"Gambling Chip"}],"event_choices":[{"damage_healed":0,"gold_gain":0,"player_choice":"Fight","damage_taken":0,"max_hp_gain":0,"max_hp_loss":0,"event_name":"Mysterious Sphere","floor":38,"gold_loss":0},{"cards_removed":["Orbital"],"damage_healed":0,"gold_gain":0,"player_choice":"Removed Skill","damage_taken":0,"max_hp_gain":0,"max_hp_loss":0,"event_name":"Falling","floor":39,"gold_loss":0},{"damage_healed":0,"gold_gain":0,"player_choice":"Fight","damage_taken":0,"max_hp_gain":0,"max_hp_loss":0,"event_name":"OrinTheCat","floor":46,"gold_loss":0}],"is_beta":false,"boss_relics":[{"not_picked":["Black Star","Runic Dome"],"picked":"BewitchedHakkero"},{"not_picked":["Coffee Dripper","testmod-DeterminationOfClimber"],"picked":"Calling Bell"}],"items_purged_floors":[0,0,0,0,0,0,0,0,0,0,0,0,0,0,0,0,0,0,4,11,19,36],"is_endless":false,"potions_floor_spawned":[1,2,6,8,10,12,16,18,24,28,29,30,31,33,35,38,40,42,44,46,48,54],"ascension_level":10}}