{"host":"36mulxq349byzoa2","time":1607947498,"event":{"mods":["AchievementEnabler","BaseMod","Better Match","Block Reminder","Colored Map","Colored Powertips","Minty Spire (QoL Compilation)","Rare Cards Sparkle","StSLib","SuperFastMode"],"gold_per_floor":[19,38,51,61,81,81,112,132,156,3,28,28,62,78,78,78,78],"floor_reached":16,"playtime":448,"items_purged":["Strike_R"],"score":124,"play_id":"082f2c49-76b0-42e4-b799-18774828167e","local_time":"20201214070458","is_ascension_mode":false,"campfire_choices":[{"floor":12,"key":"REST"},{"floor":15,"key":"REST"}],"circlet_count":0,"master_deck":["Strike_R+1","Strike_R+1","Defend_R","Defend_R","Defend_R","Bash","Disarm","Flex","Sword Boomerang","True Grit","Corruption","Whirlwind"],"relics":["Burning Blood","Ancient Tea Set","Whetstone","FossilizedHelix","PreservedInsect"],"acts_visited":["Exordium"],"potions_floor_usage":[7,11],"damage_taken":[{"damage":2,"enemies":"2 Louse","floor":1,"turns":3},{"damage":6,"enemies":"Cultist","floor":2,"turns":3},{"damage":7,"enemies":"Small Slimes","floor":3,"turns":5},{"damage":0,"enemies":"Blue Slaver","floor":4,"turns":6},{"damage":21,"enemies":"2 Fungi Beasts","floor":5,"turns":4},{"damage":39,"enemies":"Gremlin Nob","floor":7,"turns":5},{"damage":7,"enemies":"Exordium Thugs","floor":8,"turns":5},{"damage":27,"enemies":"3 Sentries","floor":11,"turns":4},{"damage":26,"enemies":"Lagavulin","floor":13,"turns":7},{"damage":0,"enemies":"Looter","floor":14,"turns":4},{"damage":45,"enemies":"The Guardian","floor":16,"turns":8}],"seed_played":"3419052804764172743","potions_obtained":[{"floor":1,"key":"SmokeBomb"},{"floor":4,"key":"ColorlessPotion"},{"floor":7,"key":"SkillPotion"},{"floor":13,"key":"SneckoOil"}],"is_trial":false,"path_per_floor":["M","M","M","M","M","?","E","M","T","$","E","R","E","M","R","B"],"character_chosen":"IRONCLAD","items_purchased":["Whirlwind"],"campfire_rested":2,"item_purchase_floors":[10],"current_hp_per_floor":[80,80,79,80,65,65,32,31,31,31,10,34,14,20,44,0,0],"gold":78,"neow_bonus":"REMOVE_TWO","is_daily":false,"chose_seed":false,"campfire_upgraded":0,"win_rate":0.0,"timestamp":1607947498,"path_taken":["M","M","M","M","M","?","E","M","T","$","E","R","E","M","R","BOSS"],"items_purchased_type":["Card"],"build_version":"2020-12-13","purchased_purges":1,"victory":false,"max_hp_per_floor":[80,80,80,80,80,80,80,80,80,80,80,80,80,80,80,80,80],"card_choices":[{"not_picked":["Power Through","Seeing Red","Dark Embrace"],"picked":"SKIP","floor":1},{"not_picked":["Dark Embrace","Thunderclap"],"picked":"Disarm","floor":2},{"not_picked":["Intimidate","Armaments"],"picked":"Flex","floor":3},{"not_picked":["Intimidate","Reckless Charge"],"picked":"Sword Boomerang","floor":4},{"not_picked":["Clash","Combust"],"picked":"True Grit","floor":5},{"not_picked":["Perfected Strike","Rampage"],"picked":"Corruption","floor":7},{"not_picked":["Perfected Strike","Havoc","Reckless Charge"],"picked":"SKIP","floor":8},{"not_picked":["Armaments","Iron Wave","Shrug It Off"],"picked":"SKIP","floor":11},{"not_picked":["Anger","Uppercut","Entrench"],"picked":"SKIP","floor":13},{"not_picked":["Wild Strike","Headbutt","Body Slam"],"picked":"SKIP","floor":14}],"player_experience":973470,"relics_obtained":[{"floor":7,"key":"Ancient Tea Set"},{"floor":9,"key":"Whetstone"},{"floor":11,"key":"FossilizedHelix"},{"floor":13,"key":"PreservedInsect"}],"event_choices":[{"cards_removed":["Strike_R"],"damage_healed":0,"gold_gain":0,"player_choice":"Purged","damage_taken":0,"max_hp_gain":0,"max_hp_loss":0,"event_name":"Purifier","floor":6,"gold_loss":0}],"is_beta":false,"boss_relics":[],"items_purged_floors":[10],"is_endless":false,"potions_floor_spawned":[1,4,7,13],"killed_by":"The Guardian","ascension_level":0}}