{"host":"r53pw7z744tg3fxg","time":1607963826,"event":{"mods":["AchievementEnabler","BaseMod","Colored Map","Colored Powertips","Highlight Path","Minty Spire (QoL Compilation)","Quick Restart","Transform Curses"],"gold_per_floor":[20,20,38,54,75,108,108,143,167,167,167,192,210,225,225,355,355,375,375,221,239,239,239,239,239],"floor_reached":24,"playtime":982,"items_purged":[],"score":334,"play_id":"50f648cd-ee67-42b6-b5f0-51f90d8e7df2","local_time":"20201214093706","is_ascension_mode":true,"campfire_choices":[{"floor":7.0,"key":"REST"},{"data":"Eruption","floor":11.0,"key":"SMITH"},{"floor":15.0,"key":"REST"},{"floor":23,"key":"REST"}],"circlet_count":0,"master_deck":["Strike_P","Strike_P","Strike_P","Strike_P","Defend_P","Defend_P","Defend_P","Defend_P","Eruption+1","Vigilance","Chrysalis","FlurryOfBlows","ReachHeaven","Consecrate","ClearTheMind","Crescendo","Evaluate","EmptyBody","FollowUp","WindmillStrike","PathToVictory","Judgement","Prostrate","SashWhip+1"],"relics":["PureWater","Golden Idol","Anchor","Lantern","Dream Catcher","Spirit Poop","Black Star","Happy Flower"],"acts_visited":["Exordium","TheCity"],"potions_floor_usage":[21],"damage_taken":[{"damage":0.0,"enemies":"2 Louse","floor":1.0,"turns":2.0},{"damage":0.0,"enemies":"Cultist","floor":3.0,"turns":2.0},{"damage":0.0,"enemies":"Jaw Worm","floor":4.0,"turns":2.0},{"damage":3.0,"enemies":"Lots of Slimes","floor":5.0,"turns":3.0},{"damage":13.0,"enemies":"Gremlin Nob","floor":6.0,"turns":5.0},{"damage":15.0,"enemies":"3 Sentries","floor":8.0,"turns":5.0},{"damage":0.0,"enemies":"Looter","floor":12.0,"turns":2.0},{"damage":8.0,"enemies":"Blue Slaver","floor":13.0,"turns":4.0},{"damage":13.0,"enemies":"Exordium Wildlife","floor":14.0,"turns":4.0},{"damage":0.0,"enemies":"Slime Boss","floor":16.0,"turns":5.0},{"damage":25.0,"enemies":"Chosen","floor":18.0,"turns":5.0},{"damage":17,"enemies":"2 Thieves","floor":21,"turns":4},{"damage":65,"enemies":"Gremlin Leader","floor":24,"turns":6}],"seed_played":"4104316137345497870","potions_obtained":[{"floor":3.0,"key":"BlessingOfTheForge"},{"floor":4.0,"key":"Weak Potion"},{"floor":8.0,"key":"Regen Potion"},{"floor":13.0,"key":"Ancient Potion"},{"floor":18.0,"key":"DuplicationPotion"}],"is_trial":false,"path_per_floor":["M","?","M","M","M","E","R","E","T","?","R","M","M","M","R","B",null,"M","?","$","M","?","R","E"],"character_chosen":"WATCHER","items_purchased":["Happy Flower"],"campfire_rested":3,"item_purchase_floors":[20],"current_hp_per_floor":[65,65,65,65,62,49,70,55,55,55,55,55,59,46,67,67,71,46,46,46,29,29,50,0,0],"gold":239,"neow_bonus":"RANDOM_COLORLESS_2","is_daily":false,"chose_seed":false,"campfire_upgraded":1,"win_rate":0.0,"timestamp":1607963826,"path_taken":["M","?","M","M","M","E","R","E","T","?","R","M","?","M","R","BOSS","M","?","$","M","?","R","E"],"items_purchased_type":["Relic"],"build_version":"2020-12-13","purchased_purges":0,"victory":false,"max_hp_per_floor":[72,72,72,72,72,72,72,72,72,72,72,72,72,72,72,72,72,72,72,72,72,72,72,72,72],"card_choices":[{"not_picked":["Secret Technique","Magnetism"],"picked":"Chrysalis","floor":0.0},{"not_picked":["ThirdEye","Worship"],"picked":"FlurryOfBlows","floor":1.0},{"not_picked":["TalkToTheHand","CrushJoints"],"picked":"ReachHeaven","floor":3.0},{"not_picked":["Crescendo","SandsOfTime"],"picked":"Consecrate","floor":4.0},{"not_picked":["CrushJoints","FlurryOfBlows"],"picked":"ClearTheMind","floor":5.0},{"not_picked":["EmptyBody","Wallop"],"picked":"Crescendo","floor":6.0},{"not_picked":["Establishment","Consecrate"],"picked":"Evaluate","floor":8.0},{"not_picked":["Weave","Protect"],"picked":"EmptyBody","floor":12.0},{"not_picked":["Tantrum","Sanctity"],"picked":"FollowUp","floor":13.0},{"not_picked":["Crescendo","Consecrate"],"picked":"WindmillStrike","floor":14.0},{"not_picked":["CutThroughFate","FollowUp"],"picked":"PathToVictory","floor":15.0},{"not_picked":["Wish","Scrawl"],"picked":"Judgement","floor":16.0},{"not_picked":["WindmillStrike","Wallop"],"picked":"Prostrate","floor":18.0},{"not_picked":["Nirvana","Prostrate","Protect"],"picked":"SKIP","floor":21},{"not_picked":["Study","WaveOfTheHand+1"],"picked":"SashWhip+1","floor":23}],"player_experience":1099463,"relics_obtained":[{"floor":6.0,"key":"Anchor"},{"floor":8.0,"key":"Lantern"},{"floor":9.0,"key":"Dream Catcher"}],"event_choices":[{"damage_healed":0.0,"max_hp_gain":0.0,"max_hp_loss":0.0,"gold_gain":0.0,"event_name":"Golden Idol","player_choice":"Take Wound","floor":2.0,"gold_loss":0.0,"damage_taken":0.0,"relics_obtained":["Golden Idol"],"cards_obtained":["Injury"]},{"cards_removed":["Injury"],"damage_healed":0.0,"max_hp_gain":0.0,"max_hp_loss":0.0,"gold_gain":0.0,"event_name":"Bonfire Elementals","player_choice":"Offered Curse","floor":10.0,"gold_loss":0.0,"damage_taken":0.0,"relics_obtained":["Spirit Poop"]},{"damage_healed":0.0,"max_hp_gain":0.0,"max_hp_loss":0.0,"gold_gain":0.0,"event_name":"Vampires","player_choice":"Ignored","floor":19.0,"gold_loss":0.0,"damage_taken":0.0},{"damage_healed":0,"gold_gain":0,"player_choice":"Ignored","damage_taken":0,"max_hp_gain":0,"max_hp_loss":0,"event_name":"Purifier","floor":22,"gold_loss":0}],"is_beta":false,"boss_relics":[{"not_picked":["Pandora\u0027s Box","Empty Cage"],"picked":"Black Star"}],"items_purged_floors":[],"is_endless":false,"potions_floor_spawned":[3,4,8,13,18],"killed_by":"Gremlin Leader","ascension_level":6}}