{"host":"znvnxllcillb3rtw","time":1607940098,"event":{"mods":["BaseMod","DeckTracker","Minty Spire (QoL Compilation)","Relic Stats","StSLib","SuperFastMode","everything is the same but u backflip on backflip"],"gold_per_floor":[114,128,147,297,310,342,342,342,342],"floor_reached":8,"playtime":2520,"items_purged":[],"score":116,"play_id":"e2218e7f-0bf0-4be9-b983-464452b5b066","local_time":"20201214190138","is_ascension_mode":true,"campfire_choices":[],"circlet_count":0,"master_deck":["AscendersBane","Strike_B","Strike_B","Strike_B","Strike_B","Defend_B","Defend_B","Defend_B","Defend_B","Zap","Dualcast","Lockon","Darkness","Steam","Defragment","Capacitor"],"relics":["Cracked Core","Mercury Hourglass"],"acts_visited":["Exordium"],"potions_floor_usage":[8],"damage_taken":[{"damage":7.0,"enemies":"Jaw Worm","floor":1.0,"turns":3.0},{"damage":7.0,"enemies":"Small Slimes","floor":2.0,"turns":3.0},{"damage":1.0,"enemies":"2 Louse","floor":3.0,"turns":2.0},{"damage":12.0,"enemies":"Lots of Slimes","floor":5.0,"turns":5.0},{"damage":24.0,"enemies":"Lagavulin","floor":6.0,"turns":6.0},{"damage":20,"enemies":"3 Sentries","floor":8,"turns":4}],"seed_played":"2092748327121919103","potions_obtained":[{"floor":1.0,"key":"SneckoOil"},{"floor":3.0,"key":"EssenceOfSteel"},{"floor":5.0,"key":"PotionOfCapacity"},{"floor":6.0,"key":"Fire Potion"}],"is_trial":false,"path_per_floor":["M","M","M","?","M","E","?","E"],"character_chosen":"DEFECT","items_purchased":[],"campfire_rested":0,"item_purchase_floors":[],"current_hp_per_floor":[64,57,56,56,44,20,20,0,0],"gold":342,"neow_bonus":"TEN_PERCENT_HP_BONUS","is_daily":false,"chose_seed":false,"campfire_upgraded":0,"win_rate":0.0,"timestamp":1607940098,"path_taken":["M","M","M","?","M","E","?","E"],"items_purchased_type":[],"build_version":"2020-12-13","purchased_purges":0,"victory":false,"max_hp_per_floor":[78,78,78,78,78,78,78,78,78],"relic_stats":{"counters":[6,23],"obtain_stats":[{"Cracked Core":0,"Mercury Hourglass":6},{"Cracked Core":0,"Mercury Hourglass":5},{"Cracked Core":0,"Mercury Hourglass":19}],"Mercury Hourglass":[27]},"card_choices":[{"not_picked":["Storm","Self Repair"],"picked":"Lockon","floor":1.0},{"not_picked":["Ball Lightning","Streamline"],"picked":"Darkness","floor":2.0},{"not_picked":["Cold Snap","Storm"],"picked":"Steam","floor":3.0},{"not_picked":["Melter","Stack"],"picked":"Defragment","floor":5.0},{"not_picked":["Compile Driver","Streamline"],"picked":"Capacitor","floor":6.0}],"player_experience":2863374,"relics_obtained":[{"floor":6.0,"key":"Mercury Hourglass"}],"event_choices":[{"damage_healed":0.0,"max_hp_gain":0.0,"max_hp_loss":0.0,"gold_gain":150.0,"event_name":"Liars Game","player_choice":"AGREE","floor":4.0,"gold_loss":0.0,"damage_taken":0.0,"cards_obtained":["Doubt"]},{"cards_removed":["Doubt"],"damage_healed":0,"gold_gain":0,"player_choice":"Forget","damage_taken":0,"max_hp_gain":0,"max_hp_loss":0,"event_name":"Living Wall","floor":7,"gold_loss":0}],"is_beta":false,"boss_relics":[],"items_purged_floors":[],"is_endless":false,"potions_floor_spawned":[1,3,5,6],"killed_by":"3 Sentries","ascension_level":20}}