{"host":"h8bshyl4dp77d6d9","time":1607984225,"event":{"mods":["AchievementEnabler","Aspiration","BaseMod","Better Altar","Better Match","Better Note","Better Sensory Stone","Better Skull","Better Third Choice","BetterRewards","CCEM","Colored Map","Downfall","GifTheSpireLib","Halation","Highlight Path","Hubris","Minty Spire (QoL Compilation)","Permanent Neow","Replay The Spire","Spicy Shops","StSLib","Stuff the Spire","Unceasing Turn Reminder"],"gold_per_floor":[99,99,114,114,114,127,195,195,195,227,238,248,248,264,282,385,385,385,397,397,397,397],"floor_reached":21,"playtime":2341,"items_purged":[],"score":179,"play_id":"85b51eb8-4345-43cd-8bd8-ecaad663874b","local_time":"20201215001705","is_ascension_mode":false,"campfire_choices":[{"data":"Guardian:TimeSifter","floor":1,"key":"SMITH"},{"data":"Guardian:TimeCapacitor","floor":5,"key":"SMITH"},{"data":"Guardian:CurlUp","floor":9,"key":"SMITH"},{"floor":18,"key":"DIG"}],"circlet_count":0,"master_deck":["Guardian:Strike_Guardian","Guardian:Strike_Guardian","Guardian:Strike_Guardian","Guardian:Strike_Guardian","Guardian:Defend_Guardian","Guardian:Defend_Guardian","Guardian:Defend_Guardian","Guardian:Defend_Guardian","Guardian:CurlUp+1","Guardian:TwinSlam","Overencumbered","Guardian:TimeSifter+1","Guardian:TimeCapacitor+1","Guardian:ChargeCore","Guardian:Recover","Guardian:Suspension","Guardian:Recover","Guardian:StasisField","Guardian:Suspension+1"],"relics":["Guardian:ModeShifter","Ornamental Fan","TungstenRod","aspiration:HummingbirdHeart","Black Star","Happy Flower"],"acts_visited":["Exordium","TheCity"],"potions_floor_usage":[10,16,21],"damage_taken":[{"damage":6,"enemies":"Jaw Worm","floor":3,"turns":3},{"damage":5,"enemies":"Small Slimes","floor":6,"turns":4},{"damage":17,"enemies":"3 Sentries","floor":10,"turns":12},{"damage":0,"enemies":"Cultist","floor":11,"turns":4},{"damage":2,"enemies":"Blue Slaver","floor":12,"turns":4},{"damage":11,"enemies":"Gremlin Gang","floor":14,"turns":8},{"damage":4,"enemies":"Exordium Wildlife","floor":15,"turns":5},{"damage":1,"enemies":"downfall:Watcher","floor":16,"turns":17},{"damage":0,"enemies":"3 Byrds","floor":19,"turns":6},{"damage":95,"enemies":"Gremlin Leader","floor":21,"turns":11}],"seed_played":"2221105992220223879","potions_obtained":[{"floor":4,"key":"SmokeBomb"},{"floor":4,"key":"Guardian:BlockOnCardUsePotion"},{"floor":4,"key":"LiquidMemories"},{"floor":10,"key":"Languid Potion"},{"floor":12,"key":"Weak Potion"},{"floor":16,"key":"ColorlessPotion"}],"is_trial":false,"path_per_floor":["R","?","M","?","R","M","T","?","R","E","M","M","T","M","M","B",null,"R_BF","M","?","E"],"character_chosen":"GUARDIAN","items_purchased":[],"campfire_rested":0,"item_purchase_floors":[],"current_hp_per_floor":[80,80,74,74,74,69,69,69,69,52,52,50,50,39,35,34,80,80,80,80,0,0],"gold":397,"neow_bonus":"THREE_RARE_CARDS","is_daily":false,"chose_seed":false,"campfire_upgraded":3,"win_rate":0.0,"timestamp":1607984225,"path_taken":["R","?","M","?","R","?","T","?","R","E","M","?","?","?","M","BOSS","R_BF","M","?","E"],"items_purchased_type":[],"build_version":"2020-12-13","purchased_purges":0,"victory":false,"max_hp_per_floor":[80,80,80,80,80,80,80,80,80,80,80,80,80,80,80,80,80,80,80,80,80,80],"card_choices":[{"not_picked":["Guardian:FierceBash","Guardian:HyperBeam_Guardian"],"picked":"Guardian:TimeSifter","floor":0},{"not_picked":["Guardian:Preprogram","Guardian:ArmoredProtocol"],"picked":"Guardian:TimeCapacitor","floor":3},{"not_picked":["Guardian:Gem_Green","Guardian:PrimingBeam"],"picked":"Guardian:ChargeCore","floor":6},{"not_picked":["Guardian:Incinerate","Guardian:Gem_Crimson"],"picked":"Guardian:Recover","floor":10},{"not_picked":["Guardian:ShieldCharger","Guardian:Gem_Crimson"],"picked":"Guardian:Suspension","floor":11},{"not_picked":["Guardian:WalkerClaw","Guardian:VentSteam"],"picked":"Guardian:Recover","floor":12},{"not_picked":["Guardian:TemporalShield","Guardian:ChargeCore"],"picked":"Guardian:Gem_Orange","floor":14},{"not_picked":["Guardian:PrismaticBarrier","Guardian:TemporalShield"],"picked":"Guardian:Gem_Green","floor":15},{"not_picked":["Guardian:TimeSifter","Guardian:ExploitGems"],"picked":"Guardian:StasisField","floor":16},{"not_picked":["Guardian:RollAttack+1","Guardian:DecasProtection"],"picked":"Guardian:Suspension+1","floor":19}],"player_experience":15898,"relics_obtained":[{"floor":7,"key":"Ornamental Fan"},{"floor":10,"key":"TungstenRod"},{"floor":13,"key":"aspiration:HummingbirdHeart"},{"floor":18,"key":"Happy Flower"}],"event_choices":[{"damage_healed":0,"gold_gain":0,"player_choice":"Got Potions","damage_taken":0,"max_hp_gain":0,"max_hp_loss":0,"event_name":"Lab","floor":4,"gold_loss":0},{"damage_healed":0,"gold_gain":0,"player_choice":"Ignored","damage_taken":0,"max_hp_gain":0,"max_hp_loss":0,"event_name":"betterNote:BetterNote","floor":20,"gold_loss":0,"cards_obtained":["hexamod:StepThrough"]}],"is_beta":false,"boss_relics":[{"not_picked":["Runic Dome","hubris:ScarierMask"],"picked":"Black Star"}],"items_purged_floors":[],"is_endless":false,"potions_floor_spawned":[10,11,12,16],"killed_by":"Gremlin Leader","ascension_level":0}}