{"host":"ks12kfi5c4d9hdxy","time":1607986666,"event":{"mods":["BaseMod","Conspire","GifTheSpireLib","Koishi","LagranYue(拉格朗・月)","Marisa（F雨　魔理沙）","Minty Spire (QoL Compilation)","Reimu（博丽灵梦）","Remilia（蕾米莉亚）","Replay The Spire","RumiaBox-露米娅的神秘盒子","StSLib","SuperFastMode","The Administrix","The Servant 0.9.4","Youmu（魂魄妖梦）","Yuyuko","【功能Mod】混沌之环修复补丁","【功能Mod】聪明的最终Boss","篝火指南"],"gold_per_floor":[369,369,389,389,404,404,429,449,449,449,483,483,483,483,483],"floor_reached":14,"playtime":214,"items_purged":[],"score":234,"play_id":"5da3aedc-23bd-4f45-8d35-8618998f55ab","local_time":"20201215065746","is_ascension_mode":true,"campfire_choices":[{"floor":6,"key":"REST"},{"floor":10,"key":"REST"},{"floor":13,"key":"REST"}],"circlet_count":0,"master_deck":["Strike_MRS","Strike_MRS","Strike_MRS","Strike_MRS","Defend_MRS","Defend_MRS+1","Defend_MRS","Defend_MRS","MasterSpark","UpSweep","AdministrixMod:Daybreak","Eruption+1","DeepEcoloBomb","AsteroidBelt","DeepEcoloBomb","MaximisePower"],"relics":["MiniHakkero","LagranYue:RandomDrawCardRelic","Baka2","LastBattle","MagicDraw1","White Beast Statue","Replay:Rubber Ducky"],"acts_visited":["Exordium"],"potions_floor_usage":[11,11,14],"damage_taken":[{"damage":9,"enemies":"Jaw Worm","floor":1,"turns":3},{"damage":24,"enemies":"Small Slimes","floor":3,"turns":2},{"damage":0,"enemies":"Cultist","floor":5,"turns":3},{"damage":0,"enemies":"Gremlin Nob","floor":7,"turns":3},{"damage":12,"enemies":"Large Slime","floor":8,"turns":5},{"damage":37,"enemies":"3 Sentries","floor":11,"turns":3},{"damage":50,"enemies":"Lagavulin","floor":14,"turns":2}],"seed_played":"-6927168057189866037","potions_obtained":[{"floor":1,"key":"LifebloodPotion"},{"floor":7,"key":"Regen Potion"},{"floor":11,"key":"ZuzhouPotion:ReiMu"}],"is_trial":false,"path_per_floor":["M","?","M","?","M","R","E","M","T","R","E","?","R","E"],"character_chosen":"MARISA","items_purchased":[],"campfire_rested":3,"item_purchase_floors":[],"current_hp_per_floor":[54,33,9,9,9,30,30,30,30,51,23,12,33,0,0],"gold":483,"neow_bonus":"TWO_FIFTY_GOLD","is_daily":false,"chose_seed":false,"campfire_upgraded":0,"win_rate":0.0,"timestamp":1607986666,"path_taken":["M","?","M","?","?","R","E","M","T","R","E","?","R","E"],"items_purchased_type":[],"build_version":"2020-12-13","purchased_purges":0,"victory":false,"max_hp_per_floor":[70,70,70,70,70,70,70,70,70,70,70,70,70,70,70],"card_choices":[{"not_picked":["WitchLeyline","GalacticHalo"],"picked":"DeepEcoloBomb","floor":1},{"not_picked":["MagicChant","PulseMagic"],"picked":"AsteroidBelt","floor":3},{"not_picked":["PowerUp","Robbery"],"picked":"DeepEcoloBomb","floor":5},{"not_picked":["MilkyWay","EnergyRecoil"],"picked":"MaximisePower","floor":7},{"not_picked":["WitchOfGreed","MagicChant","DC"],"picked":"SKIP","floor":8},{"not_picked":["SuperPerseids","SporeBomb","DC"],"picked":"SKIP","floor":11}],"player_experience":496714,"relics_obtained":[{"floor":1,"key":"Baka"},{"floor":3,"key":"Baka2"},{"floor":7,"key":"LastBattle"},{"floor":9,"key":"MagicDraw1"},{"floor":11,"key":"White Beast Statue"}],"event_choices":[{"damage_healed":0,"gold_gain":0,"player_choice":"Entered Light","damage_taken":21,"max_hp_gain":0,"max_hp_loss":0,"event_name":"Shining Light","floor":2,"gold_loss":0,"cards_upgraded":["Eruption","Defend_MRS"]},{"damage_healed":0,"gold_gain":0,"player_choice":"0 cards matched","damage_taken":0,"max_hp_gain":0,"max_hp_loss":0,"event_name":"Match and Keep!","floor":4,"gold_loss":0,"cards_obtained":[]},{"damage_healed":0,"gold_gain":0,"player_choice":"Success","damage_taken":11,"relics_obtained":["Replay:Rubber Ducky"],"max_hp_gain":0,"max_hp_loss":0,"event_name":"Scrap Ooze","floor":12,"gold_loss":0}],"is_beta":false,"boss_relics":[],"items_purged_floors":[],"is_endless":false,"potions_floor_spawned":[1,7,8,11],"killed_by":"Lagavulin","ascension_level":18}}