{"host":"0cnf9zf1gia27zti","time":1607972371,"event":{"mods":["BaseMod","BetterRewards","Card Forge","Colored Map","Colored Powertips","Conspire","Downfall","Minty Spire (QoL Compilation)","Quick Restart","Replay The Spire","Shade Mod","Spicy Shops","StSLib"],"gold_per_floor":[109,9,63,74,74,74,93,93,93,93,93,118,136,136,136,212,212,199,42,52,52,65,65,65,65,65,65,81,81,91,15,15,91,91,108,108,121,138,158,158,169,169,196,196,42,42,42,101,101,101],"floor_reached":51,"playtime":4371,"items_purged":["Strike_B","Strike_B"],"score":1391,"play_id":"21d02450-0e1a-4026-bb01-fd09799db3f5","local_time":"20201214185931","is_ascension_mode":true,"campfire_choices":[{"data":"ReplayTheSpireMod:Brewmster","floor":6,"key":"SMITH"},{"data":"Defragment","floor":8,"key":"SMITH"},{"data":"ReplayTheSpireMod:Dual Polarity","floor":15,"key":"SMITH"},{"data":"Redo","floor":23,"key":"SMITH"},{"data":"Zap","floor":25,"key":"SMITH"},{"data":"ReplayRNGCard","floor":27,"key":"SMITH"},{"data":"Sweeping Beam","floor":29,"key":"SMITH"},{"data":"Defragment","floor":32,"key":"SMITH"},{"data":"Blizzard","floor":40,"key":"SMITH"},{"floor":42,"key":"REST"},{"data":"Ball Lightning","floor":44,"key":"SMITH"},{"data":"Sweeping Beam","floor":47,"key":"SMITH"},{"data":"Crystallizer","floor":49,"key":"SMITH"}],"circlet_count":0,"master_deck":["AscendersBane","Strike_B","Defend_B","Defend_B","Defend_B+1","Zap+1","Dualcast+1","ReplayTheSpireMod:Brewmster+1","Defragment+1","Leap+1","Master of Strategy","Sweeping Beam+1","ReplayTheSpireMod:Dual Polarity+1","Redo+1","Blizzard+1","Capacitor","Crystallizer+1","Cold Snap","ReplayRNGCard+1","Double Energy+1","ReplayTheSpireMod:Brewmster+1","Zap+1","Panic Button","Defragment+1","Panic Button+1","Sweeping Beam+1","BasicCrystalCard+1","Conserve Battery+1","Redo+1","Defragment+1","Ball Lightning+1","Tempest"],"relics":["Cracked Core","Hammer of Thor","Seething Fire","Anvil of the Gods","Gambling Chip","Omamori","BargainBundle","Thread and Needle","Toy Ornithopter","Unceasing Top","Nunchaku","Cursed Key","DollysMirror","Lizard Tail","Counterbalance","Lantern","Ring of Chaos","Prayer Wheel","Bronze Scales","Membership Card","Replay:Accelerometer"],"acts_visited":["Exordium","TheCity","TheBeyond"],"potions_floor_usage":[4,4,4,4,4,4,4,4,4,4,4,7,12,12,12,12,13,13,13,13,16,16,16,16,16,16,16,16,18,18,20,20,20,22,22,22,22,22,22,22,22,22,28,28,28,28,28,30,30,30,30,30,30,33,33,33,33,33,33,33,33,33,35,35,35,35,37,37,37,37,37,38,38,38,38,38,38,38,38,38,39,39,39,39,39,41,41,50,50,50,50,50,50,50,50,50,50,50,50,50,50],"damage_taken":[{"damage":0,"enemies":"Cultist","floor":1,"turns":4},{"damage":0,"enemies":"2 Louse","floor":4,"turns":16},{"damage":0,"enemies":"Small Slimes","floor":7,"turns":2},{"damage":10,"enemies":"Gremlin Nob","floor":12,"turns":5},{"damage":12,"enemies":"Exordium Wildlife","floor":13,"turns":4},{"damage":0,"enemies":"Fading Forest","floor":16,"turns":11},{"damage":2,"enemies":"2 Thieves","floor":18,"turns":4},{"damage":0,"enemies":"Spheric Guardian","floor":20,"turns":4},{"damage":2,"enemies":"Snecko","floor":22,"turns":12},{"damage":0,"enemies":"Cultist and Chosen","floor":28,"turns":5},{"damage":1,"enemies":"3 Cultists","floor":30,"turns":5},{"damage":8,"enemies":"Automaton","floor":33,"turns":7},{"damage":15,"enemies":"Orb Walker","floor":35,"turns":4},{"damage":2,"enemies":"3 Darklings","floor":37,"turns":6},{"damage":36,"enemies":"Writhing Mass","floor":38,"turns":7},{"damage":24,"enemies":"Spire Growth","floor":39,"turns":5},{"damage":29,"enemies":"Sphere and 2 Shapes","floor":41,"turns":3},{"damage":80,"enemies":"conspire:OrnateMirror","floor":50,"turns":10}],"seed_played":"6062826360535600089","potions_obtained":[{"floor":4,"key":"SteroidPotion"},{"floor":28,"key":"Guardian:BlockOnCardUsePotion"},{"floor":37,"key":"Energy Potion"},{"floor":41,"key":"GamblersBrew"},{"floor":48,"key":"LiquidBronze"}],"is_trial":false,"path_per_floor":["M","$","T","M","$","R","M","R","T","?","?","E","M","?","R","B",null,"M","$","M","?","M","R","?","R","T","R","M","R","M","$","R","B",null,"M","$","M","M","M","R","M","R","T","R","$","?","R","?","R","B",null],"character_chosen":"DEFECT","items_purchased":["Gambling Chip","Omamori","ReplayTheSpireMod:Brewmster","BargainBundle","Defragment","Leap+1","Master of Strategy","Thread and Needle","Sweeping Beam","ReplayTheSpireMod:Dual Polarity","DollysMirror","Lantern","Membership Card"],"campfire_rested":1,"item_purchase_floors":[0,0,0,0,0,0,0,0,0,0,19,31,45],"current_hp_per_floor":[25,25,25,75,75,75,75,75,75,75,60,75,75,75,75,75,75,73,73,75,75,75,75,75,75,75,75,75,75,75,75,75,75,75,75,75,75,64,65,65,46,68,68,68,68,68,68,68,68,65],"gold":101,"neow_bonus":"","is_daily":false,"chose_seed":false,"campfire_upgraded":12,"win_rate":0.0,"timestamp":1607972371,"path_taken":["M","$","?","M","$","R","M","R","T","?","?","E","M","?","R","BOSS","M","$","?","?","M","R","?","R","T","R","?","R","M","$","R","BOSS","M","$","M","M","?","R","M","R","T","R","$","?","R","?","R","BOSS"],"items_purchased_type":["Relic","Relic","Card","Relic","Card","Card","Card","Relic","Card","Card","Relic","Relic","Relic"],"build_version":"2020-11-30","purchased_purges":2,"victory":true,"max_hp_per_floor":[75,75,75,75,75,75,75,75,75,75,75,75,75,75,75,75,75,75,75,75,75,75,75,75,75,75,75,75,75,75,75,75,75,75,75,75,75,75,75,75,75,75,75,75,72,72,72,72,72,72],"card_choices":[{"not_picked":["Panic Button","Hologram"],"picked":"Redo","floor":1},{"not_picked":["Rebound","Recycle"],"picked":"Blizzard","floor":4},{"not_picked":["Panic Button","FTL"],"picked":"Capacitor","floor":7},{"not_picked":["Rebound","conspire:Rain","Go for the Eyes"],"picked":"SKIP","floor":12},{"not_picked":["Hologram","Go for the Eyes"],"picked":"Cold Snap","floor":13},{"not_picked":["Rainbow","Creative AI"],"picked":"ReplayRNGCard","floor":16},{"not_picked":["Gash","Sweeping Beam"],"picked":"Double Energy+1","floor":18},{"not_picked":["Rebound","Barrage+1","Storm"],"picked":"SKIP","floor":20},{"not_picked":["Streamline+1","conspire:Rain","Leap"],"picked":"SKIP","floor":22},{"not_picked":["BasicCrystalCard","FTL","Turbo"],"picked":"SKIP","floor":28},{"not_picked":["Hologram","BasicCrystalCard"],"picked":"Defragment","floor":30},{"not_picked":["Meteor Strike","ReplayTheSpireMod:Omega Cannon"],"picked":"ReplayTheSpireMod:Fabricate Wheel","floor":33},{"not_picked":["Reinforced Body","White Noise"],"picked":"Panic Button+1","floor":35},{"not_picked":["Cold Snap","Beam Cell","Force Field"],"picked":"SKIP","floor":35},{"not_picked":["ReplayTheSpireMod:GoodbyeWorld","Undo"],"picked":"Sweeping Beam","floor":37},{"not_picked":["Scrape","ReplayTheSpireMod:Repulse","ReplayTheSpireMod:System Scan"],"picked":"SKIP","floor":37},{"not_picked":["Leap","Gash"],"picked":"BasicCrystalCard+1","floor":38},{"not_picked":["Lockon+1","Leap"],"picked":"Conserve Battery+1","floor":38},{"not_picked":["Beam Cell","Rebound+1"],"picked":"Redo+1","floor":39},{"not_picked":["Turbo+1","Gash"],"picked":"Defragment+1","floor":39},{"not_picked":["Panic Button","Fission"],"picked":"Ball Lightning","floor":41},{"not_picked":["Go for the Eyes+1","Steam","Redo"],"picked":"SKIP","floor":41},{"not_picked":["Turbo","ReplayTheSpireMod:Calculation Training"],"picked":"Tempest","floor":48}],"player_experience":2061968,"relics_obtained":[{"floor":3,"key":"Toy Ornithopter"},{"floor":9,"key":"Unceasing Top"},{"floor":12,"key":"Nunchaku"},{"floor":26,"key":"Counterbalance"},{"floor":43,"key":"Bronze Scales"},{"floor":48,"key":"Replay:Accelerometer"}],"event_choices":[{"damage_healed":0,"gold_gain":0,"player_choice":"Entered Light","damage_taken":15,"max_hp_gain":0,"max_hp_loss":0,"event_name":"Shining Light","floor":11,"gold_loss":0,"cards_upgraded":["Zap","Defend_B"]},{"damage_healed":0,"gold_gain":0,"player_choice":"Upgraded","damage_taken":0,"max_hp_gain":0,"max_hp_loss":0,"event_name":"Upgrade Shrine","floor":14,"gold_loss":0,"cards_upgraded":["Dualcast"]},{"damage_healed":0,"gold_gain":0,"player_choice":"3 cards matched","damage_taken":0,"max_hp_gain":0,"max_hp_loss":0,"event_name":"Match and Keep!","floor":24,"gold_loss":0,"cards_obtained":["Delirium","Zap","Panic Button"]},{"cards_removed":["Strike_B"],"damage_healed":0,"gold_gain":0,"player_choice":"Removed Attack","damage_taken":0,"max_hp_gain":0,"max_hp_loss":0,"event_name":"Falling","floor":46,"gold_loss":0}],"is_beta":false,"boss_relics":[{"not_picked":["Replay:Wanted Poster","conspire:RunicOctahedron"],"picked":"Cursed Key"},{"not_picked":["conspire:SlowCooker","Astrolabe"],"picked":"Ring of Chaos"}],"items_purged_floors":[0,2],"is_endless":false,"potions_floor_spawned":[4,28,37,41],"ascension_level":13}}