{"host":"y9jgkjnf95sujozk","time":1607983828,"event":{"mods":["2.2 Compatiblity","AchievementEnabler","BaseMod","Block Reminder","Colored Map","Colored Powertips","Downfall","Friendly Minions","GifTheSpireLib","Hermit","Highlight Path","MarisaÅiñ∂âJÅ@ñÇóùçπÅj","Minty Spire (QoL Compilation)","Random Character Button","Rare Cards Sparkle","Replay The Spire","StSLib","SuperFastMode","The Animator","The Bug Knight","The Cursed","The Servant 0.9.4"],"gold_per_floor":[99,99,99,35,53,228,228,228,228,78,98,116,141,203,203,203,203],"floor_reached":16,"playtime":303,"items_purged":[],"score":86,"play_id":"b891132f-8c6f-4e72-a885-bec71efd4ce0","local_time":"20201214231028","is_ascension_mode":false,"campfire_choices":[{"floor":9,"key":"REST"},{"floor":15,"key":"REST"}],"circlet_count":0,"master_deck":["Strike_B","Strike_B","Strike_B","Strike_B","Defend_B","Defend_B","Defend_B+1","Defend_B+1","Zap","Dualcast","Steam","Compile Driver","Beam Cell","Barrage+1","BasicCrystalCard","Lockon","Doubt","Regret","Panic Button","BasicCrystalCard","Mirror Shield"],"relics":["Cracked Core","downfall:HeartsMalice","Garlic","ReplayTheSpireMod:Lightbulb","Replay:Antivirus Software"],"acts_visited":["Exordium"],"potions_floor_usage":[14,14,14],"damage_taken":[{"damage":0,"enemies":"Jaw Worm","floor":1,"turns":1},{"damage":0,"enemies":"2 Louse","floor":2,"turns":1},{"damage":0,"enemies":"Cultist","floor":3,"turns":1},{"damage":0,"enemies":"downfall:FleeingMerchant","floor":4,"turns":4},{"damage":20,"enemies":"Exordium Thugs","floor":5,"turns":5},{"damage":16,"enemies":"Lots of Slimes","floor":11,"turns":4},{"damage":4,"enemies":"Gremlin Gang","floor":12,"turns":5},{"damage":37,"enemies":"Gremlin Nob","floor":14,"turns":4},{"damage":53,"enemies":"downfall:Defect","floor":16,"turns":5}],"seed_played":"-5312580310981592058","potions_obtained":[{"floor":5,"key":"SpeedPotion"},{"floor":11,"key":"CultistPotion"},{"floor":12,"key":"FocusPotion"}],"is_trial":false,"path_per_floor":["R_BF","M","M","$","M","?","T","?","R","?","M","M","T","?","R","B"],"character_chosen":"DEFECT","items_purchased":["BasicCrystalCard"],"campfire_rested":2,"item_purchase_floors":[4],"current_hp_per_floor":[75,75,75,75,55,55,55,55,75,85,69,65,65,28,53,0,0],"gold":203,"neow_bonus":"THREE_ENEMY_KILL","is_daily":false,"chose_seed":false,"campfire_upgraded":0,"win_rate":0.0,"timestamp":1607983828,"path_taken":["R_BF","M","M","$","M","?","T","?","R","?","?","M","?","?","R","BOSS"],"items_purchased_type":["Card"],"build_version":"2020-12-13","purchased_purges":0,"victory":false,"max_hp_per_floor":[75,75,75,75,75,75,75,75,75,85,85,85,85,85,85,85,85],"card_choices":[{"not_picked":["Stack","Beam Cell"],"picked":"Steam","floor":1},{"not_picked":["Conserve Battery","Rebound"],"picked":"Compile Driver","floor":2},{"not_picked":["Sweeping Beam","Streamline"],"picked":"Beam Cell","floor":3},{"not_picked":["Rebound","Doom and Gloom"],"picked":"Barrage","floor":4},{"not_picked":["Streamline","Rebound"],"picked":"Lockon","floor":5},{"not_picked":["Rip and Tear","Go for the Eyes"],"picked":"Panic Button","floor":11},{"not_picked":["Melter","Sweeping Beam"],"picked":"BasicCrystalCard","floor":12},{"not_picked":["Gash","Conserve Battery"],"picked":"Mirror Shield","floor":14}],"player_experience":93625,"relics_obtained":[{"floor":7,"key":"Garlic"},{"floor":13,"key":"ReplayTheSpireMod:Lightbulb"}],"event_choices":[],"is_beta":false,"boss_relics":[],"items_purged_floors":[],"is_endless":false,"potions_floor_spawned":[5,11,12],"killed_by":"downfall:Defect","ascension_level":0}}