{"host":"3lwutyfpza97k53s","time":1607912428,"event":{"mods":["A Magickal Journey","Act Like it!","BaseMod","BetterRewards","CapriCore","Clockwork Mod","Conspire","Dio Mod","Downfall","Hallownest","Hermit","Infinite Spire","Minty Spire (QoL Compilation)","Replay The Spire","Robot Space Explorer","Shade Mod","Shop Mod","StSLib","The Construct","The Immortal","The Judge","The Jungle","The Necromancer","TheVacant","TheWitcher"],"gold_per_floor":[114,125,125,141,141,141,153,153,202,219,219,548,548,548,548,644,644,660,660,690,612,631,631,662,676,676,591,610,610,621,621,621,723,723,739,751,764,774,874,907,907,907,977,977,1012,683,702,900,900,924],"floor_reached":51,"playtime":7025,"items_purged":["Strike_W","Strike_W","Strike_W","Strike_W","Parasite"],"score":1075,"play_id":"d7fb275b-bcf0-491d-9f30-bd3c4de9fff9","local_time":"20201213202028","is_ascension_mode":true,"campfire_choices":[{"data":"Summon_Undead_Army","floor":6,"key":"SMITH"},{"data":"Summon_Undead_Army+1","floor":6,"key":"SMITH"},{"data":"Negative_Energy_Sphere","floor":8,"key":"SMITH"},{"data":"Negative_Energy_Shield","floor":8,"key":"SMITH"},{"data":"Defend_W","floor":11,"key":"SMITH"},{"data":"Bone_Wall","floor":11,"key":"SMITH"},{"data":"Summon_Lich","floor":15,"key":"SMITH"},{"data":"Summon_Lich+1","floor":15,"key":"SMITH"},{"data":"Negative_Energy_Mist","floor":23,"key":"SMITH"},{"data":"Defend_W","floor":23,"key":"SMITH"},{"data":"infinitespire:Oblivion","floor":29,"key":"SMITH"},{"data":"infinitespire:Oblivion+1","floor":29,"key":"SMITH"},{"data":"infinitespire:Oblivion+2","floor":32,"key":"SMITH"},{"data":"infinitespire:Oblivion+3","floor":32,"key":"SMITH"},{"data":"Summon_Undead_Army+2","floor":41,"key":"SMITH"},{"data":"Summon_Undead_Army+3","floor":41,"key":"SMITH"},{"data":"Defend_W","floor":44,"key":"SMITH"},{"data":"Defend_W","floor":44,"key":"SMITH"},{"data":"Pot Of Greed","floor":49,"key":"SMITH"},{"data":"Pot Of Greed","floor":49,"key":"SMITH"}],"circlet_count":0,"master_deck":["Defend_W","Defend_W","Defend_W","Negative_Energy_Arrows","Bone_Wall+1","Negative_Energy_Burst","Negative_Energy_Burst","Negative_Energy_Shield+1","Summon_Undead_Army+4","Summon_Lich+2","Negative_Energy_Burst","Negative_Energy_Sphere+1","Negative_Energy_Bomb","Negative_Energy_Mist+1","Negative_Energy_Burst","infinitespire:Oblivion+4","ReplayTheSpireMod:Chaos Vortex","Pot Of Greed+1","Pot Of Greed+1","ReplayTheSpireMod:Chaos Vortex"],"relics":["Vampire_Amulet","conspire:InfiniteJournal","infinitespire:Joker Card","Replay:Arrowhead","Orrery","Turnip","Simple Rune","Unceasing Top","Replay:Baseball","Old Coin","Busted Crown","Red Mask","conspire:DeflatedDodgeball","Bottled Lightning","Blood Vial","MutagenicStrength","Sozu","infinitespire:Golems Mask","Grinning Jar","infinitespire:Midas Blood","Lee\u0027s Waffle"],"acts_visited":["Exordium","TheCity","TheBeyond"],"potions_floor_usage":[],"damage_taken":[{"damage":0,"enemies":"Cultist","floor":1,"turns":4},{"damage":0,"enemies":"2 Louse","floor":2,"turns":3},{"damage":0,"enemies":"Jaw Worm","floor":4,"turns":4},{"damage":0,"enemies":"Exordium Thugs","floor":7,"turns":4},{"damage":0,"enemies":"3 Louse","floor":10,"turns":1},{"damage":15,"enemies":"3 Sentries","floor":12,"turns":3},{"damage":0,"enemies":"Fading Forest","floor":16,"turns":11},{"damage":5,"enemies":"2 Thieves","floor":18,"turns":2},{"damage":0,"enemies":"Masked Bandits","floor":20,"turns":2},{"damage":0,"enemies":"Chosen","floor":22,"turns":3},{"damage":3,"enemies":"Nightmare","floor":24,"turns":6},{"damage":0,"enemies":"Snake Plant","floor":25,"turns":3},{"damage":0,"enemies":"3 Cultists","floor":28,"turns":3},{"damage":3,"enemies":"Centurion and Healer","floor":30,"turns":4},{"damage":10,"enemies":"Automaton","floor":33,"turns":5},{"damage":0,"enemies":"3 Darklings","floor":35,"turns":2},{"damage":0,"enemies":"Orb Walker","floor":36,"turns":2},{"damage":0,"enemies":"Writhing Mass","floor":37,"turns":3},{"damage":0,"enemies":"3 Darklings","floor":38,"turns":2},{"damage":0,"enemies":"infinitespire:Three Voidlings","floor":39,"turns":3},{"damage":9,"enemies":"Nightmare_Alpha","floor":39,"turns":8},{"damage":0,"enemies":"Nemesis","floor":40,"turns":7},{"damage":0,"enemies":"R_Hoarder","floor":45,"turns":1},{"damage":0,"enemies":"Jaw Worm Horde","floor":47,"turns":2},{"damage":51,"enemies":"infinitespire:MassOfShapes","floor":50,"turns":11}],"seed_played":"2836590566396105624","potions_obtained":[{"floor":1,"key":"Languid Potion"},{"floor":2,"key":"Adrenaline Potion"}],"is_trial":false,"path_per_floor":["M","M","?","M","T","R","M","R","T","M","R","E","$","?","R","B",null,"M","?","?","$","M","R","NM","M","T","?","M","R","M","?","R","B",null,"M","M","M","M","?","E","R","AVR","T","R","E","$","M","?","R","B",null],"character_chosen":"NECROMANCER","items_purchased":["Negative_Energy_Burst","Orrery","Simple Rune","Guardian:BlockOnCardUsePotion","Negative_Energy_Burst","Lee\u0027s Waffle"],"campfire_rested":0,"item_purchase_floors":[0,0,0,0,21,46],"current_hp_per_floor":[42,46,46,48,48,48,52,52,52,58,58,49,49,49,49,73,75,74,74,75,75,75,75,74,75,75,75,75,75,75,75,75,71,74,75,75,75,75,68,72,72,72,72,72,75,79,79,60,60,47],"gold":924,"neow_bonus":"","is_daily":false,"chose_seed":false,"campfire_upgraded":20,"win_rate":0.0,"timestamp":1607912428,"path_taken":["M","?","?","M","?","R","M","R","T","?","R","E","$","?","R","BOSS","M","?","?","$","M","R","NM","M","T","?","M","R","?","?","R","BOSS","M","M","M","M","?","E","R","AVR","T","R","E","$","M","?","R","BOSS"],"items_purchased_type":["Card","Relic","Relic","Potion","Card","Relic"],"build_version":"2020-11-30","purchased_purges":5,"victory":true,"max_hp_per_floor":[75,75,75,75,75,75,75,75,75,75,75,75,75,75,75,75,75,75,75,75,75,75,75,75,75,75,75,75,75,75,75,75,75,75,75,75,75,75,75,75,75,75,75,75,75,79,79,79,79,79],"card_choices":[{"not_picked":["Bone_Shift","Negative_Energy_Sphere"],"picked":"Negative_Energy_Shield","floor":0},{"not_picked":["Bones_to_Steel","Hellfire"],"picked":"Summon_Undead_Army","floor":0},{"not_picked":["Blood_Is_Power","Shackles_Of_Pain"],"picked":"Summon_Lich","floor":1},{"not_picked":["Bone_Prison","Flesh_Made_Foul"],"picked":"Negative_Energy_Burst","floor":2},{"not_picked":["Bone_Spikes","Toxic_Smoke_Screen","Life_Drain"],"picked":"SKIP","floor":4},{"not_picked":["Summon_Death_Knight","Blood_Whip"],"picked":"Negative_Energy_Sphere","floor":7},{"not_picked":["Scare","Strike_from_Beyond","Negative_Energy_Shield"],"picked":"SKIP","floor":10},{"not_picked":["Shackles_Of_Pain","Deaths_Shadow"],"picked":"Negative_Energy_Bomb","floor":12},{"not_picked":["Toxic_Smoke_Screen"],"picked":"SKIP","floor":18},{"not_picked":["Whirlwind_of_Bones"],"picked":"SKIP","floor":22},{"not_picked":["infinitespire:Starlight","ReplayTheSpireMod:Haul"],"picked":"infinitespire:Oblivion","floor":24},{"not_picked":["Blood_Curse"],"picked":"SKIP","floor":24},{"not_picked":["Bone_Shift"],"picked":"SKIP","floor":25},{"not_picked":["Death_March_Dance"],"picked":"SKIP","floor":28},{"not_picked":["Death_March_Dance"],"picked":"SKIP","floor":28},{"not_picked":["Toxic_Smoke_Screen"],"picked":"SKIP","floor":30},{"not_picked":["Life_Drain"],"picked":"SKIP","floor":35},{"not_picked":["Blood_Curse"],"picked":"SKIP","floor":36},{"not_picked":["Blood_for_Blood"],"picked":"SKIP","floor":37},{"not_picked":["Blood_Whip+1"],"picked":"SKIP","floor":38},{"not_picked":["ReplayTheSpireMod:Echoes of Time","infinitespire:Punishment"],"picked":"ReplayTheSpireMod:Chaos Vortex","floor":39},{"not_picked":["Blood_Whip"],"picked":"SKIP","floor":40},{"not_picked":["Bone_Spikes"],"picked":"SKIP","floor":45},{"not_picked":["Blood_Is_Power"],"picked":"SKIP","floor":47}],"player_experience":459248,"relics_obtained":[{"floor":9,"key":"Replay:Baseball"},{"floor":12,"key":"Old Coin"},{"floor":20,"key":"Red Mask"},{"floor":24,"key":"conspire:DeflatedDodgeball"},{"floor":26,"key":"Bottled Lightning"},{"floor":39,"key":"infinitespire:Golems Mask"},{"floor":40,"key":"Grinning Jar"},{"floor":43,"key":"infinitespire:Midas Blood"}],"event_choices":[{"damage_healed":0,"gold_gain":0,"player_choice":"Read","damage_taken":0,"max_hp_gain":0,"max_hp_loss":0,"event_name":"The Library","floor":19,"gold_loss":0,"cards_obtained":["Negative_Energy_Mist"]},{"damage_healed":0,"gold_gain":0,"player_choice":"Fought Bandits","damage_taken":0,"max_hp_gain":0,"max_hp_loss":0,"event_name":"Masked Bandits","floor":20,"gold_loss":0},{"damage_healed":0,"gold_gain":0,"player_choice":"Obtained Relic","damage_taken":0,"relics_obtained":["Blood Vial"],"max_hp_gain":0,"max_hp_loss":0,"event_name":"Addict","floor":27,"gold_loss":85},{"damage_healed":0,"gold_gain":0,"player_choice":"Inject Mutagens","damage_taken":0,"relics_obtained":["MutagenicStrength"],"max_hp_gain":0,"max_hp_loss":0,"event_name":"Drug Dealer","floor":31,"gold_loss":0}],"is_beta":false,"boss_relics":[{"not_picked":["Calling Bell","ReplayTheSpireMod:DimensionalGlitch"],"picked":"Busted Crown"},{"not_picked":["conspire:SeveredTorchhead","ReplayTheSpireMod:SealedPack"],"picked":"Sozu"}],"items_purged_floors":[0,0,0,0,46],"is_endless":false,"potions_floor_spawned":[1,2,7,18,20,22,33,36,38,39],"ascension_level":5}}