{"host":"ow9msrs9p2ctkx99","time":1607916034,"event":{"mods":["AchievementEnabler","BaseMod","Colored Map","Colored Powertips","Minty Spire (QoL Compilation)","Permanent Neow","Quick Restart","SuperFastMode"],"gold_per_floor":[216,216,40,52,65,97,97,97,120,140,155,104,104,130,130,130,130],"floor_reached":16,"playtime":321,"items_purged":[],"score":193,"play_id":"ff4d17ba-ff6a-483c-9c0a-6c099aa56c76","local_time":"20201214042034","is_ascension_mode":true,"campfire_choices":[{"floor":7,"key":"REST"},{"data":"Well Laid Plans","floor":15,"key":"SMITH"}],"circlet_count":0,"master_deck":["AscendersBane","Strike_G","Strike_G","Strike_G","Defend_G","Defend_G","Defend_G","Defend_G","Defend_G","Survivor","Neutralize","Blur","Blade Dance","Well Laid Plans+1","Predator","Cloak And Dagger","Phantasmal Killer"],"relics":["Ring of the Snake","OrangePellets","Bronze Scales","Akabeko","The Courier"],"acts_visited":["Exordium"],"potions_floor_usage":[6,14,14],"damage_taken":[{"damage":0,"enemies":"Small Slimes","floor":1,"turns":4},{"damage":0,"enemies":"Cultist","floor":4,"turns":5},{"damage":2,"enemies":"2 Louse","floor":5,"turns":3},{"damage":38,"enemies":"Gremlin Nob","floor":6,"turns":6},{"damage":0,"enemies":"Exordium Wildlife","floor":10,"turns":2},{"damage":4,"enemies":"Large Slime","floor":11,"turns":5},{"damage":1,"enemies":"Lagavulin","floor":14,"turns":5},{"damage":36,"enemies":"The Guardian","floor":16,"turns":2}],"seed_played":"7583383300535784218","potions_obtained":[{"floor":1,"key":"Block Potion"},{"floor":11,"key":"Explosive Potion"},{"floor":13,"key":"EssenceOfSteel"}],"is_trial":false,"path_per_floor":["M","?","$","M","M","E","R","?","T","M","M","$","?","E","R","B"],"character_chosen":"THE_SILENT","items_purchased":["OrangePellets","Blade Dance","BlessingOfTheForge"],"campfire_rested":1,"item_purchase_floors":[3,3,12],"current_hp_per_floor":[59,59,59,59,57,19,38,38,38,38,34,34,34,33,33,0,0],"gold":130,"neow_bonus":"HUNDRED_GOLD","is_daily":false,"chose_seed":false,"campfire_upgraded":1,"win_rate":0.0,"timestamp":1607916034,"path_taken":["M","?","$","M","?","E","R","?","T","M","M","?","?","E","R","BOSS"],"items_purchased_type":["Relic","Card","Potion"],"build_version":"2020-12-13","purchased_purges":0,"victory":false,"max_hp_per_floor":[66,66,66,66,66,66,66,66,66,66,66,66,66,66,66,66,66],"card_choices":[{"not_picked":["Catalyst","Flechettes"],"picked":"Blur","floor":1},{"not_picked":["Backflip","Dodge and Roll"],"picked":"Well Laid Plans","floor":4},{"not_picked":["Sucker Punch","Bane","Dodge and Roll"],"picked":"SKIP","floor":5},{"not_picked":["Choke","PiercingWail"],"picked":"Predator","floor":6},{"not_picked":["Caltrops","Quick Slash"],"picked":"Cloak And Dagger","floor":10},{"not_picked":["Terror","Underhanded Strike"],"picked":"Phantasmal Killer","floor":11},{"not_picked":["Slice","Storm of Steel","Sucker Punch"],"picked":"SKIP","floor":14}],"player_experience":1054527,"relics_obtained":[{"floor":6,"key":"Bronze Scales"},{"floor":9,"key":"Akabeko"},{"floor":14,"key":"The Courier"}],"event_choices":[{"cards_removed":["Strike_G"],"damage_healed":0,"gold_gain":0,"player_choice":"Purged","damage_taken":0,"max_hp_gain":0,"max_hp_loss":0,"event_name":"Purifier","floor":2,"gold_loss":0},{"cards_removed":["Strike_G"],"damage_healed":0,"gold_gain":0,"player_choice":"Forget","damage_taken":0,"max_hp_gain":0,"max_hp_loss":0,"event_name":"Living Wall","floor":8,"gold_loss":0},{"damage_healed":0,"gold_gain":0,"player_choice":"Got Potions","damage_taken":0,"max_hp_gain":0,"max_hp_loss":0,"event_name":"Lab","floor":13,"gold_loss":0}],"is_beta":false,"boss_relics":[],"items_purged_floors":[],"is_endless":false,"potions_floor_spawned":[1,11],"killed_by":"The Guardian","ascension_level":15}}