{"host":"1c52r9kaxdyo25eq","time":1607967266,"event":{"mods":["AchievementEnabler","BaseMod","Minty Spire (QoL Compilation)","Rare Cards Sparkle","SuperFastMode","everything is the same but u backflip on backflip"],"gold_per_floor":[117,117,42,42,42,83,83,123,123,123,144,144,160,183,183,276,276,291,58,58,77,90,131,131,166,189,205,226,257,257,280,280,373,373,386,118,118,141,16,16,16,54,77,77,118,137,168,182,182,182,182,182,182,11,55,55,55],"floor_reached":56,"playtime":2497,"items_purged":["Strike_G","Defend_G","Endless Agony"],"score":2396,"play_id":"6310dcf4-b4a5-468f-b498-0ce6e45d2eae","local_time":"20201215023426","is_ascension_mode":true,"campfire_choices":[{"data":"Poisoned Stab","floor":10.0,"key":"SMITH"},{"data":"Crippling Poison","floor":12.0,"key":"SMITH"},{"data":"Corpse Explosion","floor":15.0,"key":"SMITH"},{"data":"Neutralize","floor":24.0,"key":"SMITH"},{"data":"Venomology","floor":30.0,"key":"SMITH"},{"floor":32.0,"key":"REST"},{"data":"Apotheosis","floor":40.0,"key":"SMITH"},{"floor":41.0,"key":"REST"},{"floor":44.0,"key":"RECALL"},{"floor":49.0,"key":"REST"},{"data":"Burst","floor":53.0,"key":"SMITH"}],"circlet_count":0,"master_deck":["AscendersBane","Survivor","Neutralize+1","Backflip+1","Poisoned Stab+1","Crippling Poison+1","Poisoned Stab","Corpse Explosion+1","Doppelganger+1","Adrenaline+1","Reflex+1","Poisoned Stab","Prepared+1","Venomology+1","Burst+1","Prepared+1","Impatience","Apotheosis+1","Tactician+1","Grand Finale"],"relics":["Ring of the Snake","NeowsBlessing","Golden Idol","WingedGreaves","Pear","Mercury Hourglass","Meat on the Bone","Astrolabe","Snake Skull","Pen Nib","Calipers","Bronze Scales","War Paint","Empty Cage","TheAbacus","Centennial Puzzle","Frozen Egg 2","Du-Vu Doll","Art of War"],"acts_visited":["Exordium","TheCity","TheBeyond","TheEnding"],"potions_floor_usage":[56,56],"damage_taken":[{"damage":0.0,"enemies":"Small Slimes","floor":1.0,"turns":1.0},{"damage":0.0,"enemies":"Gremlin Nob","floor":6.0,"turns":1.0},{"damage":0.0,"enemies":"Lagavulin","floor":8.0,"turns":1.0},{"damage":6.0,"enemies":"Jaw Worm","floor":11.0,"turns":4.0},{"damage":0.0,"enemies":"2 Louse","floor":13.0,"turns":2.0},{"damage":0.0,"enemies":"Large Slime","floor":14.0,"turns":4.0},{"damage":20.0,"enemies":"The Guardian","floor":16.0,"turns":8.0},{"damage":0.0,"enemies":"Spheric Guardian","floor":18.0,"turns":3.0},{"damage":8.0,"enemies":"Shell Parasite","floor":21.0,"turns":3.0},{"damage":18.0,"enemies":"Snake Plant","floor":22.0,"turns":3.0},{"damage":12.0,"enemies":"Gremlin Leader","floor":23.0,"turns":4.0},{"damage":29.0,"enemies":"Slavers","floor":25.0,"turns":2.0},{"damage":0.0,"enemies":"3 Cultists","floor":27.0,"turns":2.0},{"damage":4.0,"enemies":"Centurion and Healer","floor":28.0,"turns":3.0},{"damage":16.0,"enemies":"Gremlin Leader","floor":29.0,"turns":5.0},{"damage":16.0,"enemies":"Snake Plant","floor":31.0,"turns":3.0},{"damage":48.0,"enemies":"Champ","floor":33.0,"turns":9.0},{"damage":14.0,"enemies":"3 Darklings","floor":35.0,"turns":2.0},{"damage":0.0,"enemies":"Orb Walker","floor":38.0,"turns":3.0},{"damage":0.0,"enemies":"Giant Head","floor":42.0,"turns":2.0},{"damage":0.0,"enemies":"Reptomancer","floor":45.0,"turns":4.0},{"damage":0.0,"enemies":"Spire Growth","floor":46.0,"turns":2.0},{"damage":0.0,"enemies":"Mind Bloom Boss Battle","floor":47.0,"turns":2.0},{"damage":8.0,"enemies":"Transient","floor":48.0,"turns":6.0},{"damage":0.0,"enemies":"Awakened One","floor":50.0,"turns":5.0},{"damage":0.0,"enemies":"Donu and Deca","floor":51.0,"turns":3.0},{"damage":18.0,"enemies":"Shield and Spear","floor":55.0,"turns":4.0},{"damage":64,"enemies":"The Heart","floor":56,"turns":2}],"seed_played":"9009837376207189642","potions_obtained":[{"floor":6.0,"key":"FearPotion"},{"floor":11.0,"key":"Regen Potion"},{"floor":31.0,"key":"Energy Potion"},{"floor":55.0,"key":"FearPotion"}],"is_trial":false,"path_per_floor":["M","?","?","?","$","E","?","E","T","R","M","R","M","M","R","B",null,"M","$","?","M","M","E","R","E","T","M","M","E","R","M","R","B",null,"M","$","?","M","$","R","R","E","T","R","E","M","?","M","R","B","B",null,"R","$","E","B"],"character_chosen":"THE_SILENT","items_purchased":["Snake Skull","TheAbacus","Grand Finale"],"campfire_rested":3,"item_purchase_floors":[19,36,54],"current_hp_per_floor":[59,36,36,58,58,58,63,63,63,63,57,57,57,57,57,49,69,69,69,69,61,43,43,43,26,26,38,46,42,42,38,60,24,63,49,49,39,39,39,39,61,61,61,61,61,61,61,53,75,75,75,76,76,76,58,0,0],"gold":55,"neow_bonus":"THREE_ENEMY_KILL","is_daily":false,"chose_seed":false,"campfire_upgraded":7,"win_rate":0.0,"timestamp":1607967266,"path_taken":["M","?","?","?","$","E","?","E","T","R","M","R","M","M","R","BOSS","M","$","?","M","M","E","R","E","T","M","M","E","R","M","R","BOSS","M","$","?","M","$","R","R","E","T","R","E","M","?","M","R","BOSS","BOSS","R","$","E","BOSS"],"items_purchased_type":["Relic","Relic","Card"],"build_version":"2020-12-13","purchased_purges":3,"victory":false,"max_hp_per_floor":[66,66,66,66,66,66,76,76,76,76,76,76,76,76,76,76,76,76,76,76,76,76,76,76,76,76,76,76,76,76,76,76,76,76,76,76,76,76,76,76,76,76,76,76,76,76,76,76,76,76,76,76,76,76,76,76,76],"card_choices":[{"not_picked":["Flying Knee","Deflect"],"picked":"Backflip","floor":1.0},{"not_picked":["Underhanded Strike","Caltrops","Infinite Blades"],"picked":"SKIP","floor":6.0},{"not_picked":["Expertise","Cloak And Dagger"],"picked":"Poisoned Stab","floor":8.0},{"not_picked":["Acrobatics","Finisher"],"picked":"Crippling Poison","floor":11.0},{"not_picked":["Quick Slash","Blade Dance"],"picked":"Poisoned Stab","floor":13.0},{"not_picked":["Noxious Fumes","Crippling Poison"],"picked":"Corpse Explosion","floor":14.0},{"not_picked":["Choke","Deadly Poison","Dagger Throw"],"picked":"SKIP","floor":18.0},{"not_picked":["Underhanded Strike","Blade Dance","Outmaneuver"],"picked":"SKIP","floor":21.0},{"not_picked":["Cloak And Dagger","Die Die Die"],"picked":"Prepared","floor":22.0},{"not_picked":["Setup","Sucker Punch","PiercingWail"],"picked":"SKIP","floor":23.0},{"not_picked":["Setup","Sucker Punch","PiercingWail"],"picked":"SKIP","floor":23.0},{"not_picked":["Setup","Sucker Punch","PiercingWail"],"picked":"SKIP","floor":23.0},{"not_picked":["A Thousand Cuts","Setup","Dash"],"picked":"SKIP","floor":25.0},{"not_picked":["Leg Sweep","Slice","Masterful Stab"],"picked":"SKIP","floor":27.0},{"not_picked":["Blade Dance","Accuracy","Poisoned Stab"],"picked":"SKIP","floor":28.0},{"not_picked":["Dagger Throw","Slice"],"picked":"Venomology","floor":29.0},{"not_picked":["Dodge and Roll","Cloak And Dagger","Riddle With Holes"],"picked":"SKIP","floor":31.0},{"not_picked":["Bullet Time","Malaise"],"picked":"Burst","floor":33.0},{"not_picked":["Deflect","Distraction"],"picked":"Prepared+1","floor":35.0},{"not_picked":["Swift Strike","HandOfGreed"],"picked":"Impatience","floor":37.0},{"not_picked":["Sadistic Nature","Bandage Up"],"picked":"Apotheosis","floor":37.0},{"not_picked":["Noxious Fumes","Backstab+1","All Out Attack+1"],"picked":"SKIP","floor":38.0},{"not_picked":["Sucker Punch","Blade Dance","Outmaneuver+1"],"picked":"SKIP","floor":42.0},{"not_picked":["Acrobatics+1","Calculated Gamble"],"picked":"Tactician+1","floor":45.0},{"not_picked":["Sucker Punch+1","Blur","Dodge and Roll"],"picked":"SKIP","floor":46.0},{"not_picked":["Poisoned Stab+1","Acrobatics+1","Blade Dance"],"picked":"SKIP","floor":48.0},{"not_picked":["Dagger Throw","Bane","Riddle With Holes"],"picked":"SKIP","floor":55.0}],"player_experience":479216,"relics_obtained":[{"floor":6.0,"key":"WingedGreaves"},{"floor":8.0,"key":"Mercury Hourglass"},{"floor":9.0,"key":"Meat on the Bone"},{"floor":23.0,"key":"Pen Nib"},{"floor":25.0,"key":"Calipers"},{"floor":26.0,"key":"Bronze Scales"},{"floor":29.0,"key":"War Paint"},{"floor":42.0,"key":"Centennial Puzzle"},{"floor":45.0,"key":"Frozen Egg 2"},{"floor":47.0,"key":"Du-Vu Doll"},{"floor":55.0,"key":"Art of War"}],"event_choices":[{"damage_healed":0.0,"max_hp_gain":0.0,"max_hp_loss":0.0,"gold_gain":0.0,"event_name":"Golden Idol","player_choice":"Take Damage","floor":2.0,"gold_loss":0.0,"damage_taken":23.0,"relics_obtained":["Golden Idol"]},{"cards_removed":["Defend_G"],"damage_healed":0.0,"max_hp_gain":0.0,"max_hp_loss":0.0,"gold_gain":0.0,"event_name":"The Cleric","player_choice":"Card Removal","floor":3.0,"gold_loss":75.0,"damage_taken":0.0},{"damage_healed":22.0,"max_hp_gain":0.0,"max_hp_loss":0.0,"gold_gain":0.0,"event_name":"Big Fish","player_choice":"Banana","floor":4.0,"gold_loss":0.0,"damage_taken":0.0},{"damage_healed":0.0,"max_hp_gain":0.0,"max_hp_loss":0.0,"gold_gain":0.0,"event_name":"Scrap Ooze","player_choice":"Success","floor":7.0,"gold_loss":0.0,"damage_taken":5.0,"relics_obtained":["Pear"]},{"damage_healed":0.0,"max_hp_gain":0.0,"max_hp_loss":0.0,"gold_gain":0.0,"cards_transformed":["Strike_G","Defend_G"],"event_name":"Drug Dealer","player_choice":"Became Test Subject","floor":20.0,"gold_loss":0.0,"damage_taken":0.0,"cards_obtained":["Poisoned Stab","Endless Agony"]},{"damage_healed":0.0,"max_hp_gain":0.0,"max_hp_loss":0.0,"gold_gain":0.0,"event_name":"SensoryStone","player_choice":"Memory 3","floor":37.0,"gold_loss":0.0,"damage_taken":10.0},{"damage_healed":0.0,"max_hp_gain":0.0,"max_hp_loss":0.0,"gold_gain":0.0,"event_name":"MindBloom","player_choice":"Fight","floor":47.0,"gold_loss":0.0,"damage_taken":0.0}],"is_beta":false,"boss_relics":[{"not_picked":["Black Star","WristBlade"],"picked":"Astrolabe"},{"not_picked":["Busted Crown","Velvet Choker"],"picked":"Empty Cage"}],"items_purged_floors":[19,36,39],"is_endless":false,"potions_floor_spawned":[6,11,16,23,25,27,31,45,55],"killed_by":"The Heart","ascension_level":20}}