{"host":"wonp23fsqqcu31ie","time":1607927481,"event":{"mods":["2.2 Compatiblity","AchievementEnabler","Aspiration","BaseMod","Better Altar","Better Match","Better Sensory Stone","Better Skull","Better Third Choice","BetterRewards","Block Reminder","Colored Map","Colored Powertips","Conspire","DeckTracker","Displayed Cursed Tome","Downfall","Hermit","Highlight Path","Hubris","Minty Spire (QoL Compilation)","Permanent Neow","Quick Restart","Rare Cards Sparkle","Relic Stats","Replay The Spire","Shade Mod","Shop Mod","StSLib","SuperFastMode","The Animator","The Cursed","The Gatherer","The Necromancer","The Runesmith","The Servant 0.9.4"],"gold_per_floor":[110,124,72,72,35,69,69,97,178,194,212,11,25,25,25,130,130,147,163,25,25,42,42,42],"floor_reached":23,"playtime":851,"items_purged":[],"score":290,"play_id":"e9ae8c8a-2b28-458e-b20c-1637e03a0bb2","local_time":"20201214173121","is_ascension_mode":true,"campfire_choices":[{"data":"Runesmith:Reinforce","floor":7,"key":"SMITH"},{"floor":15,"key":"REST"}],"circlet_count":0,"master_deck":["Runesmith:Strike_RS","Runesmith:Strike_RS","Runesmith:Strike_RS","Runesmith:Strike_RS","Runesmith:Defend_RS","Runesmith:Defend_RS","Runesmith:Defend_RS","Runesmith:Defend_RS","Runesmith:CraftFirestone+1","Runesmith:Fortify","Runesmith:EarthShield","Runesmith:Reinforce+1","Runesmith:LithiumIon","Runesmith:LithiumIon","Runesmith:CraftProtectio","Runesmith:CraftProtectio","Runesmith:GoWithTheFlow","Runesmith:CraftMagma","Runesmith:ChaoticBlast","Runesmith:ChaoticBlast+1","Runesmith:HammerThrow","Looming Evil","Runesmith:UnlimitedPower","Runesmith:Retool","Runesmith:Overpower","Runesmith:Firewall","Runesmith:Discharge","Runesmith:OneForEveryone","Runesmith:UnstableHammer+1","Runesmith:FrozenChisel+1"],"relics":["Runesmith:BrokenRuby","Replay:Mystery Machine","ReplayTheSpireMod:TigerMarble","hubris:TenFootPole","Ring of Searing","ReplayTheSpireMod:Ring of Exchange","MerchantsRug"],"acts_visited":["Exordium","TheCity"],"potions_floor_usage":[6,10,16,16,16,23],"damage_taken":[{"damage":2,"enemies":"Jaw Worm","floor":1,"turns":4},{"damage":2,"enemies":"Cultist","floor":2,"turns":4},{"damage":0,"enemies":"Lagavulin","floor":6,"turns":8},{"damage":9,"enemies":"Replay:BlueRogue","floor":8,"turns":7},{"damage":10,"enemies":"Small Slimes","floor":10,"turns":1},{"damage":0,"enemies":"Blue Slaver","floor":11,"turns":2},{"damage":0,"enemies":"Exordium Wildlife","floor":13,"turns":2},{"damage":20,"enemies":"Slime Boss","floor":16,"turns":7},{"damage":19,"enemies":"Spheric Guardian","floor":18,"turns":4},{"damage":25,"enemies":"3 Byrds","floor":19,"turns":4},{"damage":10,"enemies":"Cultist and Chosen","floor":22,"turns":6},{"damage":39,"enemies":"Slavers","floor":23,"turns":2}],"seed_played":"-9042702122745026447","potions_obtained":[{"floor":4,"key":"LiquidBronze"},{"floor":4,"key":"champ:CounterPotion"},{"floor":4,"key":"Fire Potion"},{"floor":6,"key":"champ:CounterPotion"},{"floor":10,"key":"Strength Potion"},{"floor":19,"key":"LiquidMemories"}],"is_trial":false,"path_per_floor":["M","M","$","?","$","E","R","E","T","M","M","$","M","?","R","B",null,"M","M","$","?","M","E"],"character_chosen":"RUNESMITH_CLASS","items_purchased":["Runesmith:LithiumIon","Runesmith:CraftProtectio","hubris:TenFootPole","Runesmith:ChaoticBlast+1","MerchantsRug"],"campfire_rested":1,"item_purchase_floors":[3,5,12,12,20],"current_hp_per_floor":[68,66,66,66,66,66,66,57,57,47,47,47,47,47,68,48,70,51,26,26,49,39,0,0],"gold":42,"neow_bonus":"RANDOM_EVENT","is_daily":false,"chose_seed":false,"campfire_upgraded":1,"win_rate":0.0,"timestamp":1607927481,"path_taken":["M","M","$","?","$","E","R","E","T","M","?","$","M","?","R","BOSS","M","M","$","?","?","E"],"items_purchased_type":["Card","Card","Relic","Card","Relic"],"build_version":"2020-12-13","purchased_purges":0,"victory":false,"max_hp_per_floor":[70,70,70,70,70,70,70,70,70,70,70,70,70,70,70,70,70,70,70,70,70,70,70,70],"relic_stats":{"counters":[42,215],"obtain_stats":[{"ReplayFunnel":3,"ReplayTheSpireMod:Ring of Exchange":14,"Regal Pillow":36,"Vajra":9,"hubris:SlimyHat":22,"hubris:RunicObelisk":17,"Replay:Mystery Machine":6,"sneckomod:SneckoSoul":30,"Ring of Searing":14,"SsserpentHead":11,"Nunchaku":10,"hubris:Icosahedron":46,"Honey Jar":34,"Tiny Chest":6,"Toxic Egg 2":30,"MerchantsRug":10,"Runesmith:BrokenRuby":0,"Runesmith:Nanobots":40,"Pear":40,"Happy Flower":8,"Golden Idol":7,"ReplayTheSpireMod:CursedCoin":10,"Replay:Grab Bag":17,"Quantum Egg":36,"hubris:SphereOfDissonance":12,"aspiration:SecretTechniqueScroll":17,"aspiration:SeaSaltIceCream":30,"Runesmith:EmergencyProvisions":13,"hubris:Towel":37,"CaptainsWheel":26,"Busted Crown":17,"MutagenicStrength":20,"Runesmith:UraniumAnvil":17,"Orrery":17,"hubris:PeanutButter":42,"Black Star":17,"Art of War":47,"ReplayTheSpireMod:TigerMarble":8,"hubris:TenFootPole":12,"Bottled Lightning":24,"Membership Card":36,"m_RuneBlood":8,"Meat on the Bone":9},{"ReplayFunnel":1,"ReplayTheSpireMod:Ring of Exchange":37,"Regal Pillow":24,"Vajra":13,"hubris:SlimyHat":9,"hubris:RunicObelisk":7,"Replay:Mystery Machine":33,"sneckomod:SneckoSoul":21,"Ring of Searing":37,"SsserpentHead":4,"Nunchaku":13,"hubris:Icosahedron":26,"Honey Jar":23,"Tiny Chest":4,"Toxic Egg 2":21,"MerchantsRug":4,"Runesmith:BrokenRuby":0,"Runesmith:Nanobots":25,"Pear":25,"Happy Flower":13,"Golden Idol":4,"ReplayTheSpireMod:CursedCoin":4,"Replay:Grab Bag":15,"Quantum Egg":24,"hubris:SphereOfDissonance":4,"aspiration:SecretTechniqueScroll":15,"aspiration:SeaSaltIceCream":21,"Runesmith:EmergencyProvisions":5,"hubris:Towel":24,"CaptainsWheel":19,"Busted Crown":15,"MutagenicStrength":9,"Runesmith:UraniumAnvil":15,"Orrery":38,"hubris:PeanutButter":25,"Black Star":15,"Art of War":27,"ReplayTheSpireMod:TigerMarble":34,"hubris:TenFootPole":36,"Bottled Lightning":19,"Membership Card":24,"m_RuneBlood":4,"Meat on the Bone":4},{"ReplayFunnel":4,"ReplayTheSpireMod:Ring of Exchange":192,"Regal Pillow":129,"Vajra":77,"hubris:SlimyHat":61,"hubris:RunicObelisk":45,"Replay:Mystery Machine":180,"sneckomod:SneckoSoul":113,"Ring of Searing":192,"SsserpentHead":16,"Nunchaku":77,"hubris:Icosahedron":141,"Honey Jar":126,"Tiny Chest":16,"Toxic Egg 2":113,"MerchantsRug":16,"Runesmith:BrokenRuby":0,"Runesmith:Nanobots":138,"Pear":138,"Happy Flower":77,"Golden Idol":16,"ReplayTheSpireMod:CursedCoin":16,"Replay:Grab Bag":88,"Quantum Egg":129,"hubris:SphereOfDissonance":16,"aspiration:SecretTechniqueScroll":88,"aspiration:SeaSaltIceCream":113,"Runesmith:EmergencyProvisions":30,"hubris:Towel":129,"CaptainsWheel":104,"Busted Crown":88,"MutagenicStrength":61,"Runesmith:UraniumAnvil":88,"Orrery":199,"hubris:PeanutButter":138,"Black Star":88,"Art of War":145,"ReplayTheSpireMod:TigerMarble":187,"hubris:TenFootPole":190,"Bottled Lightning":104,"Membership Card":129,"m_RuneBlood":16,"Meat on the Bone":16}]},"card_choices":[{"not_picked":["Runesmith:Repurpose","Runesmith:StaticCage"],"picked":"Runesmith:EarthShield","floor":1},{"not_picked":["Runesmith:CraftProtectio","Runesmith:Malloc"],"picked":"Runesmith:Reinforce","floor":2},{"not_picked":["Runesmith:CraftVitae","Runesmith:Reinforce"],"picked":"Runesmith:GoWithTheFlow","floor":6},{"not_picked":["Runesmith:Electrocute","Runesmith:Empowerment","Runesmith:MakeshiftArmor"],"picked":"SKIP","floor":8},{"not_picked":["Runesmith:BackupBattery","Runesmith:Refine"],"picked":"Runesmith:CraftMagma","floor":10},{"not_picked":["Runesmith:Overpower","Runesmith:NanitesCloud"],"picked":"Runesmith:ChaoticBlast","floor":11},{"not_picked":["Runesmith:ShiftingStrike","Runesmith:Overpower"],"picked":"Runesmith:HammerThrow","floor":13},{"not_picked":["Runesmith:GrandSlam","Runesmith:CraftMedicinae"],"picked":"Runesmith:UnlimitedPower","floor":16},{"not_picked":["Runesmith:BackupBattery","Runesmith:HeatedChisel"],"picked":"Runesmith:Retool","floor":17},{"not_picked":["Runesmith:ElementalConversion","Runesmith:ShiftingStrike"],"picked":"Runesmith:Overpower","floor":17},{"not_picked":["Runesmith:StaticCage","Runesmith:CraftReservo"],"picked":"Runesmith:Firewall","floor":17},{"not_picked":["Runesmith:CraftProtectio","Runesmith:HammerTime"],"picked":"Runesmith:Discharge","floor":17},{"not_picked":["Runesmith:EarthShield","Runesmith:BackupBattery"],"picked":"Runesmith:OneForEveryone","floor":17},{"not_picked":["Runesmith:HammerThrow","Runesmith:HeatedChisel"],"picked":"Runesmith:UnstableHammer+1","floor":18},{"not_picked":["Runesmith:GoWithTheFlow","Runesmith:StaticCage+1"],"picked":"Runesmith:FrozenChisel+1","floor":19},{"not_picked":["Runesmith:Repurpose","Runesmith:CraftMagma","Runesmith:MakeshiftArmor"],"picked":"SKIP","floor":22}],"player_experience":607581,"relics_obtained":[{"floor":6,"key":"Replay:Mystery Machine"},{"floor":8,"key":"ReplayTheSpireMod:TigerMarble"},{"floor":14,"key":"Ring of Searing"},{"floor":14,"key":"ReplayTheSpireMod:Ring of Exchange"}],"event_choices":[{"damage_healed":0,"gold_gain":0,"player_choice":"Got Potions","damage_taken":0,"max_hp_gain":0,"max_hp_loss":0,"event_name":"Lab","floor":4,"gold_loss":0},{"damage_healed":23,"gold_gain":0,"player_choice":"Heal","damage_taken":0,"max_hp_gain":0,"max_hp_loss":0,"event_name":"The Library","floor":21,"gold_loss":0}],"is_beta":false,"boss_relics":[{"not_picked":["Coffee Dripper","Runesmith:CoreCrystal"],"picked":"Orrery"}],"items_purged_floors":[],"is_endless":false,"potions_floor_spawned":[6,8,10,19],"killed_by":"Slavers","ascension_level":1}}