{"host":"jm9833yuloeli2yd","time":1607907153,"event":{"mods":["AchievementEnabler","BaseMod","Better Altar","Better Match","Better Note","Better Sensory Stone","Better Skull","Better Vampires","Colored Map","Colored Powertips","DeckTracker","Minty Spire (QoL Compilation)","Permanent Neow","Quick Restart","Replay The Spire","StSLib","SuperFastMode"],"gold_per_floor":[118,135,135,152,167,167,192,192,192,212,232,70,150,150,150,150,150],"floor_reached":16,"playtime":362,"items_purged":[],"score":204,"play_id":"80cda7a9-5cec-445c-acda-3dbcc36ba3e9","local_time":"20201213195233","is_ascension_mode":true,"campfire_choices":[{"data":"Dagger Spray","floor":6,"key":"SMITH"},{"floor":8,"key":"REST"}],"circlet_count":0,"master_deck":["AscendersBane","Strike_G","Strike_G","Strike_G","Strike_G","Defend_G","Defend_G","Defend_G","Defend_G","Defend_G","Survivor","Neutralize","Strike_B","Neutralize","Replay:Poison Smokescreen+1","Masterful Stab+1","Sucker Punch","Dagger Spray+1","Slice","Quick Slash","ReplayTheSpireMod:Scrap Shanks"],"relics":["Ring of the Snake","Anchor","Blood Vial","Guide Book","SsserpentHead"],"acts_visited":["Exordium"],"potions_floor_usage":[11,16,16],"damage_taken":[{"damage":9,"enemies":"Jaw Worm","floor":1,"turns":4},{"damage":0,"enemies":"Cultist","floor":2,"turns":4},{"damage":0,"enemies":"2 Louse","floor":4,"turns":3},{"damage":24,"enemies":"Lots of Slimes","floor":5,"turns":7},{"damage":48,"enemies":"Gremlin Nob","floor":7,"turns":5},{"damage":0,"enemies":"3 Louse","floor":10,"turns":3},{"damage":6,"enemies":"Gremlin Gang","floor":11,"turns":4},{"damage":51,"enemies":"Slime Boss","floor":16,"turns":5}],"seed_played":"-1047525794275526953","potions_obtained":[{"floor":5,"key":"Strength Potion"},{"floor":7,"key":"EssenceOfSteel"},{"floor":11,"key":"Regen Potion"}],"is_trial":false,"path_per_floor":["M","M","?","M","M","R","E","R","T","M","M","$","?","?","R_BF","B"],"character_chosen":"THE_SILENT","items_purchased":["Guide Book"],"campfire_rested":1,"item_purchase_floors":[12],"current_hp_per_floor":[50,50,76,76,52,52,4,26,26,28,24,24,24,24,24,0,0],"gold":150,"neow_bonus":"THREE_RARE_CARDS","is_daily":false,"chose_seed":false,"campfire_upgraded":1,"win_rate":0.0,"timestamp":1607907153,"path_taken":["M","M","?","M","M","R","E","R","T","M","?","$","?","?","R_BF","BOSS"],"items_purchased_type":["Relic"],"build_version":"2020-12-13","purchased_purges":0,"victory":false,"max_hp_per_floor":[66,66,76,76,76,76,76,76,76,76,76,76,76,76,76,76,76],"card_choices":[{"not_picked":["ReplayTheSpireMod:From All Sides","ReplayTheSpireMod:Necrosis"],"picked":"A Thousand Cuts","floor":0},{"not_picked":["Prepared","Bane"],"picked":"Replay:Poison Smokescreen","floor":1},{"not_picked":["Hidden Blade","Riddle With Holes"],"picked":"Masterful Stab","floor":2},{"not_picked":["Prepared","Cloak And Dagger"],"picked":"Sucker Punch","floor":4},{"not_picked":["Flying Knee","Deadly Poison"],"picked":"Dagger Spray","floor":5},{"not_picked":["Dodge and Roll","Well Laid Plans"],"picked":"Slice","floor":7},{"not_picked":["Backflip","Prepared"],"picked":"Quick Slash","floor":10},{"not_picked":["Flying Knee","ReplayTheSpireMod:Scrap Shanks","Outmaneuver"],"picked":"SKIP","floor":11}],"player_experience":1053934,"relics_obtained":[{"floor":7,"key":"Anchor"},{"floor":9,"key":"Blood Vial"}],"event_choices":[{"cards_removed":["A Thousand Cuts"],"damage_healed":16,"gold_gain":0,"player_choice":"Offered Rare","damage_taken":0,"max_hp_gain":10,"max_hp_loss":0,"event_name":"Bonfire Elementals","floor":3,"gold_loss":0},{"damage_healed":0,"gold_gain":80,"player_choice":"Gained Gold","damage_taken":0,"max_hp_gain":0,"max_hp_loss":0,"event_name":"Golden Wing","floor":13,"gold_loss":0},{"damage_healed":0,"gold_gain":0,"cards_transformed":["Strike_G"],"player_choice":"Transformed","damage_taken":0,"max_hp_gain":0,"max_hp_loss":0,"event_name":"Transmorgrifier","floor":14,"gold_loss":0,"cards_obtained":["ReplayTheSpireMod:Scrap Shanks"]},{"damage_healed":0,"gold_gain":0,"player_choice":"Trade","damage_taken":0,"relics_obtained":["SsserpentHead"],"max_hp_gain":0,"max_hp_loss":0,"event_name":"FaceTrader","floor":15,"gold_loss":0}],"is_beta":false,"boss_relics":[],"items_purged_floors":[],"is_endless":false,"potions_floor_spawned":[5,7,10,11],"killed_by":"Slime Boss","ascension_level":20}}