{"host":"a9gsz7kv8aebwp1f","time":1607965451,"event":{"mods":["AchievementEnabler","BaseMod","Minty Spire (QoL Compilation)"],"gold_per_floor":[10,10,10,25,44,44,67,91,115,115,130,143,156,121,121,249,249,264,264,264,363,381,381,402,402,402,418,11,11,11,11],"floor_reached":30,"playtime":585,"items_purged":["Writhe"],"score":358,"play_id":"e2cc0297-ea6b-4d6b-9180-3b0deea9b18f","local_time":"20201215020411","is_ascension_mode":true,"campfire_choices":[{"data":"Dualcast","floor":6,"key":"SMITH"},{"data":"Hyperbeam","floor":10,"key":"SMITH"},{"data":"Hyperbeam","floor":15,"key":"SMITH"},{"data":"Hyperbeam","floor":23,"key":"SMITH"},{"data":"Beam Cell","floor":25,"key":"SMITH"}],"circlet_count":0,"master_deck":["AscendersBane","Strike_B","Strike_B","Strike_B+1","Strike_B","Defend_B","Defend_B","Defend_B","Defend_B","Dualcast+1","Hyperbeam+1","Leap","Leap","Beam Cell","Sunder","Melter+1","Hyperbeam+1","Beam Cell+1","Conserve Battery","Hyperbeam+1","Auto Shields","Hologram+1","Hello World+1"],"relics":["Cracked Core","Golden Idol","CultistMask","Ancient Tea Set","Nuclear Battery","Akabeko","Whetstone","Frozen Egg 2"],"acts_visited":["Exordium","TheCity"],"potions_floor_usage":[],"damage_taken":[{"damage":0,"enemies":"Small Slimes","floor":1,"turns":1},{"damage":7,"enemies":"Jaw Worm","floor":4,"turns":3},{"damage":0,"enemies":"Cultist","floor":5,"turns":4},{"damage":0,"enemies":"Blue Slaver","floor":7,"turns":3},{"damage":0,"enemies":"2 Fungi Beasts","floor":8,"turns":3},{"damage":6,"enemies":"Looter","floor":11,"turns":2},{"damage":0,"enemies":"Exordium Thugs","floor":12,"turns":2},{"damage":0,"enemies":"Blue Slaver","floor":13,"turns":2},{"damage":29,"enemies":"Slime Boss","floor":16,"turns":6},{"damage":1,"enemies":"2 Thieves","floor":18,"turns":2},{"damage":7,"enemies":"Chosen","floor":22,"turns":4},{"damage":0,"enemies":"Centurion and Healer","floor":24,"turns":2},{"damage":34,"enemies":"Snake Plant","floor":27,"turns":3},{"damage":7,"enemies":"Chosen and Byrds","floor":30,"turns":1}],"seed_played":"65817000044011507","potions_obtained":[{"floor":1,"key":"Ancient Potion"},{"floor":4,"key":"FocusPotion"},{"floor":12,"key":"LiquidBronze"},{"floor":24,"key":"Strength Potion"}],"is_trial":false,"path_per_floor":["M","?","?","M","M","R","M","M","T","R","M","M","M","?","R","B",null,"M","?","?","?","M","R","M","R","T","M","$","?","M"],"character_chosen":"DEFECT","items_purchased":["Frozen Egg 2","Hello World+1"],"campfire_rested":0,"item_purchase_floors":[28,28],"current_hp_per_floor":[68,50,50,43,43,43,43,43,43,43,37,37,37,55,55,26,63,62,48,48,48,41,41,41,41,41,7,7,7,0,0],"gold":11,"neow_bonus":"THREE_RARE_CARDS","is_daily":false,"chose_seed":false,"campfire_upgraded":5,"win_rate":0.0,"timestamp":1607965451,"path_taken":["M","?","?","M","?","R","M","M","T","R","M","M","M","?","R","BOSS","M","?","?","?","M","R","?","R","T","M","?","?","M"],"items_purchased_type":["Relic","Card"],"build_version":"2020-12-13","purchased_purges":1,"victory":false,"max_hp_per_floor":[75,75,75,75,75,75,75,75,75,75,75,75,75,75,75,75,75,75,80,80,80,80,80,80,80,80,80,80,80,80,80],"card_choices":[{"not_picked":["Creative AI","Buffer"],"picked":"Hyperbeam","floor":0},{"not_picked":["Blizzard","Steam"],"picked":"Leap","floor":1},{"not_picked":["Blizzard","Beam Cell"],"picked":"Leap","floor":4},{"not_picked":["Recycle","Rip and Tear"],"picked":"Beam Cell","floor":5},{"not_picked":["BootSequence","Leap"],"picked":"Sunder","floor":7},{"not_picked":["Genetic Algorithm","Redo"],"picked":"Melter","floor":8},{"not_picked":["Coolheaded","Loop"],"picked":"Hyperbeam","floor":11},{"not_picked":["Rebound","Redo"],"picked":"Beam Cell","floor":12},{"not_picked":["Coolheaded","Hologram"],"picked":"Conserve Battery","floor":13},{"not_picked":["Rainbow","All For One"],"picked":"Hyperbeam","floor":16},{"not_picked":["Chill+1","Compile Driver","Redo"],"picked":"SKIP","floor":18},{"not_picked":["Steam","Rebound"],"picked":"Auto Shields","floor":22},{"not_picked":["Compile Driver","Barrage","Ball Lightning"],"picked":"SKIP","floor":24},{"not_picked":["Loop","All For One"],"picked":"Hologram+1","floor":27}],"player_experience":421344,"relics_obtained":[{"floor":9,"key":"Ancient Tea Set"},{"floor":26,"key":"Whetstone"}],"event_choices":[{"damage_healed":0,"gold_gain":0,"player_choice":"Take Damage","damage_taken":18,"relics_obtained":["Golden Idol"],"max_hp_gain":0,"max_hp_loss":0,"event_name":"Golden Idol","floor":2,"gold_loss":0},{"damage_healed":0,"gold_gain":0,"player_choice":"Trade","damage_taken":0,"relics_obtained":["CultistMask"],"max_hp_gain":0,"max_hp_loss":0,"event_name":"FaceTrader","floor":3,"gold_loss":0},{"damage_healed":18,"gold_gain":0,"player_choice":"Healed","damage_taken":0,"max_hp_gain":0,"max_hp_loss":0,"event_name":"The Cleric","floor":14,"gold_loss":35},{"damage_healed":0,"gold_gain":0,"player_choice":"Shed Blood","damage_taken":19,"max_hp_gain":5,"max_hp_loss":0,"event_name":"Forgotten Altar","floor":19,"gold_loss":0},{"damage_healed":0,"gold_gain":0,"player_choice":"Opened","damage_taken":0,"relics_obtained":["Akabeko"],"max_hp_gain":0,"max_hp_loss":0,"event_name":"The Mausoleum","floor":20,"gold_loss":0,"cards_obtained":["Writhe"]},{"damage_healed":0,"gold_gain":99,"player_choice":"Stole From Cult","damage_taken":0,"max_hp_gain":0,"max_hp_loss":0,"event_name":"Nest","floor":21,"gold_loss":0},{"cards_removed":["Zap"],"damage_healed":0,"gold_gain":0,"player_choice":"Offered Basic","damage_taken":0,"max_hp_gain":0,"max_hp_loss":0,"event_name":"Bonfire Elementals","floor":29,"gold_loss":0}],"is_beta":false,"boss_relics":[{"not_picked":["Runic Dome","Coffee Dripper"],"picked":"Nuclear Battery"}],"items_purged_floors":[28],"is_endless":false,"potions_floor_spawned":[1,4,12,16,22,24],"killed_by":"Chosen and Byrds","ascension_level":12}}