{"host":"1tl36azeqm6yhdgj","time":1607964737,"event":{"mods":["AchievementEnabler","BaseMod","Minty Spire (QoL Compilation)","StSLib","The IronCluck","everything is the same but u backflip on backflip"],"gold_per_floor":[117,128,128,148,164,164,196,196,219,394,394,405,439,457,457,457,457],"floor_reached":16,"playtime":302,"items_purged":[],"score":174,"play_id":"ec63c708-2802-4ac0-a68e-6c78b2be53bc","local_time":"20201214115217","is_ascension_mode":true,"campfire_choices":[{"data":"Uppercut","floor":6.0,"key":"SMITH"},{"data":"Thunderclap","floor":8.0,"key":"SMITH"},{"data":"Twin Strike","floor":11.0,"key":"SMITH"},{"data":"Headbutt","floor":15.0,"key":"SMITH"}],"circlet_count":0,"master_deck":["AscendersBane","Strike_R","Strike_R","Strike_R","Strike_R","Strike_R","Defend_R","Defend_R","Defend_R","Defend_R","Bash","Headbutt+1","Twin Strike+1","Regret","Uppercut+1","Thunderclap+1","Dropkick","Dropkick","Feed","Intimidate"],"relics":["Burning Blood","NeowsBlessing","Tiny Chest","Ancient Tea Set","Omamori","Meat on the Bone"],"acts_visited":["Exordium"],"potions_floor_usage":[16,16],"damage_taken":[{"damage":0.0,"enemies":"Small Slimes","floor":1.0,"turns":1.0},{"damage":0.0,"enemies":"2 Louse","floor":2.0,"turns":1.0},{"damage":0.0,"enemies":"Cultist","floor":4.0,"turns":1.0},{"damage":31.0,"enemies":"Large Slime","floor":5.0,"turns":5.0},{"damage":5.0,"enemies":"3 Sentries","floor":7.0,"turns":2.0},{"damage":3.0,"enemies":"3 Louse","floor":12.0,"turns":3.0},{"damage":19.0,"enemies":"Gremlin Nob","floor":13.0,"turns":4.0},{"damage":9.0,"enemies":"Blue Slaver","floor":14.0,"turns":2.0},{"damage":58,"enemies":"The Guardian","floor":16,"turns":8}],"seed_played":"-8726544845611678851","potions_obtained":[{"floor":1.0,"key":"LiquidBronze"},{"floor":5.0,"key":"AttackPotion"},{"floor":12.0,"key":"Explosive Potion"},{"floor":13.0,"key":"LiquidMemories"}],"is_trial":false,"path_per_floor":["M","M","?","M","M","R","E","R","T","?","R","M","E","M","R","B"],"character_chosen":"IRONCLAD","items_purchased":[],"campfire_rested":0,"item_purchase_floors":[],"current_hp_per_floor":[78,80,80,80,55,55,56,56,56,56,56,59,46,55,55,0,0],"gold":457,"neow_bonus":"THREE_ENEMY_KILL","is_daily":false,"chose_seed":false,"campfire_upgraded":4,"win_rate":0.0,"timestamp":1607964737,"path_taken":["M","M","?","M","M","R","E","R","T","?","R","M","E","M","R","BOSS"],"items_purchased_type":[],"build_version":"2020-12-13","purchased_purges":0,"victory":false,"max_hp_per_floor":[80,80,80,80,80,80,80,80,80,80,80,80,80,80,80,80,80],"card_choices":[{"not_picked":["Reckless Charge","Wild Strike"],"picked":"Headbutt","floor":1.0},{"not_picked":["Sword Boomerang","Second Wind"],"picked":"Twin Strike","floor":2.0},{"not_picked":["Headbutt","Iron Wave"],"picked":"Uppercut","floor":4.0},{"not_picked":["Uppercut","Pommel Strike"],"picked":"Thunderclap","floor":5.0},{"not_picked":["Whirlwind","Rupture"],"picked":"Dropkick","floor":7.0},{"not_picked":["Heavy Blade","Twin Strike"],"picked":"Dropkick","floor":12.0},{"not_picked":["Thunderclap","Combust"],"picked":"Feed","floor":13.0},{"not_picked":["Heavy Blade","Evolve"],"picked":"Intimidate","floor":14.0}],"player_experience":1935370,"relics_obtained":[{"floor":7.0,"key":"Ancient Tea Set"},{"floor":9.0,"key":"Omamori"},{"floor":13.0,"key":"Meat on the Bone"}],"event_choices":[{"damage_healed":0.0,"max_hp_gain":0.0,"max_hp_loss":0.0,"gold_gain":0.0,"event_name":"Big Fish","player_choice":"Box","floor":3.0,"gold_loss":0.0,"damage_taken":0.0,"relics_obtained":["Tiny Chest"],"cards_obtained":["Regret"]},{"damage_healed":0.0,"max_hp_gain":0.0,"max_hp_loss":0.0,"gold_gain":175.0,"event_name":"Liars Game","player_choice":"AGREE","floor":10.0,"gold_loss":0.0,"damage_taken":0.0,"cards_obtained":["Doubt"]}],"is_beta":false,"boss_relics":[],"items_purged_floors":[],"is_endless":false,"potions_floor_spawned":[1,5,12,13],"killed_by":"The Guardian","ascension_level":11}}