{"host":"y89x8uui45kcjy42","time":1607953745,"event":{"mods":["2.2 Compatiblity","BaseMod","Colored Map","Colored Powertips","Friendly Minions","Hermit","Highlight Path","Keyboard Shortcuts","Minty Spire (QoL Compilation)","StSLib","SuperFastMode","Waifu the Spire"],"gold_per_floor":[114,289,289,364,382,408,427,452,521,521,552,101,51,68,68,168,168,186,186,186],"floor_reached":19,"playtime":620,"items_purged":["hermit:Strike_Hermit","hermit:Strike_Hermit"],"score":256,"play_id":"1d271e72-f2a7-4dc4-9587-87f78dcae41d","local_time":"20201214224905","is_ascension_mode":true,"campfire_choices":[{"data":"hermit:Grudge","floor":10,"key":"SMITH"},{"data":"hermit:Covet","floor":15,"key":"SMITH"}],"circlet_count":0,"master_deck":["hermit:Strike_Hermit","hermit:Strike_Hermit","hermit:Defend_Hermit","hermit:Defend_Hermit","hermit:Defend_Hermit","hermit:Defend_Hermit","hermit:Snapshot","hermit:Covet+1","hermit:Snipe","Doubt","hermit:ShadowCloak","hermit:Grudge+1","hermit:Brawl","hermit:Manifest","hermit:FlashPowder+1"],"relics":["hermit:Momento","NeowsBlessing","Mango","Smiling Mask","Happy Flower","Pantograph","Molten Egg 2","Lee\u0027s Waffle","Toxic Egg 2","Black Star"],"acts_visited":["Exordium","TheCity"],"potions_floor_usage":[8,11,16,19],"damage_taken":[{"damage":0,"enemies":"2 Louse","floor":1,"turns":1},{"damage":0,"enemies":"Jaw Worm","floor":5,"turns":1},{"damage":0,"enemies":"Lagavulin","floor":6,"turns":1},{"damage":11,"enemies":"Small Slimes","floor":7,"turns":4},{"damage":21,"enemies":"3 Sentries","floor":8,"turns":7},{"damage":11,"enemies":"Lagavulin","floor":11,"turns":7},{"damage":16,"enemies":"Blue Slaver","floor":14,"turns":5},{"damage":41,"enemies":"The Guardian","floor":16,"turns":15},{"damage":24,"enemies":"Chosen","floor":18,"turns":8},{"damage":77,"enemies":"Masked Bandits","floor":19,"turns":5}],"seed_played":"1879491676194923073","potions_obtained":[{"floor":1,"key":"AttackPotion"},{"floor":7,"key":"Weak Potion"},{"floor":8,"key":"PowerPotion"},{"floor":11,"key":"SpeedPotion"},{"floor":14,"key":"SpeedPotion"},{"floor":18,"key":"Block Potion"}],"is_trial":false,"path_per_floor":["M","?","?","?","M","E","M","E","T","R","E","$","$","M","R","B",null,"M","?"],"character_chosen":"HERMIT","items_purchased":["Lee\u0027s Waffle","Toxic Egg 2"],"campfire_rested":0,"item_purchase_floors":[12,12],"current_hp_per_floor":[75,75,71,60,60,60,49,28,28,28,17,96,96,80,80,55,96,72,0,0],"gold":186,"neow_bonus":"THREE_ENEMY_KILL","is_daily":false,"chose_seed":false,"campfire_upgraded":2,"win_rate":0.0,"timestamp":1607953745,"path_taken":["M","?","?","?","?","E","M","E","T","R","E","?","$","M","R","BOSS","M","?"],"items_purchased_type":["Relic","Relic"],"build_version":"2020-12-13","purchased_purges":2,"victory":false,"max_hp_per_floor":[75,75,89,89,89,89,89,89,89,89,89,96,96,96,96,96,96,96,96,96],"card_choices":[{"not_picked":["hermit:Spite","hermit:Vantage"],"picked":"hermit:Snipe","floor":1},{"not_picked":["hermit:Enervate","hermit:Manifest"],"picked":"hermit:ShadowCloak","floor":5},{"not_picked":["hermit:HoleUp","hermit:Headshot"],"picked":"hermit:Grudge","floor":6},{"not_picked":["hermit:Feint","hermit:Vantage"],"picked":"hermit:Brawl","floor":7},{"not_picked":["hermit:NoHoldsBarred","hermit:Showdown","hermit:Shortfuse"],"picked":"SKIP","floor":8},{"not_picked":["hermit:DeadMansHand","hermit:PistolWhip+1"],"picked":"hermit:Manifest","floor":11},{"not_picked":["hermit:NoHoldsBarred+1","hermit:Showdown+1"],"picked":"hermit:FlashPowder+1","floor":14},{"not_picked":["hermit:LowProfile+1","hermit:CursedWeapon+1","hermit:Feint+1"],"picked":"SKIP","floor":18}],"player_experience":501930,"relics_obtained":[{"floor":6,"key":"Smiling Mask"},{"floor":8,"key":"Happy Flower"},{"floor":9,"key":"Pantograph"},{"floor":11,"key":"Molten Egg 2"}],"event_choices":[{"damage_healed":0,"gold_gain":175,"player_choice":"AGREE","damage_taken":0,"max_hp_gain":0,"max_hp_loss":0,"event_name":"Liars Game","floor":2,"gold_loss":0,"cards_obtained":["Doubt"]},{"damage_healed":0,"gold_gain":0,"player_choice":"Success","damage_taken":18,"relics_obtained":["Mango"],"max_hp_gain":0,"max_hp_loss":0,"event_name":"Scrap Ooze","floor":3,"gold_loss":0},{"damage_healed":0,"gold_gain":75,"player_choice":"Gather Gold","damage_taken":11,"max_hp_gain":0,"max_hp_loss":0,"event_name":"World of Goop","floor":4,"gold_loss":0},{"damage_healed":0,"gold_gain":0,"player_choice":"Fought Bandits","damage_taken":0,"max_hp_gain":0,"max_hp_loss":0,"event_name":"Masked Bandits","floor":19,"gold_loss":0}],"is_beta":false,"boss_relics":[{"not_picked":["Empty Cage","Ectoplasm"],"picked":"Black Star"}],"items_purged_floors":[12,13],"is_endless":false,"potions_floor_spawned":[1,7,8,11,14,18],"killed_by":"Masked Bandits","ascension_level":2}}