{"host":"27hat5v0dffgaxzm","time":1607947254,"event":{"mods":["BaseMod","Colored Map","Colored Powertips","Highlight Path","Minty Spire (QoL Compilation)","Permanent Neow","Quick Restart"],"gold_per_floor":[117,130,80,80,90,122,122,150,201,476,493,503,531,546,546,647,647,660,675,675,675,675,706,706,621,700,700,625,642,676,696,696,798,798,809,827,877,895,895,895,921,921,921,938,451,451,481,499,499,499,499,499,32,63,63],"floor_reached":56,"playtime":2693,"items_purged":["Strike_R","Strike_R"],"score":1701,"play_id":"6fa30508-92de-4f1a-942d-2dc91510114f","local_time":"20201214210054","is_ascension_mode":true,"campfire_choices":[{"data":"Cleave","floor":7.0,"key":"SMITH"},{"data":"Demon Form","floor":15.0,"key":"SMITH"},{"data":"Battle Trance","floor":24.0,"key":"SMITH"},{"data":"True Grit","floor":27.0,"key":"SMITH"},{"data":"Brutality","floor":32.0,"key":"SMITH"},{"data":"Offering","floor":40.0,"key":"SMITH"},{"data":"Heavy Blade","floor":42.0,"key":"SMITH"},{"floor":46.0,"key":"RECALL"},{"data":"Defend_R","floor":49.0,"key":"PURGE"},{"data":"Secret Technique","floor":52.0,"key":"SMITH"}],"circlet_count":0,"master_deck":["Strike_R+1","Strike_R","Defend_R+1","Defend_R","Defend_R","Bash+1","Cleave+1","Dark Embrace","Shrug It Off","Demon Form+1","Heavy Blade+1","Battle Trance+1","Ghostly Armor+1","Reaper","True Grit+1","Shockwave+1","Rupture+1","Brutality+1","Pommel Strike+1","Offering+1","Clothesline+1","Headbutt+1","Battle Trance+1","Heavy Blade+1","Offering+1","Secret Technique+1","Madness","Rupture"],"relics":["Burning Blood","PreservedInsect","Self Forming Clay","Sundial","HornCleat","Omamori","Mummified Hand","SacredBark","Art of War","InkBottle","Strawberry","Pear","Molten Egg 2","Mark of Pain","Peace Pipe","War Paint","DollysMirror","Ginger","Whetstone","Toolbox","Centennial Puzzle"],"acts_visited":["Exordium","TheCity","TheBeyond","TheEnding"],"potions_floor_usage":[55],"damage_taken":[{"damage":4.0,"enemies":"Jaw Worm","floor":1.0,"turns":4.0},{"damage":0.0,"enemies":"Small Slimes","floor":2.0,"turns":3.0},{"damage":1.0,"enemies":"Cultist","floor":5.0,"turns":3.0},{"damage":29.0,"enemies":"Lagavulin","floor":6.0,"turns":6.0},{"damage":22.0,"enemies":"3 Sentries","floor":8.0,"turns":4.0},{"damage":9.0,"enemies":"Red Slaver","floor":11.0,"turns":4.0},{"damage":6.0,"enemies":"3 Louse","floor":12.0,"turns":3.0},{"damage":15.0,"enemies":"Lagavulin","floor":13.0,"turns":5.0},{"damage":0.0,"enemies":"2 Fungi Beasts","floor":14.0,"turns":3.0},{"damage":26.0,"enemies":"Slime Boss","floor":16.0,"turns":8.0},{"damage":35.0,"enemies":"2 Thieves","floor":18.0,"turns":4.0},{"damage":31.0,"enemies":"3 Byrds","floor":19.0,"turns":6.0},{"damage":5.0,"enemies":"Gremlin Leader","floor":23.0,"turns":6.0},{"damage":6.0,"enemies":"Snecko","floor":29.0,"turns":6.0},{"damage":19.0,"enemies":"Slavers","floor":30.0,"turns":4.0},{"damage":10.0,"enemies":"Centurion and Healer","floor":31.0,"turns":5.0},{"damage":33.0,"enemies":"Champ","floor":33.0,"turns":8.0},{"damage":7.0,"enemies":"3 Shapes","floor":35.0,"turns":2.0},{"damage":8.0,"enemies":"Orb Walker","floor":36.0,"turns":3.0},{"damage":14.0,"enemies":"Mind Bloom Boss Battle","floor":37.0,"turns":7.0},{"damage":65.0,"enemies":"Writhing Mass","floor":38.0,"turns":9.0},{"damage":33.0,"enemies":"Nemesis","floor":41.0,"turns":5.0},{"damage":26.0,"enemies":"Spire Growth","floor":44.0,"turns":6.0},{"damage":17.0,"enemies":"Reptomancer","floor":47.0,"turns":4.0},{"damage":15.0,"enemies":"Maw","floor":48.0,"turns":4.0},{"damage":54.0,"enemies":"Donu and Deca","floor":50.0,"turns":6.0},{"damage":30.0,"enemies":"Shield and Spear","floor":54.0,"turns":3.0},{"damage":73,"enemies":"The Heart","floor":55,"turns":8}],"seed_played":"1310979376148088425","potions_obtained":[{"floor":2.0,"key":"ElixirPotion"},{"floor":12.0,"key":"Fire Potion"},{"floor":13.0,"key":"Energy Potion"},{"floor":14.0,"key":"Block Potion"},{"floor":18.0,"key":"Weak Potion"},{"floor":23.0,"key":"AttackPotion"},{"floor":31.0,"key":"SneckoOil"},{"floor":35.0,"key":"Swift Potion"},{"floor":37.0,"key":"ElixirPotion"}],"is_trial":false,"path_per_floor":["M","M","?","T","M","E","R","E","T","?","M","M","E","M","R","B",null,"M","M","?","?","?","E","R","?","T","R","$","M","E","M","R","B",null,"M","M","?","M","?","R","E","R","T","M","$","R","E","M","R","B",null,"R","$","E","B",null],"character_chosen":"IRONCLAD","items_purchased":["DollysMirror","Secret Technique","PowerPotion","Whetstone","Toolbox","Madness","Rupture"],"campfire_rested":0,"item_purchase_floors":[45,45,45,53,53,53,53],"current_hp_per_floor":[74,80,80,80,80,57,57,41,41,41,38,38,29,35,35,15,64,49,24,24,9,9,40,40,47,57,57,57,63,50,78,78,97,101,100,102,102,43,43,43,35,35,35,38,38,38,49,68,68,86,98,98,98,74,41],"gold":63,"neow_bonus":"RANDOM_COMMON_RELIC","is_daily":false,"chose_seed":false,"campfire_upgraded":8,"win_rate":0.0,"timestamp":1607947254,"path_taken":["M","M","?","?","M","E","R","E","T","?","?","M","E","M","R","BOSS","M","M","?","?","?","E","R","?","T","R","$","M","E","M","R","BOSS","M","M","?","M","?","R","E","R","T","M","?","R","E","M","R","BOSS","R","$","E","BOSS"],"items_purchased_type":["Relic","Card","Potion","Relic","Relic","Card","Card"],"build_version":"2020-12-13","purchased_purges":2,"victory":true,"max_hp_per_floor":[80,80,80,80,80,80,80,80,80,80,80,80,80,80,80,80,80,80,80,80,85,85,85,85,92,102,102,102,102,102,102,102,102,102,102,102,102,102,102,102,102,102,102,102,102,102,102,102,102,102,102,102,102,102,102],"card_choices":[{"not_picked":["Sword Boomerang","Warcry"],"picked":"Cleave","floor":1.0},{"not_picked":["Burning Pact","Havoc"],"picked":"Dark Embrace","floor":2.0},{"not_picked":["Warcry","Pummel"],"picked":"Shrug It Off","floor":5.0},{"not_picked":["Inflame","Feel No Pain"],"picked":"Demon Form","floor":6.0},{"not_picked":["Rupture","Sever Soul"],"picked":"Heavy Blade","floor":8.0},{"not_picked":["Havoc","Flex"],"picked":"Battle Trance","floor":11.0},{"not_picked":["Anger","Wild Strike","Havoc"],"picked":"SKIP","floor":12.0},{"not_picked":["Havoc","Flex","Dropkick"],"picked":"SKIP","floor":13.0},{"not_picked":["Twin Strike","Sever Soul"],"picked":"Ghostly Armor","floor":14.0},{"not_picked":["Fiend Fire","Limit Break"],"picked":"Reaper","floor":16.0},{"not_picked":["Perfected Strike+1","Cleave"],"picked":"True Grit","floor":18.0},{"not_picked":["Twin Strike","Disarm+1"],"picked":"Whirlwind+1","floor":19.0},{"not_picked":["Dual Wield","Pummel"],"picked":"Shockwave+1","floor":23.0},{"not_picked":["Armaments","Flex+1"],"picked":"Rupture+1","floor":29.0},{"not_picked":["Shrug It Off+1","Uppercut+1"],"picked":"Brutality","floor":30.0},{"not_picked":["Twin Strike+1","Hemokinesis+1"],"picked":"Pommel Strike+1","floor":31.0},{"not_picked":["Barricade","Fiend Fire+1"],"picked":"Offering","floor":33.0},{"not_picked":["Flex+1","Havoc+1"],"picked":"Clothesline+1","floor":35.0},{"not_picked":["Cleave+1","Seeing Red","Uppercut+1"],"picked":"SKIP","floor":36.0},{"not_picked":["Sword Boomerang+1","Body Slam+1"],"picked":"Headbutt+1","floor":37.0},{"not_picked":["Fire Breathing+1","Body Slam+1"],"picked":"Battle Trance+1","floor":38.0},{"not_picked":["Carnage+1","Juggernaut"],"picked":"Heavy Blade+1","floor":41.0},{"not_picked":["Iron Wave+1","Armaments","Cleave+1"],"picked":"SKIP","floor":44.0},{"not_picked":["Armaments+1","Iron Wave+1","Headbutt+1"],"picked":"SKIP","floor":47.0},{"not_picked":["Wild Strike+1","Iron Wave+1","Uppercut+1"],"picked":"SKIP","floor":48.0},{"not_picked":["Searing Blow+1","Cleave+1","Armaments+1"],"picked":"SKIP","floor":54.0}],"player_experience":316156,"relics_obtained":[{"floor":4.0,"key":"Self Forming Clay"},{"floor":6.0,"key":"Sundial"},{"floor":8.0,"key":"HornCleat"},{"floor":9.0,"key":"Omamori"},{"floor":13.0,"key":"Mummified Hand"},{"floor":23.0,"key":"InkBottle"},{"floor":26.0,"key":"Pear"},{"floor":30.0,"key":"Molten Egg 2"},{"floor":37.0,"key":"Peace Pipe"},{"floor":41.0,"key":"War Paint"},{"floor":47.0,"key":"Ginger"},{"floor":54.0,"key":"Centennial Puzzle"}],"event_choices":[{"cards_removed":["Strike_R"],"damage_healed":0.0,"max_hp_gain":0.0,"max_hp_loss":0.0,"gold_gain":0.0,"event_name":"The Cleric","player_choice":"Card Removal","floor":3.0,"gold_loss":50.0,"damage_taken":0.0},{"damage_healed":0.0,"max_hp_gain":0.0,"max_hp_loss":0.0,"gold_gain":275.0,"event_name":"Golden Shrine","player_choice":"Desecrate","floor":10.0,"gold_loss":0.0,"damage_taken":0.0,"cards_obtained":["Regret"]},{"damage_healed":0.0,"max_hp_gain":0.0,"max_hp_loss":0.0,"gold_gain":0.0,"event_name":"Ghosts","player_choice":"Ignored","floor":20.0,"gold_loss":0.0,"damage_taken":0.0},{"damage_healed":0.0,"max_hp_gain":5.0,"max_hp_loss":0.0,"gold_gain":0.0,"event_name":"Forgotten Altar","player_choice":"Shed Blood","floor":21.0,"gold_loss":0.0,"damage_taken":20.0},{"damage_healed":0.0,"max_hp_gain":0.0,"max_hp_loss":0.0,"gold_gain":0.0,"event_name":"The Mausoleum","player_choice":"Opened","floor":22.0,"gold_loss":0.0,"damage_taken":0.0,"relics_obtained":["Art of War"],"cards_obtained":["Writhe"]},{"damage_healed":0.0,"max_hp_gain":0.0,"max_hp_loss":0.0,"gold_gain":0.0,"event_name":"Addict","player_choice":"Obtained Relic","floor":25.0,"gold_loss":85.0,"damage_taken":0.0,"relics_obtained":["Strawberry"]},{"damage_healed":0.0,"max_hp_gain":0.0,"max_hp_loss":0.0,"gold_gain":0.0,"event_name":"MindBloom","player_choice":"Fight","floor":37.0,"gold_loss":0.0,"damage_taken":0.0},{"cards_removed":["Whirlwind"],"damage_healed":0.0,"max_hp_gain":0.0,"max_hp_loss":0.0,"gold_gain":0.0,"event_name":"Falling","player_choice":"Removed Attack","floor":39.0,"gold_loss":0.0,"damage_taken":0.0}],"is_beta":false,"boss_relics":[{"not_picked":["Runic Cube","Astrolabe"],"picked":"SacredBark"},{"not_picked":["Pandora\u0027s Box","Sozu"],"picked":"Mark of Pain"}],"items_purged_floors":[28,45],"is_endless":false,"potions_floor_spawned":[2,12,13,14,18,23,31,35,37,48],"ascension_level":8}}