{"host":"a1eatafr7pisesky","time":1607963699,"event":{"mods":["BaseMod","Colored Map","DeckTracker","Highlight Path","Keyboard Shortcuts","Minty Spire (QoL Compilation)","Permanent Neow","Random Character Button","StSLib","SuperFastMode","everything is the same but u backflip on backflip"],"gold_per_floor":[114,46,61,76,91,121,133,145,182,194,194],"floor_reached":10,"playtime":207,"items_purged":[],"score":68,"play_id":"8c900868-2672-4fc0-957f-a5ad997fe0e6","local_time":"20201215013459","daily_mods":["Cursed Run","Diverse","DeadlyEvents"],"is_ascension_mode":false,"campfire_choices":[{"floor":7,"key":"REST"}],"circlet_count":0,"master_deck":["Strike_B","Strike_B","Strike_B","Strike_B","Defend_B","Defend_B","Defend_B","Defend_B","Zap","Dualcast","Heavy Blade+1","Footwork","Meditate","Dagger Spray","Rainbow+1","Regret"],"relics":["Cursed Key","Darkstone Periapt","Du-Vu Doll","MawBank","Regal Pillow"],"acts_visited":["Exordium"],"potions_floor_usage":[],"damage_taken":[{"damage":6,"enemies":"Cultist","floor":1,"turns":3},{"damage":0,"enemies":"Small Slimes","floor":3,"turns":3},{"damage":1,"enemies":"2 Louse","floor":4,"turns":2},{"damage":30,"enemies":"Gremlin Gang","floor":5,"turns":4},{"damage":36,"enemies":"Gremlin Nob","floor":6,"turns":4},{"damage":17,"enemies":"Lagavulin","floor":10,"turns":4}],"seed_played":"1880613833527945180","potions_obtained":[{"floor":5,"key":"Swift Potion"},{"floor":6,"key":"PowerPotion"}],"is_trial":false,"path_per_floor":["M","$","M","M","M","E","R","?","T","E"],"character_chosen":"DEFECT","items_purchased":["Footwork"],"campfire_rested":1,"item_purchase_floors":[2],"current_hp_per_floor":[69,69,69,68,38,2,24,9,15,0,0],"gold":194,"neow_bonus":"","is_daily":true,"chose_seed":false,"campfire_upgraded":0,"win_rate":0.0,"timestamp":1607963699,"path_taken":["M","?","M","M","M","E","R","?","T","E"],"items_purchased_type":["Card"],"build_version":"2020-12-13","purchased_purges":0,"victory":false,"max_hp_per_floor":[75,75,75,75,75,75,75,75,81,81,81],"card_choices":[{"not_picked":["Thunderclap","Pommel Strike"],"picked":"Heavy Blade","floor":1},{"not_picked":["BattleHymn","Prostrate"],"picked":"Meditate","floor":3},{"not_picked":["Hologram","Adaptation","Evaluate"],"picked":"SKIP","floor":4},{"not_picked":["Sword Boomerang","Acrobatics"],"picked":"Dagger Spray","floor":5},{"not_picked":["Collect","Deflect"],"picked":"Rainbow","floor":6}],"player_experience":207528,"relics_obtained":[{"floor":6,"key":"MawBank"},{"floor":9,"key":"Regal Pillow"}],"event_choices":[{"damage_healed":0,"gold_gain":0,"player_choice":"Entered Light","damage_taken":15,"max_hp_gain":0,"max_hp_loss":0,"event_name":"Shining Light","floor":8,"gold_loss":0,"cards_upgraded":["Heavy Blade","Rainbow"]}],"is_beta":false,"boss_relics":[],"items_purged_floors":[],"is_endless":false,"potions_floor_spawned":[5,6],"killed_by":"Lagavulin","ascension_level":0}}