{"host":"d7qmn60fs48wu5y6","time":1607919568,"event":{"mods":["BaseMod","Downfall","Minty Spire (QoL Compilation)","Shade Mod","StSLib","The Cursed","The Servant 0.9.4"],"gold_per_floor":[116,116,42,42,42,67,80,90,115,130,130,55,70,85,85,189,189,202,216,34,34,46,72,72,106,129,129,141,141,167,23,23,121,121,132,53,64,80,135,135,185,219,219,219,19,19,19,32,32,32,32,32,32,60,60,60],"floor_reached":55,"playtime":4619,"items_purged":["Strike_G","Strike_G","Defend_G"],"score":791,"play_id":"b4e947cf-fbeb-49b9-bfe9-bb59573aa6e0","local_time":"20201213201928","is_ascension_mode":true,"campfire_choices":[{"floor":11,"key":"REST"},{"data":"Accuracy","floor":15,"key":"SMITH"},{"data":"Blade Dance","floor":24,"key":"SMITH"},{"floor":27,"key":"RECALL"},{"data":"After Image","floor":32,"key":"SMITH"},{"data":"After Image","floor":40,"key":"SMITH"},{"data":"Accuracy","floor":46,"key":"SMITH"},{"data":"Blade Dance","floor":49,"key":"SMITH"},{"data":"Prepared","floor":52,"key":"SMITH"}],"circlet_count":0,"master_deck":["Defend_G","Defend_G","Defend_G","Defend_G","Survivor","Neutralize","Blur","Blade Dance+1","Accuracy+1","Blade Dance","Deflect","Cloak And Dagger","Deflect","Blade Dance+1","Infinite Blades","After Image+1","Backstab","Prepared+1","Outmaneuver+1","Cloak And Dagger","Finisher","After Image+1","Infinite Blades","Deflect+1","Leg Sweep+1","Blur","Accuracy+1"],"relics":["Ring of the Snake","MealTicket","WristBlade","Meat on the Bone","TungstenRod","Centennial Puzzle","Regal Pillow","HandDrill","Busted Crown","Torii","Turnip","Blue Candle","Molten Egg 2","Happy Flower"],"acts_visited":["Exordium","TheCity","TheBeyond","TheEnding"],"potions_floor_usage":[22,37,39,39,50,55,55],"damage_taken":[{"damage":0,"enemies":"Jaw Worm","floor":1,"turns":4},{"damage":45,"enemies":"3 Sentries","floor":6,"turns":16},{"damage":5,"enemies":"Small Slimes","floor":7,"turns":3},{"damage":0,"enemies":"2 Louse","floor":8,"turns":4},{"damage":0,"enemies":"Exordium Thugs","floor":10,"turns":3},{"damage":0,"enemies":"Blue Slaver","floor":13,"turns":4},{"damage":3,"enemies":"Gremlin Gang","floor":14,"turns":4},{"damage":11,"enemies":"Slime Boss","floor":16,"turns":5},{"damage":3,"enemies":"2 Thieves","floor":18,"turns":3},{"damage":0,"enemies":"Spheric Guardian","floor":19,"turns":1},{"damage":0,"enemies":"3 Cultists","floor":22,"turns":3},{"damage":0,"enemies":"Book of Stabbing","floor":23,"turns":4},{"damage":12,"enemies":"Gremlin Leader","floor":25,"turns":5},{"damage":9,"enemies":"Snecko","floor":28,"turns":4},{"damage":2,"enemies":"Slavers","floor":30,"turns":5},{"damage":12,"enemies":"Champ","floor":33,"turns":8},{"damage":0,"enemies":"3 Shapes","floor":35,"turns":2},{"damage":7,"enemies":"3 Darklings","floor":37,"turns":3},{"damage":0,"enemies":"4 Shapes","floor":38,"turns":4},{"damage":5,"enemies":"2 Orb Walkers","floor":39,"turns":4},{"damage":0,"enemies":"Mind Bloom Boss Battle","floor":41,"turns":5},{"damage":0,"enemies":"Giant Head","floor":42,"turns":7},{"damage":0,"enemies":"Maw","floor":48,"turns":6},{"damage":9,"enemies":"Donu and Deca","floor":50,"turns":8},{"damage":9,"enemies":"Shield and Spear","floor":54,"turns":5},{"damage":66,"enemies":"The Heart","floor":55,"turns":8}],"seed_played":"3337229896322422594","potions_obtained":[{"floor":7,"key":"ColorlessPotion"},{"floor":8,"key":"Strength Potion"},{"floor":13,"key":"Slimebound:ThreeZeroPotion"},{"floor":30,"key":"champ:CounterPotion"},{"floor":33,"key":"EssenceOfSteel"},{"floor":37,"key":"Block Potion"},{"floor":39,"key":"LiquidMemories"},{"floor":42,"key":"Dexterity Potion"}],"is_trial":false,"path_per_floor":["M","?","$","?","?","E","M","M","T","M","R","$","M","M","R","B",null,"M","M","$","?","M","E","R","E","T","R","M","?","E","$","R","B",null,"M","$","M","M","?","R","?","E","T","?","$","R","$","M","R","B",null,"R","$","E","B"],"character_chosen":"THE_SILENT","items_purchased":["Accuracy","Backstab","HandDrill","Infinite Blades","Accuracy"],"campfire_rested":1,"item_purchase_floors":[3,20,31,36,45],"current_hp_per_floor":[70,63,63,68,68,23,18,18,18,18,40,55,55,52,52,41,75,72,72,75,75,75,75,75,63,63,63,54,54,52,67,67,55,75,75,75,68,68,63,63,63,63,63,63,75,75,75,75,75,66,75,75,75,66,0,0],"gold":60,"neow_bonus":"TRANSFORM_CARD","is_daily":false,"chose_seed":false,"campfire_upgraded":7,"win_rate":0.0,"timestamp":1607919568,"path_taken":["M","?","$","?","?","E","M","?","T","M","R","$","M","M","R","BOSS","M","M","$","?","M","E","R","E","T","R","?","?","E","$","R","BOSS","M","$","M","M","?","R","?","E","T","?","?","R","$","M","R","BOSS","R","$","E","BOSS"],"items_purchased_type":["Card","Card","Relic","Card","Card"],"build_version":"2020-12-13","purchased_purges":3,"victory":false,"max_hp_per_floor":[70,70,70,75,75,75,75,75,75,75,75,75,75,75,75,75,75,75,75,75,75,75,75,75,75,75,75,75,75,75,75,75,75,75,75,75,75,75,75,75,75,75,75,75,75,75,75,75,75,75,75,75,75,75,75,75],"card_choices":[{"not_picked":["Slice","Finisher"],"picked":"Blade Dance","floor":1},{"not_picked":["Doppelganger","Backflip"],"picked":"Blade Dance","floor":6},{"not_picked":["Poisoned Stab","Deadly Poison"],"picked":"Deflect","floor":7},{"not_picked":["Masterful Stab","Prepared"],"picked":"Cloak And Dagger","floor":8},{"not_picked":["Quick Slash","Bane"],"picked":"Deflect","floor":10},{"not_picked":["Deadly Poison","Flying Knee"],"picked":"Blade Dance","floor":13},{"not_picked":["Cloak And Dagger","Phantasmal Killer"],"picked":"Infinite Blades","floor":14},{"not_picked":["Storm of Steel","Tools of the Trade"],"picked":"After Image","floor":16},{"not_picked":["Slice+1","Deadly Poison","Sucker Punch+1"],"picked":"SKIP","floor":18},{"not_picked":["Expertise","Concentrate","Setup+1"],"picked":"SKIP","floor":19},{"not_picked":["Quick Slash","Poisoned Stab"],"picked":"Prepared","floor":22},{"not_picked":["All Out Attack+1","Die Die Die","Dash"],"picked":"SKIP","floor":23},{"not_picked":["Bane","Dagger Throw"],"picked":"Outmaneuver+1","floor":25},{"not_picked":["Dagger Spray+1","Endless Agony"],"picked":"Cloak And Dagger","floor":28},{"not_picked":["Setup","Flechettes"],"picked":"Finisher","floor":30},{"not_picked":["Doppelganger","Venomology"],"picked":"After Image","floor":33},{"not_picked":["Underhanded Strike+1"],"picked":"SKIP","floor":35},{"not_picked":["Acrobatics+1"],"picked":"SKIP","floor":37},{"not_picked":[],"picked":"Deflect+1","floor":38},{"not_picked":[],"picked":"Leg Sweep+1","floor":39},{"not_picked":[],"picked":"Blur","floor":42},{"not_picked":["Sucker Punch+1"],"picked":"SKIP","floor":48},{"not_picked":["Quick Slash+1"],"picked":"SKIP","floor":54}],"player_experience":848407,"relics_obtained":[{"floor":6,"key":"MealTicket"},{"floor":23,"key":"Meat on the Bone"},{"floor":25,"key":"TungstenRod"},{"floor":26,"key":"Centennial Puzzle"},{"floor":30,"key":"Regal Pillow"},{"floor":39,"key":"Torii"},{"floor":41,"key":"Turnip"},{"floor":42,"key":"Blue Candle"},{"floor":43,"key":"Molten Egg 2"},{"floor":54,"key":"Happy Flower"}],"event_choices":[{"cards_removed":["Strike_G"],"damage_healed":0,"gold_gain":0,"player_choice":"Card Removal","damage_taken":7,"max_hp_gain":0,"max_hp_loss":0,"event_name":"Golden Wing","floor":2,"gold_loss":0},{"damage_healed":0,"gold_gain":0,"player_choice":"Donut","damage_taken":0,"max_hp_gain":5,"max_hp_loss":0,"event_name":"Big Fish","floor":4,"gold_loss":0},{"damage_healed":0,"gold_gain":0,"player_choice":"Ignored","damage_taken":0,"max_hp_gain":0,"max_hp_loss":0,"event_name":"Liars Game","floor":5,"gold_loss":0},{"cards_removed":["Strike_G"],"damage_healed":0,"gold_gain":0,"player_choice":"Purged","damage_taken":0,"max_hp_gain":0,"max_hp_loss":0,"event_name":"Purifier","floor":21,"gold_loss":0},{"damage_healed":0,"gold_gain":0,"player_choice":"Fight","damage_taken":0,"max_hp_gain":0,"max_hp_loss":0,"event_name":"Mysterious Sphere","floor":39,"gold_loss":0},{"damage_healed":0,"gold_gain":0,"player_choice":"Fight","damage_taken":0,"max_hp_gain":0,"max_hp_loss":0,"event_name":"MindBloom","floor":41,"gold_loss":0},{"damage_healed":0,"gold_gain":0,"player_choice":"Ignored","damage_taken":0,"max_hp_gain":0,"max_hp_loss":0,"event_name":"Tomb of Lord Red Mask","floor":44,"gold_loss":0}],"is_beta":false,"boss_relics":[{"not_picked":["Snecko Eye","Black Star"],"picked":"WristBlade"},{"not_picked":["HoveringKite","Pandora\u0027s Box"],"picked":"Busted Crown"}],"items_purged_floors":[12,20,45],"is_endless":false,"potions_floor_spawned":[7,8,13,18,30,33,37,39,42,48],"killed_by":"The Heart","ascension_level":1}}