{"host":"qrt7o4dq2qslzw13","time":1607938357,"event":{"mods":["AchievementEnabler","BaseMod","Colored Map","Colored Powertips","Minty Spire (QoL Compilation)","Quick Restart","Rare Cards Sparkle","StSLib","SuperFastMode"],"gold_per_floor":[116,116,127,144,155,155,167,177,200,200,200],"floor_reached":10,"playtime":195,"items_purged":[],"score":124,"play_id":"f56b2165-caf9-4fa9-8a65-961ce39ca168","local_time":"20201214043237","is_ascension_mode":true,"campfire_choices":[{"data":"Anger","floor":6,"key":"SMITH"}],"circlet_count":0,"master_deck":["AscendersBane","Strike_R","Strike_R","Strike_R","Defend_R","Defend_R","Defend_R","Bash","Intimidate","Exhume","Headbutt","Anger+1","Anger","Body Slam","Cleave","Sword Boomerang"],"relics":["Burning Blood","Dream Catcher"],"acts_visited":["Exordium"],"potions_floor_usage":[4,7],"damage_taken":[{"damage":9,"enemies":"2 Louse","floor":1,"turns":2},{"damage":4,"enemies":"Cultist","floor":3,"turns":3},{"damage":11,"enemies":"Small Slimes","floor":4,"turns":4},{"damage":16,"enemies":"Looter","floor":5,"turns":4},{"damage":5,"enemies":"Blue Slaver","floor":7,"turns":3},{"damage":21,"enemies":"Lots of Slimes","floor":8,"turns":4},{"damage":30,"enemies":"Gremlin Nob","floor":10,"turns":4}],"seed_played":"-9176703485691273169","potions_obtained":[{"floor":3,"key":"BloodPotion"},{"floor":4,"key":"Energy Potion"}],"is_trial":false,"path_per_floor":["M","?","M","M","M","R","M","M","T","E"],"character_chosen":"IRONCLAD","items_purchased":[],"campfire_rested":0,"item_purchase_floors":[],"current_hp_per_floor":[47,47,49,59,49,49,50,35,35,5,5],"gold":200,"neow_bonus":"TRANSFORM_TWO_CARDS","is_daily":false,"chose_seed":false,"campfire_upgraded":1,"win_rate":0.0,"timestamp":1607938357,"path_taken":["M","?","?","M","M","R","M","M","T","E"],"items_purchased_type":[],"build_version":"2020-12-13","purchased_purges":0,"victory":false,"max_hp_per_floor":[75,75,75,75,75,75,75,75,75,75,75],"card_choices":[{"not_picked":["Intimidate","Metallicize"],"picked":"Headbutt","floor":1},{"not_picked":["Sword Boomerang","Havoc"],"picked":"Anger","floor":3},{"not_picked":["Anger","Clash","Whirlwind"],"picked":"SKIP","floor":4},{"not_picked":["Clash","Whirlwind"],"picked":"Anger","floor":4},{"not_picked":["Uppercut","Cleave"],"picked":"Body Slam","floor":5},{"not_picked":["Body Slam","True Grit"],"picked":"Cleave","floor":7},{"not_picked":["Rampage","Armaments"],"picked":"Sword Boomerang","floor":8}],"player_experience":451182,"relics_obtained":[{"floor":9,"key":"Dream Catcher"}],"event_choices":[{"cards_removed":["Strike_R"],"damage_healed":0,"gold_gain":0,"player_choice":"Purged","damage_taken":0,"max_hp_gain":0,"max_hp_loss":0,"event_name":"Purifier","floor":2,"gold_loss":0}],"is_beta":false,"boss_relics":[],"items_purged_floors":[],"is_endless":false,"potions_floor_spawned":[3,4],"killed_by":"Gremlin Nob","ascension_level":20}}