{"host":"jx3f6ezc0g3s9edc","time":1607912448,"event":{"mods":["AchievementEnabler","BaseMod","Bestiary","Colored Map","Highlight Path","Minty Spire (QoL Compilation)","StSLib"],"gold_per_floor":[118,118,118,118,128,128,53,53,53,53,53,53,70,82,82,185,185,199,199,199,253,265,265,265,265,265,278,203,203,222,222,222],"floor_reached":31,"playtime":1871,"items_purged":["Strike_G"],"score":332,"play_id":"567b23bb-8fae-4878-92e1-0ff660f20c17","local_time":"20201213212048","is_ascension_mode":true,"campfire_choices":[{"data":"Neutralize","floor":6,"key":"SMITH"},{"data":"Survivor","floor":8,"key":"SMITH"},{"data":"Bane","floor":10,"key":"SMITH"},{"data":"Footwork","floor":15,"key":"SMITH"},{"data":"Eviscerate","floor":23,"key":"SMITH"},{"floor":25,"key":"REST"},{"data":"Poisoned Stab","floor":29,"key":"SMITH"}],"circlet_count":0,"master_deck":["AscendersBane","Strike_G","Strike_G+1","Defend_G","Defend_G+1","Defend_G","Defend_G","Defend_G","Survivor+1","Neutralize+1","Bane+1","Acrobatics","PiercingWail","Footwork+1","Burst","Cloak And Dagger","Eviscerate+1","Poisoned Stab+1","Blade Dance"],"relics":["Ring of the Snake","InkBottle","Omamori","StrikeDummy","Black Star","Necronomicon","Ancient Tea Set","Akabeko","Vajra"],"acts_visited":["Exordium","TheCity"],"potions_floor_usage":[31],"damage_taken":[{"damage":1,"enemies":"Cultist","floor":1,"turns":6},{"damage":0,"enemies":"Small Slimes","floor":5,"turns":4},{"damage":1,"enemies":"Jaw Worm","floor":13,"turns":2},{"damage":1,"enemies":"Blue Slaver","floor":14,"turns":4},{"damage":37,"enemies":"The Guardian","floor":16,"turns":23},{"damage":10,"enemies":"3 Byrds","floor":18,"turns":9},{"damage":1,"enemies":"Chosen","floor":22,"turns":8},{"damage":14,"enemies":"Snecko","floor":27,"turns":4},{"damage":10,"enemies":"Shelled Parasite and Fungi","floor":30,"turns":4},{"damage":21,"enemies":"Book of Stabbing","floor":31,"turns":8}],"seed_played":"-3439410248200802314","potions_obtained":[{"floor":13,"key":"Weak Potion"},{"floor":14,"key":"SteroidPotion"},{"floor":18,"key":"SpeedPotion"},{"floor":22,"key":"PowerPotion"},{"floor":30,"key":"BlessingOfTheForge"}],"is_trial":false,"path_per_floor":["M","T","?","?","M","R","$","R","T","R","$","?","M","M","R","B",null,"M","?","?","T","M","R","T","R","T","M","?","R","M","E"],"character_chosen":"THE_SILENT","items_purchased":[],"campfire_rested":1,"item_purchase_floors":[],"current_hp_per_floor":[69,69,54,54,54,54,54,54,54,54,54,54,53,52,52,15,62,52,36,22,22,21,21,21,45,45,31,31,31,21,0,0],"gold":222,"neow_bonus":"TEN_PERCENT_HP_BONUS","is_daily":false,"chose_seed":false,"campfire_upgraded":6,"win_rate":0.0,"timestamp":1607912448,"path_taken":["M","?","?","?","?","R","$","R","T","R","$","?","M","M","R","BOSS","M","?","?","?","M","R","?","R","T","?","?","R","M","E"],"items_purchased_type":[],"build_version":"2020-12-13","purchased_purges":1,"victory":false,"max_hp_per_floor":[77,77,77,77,77,77,77,77,77,77,77,77,77,77,77,77,77,77,77,82,82,82,82,82,82,82,82,82,82,82,82,82],"card_choices":[{"not_picked":["Prepared","Backflip"],"picked":"Bane","floor":1},{"not_picked":["Prepared","All Out Attack"],"picked":"Acrobatics","floor":5},{"not_picked":["Tools of the Trade","Underhanded Strike"],"picked":"PiercingWail","floor":13},{"not_picked":["Caltrops","Infinite Blades"],"picked":"Footwork","floor":14},{"not_picked":["Venomology","Glass Knife"],"picked":"Burst","floor":16},{"not_picked":["Heel Hook","Flying Knee"],"picked":"Cloak And Dagger","floor":18},{"not_picked":["Masterful Stab","Prepared"],"picked":"Eviscerate","floor":22},{"not_picked":["Blade Dance+1","Dagger Throw"],"picked":"Poisoned Stab","floor":27},{"not_picked":["Setup","Endless Agony"],"picked":"Blade Dance","floor":30}],"player_experience":669090,"relics_obtained":[{"floor":2,"key":"InkBottle"},{"floor":9,"key":"Omamori"},{"floor":19,"key":"Necronomicon"},{"floor":21,"key":"Ancient Tea Set"},{"floor":24,"key":"Akabeko"},{"floor":26,"key":"Vajra"}],"event_choices":[{"damage_healed":0,"gold_gain":0,"player_choice":"Entered Light","damage_taken":15,"max_hp_gain":0,"max_hp_loss":0,"event_name":"Shining Light","floor":3,"gold_loss":0,"cards_upgraded":["Strike_G","Defend_G"]},{"cards_removed":["Strike_G"],"damage_healed":0,"gold_gain":0,"player_choice":"Purged","damage_taken":0,"max_hp_gain":0,"max_hp_loss":0,"event_name":"Purifier","floor":4,"gold_loss":0},{"damage_healed":0,"gold_gain":0,"player_choice":"Box","damage_taken":0,"relics_obtained":["StrikeDummy"],"max_hp_gain":0,"max_hp_loss":0,"event_name":"Big Fish","floor":12,"gold_loss":0,"cards_obtained":["Regret"]},{"damage_healed":0,"gold_gain":0,"player_choice":"Obtained Book","damage_taken":16,"max_hp_gain":0,"max_hp_loss":0,"event_name":"Cursed Tome","floor":19,"gold_loss":0},{"damage_healed":0,"gold_gain":0,"player_choice":"Shed Blood","damage_taken":19,"max_hp_gain":5,"max_hp_loss":0,"event_name":"Forgotten Altar","floor":20,"gold_loss":0},{"cards_removed":["Strike_G"],"damage_healed":0,"gold_gain":0,"player_choice":"Gave Gold","damage_taken":0,"max_hp_gain":0,"max_hp_loss":0,"event_name":"Beggar","floor":28,"gold_loss":75}],"is_beta":false,"boss_relics":[{"not_picked":["Busted Crown","Runic Pyramid"],"picked":"Black Star"}],"items_purged_floors":[7],"is_endless":false,"potions_floor_spawned":[13,14,18,22,30],"killed_by":"Book of Stabbing","ascension_level":10}}