{"host":"126yiuos2nq86se7","time":1607908620,"event":{"mods":["AchievementEnabler","Act Like it!","BaseMod","Colored Map","Colored Powertips","Friendly Minions","Highlight Path","Minty Spire (QoL Compilation)","StSLib","SuperFastMode"],"gold_per_floor":[15,15,34,34,34,34,67,67,67,80,104,124,148,73,73,199,199,214,214,89,113,18,18,18,18,18,34,58,58,72,72,72,191,191,205,4,19,39,39,39,64,64,111,111,111,111,111,126,126,126],"floor_reached":51,"playtime":1615,"items_purged":["Strike_R","Strike_R"],"score":672,"play_id":"9d259e6c-6fa5-469a-a453-0430606ab9f2","local_time":"20201214121700","is_ascension_mode":false,"campfire_choices":[{"floor":6,"key":"REST"},{"data":"Armaments","floor":8,"key":"SMITH"},{"data":"Metallicize","floor":15,"key":"SMITH"},{"data":"Demon Form","floor":23,"key":"SMITH"},{"data":"Disarm","floor":25,"key":"SMITH"},{"data":"Enlightenment","floor":29,"key":"SMITH"},{"data":"Fire Breathing","floor":32,"key":"SMITH"},{"floor":40,"key":"REST"},{"floor":42,"key":"REST"},{"data":"Armaments","floor":44,"key":"SMITH"},{"data":"Exhume","floor":46,"key":"SMITH"},{"floor":49,"key":"REST"}],"circlet_count":0,"master_deck":["Strike_R","Strike_R","Strike_R","Defend_R","Defend_R","Defend_R","Defend_R","Armaments+1","Burning Pact","Battle Trance","Metallicize+1","Demon Form+1","Shrug It Off","Disarm+1","Enlightenment+1","Demon Form+1","Fire Breathing+1","Exhume+1","Armaments+1","Finesse","Fire Breathing","Evolve","Madness","Madness","Armaments+1"],"relics":["Burning Blood","Golden Idol","Pear","Eternal Feather","SacredBark","Letter Opener","Mark of Pain","Membership Card","Centennial Puzzle"],"acts_visited":["Exordium","TheCity","TheBeyond"],"potions_floor_usage":[7,16,16,33,33,33,50,50],"damage_taken":[{"damage":10,"enemies":"Small Slimes","floor":1,"turns":4},{"damage":2,"enemies":"Jaw Worm","floor":3,"turns":4},{"damage":34,"enemies":"Gremlin Nob","floor":7,"turns":5},{"damage":9,"enemies":"Cultist","floor":10,"turns":4},{"damage":2,"enemies":"Blue Slaver","floor":11,"turns":6},{"damage":0,"enemies":"Looter","floor":12,"turns":4},{"damage":12,"enemies":"Exordium Thugs","floor":13,"turns":8},{"damage":91,"enemies":"Slime Boss","floor":16,"turns":23},{"damage":41,"enemies":"3 Byrds","floor":18,"turns":9},{"damage":29,"enemies":"Chosen","floor":21,"turns":10},{"damage":6,"enemies":"Snake Plant","floor":27,"turns":8},{"damage":6,"enemies":"Shelled Parasite and Fungi","floor":28,"turns":16},{"damage":2,"enemies":"Snecko","floor":30,"turns":7},{"damage":44,"enemies":"Champ","floor":33,"turns":9},{"damage":30,"enemies":"Orb Walker","floor":35,"turns":5},{"damage":38,"enemies":"3 Shapes","floor":37,"turns":5},{"damage":36,"enemies":"3 Darklings","floor":38,"turns":7},{"damage":31,"enemies":"Sphere and 2 Shapes","floor":41,"turns":5},{"damage":20,"enemies":"4 Shapes","floor":48,"turns":4},{"damage":52,"enemies":"Time Eater","floor":50,"turns":13}],"seed_played":"5920525389347744073","potions_obtained":[{"floor":3,"key":"PowerPotion"},{"floor":7,"key":"SneckoOil"},{"floor":10,"key":"Regen Potion"},{"floor":12,"key":"BlessingOfTheForge"},{"floor":16,"key":"Ancient Potion"},{"floor":18,"key":"PowerPotion"},{"floor":28,"key":"Regen Potion"},{"floor":30,"key":"ColorlessPotion"},{"floor":33,"key":"Dexterity Potion"},{"floor":41,"key":"GamblersBrew"}],"is_trial":false,"path_per_floor":["M","?","M","$","?","R","E","R","T","M","M","M","M","$","R","B",null,"M","?","$","M","$","R","?","R","T","M","M","R","M","?","R","B",null,"M","$","M","M","?","R","M","R","T","R","?","R","?","M","R","B",null],"character_chosen":"IRONCLAD","items_purchased":["Shrug It Off","Enlightenment","Membership Card","Finesse"],"campfire_rested":4,"item_purchase_floors":[20,22,36,36],"current_hp_per_floor":[92,68,72,72,63,91,73,73,73,70,74,80,74,74,80,10,106,71,71,71,48,48,57,57,66,66,66,66,75,79,79,88,84,106,82,82,50,20,20,63,38,81,81,93,93,105,92,78,106,60],"gold":126,"neow_bonus":"TWENTY_PERCENT_HP_BONUS","is_daily":false,"chose_seed":false,"campfire_upgraded":8,"win_rate":0.0,"timestamp":1607908620,"path_taken":["M","?","M","$","?","R","E","R","T","M","M","M","?","$","R","BOSS","M","?","$","M","$","R","?","R","T","?","M","R","M","?","R","BOSS","M","$","M","M","?","R","M","R","T","R","?","R","?","M","R","BOSS"],"items_purchased_type":["Card","Card","Relic","Card"],"build_version":"2020-12-13","purchased_purges":2,"victory":true,"max_hp_per_floor":[96,96,96,96,96,96,106,106,106,106,106,106,106,106,106,106,106,106,106,106,106,106,106,106,106,106,106,106,106,106,106,106,106,106,106,106,106,106,106,106,106,106,106,106,106,106,106,106,106,106],"card_choices":[{"not_picked":["Thunderclap","Warcry"],"picked":"Armaments","floor":1},{"not_picked":["Rampage","Anger","Sword Boomerang"],"picked":"SKIP","floor":3},{"not_picked":["Sever Soul","Perfected Strike"],"picked":"Burning Pact","floor":7},{"not_picked":["Perfected Strike","Headbutt"],"picked":"Battle Trance","floor":10},{"not_picked":["Flex","Anger","Seeing Red"],"picked":"SKIP","floor":11},{"not_picked":["Clash","Sword Boomerang"],"picked":"Metallicize","floor":12},{"not_picked":["Pommel Strike","Rampage","Bloodletting"],"picked":"SKIP","floor":13},{"not_picked":["Brutality","Offering"],"picked":"Demon Form","floor":16},{"not_picked":["Thunderclap","Flex","Cleave"],"picked":"SKIP","floor":18},{"not_picked":["Clash","Cleave+1"],"picked":"Disarm","floor":21},{"not_picked":["Iron Wave+1","Twin Strike","Second Wind"],"picked":"SKIP","floor":27},{"not_picked":["Carnage","Wild Strike"],"picked":"Fire Breathing","floor":28},{"not_picked":["Sword Boomerang","Warcry+1","Twin Strike"],"picked":"SKIP","floor":30},{"not_picked":["Corruption","Reaper"],"picked":"Exhume","floor":33},{"not_picked":["Perfected Strike","Sever Soul"],"picked":"Armaments","floor":35},{"not_picked":["Flex+1","Cleave+1"],"picked":"Fire Breathing","floor":37},{"not_picked":["Whirlwind","Clash+1","Combust+1"],"picked":"SKIP","floor":38},{"not_picked":["Pummel","True Grit+1"],"picked":"Evolve","floor":41},{"not_picked":["Sentinel+1","Sword Boomerang"],"picked":"Armaments+1","floor":48}],"player_experience":1422351,"relics_obtained":[{"floor":7,"key":"Pear"},{"floor":9,"key":"Eternal Feather"},{"floor":26,"key":"Letter Opener"},{"floor":43,"key":"Centennial Puzzle"}],"event_choices":[{"damage_healed":0,"gold_gain":0,"player_choice":"Take Damage","damage_taken":24,"relics_obtained":["Golden Idol"],"max_hp_gain":0,"max_hp_loss":0,"event_name":"Golden Idol","floor":2,"gold_loss":0},{"damage_healed":0,"gold_gain":0,"player_choice":"Damaged","damage_taken":9,"max_hp_gain":0,"max_hp_loss":0,"event_name":"Wheel of Change","floor":5,"gold_loss":0},{"damage_healed":0,"gold_gain":0,"player_choice":"Ignored","damage_taken":0,"max_hp_gain":0,"max_hp_loss":0,"event_name":"Ghosts","floor":19,"gold_loss":0},{"damage_healed":0,"gold_gain":0,"player_choice":"Copied","damage_taken":0,"max_hp_gain":0,"max_hp_loss":0,"event_name":"Duplicator","floor":24,"gold_loss":0,"cards_obtained":["Demon Form"]},{"damage_healed":0,"gold_gain":0,"player_choice":"Ignored","damage_taken":0,"max_hp_gain":0,"max_hp_loss":0,"event_name":"The Mausoleum","floor":31,"gold_loss":0},{"cards_removed":["Bash"],"damage_healed":0,"gold_gain":0,"player_choice":"Removed Attack","damage_taken":0,"max_hp_gain":0,"max_hp_loss":0,"event_name":"Falling","floor":39,"gold_loss":0},{"damage_healed":0,"gold_gain":0,"player_choice":"Ignored","damage_taken":0,"max_hp_gain":0,"max_hp_loss":0,"event_name":"Mysterious Sphere","floor":45,"gold_loss":0},{"damage_healed":0,"gold_gain":0,"player_choice":"Embrace Madness","damage_taken":13,"max_hp_gain":0,"max_hp_loss":0,"event_name":"Winding Halls","floor":47,"gold_loss":0,"cards_obtained":["Madness","Madness"]}],"is_beta":false,"boss_relics":[{"not_picked":["Runic Cube","Black Star"],"picked":"SacredBark"},{"not_picked":["Astrolabe","Sozu"],"picked":"Mark of Pain"}],"items_purged_floors":[14,20],"is_endless":false,"potions_floor_spawned":[3,7,10,12,16,18,28,30,33,41],"ascension_level":0}}