{"host":"n529wyrjhujcvty3","time":1607929880,"event":{"mods":["2.2 Compatiblity","Act Like it!","BaseMod","Better Third Choice","Marisa¡]Ãú«B¡@Å]²z¨F¡^","Minty Spire (QoL Compilation)","Shop Mod","StSLib","Td1madao Mod","The Runesmith"],"gold_per_floor":[361,129,144,144,144,144,159,159,159,159,175,186,186,206,206,308,308,326,337,357,257,257,257,257,290,290,290,325,325,340,351,351,451,451,462,477,261,261,261,288,288,323,323,334,359,155,168,194,194,194,194,194,20,58,58],"floor_reached":56,"playtime":6369,"items_purged":["Regret","Strike_MRS","Defend_MRS","Defend_MRS","Strike_MRS"],"score":1397,"play_id":"480b820e-a543-4565-a797-8c6519f6260a","local_time":"20201214151120","is_ascension_mode":true,"campfire_choices":[{"data":"UpSweep","floor":6.0,"key":"SMITH"},{"data":"1","floor":8.0,"key":"LIFT"},{"data":"2","floor":10.0,"key":"LIFT"},{"data":"3","floor":13.0,"key":"LIFT"},{"data":"MachineGunSpark","floor":15.0,"key":"SMITH"},{"data":"MilkyWay","floor":23.0,"key":"SMITH"},{"data":"IllusionStar","floor":27.0,"key":"SMITH"},{"data":"CasketOfStar","floor":29.0,"key":"SMITH"},{"data":"SuperNova","floor":32.0,"key":"SMITH"},{"data":"MasterSpark","floor":41.0,"key":"SMITH"},{"floor":49.0,"key":"RECALL"},{"data":"Strike_MRS","floor":52.0,"key":"SMITH"}],"circlet_count":0,"master_deck":["Strike_MRS+1","Defend_MRS+1","Defend_MRS+1","MasterSpark+1","UpSweep+1","MachineGunSpark+1","MilkyWay+1","SuperNova+1","IllusionStar+1","CasketOfStar+1","6A+1","CollectingQuirk+1","Madness","Madness","MagicAbsorber","OpenUniverse+1","Occultation+1","MillisecondPulsars","Enlightenment+1","Acceleration+1","Orbital+1","Acceleration+1","BlazeAway+1","AlicesGift+1"],"relics":["MiniHakkero","War Paint","Girya","Ornamental Fan","Black Star","Eternal Feather","Blood Vial","Akabeko","Molten Egg 2","Nunchaku","Pen Nib","Coffee Dripper","Membership Card","Strawberry","MealTicket","Calipers","Toxic Egg 2","Toy Ornithopter","FossilizedHelix","Ice Cream","CeramicFish","Oddly Smooth Stone","InkBottle"],"acts_visited":["Exordium","TheCity","TheBeyond","TheEnding"],"potions_floor_usage":[55,55,55],"damage_taken":[{"damage":2.0,"enemies":"Cultist","floor":1.0,"turns":3.0},{"damage":5.0,"enemies":"2 Louse","floor":3.0,"turns":3.0},{"damage":0.0,"enemies":"Jaw Worm","floor":7.0,"turns":3.0},{"damage":1.0,"enemies":"Lots of Slimes","floor":11.0,"turns":5.0},{"damage":0.0,"enemies":"Looter","floor":12.0,"turns":2.0},{"damage":0.0,"enemies":"Exordium Wildlife","floor":14.0,"turns":1.0},{"damage":0.0,"enemies":"Slime Boss","floor":16.0,"turns":7.0},{"damage":10.0,"enemies":"2 Thieves","floor":18.0,"turns":4.0},{"damage":0.0,"enemies":"Spheric Guardian","floor":19.0,"turns":3.0},{"damage":3.0,"enemies":"Cultist and Chosen","floor":20.0,"turns":6.0},{"damage":4.0,"enemies":"Slavers","floor":25.0,"turns":6.0},{"damage":0.0,"enemies":"Book of Stabbing","floor":28.0,"turns":3.0},{"damage":0.0,"enemies":"Centurion and Healer","floor":30.0,"turns":5.0},{"damage":0.0,"enemies":"3 Cultists","floor":31.0,"turns":3.0},{"damage":5.0,"enemies":"Champ","floor":33.0,"turns":5.0},{"damage":0.0,"enemies":"3 Shapes","floor":35.0,"turns":2.0},{"damage":0.0,"enemies":"Orb Walker","floor":36.0,"turns":1.0},{"damage":40.0,"enemies":"Nemesis","floor":40.0,"turns":3.0},{"damage":0.0,"enemies":"Reptomancer","floor":42.0,"turns":2.0},{"damage":0.0,"enemies":"3 Darklings","floor":44.0,"turns":2.0},{"damage":0.0,"enemies":"Nemesis","floor":45.0,"turns":1.0},{"damage":0.0,"enemies":"Sphere and 2 Shapes","floor":47.0,"turns":2.0},{"damage":7.0,"enemies":"Writhing Mass","floor":48.0,"turns":2.0},{"damage":55.0,"enemies":"Time Eater","floor":50.0,"turns":8.0},{"damage":0.0,"enemies":"Shield and Spear","floor":54.0,"turns":3.0},{"damage":74,"enemies":"The Heart","floor":55,"turns":7}],"seed_played":"6271896270302502410","potions_obtained":[{"floor":3.0,"key":"DuplicationPotion"},{"floor":7.0,"key":"LiquidMemories"},{"floor":19.0,"key":"DuplicationPotion"},{"floor":25.0,"key":"DistilledChaos"},{"floor":30.0,"key":"CultistPotion"},{"floor":36.0,"key":"PowerPotion"},{"floor":45.0,"key":"Regen Potion"},{"floor":47.0,"key":"BottledSpark"}],"is_trial":false,"path_per_floor":["M","$","M","?","?","R","M","R","T","R","M","M","R","M","R","B",null,"M","M","M","$","?","R","T","E","T","R","E","R","M","M","R","B",null,"M","M","$","?","?","E","R","E","T","M","E","$","M","M","R","B",null,"R","$","E","B",null],"character_chosen":"MARISA","items_purchased":["War Paint","Membership Card","CeramicFish","Enlightenment+1","Acceleration+1","Acceleration+1","BlazeAway+1","SkillPotion","AttackPotion"],"campfire_rested":0,"item_purchase_floors":[2,37,46,46,46,53,53,53,53],"current_hp_per_floor":[73,73,68,61,61,61,61,61,61,61,60,60,60,60,60,60,75,65,65,62,62,48,48,48,44,44,50,52,58,60,62,68,65,80,80,80,80,70,77,39,48,50,50,52,54,69,71,66,78,25,87,87,87,87,50],"gold":58,"neow_bonus":"TWO_FIFTY_GOLD","is_daily":false,"chose_seed":false,"campfire_upgraded":8,"win_rate":0.0,"timestamp":1607929880,"path_taken":["M","$","?","?","?","R","M","R","T","R","M","M","R","?","R","BOSS","M","?","M","$","?","R","?","E","T","R","E","R","M","M","R","BOSS","M","M","$","?","?","E","R","E","T","M","E","$","M","?","R","BOSS","R","$","E","BOSS"],"items_purchased_type":["Relic","Relic","Relic","Card","Card","Card","Card","Potion","Potion"],"build_version":"2020-12-13","purchased_purges":5,"victory":true,"max_hp_per_floor":[75,75,75,75,75,75,75,75,75,75,75,75,75,75,75,75,75,75,75,75,75,80,80,80,80,80,80,80,80,80,80,80,80,80,80,80,80,80,87,87,87,87,87,87,87,87,87,87,87,87,87,87,87,87,87],"card_choices":[{"not_picked":["ShootingEcho","LuminesStrike","PowerUp"],"picked":"SKIP","floor":1.0},{"not_picked":["6A","SporeBomb","GrandCross"],"picked":"SKIP","floor":3.0},{"not_picked":["GrandCross","GalacticHalo","MeteoricShower"],"picked":"SKIP","floor":7.0},{"not_picked":["MysteriousBeam","BlazingStar"],"picked":"MachineGunSpark","floor":11.0},{"not_picked":["PowerUp","DarkSpark"],"picked":"MilkyWay","floor":12.0},{"not_picked":["NonDirectionalLaser","IllusionStar","GrandCross"],"picked":"SKIP","floor":14.0},{"not_picked":["MaximisePower","ManaRampage"],"picked":"SuperNova","floor":16.0},{"not_picked":["SporeBomb+1","WitchOfGreed","GalacticHalo"],"picked":"SKIP","floor":18.0},{"not_picked":["SporeBomb","EnergyFlow","WitchOfGreed"],"picked":"SKIP","floor":19.0},{"not_picked":["LuminesStrike","Singularity"],"picked":"IllusionStar","floor":20.0},{"not_picked":["MysteriousBeam","SporeBomb+1","AsteroidBelt+1"],"picked":"SKIP","floor":25.0},{"not_picked":["MysteriousBeam","SporeBomb+1","AsteroidBelt+1"],"picked":"SKIP","floor":25.0},{"not_picked":["BinaryStars","GalacticHalo"],"picked":"CasketOfStar","floor":28.0},{"not_picked":["EventHorizon","GalacticHalo","DoubleSpark+1"],"picked":"SKIP","floor":30.0},{"not_picked":["DarkMatter","NonDirectionalLaser+1"],"picked":"6A+1","floor":31.0},{"not_picked":["MillisecondPulsars","UltimateShortwave"],"picked":"CollectingQuirk+1","floor":33.0},{"not_picked":["Robbery+1","SuperPerseids","PowerUp+1"],"picked":"SKIP","floor":35.0},{"not_picked":["FairyDestructionRay+1","DarkSpark+1","AsteroidBelt+1"],"picked":"SKIP","floor":36.0},{"not_picked":["ManaConvection+1","WitchOfGreed"],"picked":"MagicAbsorber","floor":40.0},{"not_picked":["ChargingUp+1","EarthLightRay+1"],"picked":"OpenUniverse+1","floor":42.0},{"not_picked":["NonDirectionalLaser+1","GrandCross+1"],"picked":"Occultation+1","floor":44.0},{"not_picked":["UnstableBomb+1","GalacticHalo+1"],"picked":"MillisecondPulsars","floor":45.0},{"not_picked":["AlicesGift+1","DC+1","StarBarrage+1"],"picked":"SKIP","floor":47.0},{"not_picked":["ManaConvection+1","GravityBeat+1"],"picked":"Orbital+1","floor":48.0},{"not_picked":["AsteroidBelt+1","DoubleSpark+1"],"picked":"AlicesGift+1","floor":54.0}],"player_experience":339269,"relics_obtained":[{"floor":9.0,"key":"Ornamental Fan"},{"floor":24.0,"key":"Eternal Feather"},{"floor":25.0,"key":"Blood Vial"},{"floor":25.0,"key":"Akabeko"},{"floor":26.0,"key":"Molten Egg 2"},{"floor":28.0,"key":"Nunchaku"},{"floor":28.0,"key":"Pen Nib"},{"floor":39.0,"key":"Strawberry"},{"floor":40.0,"key":"MealTicket"},{"floor":40.0,"key":"Calipers"},{"floor":42.0,"key":"Toxic Egg 2"},{"floor":42.0,"key":"Toy Ornithopter"},{"floor":45.0,"key":"FossilizedHelix"},{"floor":45.0,"key":"Ice Cream"},{"floor":54.0,"key":"Oddly Smooth Stone"},{"floor":54.0,"key":"InkBottle"}],"event_choices":[{"cards_removed":["Strike_MRS"],"damage_healed":0.0,"max_hp_gain":0.0,"max_hp_loss":0.0,"gold_gain":0.0,"event_name":"Golden Wing","player_choice":"Card Removal","floor":4.0,"gold_loss":0.0,"damage_taken":7.0},{"damage_healed":0.0,"max_hp_gain":0.0,"max_hp_loss":0.0,"gold_gain":0.0,"event_name":"WeMeetAgain","player_choice":"Gave Potion","floor":5.0,"gold_loss":0.0,"damage_taken":0.0,"relics_obtained":["Girya"]},{"damage_healed":0.0,"max_hp_gain":5.0,"max_hp_loss":0.0,"gold_gain":0.0,"event_name":"Forgotten Altar","player_choice":"Shed Blood","floor":22.0,"gold_loss":0.0,"damage_taken":19.0},{"damage_healed":0.0,"max_hp_gain":0.0,"max_hp_loss":0.0,"gold_gain":0.0,"event_name":"Winding Halls","player_choice":"Embrace Madness","floor":38.0,"gold_loss":0.0,"damage_taken":10.0,"cards_obtained":["Madness","Madness"]},{"damage_healed":0.0,"max_hp_gain":0.0,"max_hp_loss":0.0,"gold_gain":0.0,"event_name":"Wheel of Change","player_choice":"Relic","floor":39.0,"gold_loss":0.0,"damage_taken":0.0}],"is_beta":false,"boss_relics":[{"not_picked":["Tiny House","SlaversCollar"],"picked":"Black Star"},{"not_picked":["BewitchedHakkero","Empty Cage"],"picked":"Coffee Dripper"}],"items_purged_floors":[2,21,37,46,53],"is_endless":false,"potions_floor_spawned":[3,7,19,25,30,36,45,47],"ascension_level":1}}