{"host":"ifd7sfhtlbe34qll","time":1607985402,"event":{"mods":["2.2 Compatiblity","BaseMod","Block Reminder","Colored Map","Downfall","Highlight Path","Minty Spire (QoL Compilation)","Potion Indicator Mod","Quick Restart","Random Character Button","Relic Stats","StSLib"],"gold_per_floor":[99,109,128,156,167,179,202,202,232,232,73,73,73,143,160,262,262,262,66,76,92,109,134,183,217,217,250,263,263,67,83,93,192,192,192,340,350,53,69,83,83,8,39,39,39,59,79,95,111,111],"floor_reached":51,"playtime":4191,"items_purged":["Guardian:Strike_Guardian","Pain","Guardian:Strike_Guardian","Guardian:Strike_Guardian"],"score":1216,"play_id":"d8a05ef8-e8e3-41a1-a2f4-950cce94dd53","local_time":"20201214163642","is_ascension_mode":true,"campfire_choices":[{"data":"Guardian:TwinSlam","floor":1,"key":"SMITH"},{"floor":8,"key":"REST"},{"floor":10,"key":"REST"},{"data":"Guardian:GuardianWhirl","floor":18,"key":"SMITH"},{"data":"Guardian:BaubleBeam","floor":26,"key":"SMITH"},{"data":"Guardian:SphericShield","floor":35,"key":"SMITH"},{"data":"Guardian:FierceBash","floor":42,"key":"SMITH"},{"data":"Guardian:FuturePlans","floor":44,"key":"SMITH"}],"circlet_count":0,"master_deck":["Guardian:Strike_Guardian","Guardian:Defend_Guardian","Guardian:Defend_Guardian","Guardian:Defend_Guardian+1","Guardian:Defend_Guardian+1","Guardian:CurlUp","Guardian:TwinSlam+1","Guardian:PrimingBeam","Guardian:TimeBomb","Guardian:ShieldSpikes","Guardian:WalkerClaw+1","Guardian:BaubleBeam+1","Guardian:FuturePlans+1","Guardian:GuardianWhirl+1","Guardian:DecasProtection+1","Guardian:TimeCapacitor+1","Guardian:MultiBeam+1","Guardian:PrismaticBarrier+1","Guardian:PolyBeam+1","Guardian:GatlingBeam","Guardian:Orbwalk+1","Guardian:FierceBash+1","Guardian:PiercingHide+1","Guardian:Gem_Lightblue","Guardian:ExploitGems","Guardian:SphericShield+1","Guardian:Gem_Cyan","Guardian:FloatingOrbs+1","Guardian:ChargeCore+1","Guardian:TemporalShield+1","Guardian:Clone","Guardian:ConstructionForm+1"],"relics":["Guardian:ModeShifterPlus","Incense Burner","Toy Ornithopter","Boot","Blood Vial","Guardian:PocketSentry","Centennial Puzzle","Frozen Egg 2","War Paint","Regal Pillow","Whetstone","sneckomod:BlankCard","WarpedTongs","Runic Pyramid","Guardian:BottledAnomaly","downfall:HeartBlessingBlue","Mercury Hourglass"],"acts_visited":["Exordium","TheCity","TheBeyond"],"potions_floor_usage":[4,16,16,23,25,30,32,33,48,50],"damage_taken":[{"damage":3,"enemies":"2 Louse","floor":2,"turns":3},{"damage":2,"enemies":"Jaw Worm","floor":3,"turns":4},{"damage":15,"enemies":"Lagavulin","floor":4,"turns":7},{"damage":0,"enemies":"Small Slimes","floor":5,"turns":4},{"damage":13,"enemies":"Gremlin Gang","floor":6,"turns":5},{"damage":16,"enemies":"3 Sentries","floor":9,"turns":4},{"damage":0,"enemies":"downfall:FleeingMerchant","floor":11,"turns":4},{"damage":13,"enemies":"3 Louse","floor":15,"turns":3},{"damage":32,"enemies":"downfall:Defect","floor":16,"turns":9},{"damage":0,"enemies":"downfall:FleeingMerchant","floor":19,"turns":4},{"damage":0,"enemies":"Chosen","floor":20,"turns":4},{"damage":5,"enemies":"Spheric Guardian","floor":21,"turns":4},{"damage":19,"enemies":"Shelled Parasite and Fungi","floor":22,"turns":8},{"damage":0,"enemies":"Gremlin Leader","floor":23,"turns":7},{"damage":9,"enemies":"Slavers","floor":25,"turns":4},{"damage":7,"enemies":"Book of Stabbing","floor":27,"turns":5},{"damage":3,"enemies":"Snake Plant","floor":28,"turns":4},{"damage":3,"enemies":"downfall:FleeingMerchant","floor":30,"turns":4},{"damage":0,"enemies":"Snecko","floor":31,"turns":5},{"damage":1,"enemies":"Sentry and Sphere","floor":32,"turns":4},{"damage":38,"enemies":"downfall:Silent","floor":33,"turns":10},{"damage":0,"enemies":"downfall:FleeingMerchant","floor":36,"turns":3},{"damage":10,"enemies":"3 Shapes","floor":37,"turns":6},{"damage":0,"enemies":"Orb Walker","floor":39,"turns":4},{"damage":0,"enemies":"Transient","floor":40,"turns":5},{"damage":0,"enemies":"Giant Head","floor":43,"turns":8},{"damage":0,"enemies":"Jaw Worm Horde","floor":46,"turns":3},{"damage":0,"enemies":"Spire Growth","floor":47,"turns":5},{"damage":0,"enemies":"Maw","floor":48,"turns":8},{"damage":0,"enemies":"Sphere and 2 Shapes","floor":49,"turns":4},{"damage":0,"enemies":"downfall:Watcher","floor":50,"turns":8}],"seed_played":"-5653013732812390512","potions_obtained":[{"floor":3,"key":"BlessingOfTheForge"},{"floor":4,"key":"Weak Potion"},{"floor":9,"key":"FearPotion"},{"floor":15,"key":"Explosive Potion"},{"floor":20,"key":"SteroidPotion"},{"floor":22,"key":"Fruit Juice"},{"floor":25,"key":"SteroidPotion"},{"floor":28,"key":"Swift Potion"},{"floor":31,"key":"EssenceOfSteel"},{"floor":33,"key":"EssenceOfSteel"},{"floor":39,"key":"EssenceOfSteel"},{"floor":48,"key":"champ:CounterPotion"},{"floor":49,"key":"Fruit Juice"}],"is_trial":false,"path_per_floor":["R","M","M","E","M","M","T","R","E","R","$","?","?","T","M","B",null,"R","$","M","M","M","E","T","E","R","E","M","?","$","M","M","B",null,"R","$","M","$","M","M","T","R","E","R","?","M","M","M","M","B",null],"character_chosen":"GUARDIAN","items_purchased":["Guardian:PocketSentry","Guardian:TimeCapacitor+1","Guardian:Gem_Yellow","Guardian:Gem_White","Guardian:FloatingOrbs+1","Guardian:BottledAnomaly"],"campfire_rested":2,"item_purchase_floors":[11,19,19,30,36,38],"current_hp_per_floor":[51,48,46,31,31,18,18,42,26,50,52,57,45,45,34,14,67,67,69,71,68,51,58,58,56,56,51,50,50,54,56,62,31,72,72,74,66,66,68,70,70,80,82,82,105,105,105,110,110,115],"gold":111,"neow_bonus":"ONE_RARE_RELIC","is_daily":false,"chose_seed":false,"campfire_upgraded":6,"win_rate":0.0,"timestamp":1607985402,"path_taken":["R","M","M","E","M","M","T","R","E","R","$","?","?","?","M","BOSS","R","$","M","M","M","E","T","E","R","E","M","?","$","?","M","BOSS","R","$","M","$","?","M","T","R","E","R","?","M","M","?","M","BOSS"],"items_purchased_type":["Relic","Card","Card","Card","Card","Relic"],"build_version":"2020-12-13","purchased_purges":4,"victory":true,"max_hp_per_floor":[80,80,80,80,80,80,80,80,80,80,80,85,85,85,85,85,85,85,85,85,85,85,85,85,85,85,85,85,85,85,85,85,85,85,85,85,85,85,85,85,85,95,95,95,105,105,105,110,110,115],"relic_stats":{"Blood Vial":40,"Centennial Puzzle":[30],"Regal Pillow":0,"counters":[31,155],"Whetstone":["Guardian:WalkerClaw","Guardian:MultiBeam"],"War Paint":["Guardian:Defend_Guardian","Guardian:Defend_Guardian"],"Boot":[243],"obtain_stats":[{"Regal Pillow":24,"Guardian:ModeShifterPlus":17,"sneckomod:BlankCard":27,"Guardian:ModeShifter":0,"Incense Burner":0,"Guardian:PocketSentry":11,"Whetstone":25,"Frozen Egg 2":14,"War Paint":23,"Boot":7,"WarpedTongs":29,"Mercury Hourglass":43,"Blood Vial":9,"Centennial Puzzle":13,"downfall:HeartBlessingBlue":42,"Guardian:BottledAnomaly":38,"Toy Ornithopter":4,"Runic Pyramid":34},{"Regal Pillow":14,"Guardian:ModeShifterPlus":9,"sneckomod:BlankCard":16,"Guardian:ModeShifter":0,"Incense Burner":0,"Guardian:PocketSentry":7,"Whetstone":15,"Frozen Egg 2":7,"War Paint":14,"Boot":5,"WarpedTongs":17,"Mercury Hourglass":26,"Blood Vial":6,"Centennial Puzzle":7,"downfall:HeartBlessingBlue":25,"Guardian:BottledAnomaly":23,"Toy Ornithopter":3,"Runic Pyramid":21},{"Regal Pillow":69,"Guardian:ModeShifterPlus":43,"sneckomod:BlankCard":78,"Guardian:ModeShifter":0,"Incense Burner":0,"Guardian:PocketSentry":31,"Whetstone":73,"Frozen Egg 2":31,"War Paint":69,"Boot":23,"WarpedTongs":81,"Mercury Hourglass":128,"Blood Vial":27,"Centennial Puzzle":31,"downfall:HeartBlessingBlue":120,"Guardian:BottledAnomaly":111,"Toy Ornithopter":14,"Runic Pyramid":103}],"Toy Ornithopter":35,"WarpedTongs":[71],"Mercury Hourglass":[74]},"card_choices":[{"not_picked":["Guardian:SpikerProtocol","Guardian:BronzeArmor"],"picked":"Guardian:PrimingBeam","floor":2},{"not_picked":["Guardian:CrystalBeam","Guardian:ShieldCharger"],"picked":"Guardian:TimeBomb","floor":3},{"not_picked":["Guardian:PrismaticBeam","Guardian:TemporalShield"],"picked":"Guardian:ShieldSpikes","floor":4},{"not_picked":["Guardian:PiercingHide","Guardian:PrismaticBeam"],"picked":"Guardian:WalkerClaw","floor":5},{"not_picked":["Guardian:PrismaticBarrier","Guardian:TemporalStrike"],"picked":"Guardian:BaubleBeam","floor":6},{"not_picked":["Guardian:VentSteam","Guardian:GatlingBeam"],"picked":"Guardian:Gem_Green","floor":9},{"not_picked":["Guardian:Gem_Red","Guardian:WalkerClaw"],"picked":"Guardian:FuturePlans","floor":11},{"not_picked":["Guardian:Reroute","Guardian:Recover"],"picked":"Guardian:GuardianWhirl","floor":15},{"not_picked":["Guardian:TimeSifter+1","Guardian:Gem_Synthetic"],"picked":"Guardian:GemFinder+1","floor":16},{"not_picked":["Guardian:TemporalShield+1","Guardian:PrismaticBarrier"],"picked":"Guardian:DecasProtection+1","floor":19},{"not_picked":["Guardian:Gem_Green","Guardian:Gem_Lightblue"],"picked":"Guardian:Gem_Red","floor":20},{"not_picked":["Guardian:TemporalShield","Guardian:ShieldCharger"],"picked":"Guardian:MultiBeam","floor":20},{"not_picked":["Guardian:Incinerate","Guardian:Gem_Yellow"],"picked":"Guardian:PrismaticBarrier+1","floor":21},{"not_picked":["Guardian:Gem_Lightblue","Guardian:Gem_Red"],"picked":"Guardian:Gem_Cyan","floor":21},{"not_picked":["Guardian:Gem_Green","Guardian:Gem_Red"],"picked":"Guardian:Gem_Cyan","floor":22},{"not_picked":["Guardian:VentSteam","Guardian:FuturePlans+1"],"picked":"Guardian:PolyBeam+1","floor":22},{"not_picked":["Guardian:Gem_Lightblue","Guardian:Gem_Green"],"picked":"Guardian:Gem_Cyan","floor":23},{"not_picked":["Guardian:PrismaticBarrier+1","Guardian:TemporalShield"],"picked":"Guardian:GatlingBeam","floor":23},{"not_picked":["Guardian:Gem_Red","Guardian:ShieldCharger"],"picked":"Guardian:Orbwalk+1","floor":25},{"not_picked":["Guardian:Gem_Red","Guardian:Gem_Green"],"picked":"Guardian:Gem_Cyan","floor":27},{"not_picked":["Guardian:SpikerProtocol+1","Guardian:Suspension"],"picked":"Guardian:FierceBash","floor":27},{"not_picked":["Guardian:Emergency","Guardian:PrimingBeam"],"picked":"Guardian:PiercingHide+1","floor":28},{"not_picked":["Guardian:Gem_Green","Guardian:Gem_Red"],"picked":"Guardian:Gem_Lightblue","floor":28},{"not_picked":["Guardian:Repulse+1","Guardian:SpikerProtocol+1"],"picked":"Guardian:ExploitGems","floor":30},{"not_picked":["Guardian:RollAttack+1","Guardian:Reroute"],"picked":"Guardian:Gem_Crimson","floor":31},{"not_picked":["Guardian:Gem_Red","Guardian:TemporalShield"],"picked":"Guardian:Gem_Blue","floor":32},{"not_picked":["Guardian:Gem_Lightblue","Guardian:Gem_Green"],"picked":"Guardian:Gem_Cyan","floor":32},{"not_picked":["Guardian:CompilePackage","Guardian:BaubleBeam"],"picked":"Guardian:SphericShield","floor":33},{"not_picked":["Guardian:Gem_Red","Guardian:Gem_Green"],"picked":"Guardian:Gem_Cyan","floor":33},{"not_picked":["Guardian:RollAttack+1","Guardian:ShieldCharger","Guardian:Repulse+1"],"picked":"SKIP","floor":36},{"not_picked":["Guardian:VentSteam","Guardian:ShieldCharger+1"],"picked":"Guardian:ChargeCore+1","floor":37},{"not_picked":["Guardian:RollAttack+1","Guardian:Gem_Lightblue","Guardian:Emergency+1"],"picked":"SKIP","floor":39},{"not_picked":["Guardian:RollAttack+1","Guardian:GuardianWhirl+1"],"picked":"Guardian:TemporalShield+1","floor":40},{"not_picked":["Guardian:TemporalStrike+1","Guardian:RollAttack"],"picked":"Guardian:Clone","floor":43},{"not_picked":["Guardian:BaubleBeam","Guardian:Reroute+1","Guardian:TemporalStrike"],"picked":"SKIP","floor":46},{"not_picked":["Guardian:ShieldCharger+1","Guardian:Planning","Guardian:PrismaticBarrier+1"],"picked":"SKIP","floor":47},{"not_picked":["Guardian:Gem_Cyan","Guardian:Incinerate"],"picked":"Guardian:ConstructionForm+1","floor":48},{"not_picked":["Guardian:Planning","Guardian:Gem_Fragmented","Guardian:VentSteam"],"picked":"SKIP","floor":49}],"player_experience":1545566,"relics_obtained":[{"floor":4,"key":"Toy Ornithopter"},{"floor":7,"key":"Boot"},{"floor":9,"key":"Blood Vial"},{"floor":14,"key":"Frozen Egg 2"},{"floor":23,"key":"War Paint"},{"floor":24,"key":"Regal Pillow"},{"floor":25,"key":"Whetstone"},{"floor":27,"key":"sneckomod:BlankCard"},{"floor":43,"key":"Mercury Hourglass"}],"event_choices":[{"damage_healed":0,"gold_gain":0,"player_choice":"Donut","damage_taken":0,"max_hp_gain":5,"max_hp_loss":0,"event_name":"Big Fish","floor":12,"gold_loss":0},{"damage_healed":0,"gold_gain":0,"player_choice":"Success","damage_taken":12,"relics_obtained":["Centennial Puzzle"],"max_hp_gain":0,"max_hp_loss":0,"event_name":"Scrap Ooze","floor":13,"gold_loss":0},{"cards_removed":["Guardian:GemFinder"],"damage_healed":13,"gold_gain":0,"player_choice":"Offered Rare","damage_taken":0,"max_hp_gain":10,"max_hp_loss":0,"event_name":"Bonfire Elementals","floor":45,"gold_loss":0}],"is_beta":false,"boss_relics":[{"not_picked":["Busted Crown","Guardian:StasisSlotReductionRelic"],"picked":"Guardian:ModeShifterPlus"},{"not_picked":["Calling Bell","Sozu"],"picked":"Runic Pyramid"}],"items_purged_floors":[19,30,36,38],"is_endless":false,"potions_floor_spawned":[3,4,9,15,20,22,25,28,31,33,39,40,46,48,49],"ascension_level":6}}