{"host":"2i0myh7fqij2ti1z","time":1607914952,"event":{"mods":["Aspiration","BaseMod","Better Third Choice","Colored Powertips","FoggyMod","Highlight Path","Minty Spire (QoL Compilation)","Quick Restart","Random Character Mod","Shop Mod","Spicy Shops","StSLib","The Jungle","Transform Curses","Wandering Minibosses"],"gold_per_floor":[55555,54261,54211,54211,54211,54239,54239,54239,54262,53187,53187,53220,51752,51752,51752,51851,51851,51862,50792,50707,49868,49891,49916,49209,49244,49267,49267,49267,49267,49267,48619,48619,48714,48714,48725,48725,48725,48725,48141,48174,47425,47425,47502,47502,47528,47528,46910,46910,46910,46910,46910,46910,46174,46205,46205],"floor_reached":56,"playtime":2644,"items_purged":["Strike_R","Defend_R","Strike_R","Injury","Defend_R","Defend_R","Strike_R","Bash","Defend_R+1","Normality","Thunderclap+1"],"score":1664,"play_id":"881a503b-9553-4a72-87fa-31411ac17811","local_time":"20201214110232","is_ascension_mode":true,"campfire_choices":[{"floor":8.0,"key":"RECALL"},{"data":"Infernal Blade","floor":11.0,"key":"SMITH"},{"data":"Inflame","floor":15.0,"key":"SMITH"},{"data":"Trip","floor":42.0,"key":"SMITH"},{"data":"Rupture","floor":49.0,"key":"SMITH"},{"data":"Double Tap","floor":52.0,"key":"SMITH"}],"circlet_count":0,"master_deck":["Infernal Blade+1","Shrug It Off+1","Berserk","Pommel Strike+1","Brutality","Impervious","Rupture+1","Double Tap+1","Limit Break","Heavy Blade+1","Rupture","Rupture","Reaper+1","Trip+1","Combust","Master of Strategy"],"relics":["Burning Blood","Akabeko","TheAbacus","Toolbox","Tiny Chest","Bronze Scales","aspiration:HiddenCompartment","Molten Egg 2","Bag of Marbles","MawBank","PreservedInsect","Blood Vial","Du-Vu Doll","Champion Belt","War Paint","Centennial Puzzle","Matryoshka","Meat on the Bone","Sling","Kunai","aspiration:RitualDagger","Self Forming Clay","aspiration:ArtOfWarUpgrade","Juzu Bracelet","aspiration:Lifesprig","Frozen Eye","Boot","Membership Card","Lantern","Nunchaku","Toy Ornithopter","InkBottle","Lee\u0027s Waffle","Red Skull","Orichalcum","Magic Flower","Medical Kit","Chemical X","Shovel","Blue Candle","Ancient Tea Set","Vajra","Red Mask","Smiling Mask","Oddly Smooth Stone","WarpedTongs","Regal Pillow","Spirit Poop","Turnip","Mango","Strawberry","Incense Burner","ClockworkSouvenir","OrangePellets","Philosopher\u0027s Stone","aspiration:FetidBarrel","aspiration:ChemicalBlood","Potion Belt","FossilizedHelix","Gremlin Horn","aspiration:Nostalgia","PureWater","DollysMirror","Dream Catcher","aspiration:AnachronicSnailShell","HandDrill","Paper Frog","Happy Flower","White Beast Statue","Omamori","TungstenRod","Unceasing Top","Brimstone","aspiration:StickyExplosives_weak","Anchor","Bag of Preparation","Bottled Lightning","Eternal Feather","Sundial","Shuriken","Pen Nib","Whetstone","Bottled Tornado","Pear"],"acts_visited":["Exordium","TheCity","TheBeyond","TheEnding"],"potions_floor_usage":[],"damage_taken":[{"damage":2.0,"enemies":"2 Louse","floor":1.0,"turns":3.0},{"damage":24.0,"enemies":"Lagavulin","floor":6.0,"turns":4.0},{"damage":0.0,"enemies":"3 Sentries","floor":12.0,"turns":3.0},{"damage":0.0,"enemies":"Slime Boss","floor":16.0,"turns":4.0},{"damage":17.0,"enemies":"Chosen","floor":18.0,"turns":2.0},{"damage":3.0,"enemies":"Book of Stabbing","floor":23.0,"turns":1.0},{"damage":3.0,"enemies":"Masked Bandits","floor":25.0,"turns":1.0},{"damage":16.0,"enemies":"Collector","floor":33.0,"turns":2.0},{"damage":13.0,"enemies":"3 Shapes","floor":35.0,"turns":1.0},{"damage":6.0,"enemies":"Giant Head","floor":40.0,"turns":3.0},{"damage":173.0,"enemies":"Time Eater","floor":50.0,"turns":14.0},{"damage":0,"enemies":"Shield and Spear","floor":54,"turns":1},{"damage":6,"enemies":"The Heart","floor":55,"turns":5}],"seed_played":"819927721314102425","potions_obtained":[{"floor":12.0,"key":"Energy Potion"},{"floor":16.0,"key":"Strength Potion"},{"floor":25.0,"key":"Strength Potion"},{"floor":50.0,"key":"Explosive Potion"},{"floor":50.0,"key":"GamblersBrew"},{"floor":50.0,"key":"BlessingOfTheForge"},{"floor":50.0,"key":"Swift Potion"},{"floor":50.0,"key":"AttackPotion"}],"is_trial":false,"path_per_floor":["M","$","?","?","?","E","T","R","T","$","R","E","$","?","R","B",null,"M","$","?","$","T","E","$","?","T","?","R","T","?","$","R","B",null,"M","?","T","?","$","E","$","R","T","?","T","T","$","?","R","B",null,"R","$","E","B",null],"character_chosen":"IRONCLAD","items_purchased":["Akabeko","TheAbacus","Toolbox","Tiny Chest","Bronze Scales","aspiration:HiddenCompartment","Infernal Blade","Inflame","PreservedInsect","Blood Vial","Du-Vu Doll","Champion Belt","Shrug It Off","Centennial Puzzle","Matryoshka","Meat on the Bone","Sling","Kunai","Pommel Strike+1","Self Forming Clay","Art of War","Juzu Bracelet","aspiration:Lifesprig","Frozen Eye","Membership Card","Lantern","Nunchaku","Toy Ornithopter","InkBottle","Lee\u0027s Waffle","Medical Kit","Chemical X","Shovel","Blue Candle","Ancient Tea Set","Impervious","Vajra","Turnip","Mango","Strawberry","Incense Burner","ClockworkSouvenir","OrangePellets","Double Tap","aspiration:ChemicalBlood","Potion Belt","FossilizedHelix","Gremlin Horn","aspiration:Nostalgia","DollysMirror","aspiration:AnachronicSnailShell","HandDrill","Paper Frog","Happy Flower","Reaper+1","Trip","Combust","Master of Strategy","Unceasing Top","Brimstone","aspiration:StickyExplosives_weak","Anchor","Bag of Preparation","Bottled Lightning","Eternal Feather","Sundial","Shuriken","Pen Nib","Whetstone","Bottled Tornado","FairyPotion","Fruit Juice","Block Potion"],"campfire_rested":0,"item_purchase_floors":[2,2,2,2,2,2,2,2,10,10,10,10,10,13,13,13,13,13,13,19,19,19,19,19,21,21,21,21,21,21,24,24,24,24,24,24,24,31,31,31,31,31,31,31,39,39,39,39,39,39,41,41,41,41,41,41,41,41,47,47,47,47,47,47,53,53,53,53,53,53,53,53,53],"current_hp_per_floor":[88,88,88,88,93,75,75,75,75,75,75,83,83,83,83,91,93,82,82,82,100,100,100,100,100,100,100,100,100,100,121,121,114,121,117,117,117,117,117,121,121,121,121,121,121,121,121,115,115,115,115,115,122,132,132],"gold":46205,"neow_bonus":"TEN_PERCENT_HP_BONUS","is_daily":false,"chose_seed":false,"campfire_upgraded":5,"win_rate":0.0,"timestamp":1607914952,"path_taken":["M","$","?","?","?","E","?","R","T","?","R","E","$","?","R","BOSS","M","$","?","$","?","E","?","?","T","?","R","?","?","?","R","BOSS","M","?","?","?","$","E","?","R","T","?","?","?","?","?","R","BOSS","R","$","E","BOSS"],"items_purchased_type":["Relic","Relic","Relic","Relic","Relic","Relic","Card","Card","Relic","Relic","Relic","Relic","Card","Relic","Relic","Relic","Relic","Relic","Card","Relic","Relic","Relic","Relic","Relic","Relic","Relic","Relic","Relic","Relic","Relic","Relic","Relic","Relic","Relic","Relic","Card","Relic","Relic","Relic","Relic","Relic","Relic","Relic","Card","Relic","Relic","Relic","Relic","Relic","Relic","Relic","Relic","Relic","Relic","Card","Card","Card","Card","Relic","Relic","Relic","Relic","Relic","Relic","Relic","Relic","Relic","Relic","Relic","Relic","Potion","Potion","Potion"],"build_version":"2020-12-13","purchased_purges":11,"victory":true,"max_hp_per_floor":[88,88,88,88,93,93,93,93,93,93,93,93,93,93,93,93,93,93,93,93,100,100,100,100,100,100,100,100,100,100,121,121,121,121,121,121,121,121,121,121,121,121,121,121,121,121,121,115,115,115,115,115,122,132,132],"card_choices":[{"not_picked":["Perfected Strike","Ghostly Armor"],"picked":"Headbutt","floor":1.0},{"not_picked":["Whirlwind+1","Entrench","Havoc"],"picked":"SKIP","floor":6.0},{"not_picked":["Anger+1","Brutality"],"picked":"Berserk","floor":12.0},{"not_picked":["Double Tap","Barricade"],"picked":"Brutality","floor":16.0},{"not_picked":["Havoc+1","Body Slam+1","Pommel Strike+1"],"picked":"SKIP","floor":18.0},{"not_picked":["Havoc","Sever Soul+1","Shrug It Off"],"picked":"SKIP","floor":23.0},{"not_picked":["Perfected Strike+1","Rampage+1"],"picked":"Rupture","floor":25.0},{"not_picked":["Double Tap","Immolate+1"],"picked":"Limit Break","floor":33.0},{"not_picked":["Wild Strike+1","Infernal Blade"],"picked":"Heavy Blade+1","floor":35.0},{"not_picked":["Shrug It Off+1","Cleave+1"],"picked":"Thunderclap+1","floor":40.0},{"not_picked":["Whirlwind+1","Blood for Blood+1","Havoc+1"],"picked":"SKIP","floor":54}],"player_experience":150866,"relics_obtained":[{"floor":6.0,"key":"Bag of Marbles"},{"floor":9.0,"key":"MawBank"},{"floor":12.0,"key":"War Paint"},{"floor":22.0,"key":"Red Skull"},{"floor":22.0,"key":"Orichalcum"},{"floor":23.0,"key":"Magic Flower"},{"floor":25.0,"key":"Red Mask"},{"floor":26.0,"key":"Smiling Mask"},{"floor":26.0,"key":"Oddly Smooth Stone"},{"floor":29.0,"key":"Regal Pillow"},{"floor":37.0,"key":"aspiration:FetidBarrel"},{"floor":40.0,"key":"Dream Catcher"},{"floor":43.0,"key":"White Beast Statue"},{"floor":45.0,"key":"Omamori"},{"floor":46.0,"key":"TungstenRod"},{"floor":54,"key":"Pear"}],"event_choices":[{"cards_removed":["Strike_R"],"damage_healed":0.0,"max_hp_gain":0.0,"max_hp_loss":0.0,"gold_gain":0.0,"event_name":"The Cleric","player_choice":"Card Removal","floor":3.0,"gold_loss":50.0,"damage_taken":0.0},{"damage_healed":0.0,"max_hp_gain":5.0,"max_hp_loss":0.0,"gold_gain":0.0,"event_name":"Big Fish","player_choice":"Donut","floor":5.0,"gold_loss":0.0,"damage_taken":0.0},{"cards_removed":["Strike_R"],"damage_healed":0.0,"max_hp_gain":0.0,"max_hp_loss":0.0,"gold_gain":0.0,"event_name":"Purifier","player_choice":"Purged","floor":14.0,"gold_loss":0.0,"damage_taken":0.0},{"damage_healed":0.0,"max_hp_gain":0.0,"max_hp_loss":0.0,"gold_gain":0.0,"event_name":"Addict","player_choice":"Obtained Relic","floor":20.0,"gold_loss":85.0,"damage_taken":0.0,"relics_obtained":["Boot"]},{"damage_healed":0.0,"max_hp_gain":0.0,"max_hp_loss":0.0,"gold_gain":0.0,"event_name":"Masked Bandits","player_choice":"Fought Bandits","floor":25.0,"gold_loss":0.0,"damage_taken":0.0},{"damage_healed":0.0,"max_hp_gain":0.0,"max_hp_loss":0.0,"gold_gain":0.0,"event_name":"Accursed Blacksmith","player_choice":"Rummage","floor":27.0,"gold_loss":0.0,"damage_taken":0.0,"relics_obtained":["WarpedTongs"],"cards_obtained":["Pain"]},{"cards_removed":["Pain"],"damage_healed":0.0,"max_hp_gain":0.0,"max_hp_loss":0.0,"gold_gain":0.0,"event_name":"Bonfire Elementals","player_choice":"Offered Curse","floor":30.0,"gold_loss":0.0,"damage_taken":0.0,"relics_obtained":["Spirit Poop"]},{"damage_healed":0.0,"max_hp_gain":0.0,"max_hp_loss":0.0,"gold_gain":0.0,"event_name":"Duplicator","player_choice":"Copied","floor":36.0,"gold_loss":0.0,"damage_taken":0.0,"cards_obtained":["Rupture"]},{"cards_removed":["Inflame"],"damage_healed":0.0,"max_hp_gain":0.0,"max_hp_loss":0.0,"gold_gain":0.0,"event_name":"Wheel of Change","player_choice":"Card Removal","floor":38.0,"gold_loss":0.0,"damage_taken":0.0},{"cards_removed":["Headbutt"],"damage_healed":0.0,"max_hp_gain":0.0,"max_hp_loss":0.0,"gold_gain":0.0,"event_name":"Falling","player_choice":"Removed Attack","floor":44.0,"gold_loss":0.0,"damage_taken":0.0},{"damage_healed":0.0,"max_hp_gain":0.0,"max_hp_loss":6.0,"gold_gain":0.0,"event_name":"Winding Halls","player_choice":"Max HP","floor":48.0,"gold_loss":0.0,"damage_taken":0.0}],"is_beta":false,"boss_relics":[{"not_picked":["Cursed Key","Runic Dome"],"picked":"aspiration:RitualDagger"},{"not_picked":["Pandora\u0027s Box","Busted Crown"],"picked":"Philosopher\u0027s Stone"}],"items_purged_floors":[2,2,10,10,13,13,19,21,21,24,41],"is_endless":false,"potions_floor_spawned":[12,16,25,33,35,54],"ascension_level":1}}