{"host":"o7j6aatxjwpw1421","time":1607961068,"event":{"mods":["2.2 Compatiblity","BaseMod","Colored Map","DeckTracker","Highlight Path","Keyboard Shortcuts","Minty Spire (QoL Compilation)","Permanent Neow","Quick Restart","StSLib","SuperFastMode","everything is the same but u backflip on backflip"],"gold_per_floor":[115,129,129,139,139,139,158,189,189,208,208,85,9,25,25,99,99,109,127,127,127,143,143,177,177,202,221,221,221,221],"floor_reached":29,"playtime":1264,"items_purged":[],"score":429,"play_id":"30edf393-5d9c-40b5-8c3e-443b9080a845","local_time":"20201215005108","is_ascension_mode":true,"campfire_choices":[{"data":"Cloak And Dagger","floor":6,"key":"SMITH"},{"data":"Dagger Spray","floor":15,"key":"SMITH"},{"data":"Neutralize","floor":23,"key":"SMITH"},{"data":"Prepared","floor":25,"key":"SMITH"},{"floor":28,"key":"REST"}],"circlet_count":0,"master_deck":["AscendersBane","Strike_G+1","Strike_G+1","Strike_G+1","Strike_G+1","Strike_G+1","Defend_G+1","Defend_G+1","Defend_G+1","Defend_G+1","Defend_G+1","Survivor","Neutralize+1","Deadly Poison+1","Cloak And Dagger+1","A Thousand Cuts+1","Dagger Spray+1","Crippling Poison","PiercingWail","Footwork+1","Poisoned Stab","Envenom+1","Prepared+1","Blur+1","Corpse Explosion","Bouncing Flask"],"relics":["Ring of the Snake","Centennial Puzzle","Du-Vu Doll","Frozen Egg 2","White Beast Statue","Pear","SacredBark","Bottled Flame","War Paint"],"acts_visited":["Exordium","TheCity"],"potions_floor_usage":[8,16,18,18,19,22,24,27,29],"damage_taken":[{"damage":0,"enemies":"2 Louse","floor":1,"turns":3},{"damage":1,"enemies":"Jaw Worm","floor":2,"turns":4},{"damage":0,"enemies":"Cultist","floor":4,"turns":4},{"damage":14,"enemies":"Exordium Thugs","floor":7,"turns":5},{"damage":11,"enemies":"Gremlin Nob","floor":8,"turns":4},{"damage":5,"enemies":"Looter","floor":10,"turns":3},{"damage":0,"enemies":"3 Louse","floor":14,"turns":3},{"damage":28,"enemies":"Hexaghost","floor":16,"turns":10},{"damage":10,"enemies":"Chosen","floor":18,"turns":5},{"damage":24,"enemies":"Shell Parasite","floor":19,"turns":7},{"damage":8,"enemies":"Chosen and Byrds","floor":22,"turns":4},{"damage":48,"enemies":"Gremlin Leader","floor":24,"turns":8},{"damage":0,"enemies":"Snake Plant","floor":27,"turns":6},{"damage":8,"enemies":"Slavers","floor":29,"turns":3}],"seed_played":"3433909404694134823","potions_obtained":[{"floor":7,"key":"PowerPotion"},{"floor":14,"key":"Weak Potion"},{"floor":16,"key":"EntropicBrew"},{"floor":18,"key":"Block Potion"},{"floor":19,"key":"AttackPotion"},{"floor":22,"key":"CultistPotion"},{"floor":24,"key":"EssenceOfSteel"},{"floor":27,"key":"BlessingOfTheForge"}],"is_trial":false,"path_per_floor":["M","M","?","M","?","R","M","E","T","M","T","?","$","M","R","B",null,"M","M","?","?","M","R","E","R","T","M","R","E"],"character_chosen":"THE_SILENT","items_purchased":["Footwork+1"],"campfire_rested":1,"item_purchase_floors":[13],"current_hp_per_floor":[59,58,58,58,58,58,44,33,33,28,28,38,38,38,38,10,60,50,75,75,75,67,67,19,19,19,19,41,33,33],"gold":221,"neow_bonus":"RANDOM_COMMON_RELIC","is_daily":false,"chose_seed":false,"campfire_upgraded":4,"win_rate":0.0,"timestamp":1607961068,"path_taken":["M","M","?","M","?","R","M","E","T","?","?","?","$","M","R","BOSS","M","M","?","?","M","R","E","R","T","M","R","E"],"items_purchased_type":["Card"],"build_version":"2020-12-13","purchased_purges":0,"victory":false,"max_hp_per_floor":[66,66,66,66,66,66,66,66,66,66,66,76,76,76,76,76,76,76,76,76,76,76,76,76,76,76,76,76,76,76],"card_choices":[{"not_picked":["Acrobatics","Outmaneuver"],"picked":"Deadly Poison","floor":1},{"not_picked":["Dash","Acrobatics"],"picked":"Cloak And Dagger","floor":2},{"not_picked":["Dodge and Roll","Blade Dance"],"picked":"A Thousand Cuts","floor":4},{"not_picked":["Cloak And Dagger","Infinite Blades"],"picked":"Dagger Spray","floor":7},{"not_picked":["Dagger Spray","Doppelganger"],"picked":"Crippling Poison","floor":8},{"not_picked":["Bane","Masterful Stab"],"picked":"PiercingWail","floor":10},{"not_picked":["Cloak And Dagger","Deadly Poison"],"picked":"Poisoned Stab","floor":14},{"not_picked":["Doppelganger","Corpse Explosion"],"picked":"Envenom+1","floor":16},{"not_picked":["Distraction+1","Flying Knee"],"picked":"Prepared","floor":18},{"not_picked":["Deflect","Choke","Dagger Throw"],"picked":"SKIP","floor":19},{"not_picked":["Outmaneuver+1","Dodge and Roll"],"picked":"Blur","floor":22},{"not_picked":["Deadly Poison","Dash"],"picked":"Corpse Explosion","floor":24},{"not_picked":["Bane","Underhanded Strike"],"picked":"Bouncing Flask","floor":27}],"player_experience":231896,"relics_obtained":[{"floor":8,"key":"Du-Vu Doll"},{"floor":9,"key":"Frozen Egg 2"},{"floor":11,"key":"White Beast Statue"},{"floor":24,"key":"Bottled Flame"},{"floor":26,"key":"War Paint"}],"event_choices":[{"damage_healed":0,"gold_gain":0,"player_choice":"Ignored","damage_taken":0,"max_hp_gain":0,"max_hp_loss":0,"event_name":"Liars Game","floor":3,"gold_loss":0},{"damage_healed":0,"gold_gain":0,"player_choice":"Forge","damage_taken":0,"max_hp_gain":0,"max_hp_loss":0,"event_name":"Accursed Blacksmith","floor":5,"gold_loss":0,"cards_upgraded":["A Thousand Cuts"]},{"damage_healed":0,"gold_gain":0,"player_choice":"Paid Gold","damage_taken":0,"relics_obtained":["Pear"],"max_hp_gain":0,"max_hp_loss":0,"event_name":"WeMeetAgain","floor":12,"gold_loss":123},{"damage_healed":0,"gold_gain":0,"player_choice":"Ignored","damage_taken":0,"max_hp_gain":0,"max_hp_loss":0,"event_name":"Ghosts","floor":20,"gold_loss":0},{"damage_healed":0,"gold_gain":0,"player_choice":"Simplicity","damage_taken":0,"max_hp_gain":0,"max_hp_loss":0,"event_name":"Back to Basics","floor":21,"gold_loss":0,"cards_upgraded":["Strike_G","Strike_G","Strike_G","Strike_G","Strike_G","Defend_G","Defend_G","Defend_G","Defend_G","Defend_G"]}],"is_beta":false,"boss_relics":[{"not_picked":["Black Star","Velvet Choker"],"picked":"SacredBark"}],"items_purged_floors":[],"is_endless":false,"potions_floor_spawned":[7,14,16,18,19,22,24,27],"killed_by":"Slavers","ascension_level":15}}