{"host":"hlg6scarqnxczons","time":1607972106,"event":{"mods":["BaseMod","Conspire","Custom Start","Downfall","Emptier Cage","Friendly Minions","Gold Saver","Infinite Spire","Marisa????????","Minty Spire (QoL Compilation)","Quick Restart","Replay The Spire","StSLib","The Bug Knight","UnlockEverythingMod"],"gold_per_floor":[116,128,128,143,143,174,174,28,53,53,81,81,81,115,115,225,225,247,247,278,204,228,228,228,228,228,260,260,299,299,108,108,207,207,230,230,85,160,13,13,13,56,79,99,99,99,99,49,49,59],"floor_reached":51,"playtime":5382,"items_purged":["HollowMod:QuickDashStart+1"],"score":623,"play_id":"542debcd-f4a6-4d79-bb49-c3b2624ff9df","local_time":"20201214185506","daily_mods":["Heirloom","Flight","DeadlyEvents","Elite Swarm"],"is_ascension_mode":true,"campfire_choices":[{"data":"HollowMod:MothsMistake","floor":7,"key":"SMITH"},{"data":"HollowMod:MothsMistake+1","floor":10,"key":"SMITH"},{"data":"HollowMod:Hiveblood","floor":12,"key":"SMITH"},{"data":"HollowMod:MothsMistake+2","floor":15,"key":"SMITH"},{"data":"HollowMod:QuickDashStart","floor":23,"key":"SMITH"},{"data":"HollowMod:MothsMistake+3","floor":24,"key":"SMITH"},{"data":"HollowMod:MothsMistake+4","floor":25,"key":"SMITH"},{"data":"HollowMod:LifebloodCore","floor":28,"key":"SMITH"},{"data":"HollowMod:DoubleDash","floor":32,"key":"SMITH"},{"data":"HollowMod:MothsMistake+5","floor":40,"key":"SMITH"},{"floor":41,"key":"DIG"},{"data":"HollowMod:NewGlowingWomb","floor":45,"key":"SMITH"},{"data":"HollowMod:Hiveblood+1","floor":46,"key":"SMITH"},{"data":"HollowMod:DoubleDash","floor":47,"key":"SMITH"},{"data":"HollowMod:DoubleDash+1","floor":49,"key":"SMITH"}],"circlet_count":0,"master_deck":["HollowMod:NailStrikeStart","HollowMod:NailStrikeStart","HollowMod:NailStrikeStart","HollowMod:QuickDashStart+1","HollowMod:QuickDashStart+1","HollowMod:QuickDashStart+1","HollowMod:FocusHealStart","HollowMod:PogoStrike","HollowMod:MothsMistake+6","HollowMod:Hiveblood+2","HollowMod:NewInfectedGuardian","CurseOfTheBell","HollowMod:NewGlowingWomb+1","HollowMod:LifebloodCore+1","HollowMod:DoubleDash+1","HollowMod:DoubleDash+2"],"relics":["HollowMod:VesselMask","conspire:InfiniteJournal","Meat on the Bone","TheAbacus","Smiling Mask","Oddly Smooth Stone","Replay:Bandana","MealTicket","Calling Bell","Tiny Chest","Ornamental Fan","Shovel","infinitespire:WardingShard","Matryoshka","Replay:Bottled Eggs","Lee\u0027s Waffle","sneckomod:SneckoTalon","Cauldron","Blue Doll","White Beast Statue","Membership Card","infinitespire:Bottled Soul","infinitespire:Joker Card","conspire:TopHat","Akabeko"],"acts_visited":["Exordium","TheCity","TheBeyond"],"potions_floor_usage":[6,16,16,33,33,50],"damage_taken":[{"damage":1,"enemies":"Jaw Worm","floor":1,"turns":4},{"damage":0,"enemies":"Small Slimes","floor":2,"turns":2},{"damage":5,"enemies":"2 Louse","floor":4,"turns":4},{"damage":32,"enemies":"Lagavulin","floor":6,"turns":9},{"damage":13,"enemies":"3 Sentries","floor":11,"turns":6},{"damage":14,"enemies":"Lagavulin","floor":14,"turns":9},{"damage":44,"enemies":"Slime Boss","floor":16,"turns":11},{"damage":27,"enemies":"Spheric Guardian","floor":18,"turns":7},{"damage":12,"enemies":"3 Byrds","floor":20,"turns":5},{"damage":43,"enemies":"Snake Plant","floor":22,"turns":6},{"damage":50,"enemies":"Gremlin Leader","floor":27,"turns":7},{"damage":32,"enemies":"HollowMod:Nosk","floor":29,"turns":8},{"damage":52,"enemies":"Collector","floor":33,"turns":10},{"damage":0,"enemies":"Orb Walker","floor":35,"turns":6},{"damage":31,"enemies":"HollowMod:StalkingDevout","floor":42,"turns":10},{"damage":16,"enemies":"3 Shapes","floor":44,"turns":5},{"damage":153,"enemies":"Replay:Hell Engine","floor":50,"turns":13}],"seed_played":"2323453160893088964","potions_obtained":[{"floor":2,"key":"PowerPotion"},{"floor":11,"key":"Dexterity Potion"},{"floor":14,"key":"LifebloodPotion"},{"floor":16,"key":"SneckoOil"},{"floor":18,"key":"LiquidMemories"},{"floor":20,"key":"Dexterity Potion"},{"floor":30,"key":"EssenceOfSteel"},{"floor":30,"key":"Guardian:BlockOnCardUsePotion"},{"floor":33,"key":"BlessingOfTheForge"},{"floor":35,"key":"SneckoOil"},{"floor":37,"key":"champ:CounterPotion"}],"is_trial":true,"path_per_floor":["M","M","?","M","?","E","R","$","T","R","E","R","T","E","R","B",null,"M","?","M","$","M","R","R","R","T","E","R","E","?","$","R","B",null,"M","?","$","T","$","R","R","E","T","M","R","R","R","$","R","B",null],"character_chosen":"THE_BUGKNIGHT","items_purchased":["TheAbacus","HollowMod:NewGlowingWomb","Lee\u0027s Waffle","HollowMod:DoubleDash","Cauldron","Membership Card"],"campfire_rested":0,"item_purchase_floors":[8,21,31,31,37,39],"current_hp_per_floor":[75,75,68,63,63,41,41,41,41,41,38,38,38,62,62,58,75,75,75,69,75,67,67,67,67,67,50,50,46,46,82,82,46,82,82,62,77,77,82,82,82,82,82,66,66,66,66,81,81,82],"gold":59,"neow_bonus":"","is_daily":false,"chose_seed":false,"campfire_upgraded":14,"win_rate":0.0,"timestamp":1607972106,"path_taken":["M","M","?","M","?","E","R","?","T","R","?","R","?","E","R","BOSS","M","?","M","$","M","R","R","R","T","E","R","E","?","$","R","BOSS","M","?","$","?","?","R","R","E","T","?","R","R","R","$","R","BOSS"],"items_purchased_type":["Relic","Card","Relic","Card","Relic","Relic"],"build_version":"2020-12-13","purchased_purges":1,"victory":true,"max_hp_per_floor":[75,75,75,75,75,75,75,75,75,75,75,75,75,75,75,75,75,75,75,75,75,75,75,75,75,75,75,75,75,75,82,82,82,82,82,82,82,82,82,82,82,82,82,82,82,82,82,82,82,82],"card_choices":[{"not_picked":["HollowMod:PureNailStrike","HollowMod:GoodIntentions"],"picked":"HollowMod:MothsMistake","floor":1},{"not_picked":["HollowMod:CornifersMapStart","HollowMod:ShapeofUnn","HollowMod:HeavyBlow"],"picked":"SKIP","floor":2},{"not_picked":["HollowMod:NewLittleFool","HollowMod:NewJinnsSoul","HollowMod:CornifersMapStart"],"picked":"SKIP","floor":4},{"not_picked":["HollowMod:LordofShades","HollowMod:LifebloodCore","HollowMod:SoulMaster"],"picked":"SKIP","floor":6},{"not_picked":["HollowMod:theNailsmith","HollowMod:PureVessel"],"picked":"HollowMod:Hiveblood","floor":11},{"not_picked":["HollowMod:HornetsHelp","HollowMod:SoulMaster","HollowMod:VoidDash"],"picked":"SKIP","floor":14},{"not_picked":["HollowMod:VoidDash","HollowMod:ElderbugsWisdom"],"picked":"HollowMod:NewInfectedGuardian","floor":16},{"not_picked":["HollowMod:ChannelNail","HollowMod:GoodIntentions","HollowMod:HuntersJournal"],"picked":"SKIP","floor":18},{"not_picked":["HollowMod:ChannelNail+1","HollowMod:SoulStrike","HollowMod:CornifersMapStart"],"picked":"SKIP","floor":20},{"not_picked":["HollowMod:MonarchWings","HollowMod:ChannelNail+1","HollowMod:CrystalDash"],"picked":"SKIP","floor":22},{"not_picked":["HollowMod:ElderbugsWisdom","HollowMod:NewInfectedGuardian"],"picked":"HollowMod:LifebloodCore","floor":27},{"not_picked":["HollowMod:HornetsHelp","HollowMod:Hiveblood","HollowMod:VoidDash"],"picked":"SKIP","floor":29},{"not_picked":["HollowMod:SoulSplash+1","HollowMod:SoulEater","HollowMod:LifebloodCocoon+1"],"picked":"SKIP","floor":35},{"not_picked":["HollowMod:LordofShades","HollowMod:SlysStrikes","HollowMod:LifebloodCore"],"picked":"SKIP","floor":42},{"not_picked":["HollowMod:CornifersMapStart+1","HollowMod:SoulSplash+1","HollowMod:CrystalDash+1"],"picked":"SKIP","floor":44}],"player_experience":120015,"relics_obtained":[{"floor":6,"key":"Meat on the Bone"},{"floor":9,"key":"Smiling Mask"},{"floor":11,"key":"Oddly Smooth Stone"},{"floor":13,"key":"Replay:Bandana"},{"floor":14,"key":"MealTicket"},{"floor":17,"key":"Tiny Chest"},{"floor":17,"key":"Ornamental Fan"},{"floor":17,"key":"Shovel"},{"floor":26,"key":"infinitespire:WardingShard"},{"floor":27,"key":"Matryoshka"},{"floor":29,"key":"Replay:Bottled Eggs"},{"floor":38,"key":"Blue Doll"},{"floor":38,"key":"White Beast Statue"},{"floor":41,"key":"infinitespire:Bottled Soul"},{"floor":42,"key":"infinitespire:Joker Card"},{"floor":43,"key":"conspire:TopHat"},{"floor":43,"key":"Akabeko"}],"event_choices":[{"cards_removed":["HollowMod:NailStrikeStart"],"damage_healed":0,"gold_gain":0,"player_choice":"Card Removal","damage_taken":7,"max_hp_gain":0,"max_hp_loss":0,"event_name":"Golden Wing","floor":3,"gold_loss":0},{"damage_healed":0,"gold_gain":0,"player_choice":"Ignored","damage_taken":0,"max_hp_gain":0,"max_hp_loss":0,"event_name":"Ghosts","floor":19,"gold_loss":0},{"damage_healed":0,"gold_gain":0,"player_choice":"Got Potions","damage_taken":0,"max_hp_gain":0,"max_hp_loss":0,"event_name":"Lab","floor":30,"gold_loss":0}],"is_beta":false,"boss_relics":[{"not_picked":["conspire:RoyalGoblet","Astrolabe"],"picked":"Calling Bell"},{"not_picked":["Runic Pyramid","Busted Crown"],"picked":"sneckomod:SneckoTalon"}],"items_purged_floors":[48],"is_endless":false,"potions_floor_spawned":[2,11,14,16,18,20,33,35,42,44],"ascension_level":1}}