{"host":"xr9kfrtt7uxz0mdc","time":1607908123,"event":{"mods":["AchievementEnabler","BaseMod","Highlight Path","Minty Spire (QoL Compilation)"],"gold_per_floor":[115,65,79,93,93,127,145,159,159,159,170,170,183,193,193,290,290,303,315,315,333,333,333],"floor_reached":22,"playtime":707,"items_purged":[],"score":192,"play_id":"a60a5fa5-3bdb-4e8b-8a31-150fd3b1f6c6","local_time":"20201214020843","is_ascension_mode":false,"campfire_choices":[{"floor":12,"key":"REST"},{"floor":15,"key":"REST"}],"circlet_count":0,"master_deck":["Strike_B","Strike_B","Strike_B","Defend_B","Defend_B","Defend_B+1","Defend_B","Zap","Dualcast","Loop+1","Ball Lightning","Ball Lightning","Sweeping Beam","Cold Snap","Chaos+1","Redo","Conserve Battery","Conserve Battery","Electrodynamics","Genetic Algorithm+1","Defragment"],"relics":["Cracked Core","Lizard Tail","Mercury Hourglass","Inserter","Enchiridion"],"acts_visited":["Exordium","TheCity"],"potions_floor_usage":[22,22],"damage_taken":[{"damage":14,"enemies":"2 Louse","floor":1,"turns":3},{"damage":5,"enemies":"Cultist","floor":3,"turns":4},{"damage":0,"enemies":"Small Slimes","floor":4,"turns":3},{"damage":26,"enemies":"Lagavulin","floor":6,"turns":5},{"damage":7,"enemies":"Blue Slaver","floor":7,"turns":2},{"damage":10,"enemies":"Looter","floor":8,"turns":2},{"damage":2,"enemies":"Large Slime","floor":11,"turns":4},{"damage":12,"enemies":"Blue Slaver","floor":13,"turns":3},{"damage":6,"enemies":"Lots of Slimes","floor":14,"turns":3},{"damage":26,"enemies":"The Guardian","floor":16,"turns":11},{"damage":23,"enemies":"2 Thieves","floor":18,"turns":3},{"damage":21,"enemies":"Shell Parasite","floor":19,"turns":6},{"damage":18,"enemies":"Shelled Parasite and Fungi","floor":21,"turns":6},{"damage":42,"enemies":"Masked Bandits","floor":22,"turns":3}],"seed_played":"-453400112194187722","potions_obtained":[{"floor":0,"key":"SpeedPotion"},{"floor":0,"key":"LiquidMemories"},{"floor":0,"key":"Dexterity Potion"},{"floor":3,"key":"FairyPotion"},{"floor":11,"key":"PotionOfCapacity"}],"is_trial":false,"path_per_floor":["M","?","M","M","?","E","M","M","T","?","M","R","M","M","R","B",null,"M","M","?","M","?"],"character_chosen":"DEFECT","items_purchased":[],"campfire_rested":2,"item_purchase_floors":[],"current_hp_per_floor":[61,61,56,56,56,30,23,13,13,22,20,42,30,24,46,20,75,52,31,15,37,0,0],"gold":333,"neow_bonus":"THREE_SMALL_POTIONS","is_daily":false,"chose_seed":false,"campfire_upgraded":0,"win_rate":0.0,"timestamp":1607908123,"path_taken":["M","?","M","M","?","E","?","M","T","?","M","R","M","M","R","BOSS","M","M","?","M","?"],"items_purchased_type":[],"build_version":"2020-12-13","purchased_purges":0,"victory":false,"max_hp_per_floor":[75,75,75,75,75,75,75,75,75,75,75,75,75,75,75,75,75,75,75,75,75,75,75],"card_choices":[{"not_picked":["Reinforced Body","Ball Lightning"],"picked":"Loop","floor":1},{"not_picked":["Static Discharge","Beam Cell"],"picked":"Ball Lightning","floor":3},{"not_picked":["Rebound","Undo"],"picked":"Ball Lightning","floor":4},{"not_picked":["Rebound","Turbo"],"picked":"Sweeping Beam","floor":6},{"not_picked":["Hello World","Rebound"],"picked":"Cold Snap","floor":7},{"not_picked":["Force Field","Sweeping Beam"],"picked":"Chaos","floor":8},{"not_picked":["All For One","Compile Driver"],"picked":"Redo","floor":11},{"not_picked":["Streamline","Compile Driver"],"picked":"Conserve Battery","floor":13},{"not_picked":["Fusion","Consume"],"picked":"Conserve Battery","floor":14},{"not_picked":["Reboot","Rainbow"],"picked":"Electrodynamics","floor":16},{"not_picked":["Leap","Rebound"],"picked":"Genetic Algorithm+1","floor":18},{"not_picked":["Go for the Eyes","Steam","Coolheaded"],"picked":"SKIP","floor":19},{"not_picked":["Go for the Eyes","Streamline+1"],"picked":"Defragment","floor":21}],"player_experience":76985,"relics_obtained":[{"floor":6,"key":"Lizard Tail"},{"floor":9,"key":"Mercury Hourglass"},{"floor":20,"key":"Enchiridion"}],"event_choices":[{"cards_removed":["Strike_B"],"damage_healed":0,"gold_gain":0,"player_choice":"Card Removal","damage_taken":0,"max_hp_gain":0,"max_hp_loss":0,"event_name":"The Cleric","floor":2,"gold_loss":50},{"damage_healed":0,"gold_gain":0,"player_choice":"Upgraded","damage_taken":0,"max_hp_gain":0,"max_hp_loss":0,"event_name":"Upgrade Shrine","floor":5,"gold_loss":0,"cards_upgraded":["Loop"]},{"damage_healed":0,"gold_gain":0,"player_choice":"Entered Light","damage_taken":15,"max_hp_gain":0,"max_hp_loss":0,"event_name":"Shining Light","floor":10,"gold_loss":0,"cards_upgraded":["Chaos","Defend_B"]},{"damage_healed":0,"gold_gain":0,"player_choice":"Obtained Book","damage_taken":16,"max_hp_gain":0,"max_hp_loss":0,"event_name":"Cursed Tome","floor":20,"gold_loss":0},{"damage_healed":0,"gold_gain":0,"player_choice":"Fought Bandits","damage_taken":0,"max_hp_gain":0,"max_hp_loss":0,"event_name":"Masked Bandits","floor":22,"gold_loss":0}],"is_beta":false,"boss_relics":[{"not_picked":["FrozenCore","Calling Bell"],"picked":"Inserter"}],"items_purged_floors":[],"is_endless":false,"potions_floor_spawned":[3,8,11,13,21],"killed_by":"Masked Bandits","ascension_level":0}}