{"host":"a484oiac96svwyi6","time":1607928740,"event":{"mods":["2.2 Compatiblity","AchievementEnabler","Act Like it!","Astrologer","BaseMod","Better Altar","Better Match","Better Sensory Stone","Better Skull","Better Third Choice","Better-Laid Plans","BetterRewards","Block Reminder","Clawfect","Colored Map","Colored Powertips","Conjunction","Conspire","Custom Start","Dio Mod","Displayed Cursed Tome","Duelist Mod","GifTheSpireLib","Gold Saver","Googly Eyes","Hallownest","Hubris","Infinite Spire","Ironclad Rager","Jorbs\u0027s Wanderer Trilogy","Melee Mod","Menagerie","Minty Spire (QoL Compilation)","Quick Restart","RNG Fix","Random Character Button","Relic Filter","Relic Sorter","Relic Stats","Replay The Spire","Retaliation","Shop Mod","Small Relic Pack","Spikes Relics","Spire Birthday Party","StSLib","Stuff the Spire","SuperFastMode","The Fake Hero","The Necromancer","The Poker Player","TheHero","Transform Curses","Uncapped","Virulent Crown","[JumpMod]????","everything is the same but u backflip on backflip","vexMod"],"gold_per_floor":[734,432,532,532,532,567,567,579,579,579,579],"floor_reached":10,"playtime":287,"items_purged":[],"score":109,"play_id":"93625282-f073-496f-83a0-28a8461307eb","local_time":"20201214015220","is_ascension_mode":true,"campfire_choices":[{"floor":7,"key":"REST"}],"circlet_count":0,"master_deck":["AscendersBane","dioMod:Strike","dioMod:Strike","dioMod:Strike","dioMod:Strike","Bite","dioMod:Defend","dioMod:Defend","dioMod:Defend","dioMod:Defend","dioMod:LaserVision","Panache","dioMod:DoubleTime","dioMod:DaggerToss","dioMod:DaggerToss","dioMod:TripleThreat"],"relics":["dioMod:VampireBlood","HowToJump","RoseTintedShades","StuffTheSpire:BottledEssence","BargainBundle","Blood Vial","ReplayTheSpireMod:TigerMarble","Frozen Egg 2","Membership Card","Replay:Arrowhead","hubris:Icosahedron","Pear"],"acts_visited":["Exordium"],"potions_floor_usage":[10,10],"damage_taken":[{"damage":0,"enemies":"2 Louse","floor":1,"turns":1},{"damage":61,"enemies":"Gremlin Nob","floor":6,"turns":6},{"damage":0,"enemies":"Cultist","floor":8,"turns":2},{"damage":62,"enemies":"Lagavulin","floor":10,"turns":6}],"seed_played":"-5850432290249991472","potions_obtained":[{"floor":6,"key":"Explosive Potion"},{"floor":8,"key":"PowerPotion"}],"is_trial":false,"path_per_floor":["M","$","?","?","?","E","R","M","T","E"],"character_chosen":"THE_DEFAULT","items_purchased":["RoseTintedShades","StuffTheSpire:BottledEssence","BargainBundle","Blood Vial","dioMod:LaserVision","Panache","dioMod:DoubleTime","ReplayTheSpireMod:TigerMarble","dioMod:DaggerToss","Frozen Egg 2","Membership Card","Replay:Arrowhead"],"campfire_rested":1,"item_purchase_floors":[0,0,0,0,0,0,0,0,0,0,2,2],"current_hp_per_floor":[70,70,70,70,70,16,37,44,54,0,0],"gold":579,"neow_bonus":"","is_daily":false,"chose_seed":false,"campfire_upgraded":0,"win_rate":0.0,"timestamp":1607928740,"path_taken":["M","$","?","?","?","E","R","M","T","E"],"items_purchased_type":["Relic","Relic","Relic","Relic","Card","Card","Card","Relic","Card","Relic","Relic","Relic"],"build_version":"2020-12-13","purchased_purges":0,"victory":false,"max_hp_per_floor":[70,70,70,70,70,70,70,70,80,80,80],"relic_stats":{"Blood Vial":13,"counters":[46,190],"obtain_stats":[{"infinitespire:BottledMercury":31,"vexMod:MemoryStick":42,"ShockBauble":37,"conspire:RoyalGoblet":21,"Spirit Poop":22,"StuffTheSpire:BottledEssence":0,"relicPack:OneForAll":19,"Blood Vial":26,"Centennial Puzzle":43,"SpikesRelics:ToyHorsey":8,"DollysMirror":41,"conspire:DecoderRing":6,"Iron Hammer":3,"Pear":9,"hubris:SphereOfDissonance":42,"infinitespire:Beetle Shell":31,"Letter Opener":49,"Akabeko":0,"dioMod:VampireBlood":0,"Molten Egg 2":26,"Black Star":17,"hubris:TenFootPole":10,"ReplayTheSpireMod:TigerMarble":0,"Grinning Jar":21,"StuffTheSpire:OldFever":19,"hubris:Reverence":30,"RoseTintedShades":0,"Bag of Preparation":45,"Replay:Mystery Machine":6,"Ancient Tea Set":9,"Pet Ghost":3,"Dream Catcher":27,"Nunchaku":11,"Shovel":0,"hubris:Icosahedron":4,"Pantograph":9,"hubris:ScarierMask":34,"Toolbox":0,"StuffTheSpire:RedRose":2,"Potion Belt":40,"BargainBundle":0,"HowToJump":0,"Quantum Egg":0,"Thread and Needle":28,"PreservedInsect":15,"vexMod:FocusSash":41,"Frozen Egg 2":0,"White Beast Statue":14,"Replay:Arrowhead":2,"infinitespire:Satchel":45,"ChewingGum":34,"Membership Card":2},{"infinitespire:BottledMercury":12,"vexMod:MemoryStick":17,"ShockBauble":35,"conspire:RoyalGoblet":8,"Spirit Poop":30,"StuffTheSpire:BottledEssence":42,"relicPack:OneForAll":8,"Blood Vial":31,"Centennial Puzzle":37,"SpikesRelics:ToyHorsey":25,"DollysMirror":16,"conspire:DecoderRing":24,"Iron Hammer":22,"Pear":45,"hubris:SphereOfDissonance":17,"infinitespire:Beetle Shell":12,"Letter Opener":41,"Akabeko":21,"dioMod:VampireBlood":0,"Molten Egg 2":10,"Black Star":7,"hubris:TenFootPole":25,"ReplayTheSpireMod:TigerMarble":42,"Grinning Jar":8,"StuffTheSpire:OldFever":29,"hubris:Reverence":33,"RoseTintedShades":42,"Bag of Preparation":18,"Replay:Mystery Machine":2,"Ancient Tea Set":25,"Pet Ghost":1,"Dream Catcher":10,"Nunchaku":25,"Shovel":21,"hubris:Icosahedron":22,"Pantograph":4,"hubris:ScarierMask":13,"Toolbox":21,"StuffTheSpire:RedRose":22,"Potion Belt":36,"BargainBundle":42,"HowToJump":0,"Quantum Egg":21,"Thread and Needle":32,"PreservedInsect":27,"vexMod:FocusSash":37,"Frozen Egg 2":42,"White Beast Statue":6,"Replay:Arrowhead":43,"infinitespire:Satchel":18,"ChewingGum":34,"Membership Card":43},{"infinitespire:BottledMercury":61,"vexMod:MemoryStick":91,"ShockBauble":159,"conspire:RoyalGoblet":42,"Spirit Poop":146,"StuffTheSpire:BottledEssence":175,"relicPack:OneForAll":42,"Blood Vial":148,"Centennial Puzzle":161,"SpikesRelics:ToyHorsey":129,"DollysMirror":85,"conspire:DecoderRing":126,"Iron Hammer":121,"Pear":184,"hubris:SphereOfDissonance":91,"infinitespire:Beetle Shell":61,"Letter Opener":169,"Akabeko":118,"dioMod:VampireBlood":0,"Molten Egg 2":52,"Black Star":37,"hubris:TenFootPole":129,"ReplayTheSpireMod:TigerMarble":175,"Grinning Jar":42,"StuffTheSpire:OldFever":143,"hubris:Reverence":154,"RoseTintedShades":175,"Bag of Preparation":99,"Replay:Mystery Machine":10,"Ancient Tea Set":129,"Pet Ghost":4,"Dream Catcher":52,"Nunchaku":129,"Shovel":118,"hubris:Icosahedron":121,"Pantograph":15,"hubris:ScarierMask":73,"Toolbox":118,"StuffTheSpire:RedRose":121,"Potion Belt":160,"BargainBundle":175,"HowToJump":0,"Quantum Egg":118,"Thread and Needle":150,"PreservedInsect":131,"vexMod:FocusSash":161,"Frozen Egg 2":175,"White Beast Statue":24,"Replay:Arrowhead":176,"infinitespire:Satchel":99,"ChewingGum":158,"Membership Card":176}]},"card_choices":[{"not_picked":["dioMod:ComboFever","dioMod:SadisticLaugh","dioMod:Hiss"],"picked":"SKIP","floor":1},{"not_picked":["dioMod:TripleThreat","dioMod:PathToHeaven"],"picked":"dioMod:DaggerToss","floor":6},{"not_picked":["dioMod:BlendIn","dioMod:BloodShield"],"picked":"dioMod:TripleThreat","floor":8}],"player_experience":350089,"relics_obtained":[{"floor":9,"key":"Pear"}],"event_choices":[{"damage_healed":0,"gold_gain":100,"player_choice":"Pray","damage_taken":0,"max_hp_gain":0,"max_hp_loss":0,"event_name":"Golden Shrine","floor":3,"gold_loss":0},{"damage_healed":70,"gold_gain":0,"player_choice":"Leave","damage_taken":0,"max_hp_gain":0,"max_hp_loss":70,"event_name":"betterThird:BetterShining","floor":5,"gold_loss":0}],"is_beta":false,"boss_relics":[],"items_purged_floors":[],"is_endless":false,"potions_floor_spawned":[6,8],"killed_by":"Lagavulin","ascension_level":14}}