{"host":"is2s59edl8twrhoj","time":1607945776,"event":{"mods":["BaseMod","Colored Map","Colored Powertips","DeckTracker","Minty Spire (QoL Compilation)","StSLib"],"gold_per_floor":[118,138,138,154,172,172,190,220,290,290,305,318,338,190,190,294,294,283,300,225,236,236,264,264,275,275,290,150,150,150,166,166,263,263,280,280,280],"floor_reached":36,"playtime":1653,"items_purged":["Strike_B","Strike_B"],"score":624,"play_id":"e6147b3c-f05c-49b8-92ee-713af556ffb5","local_time":"20201214113616","is_ascension_mode":true,"campfire_choices":[{"data":"Biased Cognition","floor":6,"key":"SMITH"},{"floor":10,"key":"REST"},{"data":"Defragment","floor":15,"key":"SMITH"},{"floor":24,"key":"REST"},{"floor":30,"key":"REST"},{"floor":32,"key":"REST"}],"circlet_count":0,"master_deck":["AscendersBane","Strike_B","Defend_B","Defend_B","Zap","Biased Cognition+1","Melter","Leap","Conserve Battery","Ball Lightning","Reinforced Body","FTL","Leap","Defragment+1","Seek+1","Capacitor+1","Go for the Eyes+1","Ball Lightning+1","Defragment","Decay","Thunder Strike"],"relics":["Cracked Core","Anchor","Question Card","Astrolabe","Emotion Chip","Mummified Hand","Nuclear Battery"],"acts_visited":["Exordium","TheCity","TheBeyond"],"potions_floor_usage":[16,19,31,33,33],"damage_taken":[{"damage":2,"enemies":"Jaw Worm","floor":1,"turns":3},{"damage":1,"enemies":"2 Louse","floor":2,"turns":2},{"damage":3,"enemies":"Small Slimes","floor":4,"turns":3},{"damage":9,"enemies":"Exordium Wildlife","floor":5,"turns":4},{"damage":0,"enemies":"2 Fungi Beasts","floor":7,"turns":3},{"damage":19,"enemies":"Lagavulin","floor":8,"turns":4},{"damage":0,"enemies":"Red Slaver","floor":11,"turns":3},{"damage":0,"enemies":"Looter","floor":12,"turns":2},{"damage":0,"enemies":"Exordium Wildlife","floor":13,"turns":2},{"damage":24,"enemies":"Hexaghost","floor":16,"turns":9},{"damage":9,"enemies":"2 Thieves","floor":18,"turns":4},{"damage":10,"enemies":"3 Byrds","floor":19,"turns":4},{"damage":18,"enemies":"Centurion and Healer","floor":21,"turns":8},{"damage":44,"enemies":"Gremlin Leader","floor":23,"turns":7},{"damage":6,"enemies":"Cultist and Chosen","floor":25,"turns":4},{"damage":20,"enemies":"Shelled Parasite and Fungi","floor":27,"turns":4},{"damage":10,"enemies":"Snecko","floor":31,"turns":4},{"damage":40,"enemies":"Collector","floor":33,"turns":6},{"damage":58,"enemies":"3 Darklings","floor":35,"turns":4},{"damage":3,"enemies":"Orb Walker","floor":36,"turns":2}],"seed_played":"8188810752848171156","potions_obtained":[{"floor":1,"key":"Regen Potion"},{"floor":5,"key":"SteroidPotion"},{"floor":12,"key":"Fire Potion"},{"floor":16,"key":"LiquidBronze"},{"floor":19,"key":"Fire Potion"},{"floor":23,"key":"CultistPotion"},{"floor":31,"key":"Regen Potion"}],"is_trial":false,"path_per_floor":["M","M","?","M","M","R","M","E","T","R","M","M","M","$","R","B",null,"M","M","?","M","?","E","R","M","T","M","$","?","R","M","R","B",null,"M","M"],"character_chosen":"DEFECT","items_purchased":["Defragment","Defragment"],"campfire_rested":4,"item_purchase_floors":[14,28],"current_hp_per_floor":[66,65,65,62,53,53,53,34,34,56,56,56,56,56,56,32,64,55,45,45,27,52,8,30,24,24,4,4,4,26,16,38,10,59,1,0,0],"gold":280,"neow_bonus":"ONE_RANDOM_RARE_CARD","is_daily":false,"chose_seed":false,"campfire_upgraded":2,"win_rate":0.0,"timestamp":1607945776,"path_taken":["M","M","?","M","M","R","M","E","T","R","M","M","M","$","R","BOSS","M","M","?","M","?","E","R","M","T","M","$","?","R","M","R","BOSS","M","M"],"items_purchased_type":["Card","Card"],"build_version":"2020-12-13","purchased_purges":2,"victory":false,"max_hp_per_floor":[75,75,75,75,75,75,75,75,75,75,75,75,75,75,75,75,75,75,75,75,75,75,75,75,75,75,75,75,75,75,75,75,75,75,75,75,75],"card_choices":[{"not_picked":["Streamline","Steam Power"],"picked":"Melter","floor":1},{"not_picked":["Sweeping Beam","Stack"],"picked":"Leap","floor":2},{"not_picked":["Sweeping Beam","Compile Driver","Reprogram"],"picked":"SKIP","floor":4},{"not_picked":["Turbo","Beam Cell"],"picked":"Conserve Battery","floor":5},{"not_picked":["Redo","Leap"],"picked":"Ball Lightning","floor":7},{"not_picked":["Leap","Streamline"],"picked":"Reinforced Body","floor":8},{"not_picked":["Creative AI","Rebound","Streamline"],"picked":"FTL","floor":11},{"not_picked":["Turbo","Cold Snap","Redo","Recycle"],"picked":"SKIP","floor":12},{"not_picked":["Compile Driver","Steam","Stack"],"picked":"Leap","floor":13},{"not_picked":["Cold Snap","Force Field","Redo","Turbo"],"picked":"SKIP","floor":18},{"not_picked":["Meteor Strike","Darkness","Gash","Streamline"],"picked":"SKIP","floor":19},{"not_picked":["Loop+1","Melter","Chill"],"picked":"Ball Lightning+1","floor":21},{"not_picked":["Go for the Eyes","Hologram","Gash","Electrodynamics"],"picked":"SKIP","floor":23},{"not_picked":["Redo+1","Barrage","Chaos","Sweeping Beam"],"picked":"SKIP","floor":25},{"not_picked":["Genetic Algorithm","Compile Driver","Sweeping Beam","Rip and Tear"],"picked":"SKIP","floor":27},{"not_picked":["Compile Driver","Barrage","Static Discharge","Undo"],"picked":"SKIP","floor":31},{"not_picked":["Amplify","Seek","Reboot"],"picked":"Thunder Strike","floor":33},{"not_picked":["Rip and Tear+1","Go for the Eyes+1","Defragment","Chill"],"picked":"SKIP","floor":35}],"player_experience":612925,"relics_obtained":[{"floor":8,"key":"Anchor"},{"floor":9,"key":"Question Card"},{"floor":23,"key":"Emotion Chip"},{"floor":26,"key":"Mummified Hand"}],"event_choices":[{"damage_healed":0,"gold_gain":0,"player_choice":"Ignored","damage_taken":0,"max_hp_gain":0,"max_hp_loss":0,"event_name":"Liars Game","floor":3,"gold_loss":0},{"cards_removed":["Defend_B"],"damage_healed":0,"gold_gain":0,"player_choice":"Gave Gold","damage_taken":0,"max_hp_gain":0,"max_hp_loss":0,"event_name":"Beggar","floor":20,"gold_loss":75},{"damage_healed":25,"gold_gain":0,"player_choice":"Heal","damage_taken":0,"max_hp_gain":0,"max_hp_loss":0,"event_name":"The Library","floor":22,"gold_loss":0},{"damage_healed":0,"gold_gain":0,"player_choice":"Smashed Altar","damage_taken":0,"max_hp_gain":0,"max_hp_loss":0,"event_name":"Forgotten Altar","floor":29,"gold_loss":0,"cards_obtained":["Decay"]}],"is_beta":false,"boss_relics":[{"not_picked":["Snecko Eye","FrozenCore"],"picked":"Astrolabe"},{"not_picked":["Sozu","SacredBark"],"picked":"Nuclear Battery"}],"items_purged_floors":[14,28],"is_endless":false,"potions_floor_spawned":[1,5,7,12,13,16,18,19,23,31],"killed_by":"Orb Walker","ascension_level":12}}