{"host":"a9gsz7kv8aebwp1f","time":1607921622,"event":{"mods":["AchievementEnabler","BaseMod","Minty Spire (QoL Compilation)"],"gold_per_floor":[110,110,121,139,139,160,160,176,176,176,189,212,212,31,31,159,159,178,277,298,213,213,213],"floor_reached":22,"playtime":850,"items_purged":[],"score":285,"play_id":"de87e82a-a464-4772-8ed2-fc43bd52291f","local_time":"20201214135342","is_ascension_mode":true,"campfire_choices":[{"floor":7,"key":"REST"},{"floor":13,"key":"REST"},{"floor":15,"key":"REST"}],"circlet_count":0,"master_deck":["AscendersBane","Strike_B","Strike_B","Strike_B","Strike_B","Defend_B","Defend_B","Defend_B","Defend_B","Zap","Dualcast","Gash","Reboot","Barrage","Beam Cell","Conserve Battery","Melter","Static Discharge","Cold Snap","Hello World","Loop","Thunder Strike","Storm","Auto Shields"],"relics":["Cracked Core","Peace Pipe","Golden Idol","Question Card","Pantograph","ClockworkSouvenir","Cursed Key","Regal Pillow"],"acts_visited":["Exordium","TheCity"],"potions_floor_usage":[16,22,22],"damage_taken":[{"damage":10,"enemies":"2 Louse","floor":1,"turns":2},{"damage":1,"enemies":"Cultist","floor":3,"turns":4},{"damage":2,"enemies":"Jaw Worm","floor":4,"turns":3},{"damage":11,"enemies":"Looter","floor":6,"turns":3},{"damage":9,"enemies":"Red Slaver","floor":8,"turns":4},{"damage":13,"enemies":"Large Slime","floor":11,"turns":5},{"damage":21,"enemies":"Blue Slaver","floor":12,"turns":4},{"damage":54,"enemies":"The Guardian","floor":16,"turns":10},{"damage":0,"enemies":"Spheric Guardian","floor":18,"turns":1},{"damage":32,"enemies":"Shell Parasite","floor":20,"turns":5},{"damage":28,"enemies":"Snake Plant","floor":22,"turns":3}],"seed_played":"-7881109044668438709","potions_obtained":[{"floor":3,"key":"PowerPotion"},{"floor":6,"key":"SneckoOil"},{"floor":11,"key":"SkillPotion"},{"floor":16,"key":"Weak Potion"}],"is_trial":false,"path_per_floor":["M","?","M","M","?","M","R","M","T","?","M","M","R","$","R","B",null,"M","?","M","?","M"],"character_chosen":"DEFECT","items_purchased":["ClockworkSouvenir","Loop"],"campfire_rested":3,"item_purchase_floors":[14,14],"current_hp_per_floor":[58,58,57,55,38,27,47,38,38,38,25,4,24,24,44,14,55,55,55,23,23,0,0],"gold":213,"neow_bonus":"ONE_RARE_RELIC","is_daily":false,"chose_seed":false,"campfire_upgraded":0,"win_rate":0.0,"timestamp":1607921622,"path_taken":["M","?","?","M","?","M","R","M","T","?","M","M","R","$","R","BOSS","M","?","M","?","M"],"items_purchased_type":["Relic","Card"],"build_version":"2020-12-13","purchased_purges":0,"victory":false,"max_hp_per_floor":[68,68,68,68,68,68,68,68,68,68,68,68,68,68,68,68,68,68,68,68,68,68,68],"card_choices":[{"not_picked":["Coolheaded","Chaos"],"picked":"Gash","floor":1},{"not_picked":["Turbo","Tempest"],"picked":"Beam Cell","floor":3},{"not_picked":["Coolheaded","Double Energy"],"picked":"Conserve Battery","floor":4},{"not_picked":["Cold Snap","Beam Cell"],"picked":"Melter","floor":6},{"not_picked":["Rainbow","Skim"],"picked":"Static Discharge","floor":8},{"not_picked":["Go for the Eyes","Stack","Rip and Tear"],"picked":"Cold Snap","floor":11},{"not_picked":["Skim","Sweeping Beam","Barrage"],"picked":"Hello World","floor":12},{"not_picked":["Biased Cognition","All For One","Reboot"],"picked":"Thunder Strike","floor":16},{"not_picked":["Barrage+1","Sweeping Beam","Heatsinks"],"picked":"Storm","floor":18},{"not_picked":["Fusion","Tempest","Defragment"],"picked":"Auto Shields","floor":20}],"player_experience":418928,"relics_obtained":[{"floor":9,"key":"Question Card"}],"event_choices":[{"damage_healed":0,"gold_gain":0,"player_choice":"2 cards matched","damage_taken":0,"max_hp_gain":0,"max_hp_loss":0,"event_name":"Match and Keep!","floor":2,"gold_loss":0,"cards_obtained":["Reboot","Barrage"]},{"damage_healed":0,"gold_gain":0,"player_choice":"Take Damage","damage_taken":17,"relics_obtained":["Golden Idol"],"max_hp_gain":0,"max_hp_loss":0,"event_name":"Golden Idol","floor":5,"gold_loss":0},{"damage_healed":0,"gold_gain":0,"player_choice":"Gave Potion","damage_taken":0,"relics_obtained":["Pantograph"],"max_hp_gain":0,"max_hp_loss":0,"event_name":"WeMeetAgain","floor":10,"gold_loss":0},{"damage_healed":0,"gold_gain":99,"player_choice":"Stole From Cult","damage_taken":0,"max_hp_gain":0,"max_hp_loss":0,"event_name":"Nest","floor":19,"gold_loss":0},{"damage_healed":0,"gold_gain":0,"player_choice":"Obtained Relic","damage_taken":0,"relics_obtained":["Regal Pillow"],"max_hp_gain":0,"max_hp_loss":0,"event_name":"Addict","floor":21,"gold_loss":85}],"is_beta":false,"boss_relics":[{"not_picked":["Runic Dome","Astrolabe"],"picked":"Cursed Key"}],"items_purged_floors":[],"is_endless":false,"potions_floor_spawned":[3,6,11,12,16],"killed_by":"Snake Plant","ascension_level":12}}