{"host":"0cm5wy4nhuju7tij","time":1607915417,"event":{"mods":["2.2 Compatiblity","AchievementEnabler","BaseMod","Better Third Choice","BetterRewards","CCEM","CatGirl Mod","ChefMod","Colored Powertips","Custom Start","Displayed Cursed Tome","Downfall","Filter the Spire","Fireblade Mod","Hermit","Highlight Path","Minty Spire (QoL Compilation)","Permanent Neow","Spicy Shops","StSLib","The Bladedancer"],"gold_per_floor":[117,178,189,204,204,234,248,248,248,273,448,458,458,485,485,590,590,602,613,629,629,129,129,139,139,193,193,193,45,61,78,78,174,174,193,205,205,205],"floor_reached":37,"playtime":2281,"items_purged":["Doubt"],"score":581,"play_id":"3c16924e-0963-4e09-95aa-3c39f846418e","local_time":"20201213221017","is_ascension_mode":false,"campfire_choices":[{"floor":8,"key":"REST"},{"floor":13,"key":"REST"},{"floor":15,"key":"REST"},{"floor":23,"key":"REST"},{"data":"FireBladeMod:Arson","floor":25,"key":"SMITH"},{"data":"FireBladeMod:Unbalance","floor":27,"key":"SMITH"},{"floor":32,"key":"REST"}],"circlet_count":0,"master_deck":["FireBladeMod:DefendFireBlade","FireBladeMod:DefendFireBlade","FireBladeMod:DefendFireBlade","FireBladeMod:DefendFireBlade","FireBladeMod:FlamingSword","FireBladeMod:FireBarrier","FireBladeMod:ThirdDegree","FireBladeMod:Flames","FireBladeMod:Feint","FireBladeMod:Accelerant","FireBladeMod:AbsorbEnergy","expansioncontent:DarkVoid","FireBladeMod:FlamingSword","FireBladeMod:BasicSmash","FireBladeMod:Unbalance+1","FireBladeMod:ComplexAttack","FireBladeMod:BackhandSwing","FireBladeMod:SoulStrike","FireBladeMod:PyromancerForm+1","FireBladeMod:Swipe","FireBladeMod:Swipe","FireBladeMod:Swipe","FireBladeMod:Swipe","FireBladeMod:Swipe","FireBladeMod:StingingSlash+1","FireBladeMod:AbsorbEnergy+1","FireBladeMod:ThirdDegree+1","FireBladeMod:Arson+1","FireBladeMod:Tempo","FireBladeMod:RollWithTheBlow+1","FireBladeMod:IronEndurance","FireBladeMod:ComplexDefense","FireBladeMod:Turtle","FireBladeMod:WellPrepared","FireBladeMod:AfterBurn+1","FireBladeMod:SmokeScreen+1","FireBladeMod:HealthyEndurance+1"],"relics":["FireBladeMod:DuelistLocket","Akabeko","CCEMRelics:SpiritsEdge","Odd Mushroom","Frozen Egg 2","FireBladeMod:TigerClaw","CCEMRelics:Sandal","Blood Vial","ClockworkSouvenir","Ancient Tea Set","SlaversCollar"],"acts_visited":["Exordium","TheCity","TheBeyond"],"potions_floor_usage":[16,33],"damage_taken":[{"damage":0,"enemies":"Cultist","floor":1,"turns":4},{"damage":6,"enemies":"Jaw Worm","floor":3,"turns":3},{"damage":1,"enemies":"2 Louse","floor":4,"turns":3},{"damage":32,"enemies":"Lagavulin","floor":6,"turns":9},{"damage":12,"enemies":"Blue Slaver","floor":7,"turns":4},{"damage":12,"enemies":"The Mushroom Lair","floor":10,"turns":3},{"damage":5,"enemies":"2 Fungi Beasts","floor":12,"turns":3},{"damage":12,"enemies":"3 Sentries","floor":14,"turns":4},{"damage":37,"enemies":"The Guardian","floor":16,"turns":7},{"damage":8,"enemies":"Chosen","floor":18,"turns":4},{"damage":23,"enemies":"3 Byrds","floor":19,"turns":4},{"damage":7,"enemies":"3 Cultists","floor":20,"turns":3},{"damage":14,"enemies":"Cultist and Chosen","floor":24,"turns":5},{"damage":15,"enemies":"Centurion and Healer","floor":30,"turns":4},{"damage":15,"enemies":"Snake Plant","floor":31,"turns":2},{"damage":32,"enemies":"Collector","floor":33,"turns":7},{"damage":20,"enemies":"3 Shapes","floor":35,"turns":4},{"damage":38,"enemies":"3 Darklings","floor":36,"turns":4},{"damage":19,"enemies":"Jaw Worm Horde","floor":37,"turns":1}],"seed_played":"7742838776669349637","potions_obtained":[{"floor":4,"key":"FireBladeMod:VigorPotion"},{"floor":6,"key":"Block Potion"},{"floor":10,"key":"sneckomod:MuddlingPotion"},{"floor":16,"key":"Weak Potion"},{"floor":36,"key":"Fire Potion"}],"is_trial":false,"path_per_floor":["M","?","M","M","?","E","M","R","T","?","?","M","R","E","R","B",null,"M","M","M","?","$","R","M","R","T","R","?","$","M","M","R","B",null,"M","M","M"],"character_chosen":"THE_FIREBLADE","items_purchased":["FireBladeMod:ThirdDegree","FireBladeMod:Flames","Blood Vial","FireBladeMod:ThirdDegree+1","ClockworkSouvenir","FireBladeMod:Arson","FireBladeMod:RollWithTheBlow+1","FireBladeMod:IronEndurance","FireBladeMod:ComplexDefense"],"campfire_rested":5,"item_purchase_floors":[0,0,22,22,22,22,29,29,29],"current_hp_per_floor":[70,70,64,63,63,31,19,40,40,28,28,23,44,32,53,16,70,62,39,32,32,32,53,41,41,41,41,41,41,28,15,36,6,70,50,14,0,0],"gold":205,"neow_bonus":"","is_daily":false,"chose_seed":false,"campfire_upgraded":2,"win_rate":0.0,"timestamp":1607915417,"path_taken":["M","?","M","M","?","E","?","R","T","?","?","M","R","E","R","BOSS","M","M","M","?","$","R","M","R","T","R","?","$","?","M","R","BOSS","M","M","M"],"items_purchased_type":["Card","Card","Relic","Card","Relic","Card","Card","Card","Card"],"build_version":"2020-12-13","purchased_purges":1,"victory":false,"max_hp_per_floor":[70,70,70,70,70,70,70,70,70,70,70,70,70,70,70,70,70,70,70,70,70,70,70,70,70,70,70,70,70,70,70,70,70,70,70,70,70,70],"card_choices":[{"not_picked":["FireBladeMod:IronEndurance","FireBladeMod:Shove"],"picked":"FireBladeMod:Feint","floor":1},{"not_picked":["FireBladeMod:Reposition","FireBladeMod:FerventSlash"],"picked":"FireBladeMod:Accelerant","floor":3},{"not_picked":["FireBladeMod:ComplexDefense","FireBladeMod:SpinningSmash"],"picked":"FireBladeMod:AbsorbEnergy","floor":4},{"not_picked":["FireBladeMod:IronEndurance","FireBladeMod:Feint"],"picked":"FireBladeMod:BasicSmash","floor":6},{"not_picked":["FireBladeMod:SmokeInTheEyes","FireBladeMod:Tempo"],"picked":"FireBladeMod:Unbalance","floor":7},{"not_picked":["FireBladeMod:Flames","FireBladeMod:Accelerant"],"picked":"FireBladeMod:ComplexAttack","floor":10},{"not_picked":["FireBladeMod:StingingSlash","FireBladeMod:FinishingBarrage"],"picked":"FireBladeMod:BackhandSwing","floor":12},{"not_picked":["FireBladeMod:Refreshment","FireBladeMod:ComplexDefense"],"picked":"FireBladeMod:SoulStrike","floor":14},{"not_picked":["FireBladeMod:GlassGreatsword","FireBladeMod:DeathBlade"],"picked":"FireBladeMod:PyromancerForm+1","floor":16},{"not_picked":["FireBladeMod:Shove","FireBladeMod:SpinningSmash","FireBladeMod:SpiritEndurance"],"picked":"SKIP","floor":18},{"not_picked":["FireBladeMod:ComplexDefense","FireBladeMod:Refreshment"],"picked":"FireBladeMod:StingingSlash+1","floor":19},{"not_picked":["FireBladeMod:Feint","FireBladeMod:RollWithTheBlow+1"],"picked":"FireBladeMod:AbsorbEnergy+1","floor":20},{"not_picked":["FireBladeMod:StingingSlash","FireBladeMod:IronEndurance"],"picked":"FireBladeMod:Tempo","floor":24},{"not_picked":["FireBladeMod:Shove","FireBladeMod:AdrenalineBoost"],"picked":"FireBladeMod:Turtle","floor":30},{"not_picked":["FireBladeMod:SmokeInTheEyes","FireBladeMod:IronEndurance"],"picked":"FireBladeMod:WellPrepared","floor":31},{"not_picked":["FireBladeMod:LightningCombo","FireBladeMod:PyromancerForm+1"],"picked":"FireBladeMod:AfterBurn+1","floor":33},{"not_picked":["FireBladeMod:MomentumStrikes+1","FireBladeMod:ComboCleave+1"],"picked":"FireBladeMod:SmokeScreen+1","floor":35},{"not_picked":["FireBladeMod:StingingSlash","FireBladeMod:Reposition+1"],"picked":"FireBladeMod:HealthyEndurance+1","floor":36}],"player_experience":186976,"relics_obtained":[{"floor":6,"key":"Akabeko"},{"floor":9,"key":"CCEMRelics:SpiritsEdge"},{"floor":10,"key":"Odd Mushroom"},{"floor":14,"key":"Frozen Egg 2"},{"floor":26,"key":"Ancient Tea Set"}],"event_choices":[{"damage_healed":0,"gold_gain":61,"player_choice":"Gained Gold","damage_taken":0,"max_hp_gain":0,"max_hp_loss":0,"event_name":"Golden Wing","floor":2,"gold_loss":0},{"damage_healed":0,"gold_gain":0,"player_choice":"2 cards matched","damage_taken":0,"max_hp_gain":0,"max_hp_loss":0,"event_name":"Match and Keep!","floor":5,"gold_loss":0,"cards_obtained":["expansioncontent:DarkVoid","FireBladeMod:FlamingSword"]},{"damage_healed":0,"gold_gain":0,"player_choice":"Fought Mushrooms","damage_taken":0,"max_hp_gain":0,"max_hp_loss":0,"event_name":"Mushrooms","floor":10,"gold_loss":0},{"damage_healed":0,"gold_gain":175,"player_choice":"AGREE","damage_taken":273,"max_hp_gain":0,"max_hp_loss":0,"event_name":"betterThird:BetterSerpent","floor":11,"gold_loss":0},{"damage_healed":0,"gold_gain":0,"player_choice":"Opened","damage_taken":0,"relics_obtained":["CCEMRelics:Sandal"],"max_hp_gain":0,"max_hp_loss":0,"event_name":"The Mausoleum","floor":21,"gold_loss":0,"cards_obtained":["Writhe"]},{"cards_removed":["Writhe"],"damage_healed":0,"gold_gain":0,"player_choice":"Purged","damage_taken":0,"max_hp_gain":0,"max_hp_loss":0,"event_name":"Purifier","floor":28,"gold_loss":0}],"is_beta":false,"boss_relics":[{"not_picked":["Busted Crown","Empty Cage"],"picked":"FireBladeMod:TigerClaw"},{"not_picked":["Philosopher\u0027s Stone","Sozu"],"picked":"SlaversCollar"}],"items_purged_floors":[22],"is_endless":false,"potions_floor_spawned":[4,6,10,16,20,24,36],"killed_by":"Jaw Worm Horde","ascension_level":0}}