{"host":"h5acbxt0wmjo1kpm","time":1607913354,"event":{"mods":["2.2 Compatiblity","Act Like it!","AlwaysNeverKeys","Aspiration","Bartender","BaseMod","Better Third Choice","Colored Map","Elementarium","Gensokyo","GifTheSpireLib","Hallownest","Marisa????????","Minty Spire (QoL Compilation)","Permanent Neow","Potionbrewer","Relic Filter","Replay The Spire","Robot Space Explorer","RumiaBox-????????","Shade Mod","Spicy Shops","StSLib","The Blackbeard","The Dragon Tamer","The Forsaken","The Gatherer","The Problem Sleuth","The Servant 0.9.4","Wandering Minibosses","vexMod"],"gold_per_floor":[114,194,209,32,42,42,52,77,102,102,102,102,102,114,114,193,193,213,159,174,174,217,217,268,285,338,338,203,203,57,57,57,136,136,152,233,233,244,72,101,101,130,130,157,157,43,77,77,77,151,151,151,87,115,115],"floor_reached":56,"playtime":4816,"items_purged":["Languid","Injury","theSleuth:OglogMRubbit"],"score":1957,"play_id":"58725f0a-5c06-4384-8c56-e4f97555cfec","local_time":"20201213183554","is_ascension_mode":true,"metric_token":2001,"campfire_choices":[{"data":"Gatherer:Convert","floor":6.0,"key":"SMITH"},{"data":"Gatherer:Centralize","floor":10.0,"key":"SMITH"},{"data":"Gatherer:FlowerBeam","floor":12.0,"key":"SMITH"},{"floor":27.0,"key":"REST"},{"data":"Gatherer:GrowBook","floor":29.0,"key":"SMITH"},{"data":"Gatherer:FruitForce","floor":32.0,"key":"PURGE"},{"floor":45.0,"key":"REST"},{"floor":49,"key":"REST"},{"data":"Gatherer:LuckyClover","floor":52,"key":"SMITH"}],"circlet_count":0,"master_deck":["AscendersBane","Gatherer:Strike_Gatherer","Gatherer:Strike_Gatherer","Gatherer:Strike_Gatherer","Gatherer:Strike_Gatherer","Gatherer:Strike_Gatherer","Gatherer:Defend_Gatherer","Gatherer:Defend_Gatherer","Gatherer:Defend_Gatherer","Gatherer:Defend_Gatherer","Gatherer:Defend_Gatherer","Gatherer:Centralize+1","Gatherer:FlowerWhip+2","Gatherer:Convert+1","Gatherer:FlowerFalling+2","Gatherer:EnergyBasket","Gatherer:ScentOfRosmari","Gatherer:FlowerBeam+3","Gatherer:Uplift+1","Gatherer:TacticalStrike","Gatherer:FlowerFalling+2","Gatherer:FruitForce","Gatherer:BomberForm","Gatherer:DrugPower","Gatherer:FruitForce+1","Gatherer:Convert","Elementarium:WindblessedBlade","Gatherer:PotentialSlash","Gatherer:Nutrients","MasterReality+1","DTMod:ShieldDrain","Gatherer:LuckyClover+1","Gensokyo:AllTheWorldsEvil","Gatherer:Misfortune","Gatherer:FruitForce","Gatherer:BalancedGrowth","Gatherer:SealedBomb","Gatherer:Examine","Gatherer:WoolGloves+1","Gatherer:Nutrients","Gatherer:ScrollOfPurity+1","Gatherer:MindSearch+1","ReplayTheSpireMod:IOU","Gatherer:EnergyBasket+1"],"relics":["Gatherer:AlchemyBag","Dead Branch","ReplayFunnel","potionbrewer:Torch","Black Star","aspiration:ChemicalBlood","Boot","theForsaken:Lifeblossom","Elementarium:ElementariumTrophy","Replay:Ancient Bell","Blue Doll","The Courier","vexMod:PlasmaPancake","Sundial","Gatherer:MistGenerator","Torii","Pantograph","Cleaning_Rag","Pondfish Scales","Art of War","Replay:Accelerometer","DollysMirror","Protect_Vest","Golden Egg","Hallownest:HeavyBlowRelic","Replay:Wax Seal","Ccalipers","aspiration:AnachronicSnailShell","vexMod:CardConverter"],"acts_visited":["Gensokyo:Gensokyo","Elementarium:Elementarium","Hallownest:KingdomsEdge","TheEnding"],"potions_floor_usage":[47,49,55,55,55,55],"damage_taken":[{"damage":6.0,"enemies":"Gensokyo:Gryphon","floor":1.0,"turns":5.0},{"damage":2.0,"enemies":"Gensokyo:3_Fairies","floor":3.0,"turns":6.0},{"damage":0.0,"enemies":"Gensokyo:2_Kodama","floor":5.0,"turns":1.0},{"damage":7.0,"enemies":"Gensokyo:Kitsune","floor":7.0,"turns":3.0},{"damage":16.0,"enemies":"Gensokyo:Cirno","floor":8.0,"turns":4.0},{"damage":0.0,"enemies":"Gensokyo:Python_and_Kodama","floor":14.0,"turns":2.0},{"damage":2.0,"enemies":"Gensokyo:Yukari","floor":16.0,"turns":7.0},{"damage":9.0,"enemies":"Elementarium:VoidCorruption","floor":18.0,"turns":6.0},{"damage":13.0,"enemies":"Elementarium:MUD_AND_TAR_GOLEMS","floor":20.0,"turns":3.0},{"damage":5.0,"enemies":"Elementarium:ElementalPortal","floor":23.0,"turns":3.0},{"damage":6.0,"enemies":"Elementarium:3_ELEMENTALS","floor":24.0,"turns":4.0},{"damage":0.0,"enemies":"Elementarium:VOID_CORRUPTION_AND_TAR_GOLEM","floor":25.0,"turns":3.0},{"damage":27.0,"enemies":"Elementarium:GoldenDragon","floor":33.0,"turns":9.0},{"damage":24.0,"enemies":"Hallownest:3_Siblings","floor":35.0,"turns":5.0},{"damage":15.0,"enemies":"Hallownest:Shield_Heavy","floor":36.0,"turns":6.0},{"damage":6.0,"enemies":"Hallownest:Shield_Sturdy","floor":38.0,"turns":5.0},{"damage":12.0,"enemies":"Hallownest:eliteCollector","floor":40.0,"turns":6.0},{"damage":29.0,"enemies":"Hallownest:eliteHiveKnight","floor":42.0,"turns":10.0},{"damage":9.0,"enemies":"Hallownest:eliteCollector","floor":44.0,"turns":8.0},{"damage":26,"enemies":"Hallownest:eliteHiveKnight","floor":47,"turns":5},{"damage":18,"enemies":"Hallownest:BossGreyPrinceZote","floor":50,"turns":8},{"damage":29,"enemies":"Shield and Spear","floor":54,"turns":9},{"damage":31,"enemies":"The Heart","floor":55,"turns":9}],"seed_played":"5610904199563376491","potions_obtained":[{"floor":5.0,"key":"potionbrewer:BarricadePotion"},{"floor":16.0,"key":"Venom Potion"},{"floor":22.0,"key":"Death Potion"},{"floor":22.0,"key":"SmokeBomb"},{"floor":25.0,"key":"SmokeBomb"},{"floor":35.0,"key":"Fire Potion"},{"floor":36.0,"key":"potionbrewer:AcidPotion"},{"floor":50,"key":"potionbrewer:BoundlessPotion"},{"floor":54,"key":"LiquidBronze"}],"is_trial":false,"path_per_floor":["M","?","M","$","M","R","M","E","T","R","?","R","?","M","R_BF","B",null,"M","$","M","?","?","E","M","M","T","R","$","R","$","?","R_BF","B",null,"M","M","T","M","$","E","?","E","T","E","R","$","E","?","R_BF","B",null,"R","$","E","B",null],"character_chosen":"THE_GATHERER","items_purchased":["Gatherer:EnergyBasket","Gatherer:FruitForce+1","Gatherer:Nutrients","theForsaken:Lifeblossom","Gatherer:SealedBomb","DollysMirror","Replay:Wax Seal","Ccalipers"],"campfire_rested":3,"item_purchase_floors":[4,19,28,30,39,46,53,53],"current_hp_per_floor":[54,54,52,52,52,52,45,29,29,29,29,29,35,35,39,37,67,58,62,49,49,23,18,12,12,12,36,36,36,36,40,40,19,75,57,52,52,52,52,46,46,23,23,20,48,48,47,47,75,78,91,91,91,68,68],"gold":115,"neow_bonus":"ONE_RARE_RELIC","is_daily":false,"chose_seed":false,"campfire_upgraded":5,"win_rate":0.0,"timestamp":1607913354,"path_taken":["M","?","M","$","M","R","?","E","T","R","?","R","?","M","R_BF","BOSS","M","$","?","?","?","E","?","M","T","R","?","R","?","?","R_BF","BOSS","M","?","?","M","$","E","?","E","T","E","R","$","E","?","R_BF","BOSS","R","$","E","BOSS"],"items_purchased_type":["Card","Card","Card","Relic","Card","Relic","Relic","Relic"],"build_version":"2020-12-13","purchased_purges":3,"victory":true,"max_hp_per_floor":[67,67,67,67,67,67,67,67,67,67,67,67,73,73,77,77,77,77,81,81,81,81,81,81,81,81,81,81,81,81,85,85,85,91,91,95,95,95,95,95,95,95,95,95,95,95,95,95,95,95,95,95,95,97,97],"card_choices":[{"not_picked":["Gatherer:DrugPower","Gatherer:SealedBomb"],"picked":"Gatherer:Convert","floor":1.0},{"not_picked":["Gatherer:Convert","Gatherer:UpgradeBag"],"picked":"Gatherer:FlowerFalling","floor":3.0},{"not_picked":["Gatherer:ScherryThrow","Gatherer:SaveValuables"],"picked":"Gatherer:ScentOfRosmari","floor":5.0},{"not_picked":["Gatherer:WoolGloves","Gatherer:RottenStipe"],"picked":"Gatherer:FlowerBeam","floor":7.0},{"not_picked":["Gatherer:AcidicSpray","Gatherer:FeelingFine"],"picked":"Gatherer:Uplift","floor":8.0},{"not_picked":["Gatherer:AcidicSpray","Gatherer:AromaProtection"],"picked":"Gatherer:TacticalStrike","floor":14.0},{"not_picked":["Gatherer:CarefulStrike","Gatherer:AcidicSpray"],"picked":"Gatherer:FlowerFalling","floor":15.0},{"not_picked":["Gatherer:AcidicSpray","Gatherer:WoolGloves"],"picked":"Gatherer:FruitForce","floor":15.0},{"not_picked":["Gatherer:FinishingStrike","Gatherer:HeartToFruit"],"picked":"Gatherer:BomberForm","floor":16.0},{"not_picked":["Gatherer:CarefulStrike","Gatherer:BambuSword"],"picked":"Gatherer:DrugPower","floor":18.0},{"not_picked":["Gatherer:GatherMaterial","Gatherer:ScrollOfWall"],"picked":"Gatherer:Convert","floor":20.0},{"not_picked":["Gatherer:SaveValuables","Gatherer:Solidify"],"picked":"Gatherer:PotentialSlash","floor":22.0},{"not_picked":["Gatherer:Frenzy","Gatherer:AcidicSpray"],"picked":"Gatherer:GrowBook","floor":24.0},{"not_picked":["Gatherer:BigPouch","Gatherer:WoolGloves"],"picked":"Gatherer:GrowBook","floor":25.0},{"not_picked":["Gatherer:FinishingStrike","Gatherer:BomberForm"],"picked":"Gatherer:LuckyClover","floor":33.0},{"not_picked":["Delirium","Looming Evil"],"picked":"theSleuth:OglogMRubbit","floor":34.0},{"not_picked":["Hallownest:curseDreamersLament","ReplayTheSpireMod:Splinters"],"picked":"Gensokyo:AllTheWorldsEvil","floor":34.0},{"not_picked":["CurseOfTheBell","ReplayTheSpireMod:IOU"],"picked":"Elementarium:StickyTar","floor":34.0},{"not_picked":["Gatherer:EnergyBasket","Gatherer:TacticalStrike"],"picked":"Gatherer:Misfortune","floor":35.0},{"not_picked":["Gatherer:TacticalStrike","Gatherer:FeelingFine+1"],"picked":"Gatherer:FruitForce","floor":36.0},{"not_picked":["Gatherer:BambuSword+1","Gatherer:ScherryThrow"],"picked":"Gatherer:BalancedGrowth","floor":38.0},{"not_picked":["Gatherer:GatherMaterial+1","Gatherer:AcidicSpray"],"picked":"Gatherer:Examine","floor":40.0},{"not_picked":["Gatherer:AromaProtection","Gatherer:TreeGrowth"],"picked":"Gatherer:WoolGloves+1","floor":42.0},{"not_picked":["Gatherer:DrugPower+1","Gatherer:Herbalism","Gatherer:Frenzy"],"picked":"SKIP","floor":44.0},{"not_picked":["Gatherer:DrugPower","Gatherer:CarefulStrike"],"picked":"Gatherer:ScrollOfPurity","floor":47},{"not_picked":["Gatherer:StoneFence","Gatherer:BomberForm"],"picked":"Gatherer:MindSearch","floor":50},{"not_picked":["Gatherer:CarefulStrike+1","Gatherer:Duality"],"picked":"Gatherer:EnergyBasket+1","floor":54}],"player_experience":1913457,"relics_obtained":[{"floor":8.0,"key":"ReplayFunnel"},{"floor":9.0,"key":"potionbrewer:Torch"},{"floor":22.0,"key":"aspiration:ChemicalBlood"},{"floor":26.0,"key":"Boot"},{"floor":37.0,"key":"Sundial"},{"floor":40.0,"key":"Gatherer:MistGenerator"},{"floor":40.0,"key":"Torii"},{"floor":42.0,"key":"Pantograph"},{"floor":42.0,"key":"Cleaning_Rag"},{"floor":43.0,"key":"Pondfish Scales"},{"floor":44.0,"key":"Art of War"},{"floor":44.0,"key":"Replay:Accelerometer"},{"floor":47,"key":"Protect_Vest"},{"floor":47,"key":"Golden Egg"},{"floor":54,"key":"aspiration:AnachronicSnailShell"},{"floor":54,"key":"vexMod:CardConverter"}],"event_choices":[{"damage_healed":0.0,"max_hp_gain":0.0,"max_hp_loss":0.0,"gold_gain":0.0,"event_name":"Elementarium:BladeSeller","player_choice":"Take","floor":21.0,"gold_loss":0.0,"damage_taken":0.0,"cards_obtained":["Elementarium:WindblessedBlade","Injury"]},{"damage_healed":0.0,"max_hp_gain":0.0,"max_hp_loss":0.0,"gold_gain":0.0,"event_name":"Elementarium:LostScrolls","player_choice":"Read","floor":31.0,"gold_loss":0.0,"damage_taken":0.0,"cards_obtained":["Gatherer:FruitForce"]}],"is_beta":false,"boss_relics":[{"not_picked":["aspiration:MarisaSkillbook","Replay:Drink Me"],"picked":"Black Star"},{"not_picked":["Fusion Hammer","Sozu"],"picked":"Replay:Ancient Bell"},{"not_picked":["Replay:Bandana","Bag of Preparation"],"picked":"Blue Doll"},{"not_picked":["vexMod:ScavengeHelm","aspiration:SeaSaltIceCream"],"picked":"The Courier"},{"not_picked":["Replay:PocketPolymizer","theForsaken:Kindling"],"picked":"vexMod:PlasmaPancake"}],"items_purged_floors":[4,28,39],"is_endless":false,"potions_floor_spawned":[5,16,25,33,36,50,54],"ascension_level":15}}