{"host":"4zvbxxdl6kueq37o","time":1607956092,"event":{"mods":["Act Like it!","BaseMod","Better Third Choice","Downfall","Minty Spire (QoL Compilation)","Replay The Spire","StSLib"],"gold_per_floor":[199,199,199,199,199,199,199,349,384,384,402,412,160,170,181,286,286,286,300,300,300,320,330,357,373,0,0,100,100,120,120,140,244,244,295,295,295,188,203,21,70,70,86,86,107,130,154,154,170,170],"floor_reached":51,"playtime":4163,"items_purged":["Voices"],"score":722,"play_id":"7d610ae5-0b18-47ac-be65-893a24290674","local_time":"20201214152812","is_ascension_mode":false,"campfire_choices":[{"data":"hexamod:EmpoweredFlame","floor":5.0,"key":"SMITH"},{"floor":10.0,"key":"REST"},{"floor":18.0,"key":"DIG"},{"floor":27.0,"key":"REST"},{"data":"hexamod:HexaLevel","floor":37.0,"key":"SMITH"},{"data":"hexamod:EmpoweringStance","floor":42.0,"key":"SMITH"},{"data":"hexamod:EmpoweringStance","floor":44.0,"key":"SMITH"}],"circlet_count":0,"master_deck":["hexamod:Strike","hexamod:Strike","hexamod:Strike","hexamod:Strike","hexamod:Defend","hexamod:Defend","hexamod:Defend+1","hexamod:Defend","hexamod:Sear","hexamod:Float","hexamod:EmpoweredFlame+1","hexamod:StepThrough","hexamod:SwordOfDarkness","Slimebound:Icky","hexamod:ParanormalForm","hexamod:HauntingEcho","hexamod:SearingWound","hexamod:FourthSeal","hexamod:AdvancingGuard+1","hexamod:BurningTouch","hexamod:AdvancingGuard","hexamod:SpectersWail","hexamod:EmpoweringStance+1","hexamod:Haunt","Slimebound:CheckThePlaybook","hexamod:ShieldOfDarkness","hexamod:RetreatToShadows+1","hexamod:SoulSteal","hexamod:EmpoweredFlame","hexamod:FastForward+1","hexamod:EmpoweringStance","hexamod:HexaLevel+1","hexamod:RadiantFlame+1","hexamod:EtherealExpedition+1","Replay:SS_forest_6","hexamod:Hexaguard+1","Shame","hexamod:FirstSeal","expansioncontent:DefensiveStance","hexamod:EmpoweringStance+1","hexamod:SecondSeal","hexamod:SkipABeat+1","Replay:SS_hec_4","hexamod:GhostOfSpireFuture","hexamod:ExtraCrispy","hexamod:SwordOfDarkness+1"],"relics":["hexamod:SpiritBrand","downfall:HeartsMalice","downfall:ShatteredFragment","PreservedInsect","ReplayTheSpireMod:TigerMarble","Juzu Bracelet","Snecko Eye","Strawberry","Blue Doll","Bird Faced Urn","Potion Belt","ReplayTheSpireMod:Ring of Collecting","Ring of Hypnosis","hexamod:IceCube","War Paint","ReplayTheSpireMod:CursedCoin","Thread and Needle","ReplayTheSpireMod:Ring of Exchange","Smiling Mask"],"acts_visited":["Exordium","TheCity","TheBeyond"],"potions_floor_usage":[],"damage_taken":[{"damage":0.0,"enemies":"Jaw Worm","floor":2.0,"turns":1.0},{"damage":0.0,"enemies":"Small Slimes","floor":4.0,"turns":1.0},{"damage":0.0,"enemies":"2 Louse","floor":6.0,"turns":1.0},{"damage":20.0,"enemies":"Lagavulin","floor":9.0,"turns":5.0},{"damage":10.0,"enemies":"Large Slime","floor":11.0,"turns":5.0},{"damage":1.0,"enemies":"Blue Slaver","floor":12.0,"turns":2.0},{"damage":0.0,"enemies":"downfall:FleeingMerchant","floor":13.0,"turns":4.0},{"damage":7.0,"enemies":"Gremlin Gang","floor":14.0,"turns":4.0},{"damage":1.0,"enemies":"Blue Slaver","floor":15.0,"turns":3.0},{"damage":27.0,"enemies":"downfall:Silent","floor":16.0,"turns":6.0},{"damage":4.0,"enemies":"Chosen","floor":19.0,"turns":5.0},{"damage":12.0,"enemies":"3 Cultists","floor":22.0,"turns":5.0},{"damage":16.0,"enemies":"Sentry and Sphere","floor":23.0,"turns":6.0},{"damage":22.0,"enemies":"Cultist and Chosen","floor":25.0,"turns":5.0},{"damage":0.0,"enemies":"downfall:FleeingMerchant","floor":26.0,"turns":4.0},{"damage":37.0,"enemies":"downfall:LadyInBlue","floor":28.0,"turns":9.0},{"damage":8.0,"enemies":"Shelled Parasite and Fungi","floor":30.0,"turns":3.0},{"damage":1.0,"enemies":"Snecko","floor":32.0,"turns":4.0},{"damage":22.0,"enemies":"downfall:Defect","floor":33.0,"turns":9.0},{"damage":0.0,"enemies":"downfall:FleeingMerchant","floor":38.0,"turns":4.0},{"damage":0.0,"enemies":"3 Shapes","floor":39.0,"turns":5.0},{"damage":9.0,"enemies":"downfall:FleeingMerchant","floor":40.0,"turns":3.0},{"damage":15.0,"enemies":"3 Darklings","floor":43.0,"turns":4.0},{"damage":11.0,"enemies":"Spire Growth","floor":45.0,"turns":6.0},{"damage":3.0,"enemies":"Maw","floor":46.0,"turns":7.0},{"damage":16.0,"enemies":"3 Darklings","floor":47.0,"turns":8.0},{"damage":27,"enemies":"Jaw Worm Horde","floor":49,"turns":2},{"damage":3,"enemies":"downfall:Watcher","floor":50,"turns":8}],"seed_played":"8186264478507853555","potions_obtained":[{"floor":11.0,"key":"sneckomod:MuddlingPotion"},{"floor":12.0,"key":"PowerPotion"},{"floor":15.0,"key":"SmokeBomb"},{"floor":25.0,"key":"Venom Potion"},{"floor":28.0,"key":"hexamod:DoubleChargePotion"},{"floor":28.0,"key":"Flashbang"},{"floor":28.0,"key":"SpeedPotion"},{"floor":29.0,"key":"CultistPotion"},{"floor":30.0,"key":"LiquidMemories"},{"floor":32.0,"key":"Swift Potion"},{"floor":33.0,"key":"Adrenaline Potion"},{"floor":33.0,"key":"Milkshake"},{"floor":38.0,"key":"Slimebound:ThreeZeroPotion"},{"floor":45.0,"key":"PowerPotion"},{"floor":46.0,"key":"hexamod:DoubleChargePotion"}],"is_trial":false,"path_per_floor":["R","M","?","M","R","M","T","?","E","R","M","M","$","M","M","B",null,"R","M","?","?","M","M","T","M","$","R","?","?","M","?","M","B",null,"R","?","R","$","M","$","T","R","M","R","M","M","M","?","M","B",null],"character_chosen":"THE_SPIRIT","items_purchased":["hexamod:AdvancingGuard+1","hexamod:BurningTouch","Juzu Bracelet","Bird Faced Urn","hexamod:EmpoweredFlame","ReplayTheSpireMod:CursedCoin","hexamod:FirstSeal","expansioncontent:DefensiveStance","hexamod:SecondSeal","Thread and Needle","hexamod:SkipABeat+1","Replay:SS_hec_4"],"campfire_rested":2,"item_purchase_floors":[13,13,13,26,26,38,38,38,40,40,40,40],"current_hp_per_floor":[70,70,49,49,49,49,49,49,29,50,40,39,39,32,31,4,70,77,73,70,70,58,42,42,20,20,41,12,12,10,10,11,1,70,70,70,70,70,70,61,61,61,70,70,70,70,66,66,43,70],"gold":170,"neow_bonus":"THREE_ENEMY_KILL","is_daily":false,"chose_seed":false,"campfire_upgraded":4,"win_rate":0.0,"timestamp":1607956092,"path_taken":["R","M","?","M","R","M","T","?","E","R","M","M","$","M","M","BOSS","R","M","?","?","M","M","T","M","$","R","?","?","M","?","M","BOSS","R","?","R","$","M","$","T","R","M","R","M","M","M","?","M","BOSS"],"items_purchased_type":["Card","Card","Relic","Relic","Card","Relic","Card","Card","Card","Relic","Card","Card"],"build_version":"2020-12-13","purchased_purges":1,"victory":true,"max_hp_per_floor":[70,70,70,70,70,70,70,70,70,70,70,70,70,70,70,70,70,77,77,70,70,70,70,70,70,70,70,70,70,70,70,70,70,70,70,70,70,70,70,70,70,70,70,70,70,70,70,70,70,70],"card_choices":[{"not_picked":["hexamod:GhostLash","hexamod:ThermalTransfer"],"picked":"hexamod:EmpoweredFlame","floor":2.0},{"not_picked":["hexamod:PhantomFireball","hexamod:InspiringFlames"],"picked":"hexamod:StepThrough","floor":4.0},{"not_picked":["hexamod:PhantomFireball","hexamod:Firestarter"],"picked":"hexamod:SwordOfDarkness","floor":6.0},{"not_picked":["hexamod:AdvancingGuard","hexamod:GhostShield"],"picked":"hexamod:ParanormalForm","floor":9.0},{"not_picked":["hexamod:Firestarter","hexamod:ShieldOfDarkness"],"picked":"hexamod:HauntingEcho","floor":11.0},{"not_picked":["hexamod:BurningTouch","hexamod:InspiringFlames"],"picked":"hexamod:SearingWound","floor":12.0},{"not_picked":["hexamod:HauntingEcho","hexamod:Firestarter"],"picked":"hexamod:FourthSeal","floor":13.0},{"not_picked":["hexamod:GhostOfSpirePresent","hexamod:StepThrough"],"picked":"hexamod:AdvancingGuard","floor":14.0},{"not_picked":["hexamod:SwordOfDarkness","hexamod:InspiringFlames"],"picked":"hexamod:SpectersWail","floor":15.0},{"not_picked":["hexamod:UnleashSpirits","hexamod:GhostflameInferno"],"picked":"hexamod:EmpoweringStance","floor":16.0},{"not_picked":["hexamod:RainOfEmbers","hexamod:Hexaguard"],"picked":"hexamod:Haunt","floor":19.0},{"not_picked":["hexamod:Again","hexamod:BacktrackSmack"],"picked":"hexamod:ShieldOfDarkness","floor":22.0},{"not_picked":["hexamod:ThermalTransfer","hexamod:SpectersWail"],"picked":"hexamod:RetreatToShadows+1","floor":23.0},{"not_picked":["hexamod:ShieldOfDarkness","hexamod:SearingWound"],"picked":"hexamod:SoulSteal","floor":25.0},{"not_picked":["hexamod:GhostLash","hexamod:ThermalTransfer","hexamod:AdvancingGuard"],"picked":"SKIP","floor":26.0},{"not_picked":["hexamod:HauntingEcho+1","hexamod:SpectersWail"],"picked":"hexamod:FastForward","floor":30.0},{"not_picked":["hexamod:HauntingEcho+1","hexamod:ShieldOfDarkness"],"picked":"hexamod:EmpoweringStance","floor":32.0},{"not_picked":["hexamod:TimeWarp","hexamod:TurnItUp"],"picked":"hexamod:HexaLevel","floor":33.0},{"not_picked":["hexamod:GhostShield","hexamod:NightmareStrike"],"picked":"hexamod:RadiantFlame+1","floor":35.0},{"not_picked":["hexamod:RainOfEmbers","hexamod:ChargedBarrage"],"picked":"hexamod:EtherealExpedition+1","floor":35.0},{"not_picked":["expansioncontent:PrepareCrush","expansioncontent:DonusPower"],"picked":"Replay:SS_forest_6","floor":36.0},{"not_picked":["hexamod:BurningTouch","hexamod:NightmareGuise"],"picked":"hexamod:Hexaguard+1","floor":38.0},{"not_picked":["hexamod:ShieldOfDarkness","hexamod:GhostLash+1","hexamod:Hexaguard"],"picked":"SKIP","floor":39.0},{"not_picked":["hexamod:SoulSteal+1","hexamod:ShieldOfDarkness+1"],"picked":"hexamod:EmpoweringStance","floor":40.0},{"not_picked":["hexamod:ThermalTransfer","hexamod:BacktrackSmack","hexamod:HauntingEcho+1"],"picked":"SKIP","floor":43.0},{"not_picked":["hexamod:SpectersWail","hexamod:Firestarter","hexamod:InspiringFlames+1"],"picked":"SKIP","floor":45.0},{"not_picked":["hexamod:SwordOfDarkness+1","hexamod:Hexaguard"],"picked":"hexamod:GhostOfSpireFuture","floor":46.0},{"not_picked":["hexamod:Hexaguard","hexamod:HauntingEcho"],"picked":"hexamod:ExtraCrispy","floor":47.0},{"not_picked":["hexamod:InspiringFlames","hexamod:GhostOfSpireFuture"],"picked":"hexamod:SwordOfDarkness+1","floor":49}],"player_experience":656104,"relics_obtained":[{"floor":7.0,"key":"PreservedInsect"},{"floor":9.0,"key":"ReplayTheSpireMod:TigerMarble"},{"floor":18.0,"key":"Strawberry"},{"floor":24.0,"key":"Blue Doll"},{"floor":28.0,"key":"Potion Belt"},{"floor":31.0,"key":"ReplayTheSpireMod:Ring of Collecting"},{"floor":31.0,"key":"Ring of Hypnosis"},{"floor":35.0,"key":"War Paint"},{"floor":41.0,"key":"ReplayTheSpireMod:Ring of Exchange"},{"floor":41.0,"key":"Smiling Mask"}],"event_choices":[{"damage_healed":0.0,"max_hp_gain":0.0,"max_hp_loss":0.0,"gold_gain":0.0,"event_name":"Vampires","player_choice":"Ignored","floor":21.0,"gold_loss":0.0,"damage_taken":0.0},{"damage_healed":0,"gold_gain":0,"player_choice":"Ignored","damage_taken":0,"max_hp_gain":0,"max_hp_loss":0,"event_name":"Mysterious Sphere","floor":48,"gold_loss":0}],"is_beta":false,"boss_relics":[{"not_picked":["Runic Pyramid","Kintsugi"],"picked":"Snecko Eye"},{"not_picked":["Sozu","ChewingGum"],"picked":"hexamod:IceCube"}],"items_purged_floors":[38],"is_endless":false,"potions_floor_spawned":[11,12,15,19,32,33,39,46,49],"ascension_level":0}}