{"host":"bg0cyinkrjnqf173","time":1607989805,"event":{"mods":["2.2 Compatiblity","Aspiration","BaseMod","Beaked The Cultist","Better Third Choice","BetterRewards","Colored Map","Conspire","Curses Come First","Defuse TimeMaze Blight","Displayed Cursed Tome","Googly Eyes","Halation","Hubris","Infinite Spire","Jedi Mod","Minty Spire (QoL Compilation)","Permanent Neow","Quick Restart","Rare Cards Sparkle","Relic Sorter","Replay The Spire","Shop Mod","Spicy Shops","Spikes Relics","StSLib","The Bladedancer","The Construct","The Valiant"],"gold_per_floor":[113,133,146,146,224,251,251,283,283,310,310,338,338,82,82,186,186,196,210,227,242,261,261,261,280,280,280,290,301,501,528,528,632,632,647,661,661,586,599,628,628,639,639,668,680,700,218,218,218,319,319,323,323,323,335,335,335,362,65,113,126,144,185,199,51,51,155,155,166,166,76,81,91,111,111,137,137,155,98,98,98,98,98,190,190,193,196,203,103,103,103,109,109,109,115,115,130,127,149,149,256,256,273,273,282,293,299,329,329,343,343,355,355,383,383,389,389,485,485,503,515,515,535,538,553,553,609,609,639,689,714,714,749,749,856,856,873,976,983,988,1038,1063,1063,1063,1141,1069,1060,1060,1063,1063,1063,1104,1104,1104,97,114,199],"floor_reached":158,"playtime":6545,"items_purged":["Strike_R","Strike_R","ReplayTheSpireMod:Doomed"],"score":5978,"play_id":"7671ca59-ba6b-45cd-a273-64fdb37b7bfd","local_time":"20201214185005","is_ascension_mode":true,"campfire_choices":[{"data":"Heavy Blade","floor":7.0,"key":"SMITH"},{"floor":11.0,"key":"REST"},{"data":"Heavy Blade","floor":13.0,"key":"SMITH"},{"data":"Flex","floor":15.0,"key":"SMITH"},{"data":"Bash","floor":23.0,"key":"SMITH"},{"data":"Flex","floor":27.0,"key":"SMITH"},{"floor":32.0,"key":"REST"},{"floor":41.0,"key":"REST"},{"floor":49.0,"key":"REST"},{"floor":57.0,"key":"DIG"},{"floor":66.0,"key":"DIG"},{"floor":75.0,"key":"DIG"},{"floor":80.0,"key":"DIG"},{"floor":83.0,"key":"DIG"},{"floor":91.0,"key":"DIG"},{"floor":93.0,"key":"REST"},{"floor":100.0,"key":"DIG"},{"floor":109,"key":"DIG"},{"floor":117,"key":"DIG"},{"floor":126,"key":"DIG"},{"floor":132,"key":"DIG"},{"floor":134,"key":"DIG"},{"floor":144,"key":"DIG"},{"floor":148,"key":"DIG"},{"floor":151,"key":"REST"},{"floor":154,"key":"DIG"}],"circlet_count":0,"master_deck":["Strike_R+1","Strike_R","Defend_R+1","Defend_R+1","Defend_R","Bash+1","Flex+1","Flex+1","Flex+1","Clothesline+1","conspire:Charge","Heavy Blade+1","Heavy Blade+1","Impervious+1","Cleave+1","jedi:strikingstrike+1","hubris:ReadiedAction","Inflame+1","Warcry","Replay:Undeath\u0027s Touch","Flex+1","Parasite","jedi:fear+1","Headbutt+1","infinitespire:SevenWalls+1","Pommel Strike+1","Massacre+1","Flex+1","Anger+1","Flex+1","Offering+1","ReplayTheSpireMod:Compounding Headache","Armaments","conspire:Charge+1","Anger+1","Invigoration","ReplayTheSpireMod:LeadingStrike","ReplayTheSpireMod:LeadingStrike+1","Reaper+1","jedi:fear","Massacre","Replay:Undeath\u0027s Touch+1","Languid","Whirlwind+1","Flex","jedi:harder+1","Ghostly Armor","hubris:Rewind","hubris:Rewind","jedi:MakeshiftSword+1","Heavy Blade","Writhe","BlessedFruit","BlessedFruit","ReplayTheSpireMod:Muscle Training+1","Anger+1","Flex+1","infinitespire:Punishment","Iron Wave+1","Anger+1","jedi:strikingstrike","Replay:Undeath\u0027s Touch","Anger+1","Replay:Many Hands","Pummel","jedi:fear","Replay:Undeath\u0027s Touch+1","Hallucinations","Anger+1","Reaper","Anger+1","Double Tap","CurseOfTheBell","Pummel+1","Disarm+1","Power Through+1","conspire:ExplosiveBarrier","Pommel Strike","Parasite","Invigoration","hubris:ReadiedAction+1","Whirlwind+1","Ghostly Armor+1","Flame Barrier+1","Feel No Pain+1","Run Through","Dark Embrace","jedi:thedog","jedi:MakeshiftSword","Metallicize+1","jedi:controlledanger+1","ReplayTheSpireMod:Stacked+1","jedi:unlimitedpower","Flex+1","Shrug It Off+1","Shrug It Off+1","Inflame","Headbutt+1","Body Slam","Flex+1","Reaper"],"relics":["Burning Blood","halation:LettersToHer","hubris:Metronome","conspire:DecoderRing","Pen Nib","hubris:OldNail","halation:RedSoulGem","halation:TrafficLight","halation:Toothbrush","Self Forming Clay","Replay:Wax Seal","WizardHat","jedi:archwizardhat","Cursed Key","GiantMaggot","jedi:leech","beaked:SacredDeck","Shovel","Centennial Puzzle","FossilizedHelix","Sozu","Golden Idol","Letter Opener","aspiration:HatOfInfinitePower","hubris:TenFootPole","Pet Ghost","hubris:SlimyHat","ReplayTheSpireMod:DimensionalGlitch","Potion Belt","construct:RocketBooster","Bottled Lightning","halation:VictoryRuler","HeavenlyBonsai","aspiration:HiddenCompartment","SnailShell","Dream Catcher","hubris:TerracottaHorce","Blue Candle","infinitespire:CheckeredPen","Rawhide","hubris:FunFungus","Replay:Bottled Steam","jedi:crownofsimplicity","Painkiller Herb","RetroEgg","aspiration:FetidBarrel","Toy Ornithopter","Lantern","RollingBoulder","Calling Bell","halation:PromiseList","Replay:Bottled Eggs","Replay:Kaleidoscope","SsserpentHead","jedi:purplefairy","Matryoshka","infinitespire:Lucky Rock","Toxic Egg 2","construct:FoamFinger","Pantograph","Boot","hubris:AstralHammer","infinitespire:Burning Sword","TungstenRod","Ring of Searing","Ring of Hypnosis","ReplayTheSpireMod:Shallot","LugNut","ReplayTheSpireMod:TigerMarble","Meat on the Bone","beaked:ShinyBauble","halation:PeacePiece","aspiration:SecretTechniqueScroll","Fusion Hammer","conspire:DeflatedDodgeball","Simple Rune","Toolbox","jedi:ironblood","Huge Egg","MawBank"],"acts_visited":["Exordium","TheCity","TheBeyond","Exordium","TheCity","TheBeyond","Exordium","TheCity","TheBeyond","TheEnding"],"potions_floor_usage":[157],"damage_taken":[{"damage":0.0,"enemies":"Cultist","floor":1.0,"turns":2.0},{"damage":0.0,"enemies":"2 Louse","floor":2.0,"turns":2.0},{"damage":7.0,"enemies":"Small Slimes","floor":3.0,"turns":2.0},{"damage":21.0,"enemies":"3 Sentries","floor":6.0,"turns":5.0},{"damage":6.0,"enemies":"Gremlin Nob","floor":8.0,"turns":3.0},{"damage":27.0,"enemies":"Lagavulin","floor":10.0,"turns":4.0},{"damage":0.0,"enemies":"Gremlin Nob","floor":12.0,"turns":3.0},{"damage":31.0,"enemies":"The Guardian","floor":16.0,"turns":6.0},{"damage":0.0,"enemies":"Chosen","floor":18.0,"turns":3.0},{"damage":0.0,"enemies":"Spheric Guardian","floor":19.0,"turns":3.0},{"damage":5.0,"enemies":"Centurion and Healer","floor":20.0,"turns":3.0},{"damage":13.0,"enemies":"Snake Plant","floor":21.0,"turns":3.0},{"damage":6.0,"enemies":"3 Cultists","floor":22.0,"turns":4.0},{"damage":20.0,"enemies":"Centurion and Healer","floor":25.0,"turns":4.0},{"damage":10.0,"enemies":"Chosen and Byrds","floor":28.0,"turns":3.0},{"damage":18.0,"enemies":"Snake Plant","floor":29.0,"turns":2.0},{"damage":36.0,"enemies":"Nightmare","floor":31.0,"turns":6.0},{"damage":17.0,"enemies":"hubris:MusketHawk","floor":33.0,"turns":4.0},{"damage":10.0,"enemies":"Orb Walker","floor":35.0,"turns":2.0},{"damage":0.0,"enemies":"3 Shapes","floor":36.0,"turns":2.0},{"damage":7.0,"enemies":"Sphere and 2 Shapes","floor":39.0,"turns":3.0},{"damage":26.0,"enemies":"Giant Head","floor":40.0,"turns":5.0},{"damage":17.0,"enemies":"Jaw Worm Horde","floor":42.0,"turns":3.0},{"damage":24.0,"enemies":"beaked:SuperParasite","floor":44.0,"turns":4.0},{"damage":21.0,"enemies":"4 Shapes","floor":45.0,"turns":3.0},{"damage":8.0,"enemies":"3 Darklings","floor":46.0,"turns":3.0},{"damage":20.0,"enemies":"Awakened One","floor":50.0,"turns":5.0},{"damage":0.0,"enemies":"2 Louse","floor":52.0,"turns":2.0},{"damage":0.0,"enemies":"Cultist","floor":55.0,"turns":2.0},{"damage":0.0,"enemies":"Lagavulin","floor":58.0,"turns":2.0},{"damage":0.0,"enemies":"Small Slimes","floor":61.0,"turns":1.0},{"damage":0.0,"enemies":"2 Fungi Beasts","floor":62.0,"turns":1.0},{"damage":0.0,"enemies":"3 Sentries","floor":63.0,"turns":1.0},{"damage":0.0,"enemies":"3 Louse","floor":64.0,"turns":2.0},{"damage":26.0,"enemies":"The Guardian","floor":67.0,"turns":3.0},{"damage":0.0,"enemies":"Spheric Guardian","floor":69.0,"turns":1.0},{"damage":12.0,"enemies":"Shell Parasite","floor":72.0,"turns":2.0},{"damage":0.0,"enemies":"Centurion and Healer","floor":73.0,"turns":1.0},{"damage":20.0,"enemies":"Replay:Snechameleon","floor":74.0,"turns":2.0},{"damage":0.0,"enemies":"Nightmare","floor":76.0,"turns":2.0},{"damage":12.0,"enemies":"Book of Stabbing","floor":78.0,"turns":2.0},{"damage":0.0,"enemies":"Automaton","floor":84.0,"turns":4.0},{"damage":0.0,"enemies":"Orb Walker","floor":86.0,"turns":1.0},{"damage":18.0,"enemies":"3 Shapes","floor":87.0,"turns":2.0},{"damage":20.0,"enemies":"3 Darklings","floor":88.0,"turns":2.0},{"damage":66.0,"enemies":"Nightmare","floor":92.0,"turns":4.0},{"damage":0.0,"enemies":"Jaw Worm Horde","floor":95.0,"turns":2.0},{"damage":2.0,"enemies":"Giant Head","floor":97.0,"turns":2.0},{"damage":0.0,"enemies":"Transient","floor":98.0,"turns":3.0},{"damage":16.0,"enemies":"Reptomancer","floor":99.0,"turns":2.0},{"damage":74.0,"enemies":"conspire:OrnateMirror","floor":101.0,"turns":2.0},{"damage":0.0,"enemies":"2 Louse","floor":103.0,"turns":1.0},{"damage":0,"enemies":"Jaw Worm","floor":105,"turns":1},{"damage":0,"enemies":"Small Slimes","floor":106,"turns":2},{"damage":15,"enemies":"Looter","floor":107,"turns":2},{"damage":0,"enemies":"3 Sentries","floor":108,"turns":1},{"damage":0,"enemies":"Blue Slaver","floor":110,"turns":1},{"damage":0,"enemies":"2 Fungi Beasts","floor":112,"turns":2},{"damage":0,"enemies":"Gremlin Nob","floor":114,"turns":1},{"damage":0,"enemies":"3 Louse","floor":116,"turns":2},{"damage":0,"enemies":"Fading Forest","floor":118,"turns":5},{"damage":0,"enemies":"Chosen","floor":120,"turns":1},{"damage":0,"enemies":"Spheric Guardian","floor":121,"turns":1},{"damage":0,"enemies":"Centurion and Healer","floor":123,"turns":1},{"damage":0,"enemies":"3 Cultists","floor":124,"turns":2},{"damage":9,"enemies":"Nightmare","floor":125,"turns":3},{"damage":0,"enemies":"Snake Plant","floor":127,"turns":1},{"damage":0,"enemies":"Slavers","floor":129,"turns":2},{"damage":46,"enemies":"Replay:Snechameleon","floor":131,"turns":2},{"damage":0,"enemies":"conspire:SneckoGhost","floor":133,"turns":1},{"damage":0,"enemies":"conspire:MysteriousRune","floor":135,"turns":2},{"damage":0,"enemies":"Orb Walker","floor":137,"turns":1},{"damage":0,"enemies":"Mind Bloom Boss Battle","floor":138,"turns":1},{"damage":28,"enemies":"3 Shapes","floor":139,"turns":2},{"damage":0,"enemies":"Spire Growth","floor":140,"turns":2},{"damage":0,"enemies":"Giant Head","floor":142,"turns":1},{"damage":16,"enemies":"Transient","floor":147,"turns":3},{"damage":7,"enemies":"4 Shapes","floor":149,"turns":1},{"damage":86,"enemies":"infinitespire:LordOfFortification","floor":152,"turns":7},{"damage":0,"enemies":"Shield and Spear","floor":156,"turns":1},{"damage":45,"enemies":"The Heart","floor":157,"turns":7}],"seed_played":"-2516496325940842172","potions_obtained":[{"floor":8.0,"key":"Energy Potion"},{"floor":10.0,"key":"Dexterity Potion"},{"floor":12.0,"key":"SpeedPotion"},{"floor":18.0,"key":"conspire:TimeTravelPotion"},{"floor":50.0,"key":"PowerPotion"}],"is_trial":false,"path_per_floor":["M","M","M","?","?","E","R","E","T","E","R","E","R","$","R","B",null,"M","M","M","M","M","R","?","M","T","R","M","M","?","NM","R","B",null,"M","M","?","$","M","E","R","M","T","E","M","M","$","?","R","B",null,"M","?","?","M","?","R","E","$","T","M","M","E","M","$","R","B",null,"M","AVR","?","M","M","E","R","NM","T","E","$","R","?","$","R","B",null,"M","M","M","NS","?","R","NM","R","T","M","$","E","M","E","R","B",null,"?","?","?","?","?","E","T","?","T","?","T","E","T","?","T","B",null,"?","?","?","?","?","NM","T","?","T","E","?","E","T","E","T","B",null,"?","?","?","?","?","E","NS","T","T","T","?","T","?","AVR","T","B",null,"T","T","E","B",null],"character_chosen":"IRONCLAD","items_purchased":["Flex","halation:TrafficLight","jedi:archwizardhat","FossilizedHelix","Invigoration","ReplayTheSpireMod:LeadingStrike","aspiration:HatOfInfinitePower","hubris:OldNail","ReplayTheSpireMod:Muscle Training+1","jedi:MakeshiftSword","Flex+1","Shrug It Off+1","Inflame","Headbutt","Body Slam","Simple Rune","Toolbox","jedi:ironblood","Huge Egg"],"campfire_rested":6,"item_purchase_floors":[0,0,14,47,47,47,59,65,79,146,155,155,155,155,155,155,155,155,155],"current_hp_per_floor":[80,80,79,79,79,64,64,64,64,43,67,73,73,73,73,48,80,80,80,80,73,73,73,73,59,59,59,55,43,43,13,37,26,80,76,80,80,83,82,62,83,72,72,54,39,37,37,37,61,47,83,83,83,83,83,63,63,69,69,69,83,83,83,83,83,83,63,83,83,86,86,77,80,63,63,66,66,57,57,57,60,60,60,65,85,88,74,57,63,61,61,37,67,67,71,71,72,103,90,90,21,83,86,86,89,93,92,95,95,98,98,103,103,104,104,104,104,105,105,105,105,105,105,105,100,100,103,103,105,105,63,63,66,66,69,97,100,106,83,86,86,89,89,89,89,89,80,80,78,81,116,47,102,102,102,106,99],"gold":211,"neow_bonus":"","is_daily":false,"chose_seed":false,"campfire_upgraded":5,"win_rate":0.0,"timestamp":1607989805,"path_taken":["M","M","M","?","?","E","R","E","T","E","R","E","R","$","R","BOSS","M","M","M","M","M","R","?","M","T","R","?","M","?","NM","R","BOSS","M","?","?","$","M","E","R","?","T","E","M","M","$","?","R","BOSS","M","?","?","M","?","R","E","$","T","M","?","E","?","$","R","BOSS","M","AVR","?","?","M","E","R","NM","T","E","$","R","?","$","R","BOSS","M","M","?","NS","?","R","NM","R","T","?","?","E","M","E","R","BOSS","?","?","?","?","?","E","T","?","T","?","T","E","?","?","T","BOSS","?","?","?","?","?","NM","T","?","T","E","?","E","T","E","T","BOSS","?","?","?","?","?","E","NS","T","T","T","?","T","?","AVR","T","BOSS","T","T","E","BOSS"],"items_purchased_type":["Card","Relic","Relic","Relic","Card","Card","Relic","Relic","Card","Card","Card","Card","Card","Card","Card","Relic","Relic","Relic","Relic"],"build_version":"2020-12-13","purchased_purges":3,"victory":true,"max_hp_per_floor":[80,80,80,80,80,80,80,80,80,80,80,80,80,80,80,80,80,80,80,80,80,80,80,80,80,80,80,80,80,80,80,80,80,80,80,80,80,83,83,83,83,83,83,83,83,83,83,83,83,83,83,83,83,83,83,83,83,83,83,83,83,83,83,83,83,83,83,83,83,86,86,86,86,86,86,86,86,86,86,86,89,89,89,91,91,91,92,92,98,98,98,101,101,101,102,102,102,103,103,103,104,104,104,104,104,104,104,104,104,104,104,104,104,104,104,104,104,105,105,105,105,105,105,105,105,105,105,105,105,105,106,106,106,106,106,106,106,106,108,108,108,108,108,108,108,108,111,111,115,118,118,120,120,120,120,121,121],"card_choices":[{"not_picked":["Feel No Pain","Infernal Blade"],"picked":"Flex","floor":1.0},{"not_picked":["Metallicize","conspire:Charge"],"picked":"Clothesline","floor":2.0},{"not_picked":["Clothesline","jedi:unlimitedpower"],"picked":"conspire:Charge","floor":3.0},{"not_picked":["Replay:Undeath\u0027s Touch","Perfected Strike"],"picked":"Heavy Blade","floor":6.0},{"not_picked":["Havoc","jedi:controlledanger","Body Slam"],"picked":"SKIP","floor":8.0},{"not_picked":["ReplayTheSpireMod:Stacked","Hemokinesis"],"picked":"Impervious","floor":10.0},{"not_picked":["Headbutt","True Grit"],"picked":"Cleave","floor":12.0},{"not_picked":["Corruption","jedi:unlimitedpower"],"picked":"jedi:strikingstrike","floor":16.0},{"not_picked":["ReplayTheSpireMod:Strike From Hell","Dark Embrace"],"picked":"hubris:ReadiedAction","floor":18.0},{"not_picked":["Second Wind","Sword Boomerang+1"],"picked":"Inflame+1","floor":19.0},{"not_picked":["hubris:ReadiedAction","Infernal Blade"],"picked":"Warcry","floor":20.0},{"not_picked":["Hemokinesis+1","Searing Blow"],"picked":"Replay:Undeath\u0027s Touch","floor":21.0},{"not_picked":["Dropkick+1","Armaments"],"picked":"Flex+1","floor":22.0},{"not_picked":["Thunderclap","Intimidate","Demonic Infusion"],"picked":"SKIP","floor":25.0},{"not_picked":["Clash","Iron Wave"],"picked":"jedi:fear+1","floor":28.0},{"not_picked":["Shockwave","Offering"],"picked":"Headbutt+1","floor":29.0},{"not_picked":["infinitespire:Gouge","infinitespire:Menacing"],"picked":"infinitespire:SevenWalls","floor":31.0},{"not_picked":["Wild Strike","Bludgeon"],"picked":"Pommel Strike+1","floor":31.0},{"not_picked":["Blood for Blood+1","Shrug It Off+1"],"picked":"Flex+1","floor":35.0},{"not_picked":["Absolvement","Body Slam","ReplayTheSpireMod:Strike From Hell"],"picked":"SKIP","floor":36.0},{"not_picked":["Havoc+1","Wild Strike+1"],"picked":"Anger+1","floor":39.0},{"not_picked":["Inflame+1","Clash+1"],"picked":"Flex+1","floor":40.0},{"not_picked":["Bloodletting","Run Through+1"],"picked":"Offering","floor":42.0},{"not_picked":["Second Wind+1","Havoc+1"],"picked":"Armaments","floor":44.0},{"not_picked":["Cleave","Wild Strike"],"picked":"conspire:Charge+1","floor":45.0},{"not_picked":["Clash+1","Body Slam+1"],"picked":"Anger","floor":46.0},{"not_picked":["jedi:unlimitedpower","Eclipse"],"picked":"Reaper","floor":50.0},{"not_picked":["Perfected Strike","hubris:ReadiedAction"],"picked":"jedi:fear","floor":52.0},{"not_picked":["Body Slam","Wild Strike"],"picked":"Massacre","floor":55.0},{"not_picked":["Clothesline","Iron Wave"],"picked":"Replay:Undeath\u0027s Touch","floor":58.0},{"not_picked":["Thunderclap","Heavy Blade"],"picked":"Whirlwind","floor":61.0},{"not_picked":["Thunderclap","Absolvement","Clothesline"],"picked":"SKIP","floor":62.0},{"not_picked":["infinitespire:OneForAll","Berserk"],"picked":"Flex","floor":63.0},{"not_picked":["Rage","Disarm","Pommel Strike"],"picked":"SKIP","floor":64.0},{"not_picked":["conspire:Purge","jedi:bloodyhammer"],"picked":"jedi:harder","floor":67.0},{"not_picked":["hubris:ReadiedAction","Hemokinesis"],"picked":"Ghostly Armor","floor":69.0},{"not_picked":["infinitespire:FutureSight","infinitespire:SealOfDarkness+"],"picked":"hubris:Rewind","floor":69.0},{"not_picked":["Abandon","True Grit+1"],"picked":"jedi:MakeshiftSword","floor":72.0},{"not_picked":["Rampage","Clash+1","Clothesline"],"picked":"SKIP","floor":73.0},{"not_picked":["Offering","Rampage"],"picked":"hubris:SharpeningStone+1","floor":74.0},{"not_picked":["Perfected Strike+1","Pommel Strike"],"picked":"Heavy Blade","floor":76.0},{"not_picked":["Evolve+1","Power Through","Battle Trance+1"],"picked":"SKIP","floor":78.0},{"not_picked":["Massacre","Rampage","ReplayTheSpireMod:Strike From Hell+1"],"picked":"SKIP","floor":86.0},{"not_picked":["Iron Wave","Clash"],"picked":"Anger+1","floor":87.0},{"not_picked":["jedi:MakeshiftSword","Headbutt"],"picked":"Flex+1","floor":88.0},{"not_picked":["infinitespire:Starlight","hubris:Fate"],"picked":"infinitespire:Punishment","floor":92.0},{"not_picked":["Defy Death","Wild Strike"],"picked":"Iron Wave+1","floor":92.0},{"not_picked":["True Grit+1","Sentinel"],"picked":"Anger+1","floor":95.0},{"not_picked":["Warcry+1","Armaments"],"picked":"jedi:strikingstrike","floor":97.0},{"not_picked":["Flex","Clash"],"picked":"Replay:Undeath\u0027s Touch","floor":98.0},{"not_picked":["ReplayTheSpireMod:Limb From Limb","Twin Strike"],"picked":"Anger+1","floor":99.0},{"not_picked":["Feed","Brutality"],"picked":"Replay:Many Hands","floor":101.0},{"not_picked":["Wild Strike","Dark Embrace","Headbutt"],"picked":"SKIP","floor":103.0},{"not_picked":["ReplayReversal","jedi:collectorstrike","jedi:controlledanger"],"picked":"SKIP","floor":105},{"not_picked":["ReplayTheSpireMod:Limb From Limb","Sentinel","Shockwave"],"picked":"SKIP","floor":106},{"not_picked":["Clothesline","Thunderclap"],"picked":"Pummel","floor":107},{"not_picked":["Clash","Evolve"],"picked":"jedi:fear","floor":108},{"not_picked":["Headbutt","Cleave"],"picked":"Replay:Undeath\u0027s Touch","floor":110},{"not_picked":["ReplayTheSpireMod:Limb From Limb","Rupture"],"picked":"Anger","floor":112},{"not_picked":["Wild Strike","Life Link"],"picked":"Reaper","floor":114},{"not_picked":["Perfected Strike","Rage"],"picked":"Anger","floor":116},{"not_picked":["Immolate","Eclipse"],"picked":"Double Tap","floor":118},{"not_picked":["Clash","Thunderclap"],"picked":"Pummel+1","floor":120},{"not_picked":["Armaments","Rampage","ReplayTheSpireMod:Limb From Limb"],"picked":"SKIP","floor":121},{"not_picked":["Abandon","ReplayTheSpireMod:Limb From Limb"],"picked":"Disarm+1","floor":123},{"not_picked":["hubris:SharpeningStone","Sword Boomerang"],"picked":"Power Through+1","floor":124},{"not_picked":["infinitespire:OneForAll+1","Body Slam"],"picked":"conspire:ExplosiveBarrier","floor":125},{"not_picked":["Perfected Strike","Thunderclap"],"picked":"Pommel Strike","floor":127},{"not_picked":["ReplayTheSpireMod:Muscle Training+1","Thunderclap+1"],"picked":"Invigoration","floor":129},{"not_picked":["Armaments+1","True Grit+1"],"picked":"hubris:ReadiedAction+1","floor":131},{"not_picked":["Sword Boomerang+1","Dual Wield+1"],"picked":"Whirlwind+1","floor":133},{"not_picked":["Armaments+1","Iron Wave"],"picked":"Ghostly Armor+1","floor":137},{"not_picked":["Warcry+1","Cleave"],"picked":"Flame Barrier+1","floor":138},{"not_picked":["Replay:Undeath\u0027s Touch","Burning Pact+1"],"picked":"Feel No Pain+1","floor":139},{"not_picked":["infinitespire:OneForAll","Clothesline+1"],"picked":"Run Through","floor":140},{"not_picked":["Body Slam+1","Clash"],"picked":"Dark Embrace","floor":142},{"not_picked":["Body Slam","Burning Pact+1"],"picked":"Metallicize+1","floor":147},{"not_picked":["hubris:ReadiedAction+1","Seeing Red+1"],"picked":"jedi:controlledanger+1","floor":149},{"not_picked":["jedi:controlledanger+1","Iron Wave+1"],"picked":"ReplayTheSpireMod:Stacked+1","floor":151},{"not_picked":["Corruption","Berserk"],"picked":"jedi:unlimitedpower","floor":152},{"not_picked":["Rampage","ReplayTheSpireMod:Strike From Hell"],"picked":"Flex+1","floor":156},{"not_picked":["Exhume+1","Brutality"],"picked":"Reaper","floor":157}],"player_experience":740797,"relics_obtained":[{"floor":6.0,"key":"Pen Nib"},{"floor":8.0,"key":"halation:Toothbrush"},{"floor":9.0,"key":"Self Forming Clay"},{"floor":10.0,"key":"Replay:Wax Seal"},{"floor":12.0,"key":"WizardHat"},{"floor":26.0,"key":"GiantMaggot"},{"floor":31.0,"key":"jedi:leech"},{"floor":40.0,"key":"halation:LettersToHer"},{"floor":43.0,"key":"halation:LettersToHer"},{"floor":43.0,"key":"Shovel"},{"floor":44.0,"key":"Centennial Puzzle"},{"floor":57.0,"key":"hubris:Metronome"},{"floor":58.0,"key":"Letter Opener"},{"floor":60.0,"key":"halation:LettersToHer"},{"floor":60.0,"key":"hubris:TenFootPole"},{"floor":63.0,"key":"Pet Ghost"},{"floor":66.0,"key":"hubris:SlimyHat"},{"floor":74.0,"key":"Bottled Lightning"},{"floor":75.0,"key":"halation:VictoryRuler"},{"floor":76.0,"key":"conspire:DecoderRing"},{"floor":77.0,"key":"halation:LettersToHer"},{"floor":77.0,"key":"HeavenlyBonsai"},{"floor":78.0,"key":"aspiration:HiddenCompartment"},{"floor":80.0,"key":"SnailShell"},{"floor":83.0,"key":"Dream Catcher"},{"floor":91.0,"key":"Blue Candle"},{"floor":92.0,"key":"infinitespire:CheckeredPen"},{"floor":94.0,"key":"halation:LettersToHer"},{"floor":94.0,"key":"Rawhide"},{"floor":97.0,"key":"hubris:FunFungus"},{"floor":99.0,"key":"Replay:Bottled Steam"},{"floor":100.0,"key":"jedi:crownofsimplicity"},{"floor":108,"key":"RetroEgg"},{"floor":109,"key":"aspiration:FetidBarrel"},{"floor":111,"key":"halation:LettersToHer"},{"floor":111,"key":"Toy Ornithopter"},{"floor":114,"key":"Lantern"},{"floor":117,"key":"RollingBoulder"},{"floor":119,"key":"halation:PromiseList"},{"floor":119,"key":"Replay:Bottled Eggs"},{"floor":119,"key":"Replay:Kaleidoscope"},{"floor":125,"key":"jedi:purplefairy"},{"floor":126,"key":"Matryoshka"},{"floor":128,"key":"halation:LettersToHer"},{"floor":128,"key":"infinitespire:Lucky Rock"},{"floor":128,"key":"Toxic Egg 2"},{"floor":129,"key":"construct:FoamFinger"},{"floor":131,"key":"Pantograph"},{"floor":133,"key":"Boot"},{"floor":134,"key":"hubris:AstralHammer"},{"floor":138,"key":"TungstenRod"},{"floor":141,"key":"Ring of Searing"},{"floor":141,"key":"Ring of Hypnosis"},{"floor":142,"key":"ReplayTheSpireMod:Shallot"},{"floor":144,"key":"LugNut"},{"floor":145,"key":"halation:LettersToHer"},{"floor":145,"key":"ReplayTheSpireMod:TigerMarble"},{"floor":145,"key":"Meat on the Bone"},{"floor":148,"key":"beaked:ShinyBauble"},{"floor":154,"key":"conspire:DeflatedDodgeball"},{"floor":156,"key":"MawBank"}],"event_choices":[{"damage_healed":0.0,"max_hp_gain":0.0,"max_hp_loss":0.0,"gold_gain":78.0,"event_name":"Golden Wing","player_choice":"Gained Gold","floor":5.0,"gold_loss":0.0,"damage_taken":0.0},{"damage_healed":0.0,"max_hp_gain":0.0,"max_hp_loss":0.0,"gold_gain":0.0,"event_name":"Accursed Blacksmith","player_choice":"Forge","floor":24.0,"gold_loss":0.0,"damage_taken":0.0,"cards_upgraded":["jedi:strikingstrike"]},{"damage_healed":0.0,"max_hp_gain":0.0,"max_hp_loss":0.0,"gold_gain":200.0,"event_name":"Wheel of Change","player_choice":"Gold","floor":30.0,"gold_loss":0.0,"damage_taken":0.0},{"damage_healed":0.0,"max_hp_gain":0.0,"max_hp_loss":0.0,"gold_gain":0.0,"event_name":"Upgrade Shrine","player_choice":"Upgraded","floor":37.0,"gold_loss":0.0,"damage_taken":0.0,"cards_upgraded":["Massacre"]},{"damage_healed":0.0,"max_hp_gain":0.0,"max_hp_loss":0.0,"gold_gain":0.0,"event_name":"Golden Idol","player_choice":"Take Damage","floor":56.0,"gold_loss":0.0,"damage_taken":20.0,"relics_obtained":["Golden Idol"]},{"damage_healed":0.0,"max_hp_gain":0.0,"max_hp_loss":0.0,"gold_gain":0.0,"event_name":"WeMeetAgain","player_choice":"Paid Gold","floor":71.0,"gold_loss":90.0,"damage_taken":0.0,"relics_obtained":["construct:RocketBooster"]},{"cards_removed":["Defend_R"],"damage_healed":0.0,"max_hp_gain":0.0,"max_hp_loss":0.0,"gold_gain":0.0,"event_name":"Bonfire Elementals","player_choice":"Offered Basic","floor":81.0,"gold_loss":0.0,"damage_taken":0.0},{"damage_healed":0.0,"max_hp_gain":0.0,"max_hp_loss":0.0,"gold_gain":0.0,"event_name":"Designer","player_choice":"Punched","floor":90.0,"gold_loss":0.0,"damage_taken":3.0},{"damage_healed":0,"gold_gain":0,"player_choice":"Trade","damage_taken":0,"relics_obtained":["SsserpentHead"],"max_hp_gain":0,"max_hp_loss":0,"event_name":"FaceTrader","floor":122,"gold_loss":0},{"damage_healed":0,"gold_gain":0,"player_choice":"Ignored","damage_taken":0,"max_hp_gain":0,"max_hp_loss":0,"event_name":"Ghosts","floor":130,"gold_loss":0},{"damage_healed":0,"gold_gain":0,"player_choice":"Fight","damage_taken":0,"max_hp_gain":0,"max_hp_loss":0,"event_name":"MindBloom","floor":138,"gold_loss":0}],"is_beta":false,"boss_relics":[{"not_picked":["Tiny House","Replay:Wanted Poster"],"picked":"Cursed Key"},{"not_picked":["Runic Dome","Busted Crown"],"picked":"beaked:SacredDeck"},{"not_picked":["Replay:Drink Me","Empty Cage"],"picked":"Sozu"},{"not_picked":["halation:Prosthetics","Empty Cage"],"picked":"ReplayTheSpireMod:DimensionalGlitch"},{"not_picked":["halation:HeavySnake","Ooze Armor"],"picked":"hubris:TerracottaHorce"},{"not_picked":["halation:CatFaceCupcake","hubris:GrandSneckoEye"],"picked":"Painkiller Herb"},{"not_picked":["halation:LoveArrow","jedi:paperlyon"],"picked":"Calling Bell"},{"not_picked":["conspire:RoyalGoblet","Replay:Drink Me"],"picked":"infinitespire:Burning Sword"},{"not_picked":["Runic Cube","Electric Blood"],"picked":"Fusion Hammer"}],"items_purged_floors":[38,70,150],"is_endless":true,"potions_floor_spawned":[8,10,12,16,18,19,21,22,29,33,36,42,45,50,61,62,67,72,74,84,97,98,99,101,107,108,116,118,123,125,129,131,137,149,152,156],"ascension_level":6}}