{"host":"qwttrqaysb380yri","time":1607976489,"event":{"mods":["BaseMod","Custom Start","Minty Spire (QoL Compilation)","Puzzle Mod","Relic Stats","StSLib","The Cursed","The Hierophant"],"gold_per_floor":[115,143,165,315,10,58,58,391,391,391,420,29,56,106,106,183,183,120,153,153,78,104,104,25,65,65],"floor_reached":25,"playtime":881,"items_purged":["Doubt","hierophant:Strike_Hierophant"],"score":423,"play_id":"b8b82558-33b8-4636-988c-a11bd6a7c112","local_time":"20201214210809","is_ascension_mode":true,"campfire_choices":[{"floor":7,"key":"REST"},{"floor":15,"key":"REST"},{"data":"hierophant:Remorse","floor":23,"key":"SMITH"}],"circlet_count":0,"master_deck":["AscendersBane","hierophant:Strike_Hierophant+1","hierophant:Strike_Hierophant+1","hierophant:Strike_Hierophant+1","hierophant:Defend_Hierophant+1","hierophant:Defend_Hierophant+1","hierophant:Defend_Hierophant+1","hierophant:Defend_Hierophant+1","hierophant:ChurchCoffers","hierophant:Doubloon","hierophant:CoinFling","hierophant:Smite","hierophant:HolyVerse","hierophant:RustyCrate","hierophant:Doubloon","hierophant:Doubloon","hierophant:PristineSoul","hierophant:Embezzle","hierophant:Doubloon+1","hierophant:Remorse","hierophant:Martyrdom","hierophant:Bribe","hierophant:Zeal","hierophant:Kindle","hierophant:Doubloon","hierophant:Remorse+1","hierophant:Embezzle","hierophant:Doubloon","hierophant:Remorse","hierophant:Shelter","hierophant:Charity","hierophant:Doubloon"],"relics":["hierophant:PropheticMaskRelic","Pen Nib","Membership Card","Omamori","StoneCalendar","Old Coin","CaptainsWheel","Toy Ornithopter","War Paint","Matryoshka","Toolbox","Coffee Dripper"],"acts_visited":["Exordium","TheCity"],"potions_floor_usage":[6,11,16,25,25],"damage_taken":[{"damage":4.0,"enemies":"Jaw Worm","floor":1.0,"turns":6.0},{"damage":0.0,"enemies":"2 Louse","floor":2.0,"turns":1.0},{"damage":1.0,"enemies":"Cultist","floor":3.0,"turns":3.0},{"damage":35,"enemies":"Lagavulin","floor":6,"turns":5},{"damage":30,"enemies":"Gremlin Nob","floor":8,"turns":4},{"damage":0,"enemies":"Gremlin Gang","floor":11,"turns":2},{"damage":13,"enemies":"Large Slime","floor":13,"turns":4},{"damage":0,"enemies":"2 Fungi Beasts","floor":14,"turns":2},{"damage":4,"enemies":"Hexaghost","floor":16,"turns":7},{"damage":10,"enemies":"2 Thieves","floor":18,"turns":5},{"damage":0,"enemies":"Spheric Guardian","floor":19,"turns":1},{"damage":15,"enemies":"3 Cultists","floor":22,"turns":6},{"damage":50,"enemies":"Book of Stabbing","floor":25,"turns":5}],"seed_played":"-4753854614714275345","potions_obtained":[{"floor":3.0,"key":"BlessingOfTheForge"},{"floor":6,"key":"Explosive Potion"},{"floor":8,"key":"LiquidBronze"},{"floor":11,"key":"LiquidBronze"}],"is_trial":false,"path_per_floor":["M","M","M","?","$","E","R","E","T","?","M","$","M","M","R","B",null,"M","M","?","?","M","R","$","E"],"character_chosen":"HIEROPHANT","items_purchased":["Membership Card","Omamori","hierophant:RustyCrate","Explosive Potion","hierophant:Martyrdom","hierophant:Bribe","War Paint","Matryoshka","Toolbox","hierophant:Shelter","Swift Potion","hierophant:Charity"],"campfire_rested":2,"item_purchase_floors":[5,5,5,5,12,12,12,12,12,24,24,24],"current_hp_per_floor":[64,64,63,63,63,28,50,20,20,15,20,20,7,7,29,30,64,54,54,54,54,39,39,39,0,0],"gold":65,"neow_bonus":"RANDOM_COMMON_RELIC","is_daily":false,"chose_seed":false,"campfire_upgraded":1,"win_rate":0.0,"timestamp":1607976489,"path_taken":["M","M","M","?","$","E","R","E","T","?","M","$","M","M","R","BOSS","M","M","?","?","M","R","$","E"],"items_purchased_type":["Relic","Relic","Card","Potion","Card","Card","Relic","Relic","Relic","Card","Potion","Card"],"build_version":"2020-12-13","purchased_purges":2,"victory":false,"max_hp_per_floor":[75,75,75,75,75,75,75,75,75,75,75,75,75,75,75,75,75,75,75,75,75,75,75,75,75,75],"relic_stats":{"counters":[13,51],"StoneCalendar":[52],"Pen Nib":[8],"War Paint":["hierophant:Defend_Hierophant","hierophant:Doubloon"],"obtain_stats":[{"CaptainsWheel":9,"Matryoshka":12,"hierophant:PropheticMaskRelic":0,"Toolbox":12,"StoneCalendar":6,"Pen Nib":0,"Omamori":5,"Coffee Dripper":17,"Membership Card":5,"War Paint":12,"Toy Ornithopter":10,"Old Coin":8},{"CaptainsWheel":5,"Matryoshka":6,"hierophant:PropheticMaskRelic":0,"Toolbox":6,"StoneCalendar":4,"Pen Nib":0,"Omamori":3,"Coffee Dripper":9,"Membership Card":3,"War Paint":6,"Toy Ornithopter":5,"Old Coin":5},{"CaptainsWheel":19,"Matryoshka":21,"hierophant:PropheticMaskRelic":0,"Toolbox":21,"StoneCalendar":15,"Pen Nib":0,"Omamori":10,"Coffee Dripper":34,"Membership Card":10,"War Paint":21,"Toy Ornithopter":19,"Old Coin":19}],"Toy Ornithopter":20},"card_choices":[{"not_picked":["hierophant:PassingBell","hierophant:Doubloon"],"picked":"hierophant:CoinFling","floor":1.0},{"not_picked":["hierophant:Doomsaying","hierophant:Racketeering"],"picked":"hierophant:Smite","floor":2.0},{"not_picked":["hierophant:ThreeLashes","hierophant:Purify"],"picked":"hierophant:HolyVerse","floor":3.0},{"not_picked":["hierophant:CursedGold","hierophant:DisplayOfPower"],"picked":"hierophant:PristineSoul","floor":6},{"not_picked":["hierophant:Determination","hierophant:Encroach"],"picked":"hierophant:Embezzle","floor":8},{"not_picked":["hierophant:OrnateBuckler","hierophant:LocustPlague"],"picked":"hierophant:Remorse","floor":11},{"not_picked":["hierophant:Refuge","hierophant:SolarFlare","hierophant:Purify"],"picked":"SKIP","floor":13},{"not_picked":["hierophant:ThreeLashes","hierophant:TollTheBells"],"picked":"hierophant:Zeal","floor":14},{"not_picked":["hierophant:WrathOfGod","hierophant:Generosity"],"picked":"hierophant:Kindle","floor":16},{"not_picked":["hierophant:RepressedViolence","hierophant:Encroach"],"picked":"hierophant:Remorse","floor":18},{"not_picked":["hierophant:HolyVerse","hierophant:Mercenaries"],"picked":"hierophant:Embezzle","floor":19},{"not_picked":["hierophant:FlamingChariot","hierophant:DisplayOfPower"],"picked":"hierophant:Remorse","floor":22}],"player_experience":1838874,"relics_obtained":[{"floor":6,"key":"StoneCalendar"},{"floor":8,"key":"Old Coin"},{"floor":9,"key":"CaptainsWheel"}],"event_choices":[{"damage_healed":0.0,"max_hp_gain":0.0,"max_hp_loss":0.0,"gold_gain":150.0,"event_name":"Liars Game","player_choice":"AGREE","floor":4.0,"gold_loss":0.0,"damage_taken":0.0,"cards_obtained":["Doubt"]},{"damage_healed":0,"gold_gain":0,"player_choice":"Success","damage_taken":5,"relics_obtained":["Toy Ornithopter"],"max_hp_gain":0,"max_hp_loss":0,"event_name":"Scrap Ooze","floor":10,"gold_loss":0},{"damage_healed":0,"gold_gain":0,"player_choice":"Simplicity","damage_taken":0,"max_hp_gain":0,"max_hp_loss":0,"event_name":"Back to Basics","floor":20,"gold_loss":0,"cards_upgraded":["hierophant:Strike_Hierophant","hierophant:Strike_Hierophant","hierophant:Strike_Hierophant","hierophant:Defend_Hierophant","hierophant:Defend_Hierophant","hierophant:Defend_Hierophant"]},{"cards_removed":["hierophant:Punish"],"damage_healed":0,"gold_gain":0,"player_choice":"Gave Gold","damage_taken":0,"max_hp_gain":0,"max_hp_loss":0,"event_name":"Beggar","floor":21,"gold_loss":75}],"is_beta":false,"boss_relics":[{"not_picked":["Snecko Eye","Tiny House"],"picked":"Coffee Dripper"}],"items_purged_floors":[5,12],"is_endless":false,"potions_floor_spawned":[3,6,8,11],"killed_by":"Book of Stabbing","ascension_level":15}}