{"host":"4cz9gr89nglr7k8k","time":1607983665,"event":{"mods":["BaseMod","Minty Spire (QoL Compilation)","Relic Stats","Slay-I"],"gold_per_floor":[117,192,211,223,241,241,99,99,167,167,180,193,205,25,25,97,97,108,108,119,19,19,19,19,39,109,109,138,155,155,181,181,181,181],"floor_reached":33,"playtime":838,"items_purged":[],"score":589,"play_id":"11ccc59b-4594-43c3-9a07-1dd09ab392c0","local_time":"20201214230745","is_ascension_mode":true,"campfire_choices":[{"floor":6,"key":"REST"},{"data":"Backstab","floor":10,"key":"SMITH"},{"floor":15,"key":"REST"},{"floor":23,"key":"REST"},{"floor":27,"key":"REST"},{"floor":30,"key":"REST"},{"floor":32,"key":"REST"}],"circlet_count":0,"master_deck":["AscendersBane","Strike_G","Strike_G","Strike_G","Strike_G","Strike_G","Defend_G","Defend_G","Defend_G","Defend_G","Survivor","Neutralize","Cloak And Dagger","PiercingWail","Slice","Footwork","Backstab+1","Flying Knee","Slice","Sucker Punch","Dagger Throw","Apotheosis+1","A Thousand Cuts","Poisoned Stab+1","Accuracy","Noxious Fumes","Poisoned Stab","Bane","Catalyst","Dodge and Roll","Flying Knee"],"relics":["Ring of the Snake","NeowsBlessing","Sundial","WristBlade","Mercury Hourglass","PreservedInsect","Snake Skull"],"acts_visited":["Exordium","TheCity"],"potions_floor_usage":[16,16,29,29,31,33],"damage_taken":[{"damage":0,"enemies":"2 Louse","floor":1,"turns":1},{"damage":0,"enemies":"Small Slimes","floor":3,"turns":1},{"damage":0,"enemies":"Jaw Worm","floor":4,"turns":1},{"damage":11,"enemies":"Blue Slaver","floor":5,"turns":4},{"damage":2,"enemies":"Exordium Thugs","floor":11,"turns":6},{"damage":0,"enemies":"2 Fungi Beasts","floor":12,"turns":2},{"damage":10,"enemies":"Gremlin Gang","floor":13,"turns":5},{"damage":18,"enemies":"Hexaghost","floor":16,"turns":8},{"damage":7,"enemies":"Chosen","floor":18,"turns":4},{"damage":13,"enemies":"3 Byrds","floor":20,"turns":4},{"damage":38,"enemies":"3 Cultists","floor":25,"turns":6},{"damage":0,"enemies":"Gremlin Leader","floor":28,"turns":6},{"damage":16,"enemies":"Centurion and Healer","floor":29,"turns":4},{"damage":15,"enemies":"Book of Stabbing","floor":31,"turns":4},{"damage":74,"enemies":"Automaton","floor":33,"turns":8}],"seed_played":"8546864090497556384","potions_obtained":[{"floor":4,"key":"SpeedPotion"},{"floor":5,"key":"PowerPotion"},{"floor":12,"key":"CunningPotion"},{"floor":16,"key":"SkillPotion"},{"floor":20,"key":"EntropicBrew"},{"floor":29,"key":"DuplicationPotion"}],"is_trial":false,"path_per_floor":["M","?","M","M","M","R","$","?","T","R","M","M","M","$","R","B",null,"M","?","M","$","$","R","?","M","T","R","E","M","R","E","R","B"],"character_chosen":"THE_SILENT","items_purchased":["Backstab","Flying Knee","Apotheosis","Noxious Fumes","Poisoned Stab"],"campfire_rested":6,"item_purchase_floors":[7,7,14,21,21],"current_hp_per_floor":[59,48,48,48,37,56,56,61,61,61,59,59,49,49,70,52,66,59,59,46,46,46,67,67,29,29,50,50,34,55,40,61,0,0],"gold":181,"neow_bonus":"THREE_ENEMY_KILL","is_daily":false,"chose_seed":false,"campfire_upgraded":1,"win_rate":0.0,"timestamp":1607983665,"path_taken":["M","?","M","M","M","R","$","?","T","R","?","M","M","$","R","BOSS","M","?","M","?","$","R","?","M","T","R","E","M","R","E","R","BOSS"],"items_purchased_type":["Card","Card","Card","Card","Card"],"build_version":"2020-12-13","purchased_purges":0,"victory":false,"max_hp_per_floor":[66,66,66,66,66,66,66,71,71,71,71,71,71,71,71,71,71,71,71,71,71,71,71,71,71,71,71,71,71,71,71,71,71,71],"relic_stats":{"counters":[15,64],"Sundial":[4],"PreservedInsect":43,"Snake Skull":[13],"obtain_stats":[{"NeowsBlessing":0,"WristBlade":17,"Sundial":9,"PreservedInsect":28,"Snake Skull":31,"Ring of the Snake":0,"Mercury Hourglass":26},{"NeowsBlessing":0,"WristBlade":8,"Sundial":4,"PreservedInsect":12,"Snake Skull":14,"Ring of the Snake":0,"Mercury Hourglass":11},{"NeowsBlessing":0,"WristBlade":28,"Sundial":7,"PreservedInsect":48,"Snake Skull":56,"Ring of the Snake":0,"Mercury Hourglass":42}],"Ring of the Snake":[30],"Mercury Hourglass":[99]},"card_choices":[{"not_picked":["Deflect","Prepared"],"picked":"Cloak And Dagger","floor":1},{"not_picked":["Dagger Throw","Riddle With Holes"],"picked":"PiercingWail","floor":3},{"not_picked":["Blade Dance","Prepared"],"picked":"Slice","floor":4},{"not_picked":["Dagger Spray","Bane"],"picked":"Footwork","floor":5},{"not_picked":["Riddle With Holes","Venomology"],"picked":"Slice","floor":11},{"not_picked":["Quick Slash","Flechettes"],"picked":"Sucker Punch","floor":12},{"not_picked":["Deflect","Flechettes"],"picked":"Dagger Throw","floor":13},{"not_picked":["Tools of the Trade","Glass Knife"],"picked":"A Thousand Cuts","floor":16},{"not_picked":["Flying Knee","Acrobatics"],"picked":"Poisoned Stab+1","floor":18},{"not_picked":["Eviscerate","Underhanded Strike+1"],"picked":"Accuracy","floor":20},{"not_picked":["Dodge and Roll","Acrobatics"],"picked":"Bane","floor":25},{"not_picked":["Flying Knee","Crippling Poison"],"picked":"Catalyst","floor":28},{"not_picked":["Distraction","Heel Hook"],"picked":"Dodge and Roll","floor":29},{"not_picked":["Well Laid Plans","Accuracy"],"picked":"Flying Knee","floor":31}],"player_experience":1441287,"relics_obtained":[{"floor":9,"key":"Sundial"},{"floor":26,"key":"Mercury Hourglass"},{"floor":28,"key":"PreservedInsect"},{"floor":31,"key":"Snake Skull"}],"event_choices":[{"damage_healed":0,"gold_gain":75,"player_choice":"Gather Gold","damage_taken":11,"max_hp_gain":0,"max_hp_loss":0,"event_name":"World of Goop","floor":2,"gold_loss":0},{"damage_healed":0,"gold_gain":0,"player_choice":"Donut","damage_taken":0,"max_hp_gain":5,"max_hp_loss":0,"event_name":"Big Fish","floor":8,"gold_loss":0},{"cards_removed":["Defend_G"],"damage_healed":0,"gold_gain":0,"player_choice":"Offered Basic","damage_taken":0,"max_hp_gain":0,"max_hp_loss":0,"event_name":"Bonfire Elementals","floor":19,"gold_loss":0},{"damage_healed":0,"gold_gain":0,"player_choice":"Upgraded","damage_taken":0,"max_hp_gain":0,"max_hp_loss":0,"event_name":"Upgrade Shrine","floor":24,"gold_loss":0,"cards_upgraded":["Apotheosis"]}],"is_beta":false,"boss_relics":[{"not_picked":["Ring of the Serpent","HoveringKite"],"picked":"WristBlade"}],"items_purged_floors":[],"is_endless":false,"potions_floor_spawned":[4,5,12,16,20,29],"killed_by":"Automaton","ascension_level":19}}