{"host":"p7j7o00jacnw7qzt","time":1607928605,"event":{"mods":["BaseMod","Colored Map","Colored Powertips","DeckTracker","Highlight Path","Minty Spire (QoL Compilation)","Relic Stats"],"gold_per_floor":[364,384,5,80,100,135,135,135,135],"floor_reached":8,"playtime":314,"items_purged":["Strike_R"],"score":112,"play_id":"242e648b-c757-4857-a296-7a7a74758358","local_time":"20201214015005","is_ascension_mode":true,"campfire_choices":[{"data":"Armaments","floor":7.0,"key":"SMITH"}],"circlet_count":0,"master_deck":["AscendersBane","Strike_R","Strike_R","Strike_R","Strike_R","Defend_R","Defend_R","Defend_R","Defend_R","Bash","Pommel Strike","Whirlwind","Shrug It Off","Armaments+1"],"relics":["Burning Blood","Membership Card","Prayer Wheel","Du-Vu Doll"],"acts_visited":["Exordium"],"potions_floor_usage":[8],"damage_taken":[{"damage":7.0,"enemies":"Cultist","floor":1.0,"turns":4.0},{"damage":6.0,"enemies":"2 Louse","floor":2.0,"turns":4.0},{"damage":6.0,"enemies":"Jaw Worm","floor":5.0,"turns":5.0},{"damage":19.0,"enemies":"3 Sentries","floor":6.0,"turns":6.0},{"damage":43,"enemies":"Gremlin Nob","floor":8,"turns":4}],"seed_played":"-6414056364666853121","potions_obtained":[{"floor":1.0,"key":"DuplicationPotion"},{"floor":2.0,"key":"Weak Potion"},{"floor":6.0,"key":"Weak Potion"}],"is_trial":false,"path_per_floor":["M","M","$","?","M","E","R","E"],"character_chosen":"IRONCLAD","items_purchased":["Membership Card","Prayer Wheel","Whirlwind"],"campfire_rested":0,"item_purchase_floors":[3,3,3],"current_hp_per_floor":[49,49,49,38,38,25,25,0,0],"gold":135,"neow_bonus":"TWO_FIFTY_GOLD","is_daily":false,"chose_seed":false,"campfire_upgraded":1,"win_rate":0.0,"timestamp":1607928605,"path_taken":["M","M","$","?","M","E","R","E"],"items_purchased_type":["Relic","Relic","Card"],"build_version":"2020-12-13","purchased_purges":1,"victory":false,"max_hp_per_floor":[75,75,75,75,75,75,75,75,75],"relic_stats":{"counters":[5,23],"Prayer Wheel":1,"obtain_stats":[{"Du-Vu Doll":6,"Prayer Wheel":3,"Membership Card":3,"Burning Blood":0},{"Du-Vu Doll":4,"Prayer Wheel":2,"Membership Card":2,"Burning Blood":0},{"Du-Vu Doll":19,"Prayer Wheel":8,"Membership Card":8,"Burning Blood":0}],"Burning Blood":24},"card_choices":[{"not_picked":["Dual Wield","Heavy Blade"],"picked":"Pommel Strike","floor":1.0},{"not_picked":["Havoc","Clothesline","Thunderclap"],"picked":"SKIP","floor":2.0},{"not_picked":["Heavy Blade","Headbutt"],"picked":"Shrug It Off","floor":5.0},{"not_picked":["Rage","Dropkick","Warcry"],"picked":"SKIP","floor":5.0},{"not_picked":["Intimidate","Iron Wave"],"picked":"Armaments","floor":6.0}],"player_experience":851719,"relics_obtained":[{"floor":6.0,"key":"Du-Vu Doll"}],"event_choices":[{"damage_healed":0.0,"max_hp_gain":0.0,"max_hp_loss":0.0,"gold_gain":75.0,"event_name":"World of Goop","player_choice":"Gather Gold","floor":4.0,"gold_loss":0.0,"damage_taken":11.0}],"is_beta":false,"boss_relics":[],"items_purged_floors":[3],"is_endless":false,"potions_floor_spawned":[1,2,6],"killed_by":"Gremlin Nob","ascension_level":20}}