{"host":"voynvaosqxulty6e","time":1607950910,"event":{"mods":["BaseMod","Downfall","Minty Spire (QoL Compilation)","StSLib"],"gold_per_floor":[99,99,99,164,164,3,51,61,78,78,90,75,88,101,114,217,217,217,202,214,232,248,248,248],"floor_reached":23,"playtime":1132,"items_purged":[],"score":183,"play_id":"4ea8a9b9-38c4-4a1d-b62c-fc2095dc320b","local_time":"20201214140150","is_ascension_mode":false,"campfire_choices":[{"data":"Slimebound:CorrosiveSpit","floor":1,"key":"SMITH"},{"data":"Slimebound:SplitBruiser","floor":10,"key":"SMITH"},{"data":"Slimebound:GoopTackle","floor":18,"key":"SMITH"}],"circlet_count":0,"master_deck":["Slimebound:Strike_Slimebound","Slimebound:Strike_Slimebound","Slimebound:Strike_Slimebound","Slimebound:Tackle","Slimebound:Defend_Slimebound","Slimebound:Defend_Slimebound","Slimebound:Defend_Slimebound+1","Slimebound:Defend_Slimebound","Slimebound:Split+1","Slimebound:CorrosiveSpit+1","Slimebound:LeechEnergy+1","Slimebound:SplitBruiser+1","Slimebound:RollThrough","Regret","Slimebound:LevelUp","Slimebound:Nibble","Slimebound:SamplingLick","Slimebound:GoopTackle+1","Slimebound:SlimeSpikes","Slimebound:OneTwoCombo","Slimebound:ViciousTackle+1","Slimebound:SplitBruiser+1"],"relics":["Slimebound:AbsorbEndCombatUpgraded","downfall:HeartsMalice","Orichalcum","Bag of Marbles","Ancient Tea Set"],"acts_visited":["Exordium","TheCity"],"potions_floor_usage":[12,12,16,16],"damage_taken":[{"damage":0,"enemies":"2 Louse","floor":2,"turns":1},{"damage":0,"enemies":"Small Slimes","floor":3,"turns":1},{"damage":0,"enemies":"3 Sentries","floor":4,"turns":1},{"damage":22,"enemies":"downfall:FleeingMerchant","floor":6,"turns":4},{"damage":4,"enemies":"Jaw Worm","floor":8,"turns":1},{"damage":30,"enemies":"Exordium Thugs","floor":9,"turns":4},{"damage":14,"enemies":"Blue Slaver","floor":11,"turns":2},{"damage":18,"enemies":"downfall:FleeingMerchant","floor":12,"turns":4},{"damage":15,"enemies":"Exordium Wildlife","floor":13,"turns":3},{"damage":12,"enemies":"Red Slaver","floor":14,"turns":3},{"damage":13,"enemies":"Exordium Thugs","floor":15,"turns":3},{"damage":45,"enemies":"downfall:Watcher","floor":16,"turns":5},{"damage":21,"enemies":"downfall:FleeingMerchant","floor":19,"turns":4},{"damage":25,"enemies":"Shell Parasite","floor":20,"turns":4},{"damage":40,"enemies":"Centurion and Healer","floor":21,"turns":4},{"damage":26,"enemies":"Snecko","floor":22,"turns":4},{"damage":8,"enemies":"3 Cultists","floor":23,"turns":1}],"seed_played":"-1072328618612661072","potions_obtained":[{"floor":4,"key":"Block Potion"},{"floor":11,"key":"sneckomod:MuddlingPotion"},{"floor":14,"key":"DistilledChaos"},{"floor":15,"key":"Swift Potion"},{"floor":16,"key":"Ancient Potion"},{"floor":22,"key":"Slimebound:SlimedPotion"}],"is_trial":false,"path_per_floor":["R","M","M","?","?","$","T","M","M","R","M","$","M","M","M","B",null,"R","$","M","M","M","M"],"character_chosen":"SLIMEBOUND","items_purchased":["Bag of Marbles"],"campfire_rested":0,"item_purchase_floors":[6],"current_hp_per_floor":[60,60,60,60,60,56,56,58,36,36,26,24,21,23,30,13,60,60,60,51,23,5,0,0],"gold":248,"neow_bonus":"THREE_ENEMY_KILL","is_daily":false,"chose_seed":false,"campfire_upgraded":3,"win_rate":0.0,"timestamp":1607950910,"path_taken":["R","M","M","?","?","$","T","M","M","R","M","?","M","M","M","BOSS","R","$","M","M","M","M"],"items_purchased_type":["Relic"],"build_version":"2020-12-13","purchased_purges":0,"victory":false,"max_hp_per_floor":[60,60,60,60,60,60,60,60,60,60,60,60,60,60,60,60,60,60,60,60,60,60,60,60],"card_choices":[{"not_picked":["Slimebound:SamplingLick","Slimebound:SlimeBrawl"],"picked":"Slimebound:LeechEnergy","floor":2},{"not_picked":["Slimebound:FinishingTackle","Slimebound:ComboTackle"],"picked":"Slimebound:SplitBruiser","floor":3},{"not_picked":["Slimebound:SlimeBarrage","Slimebound:SamplingLick"],"picked":"Slimebound:RollThrough","floor":4},{"not_picked":["Slimebound:ViciousTackle","Slimebound:WasteNot"],"picked":"Slimebound:LevelUp","floor":6},{"not_picked":["Slimebound:GrowthPunch","Slimebound:RainOfGoop"],"picked":"Slimebound:Nibble","floor":8},{"not_picked":["Slimebound:GrowthPunch","Slimebound:FormOfPuddle"],"picked":"Slimebound:SamplingLick","floor":9},{"not_picked":["Slimebound:SplitLeeching","Slimebound:Schlurp"],"picked":"Slimebound:GoopTackle","floor":11},{"not_picked":["Slimebound:GrowthPunch","Slimebound:SplitLeeching"],"picked":"Slimebound:SlimeSpikes","floor":12},{"not_picked":["Slimebound:ViciousTackle","Slimebound:SplitAcid","Slimebound:GoopSpray"],"picked":"SKIP","floor":13},{"not_picked":["Slimebound:SplitAcid","Slimebound:AcidTongue","Slimebound:GoopSpray"],"picked":"SKIP","floor":14},{"not_picked":["Slimebound:Schlurp","Slimebound:SlimeSpikes","Slimebound:TongueLash"],"picked":"SKIP","floor":15},{"not_picked":["Slimebound:LeechLife","Slimebound:Overexert"],"picked":"Slimebound:OneTwoCombo","floor":16},{"not_picked":["Slimebound:SplitMire","Slimebound:GoopSpray"],"picked":"Slimebound:ViciousTackle+1","floor":19},{"not_picked":["Slimebound:SlimeSpikes","Slimebound:LeadByExample"],"picked":"Slimebound:SplitBruiser+1","floor":20},{"not_picked":["Slimebound:SplitLeeching","Slimebound:SlimeSpikes","Slimebound:SamplingLick"],"picked":"SKIP","floor":21},{"not_picked":["Slimebound:GrowthPunch","Slimebound:GoopSpray","Slimebound:PressTheAttack"],"picked":"SKIP","floor":22}],"player_experience":196580,"relics_obtained":[{"floor":4,"key":"Orichalcum"},{"floor":7,"key":"Ancient Tea Set"}],"event_choices":[],"is_beta":false,"boss_relics":[{"not_picked":["Astrolabe","SlaversCollar"],"picked":"Slimebound:AbsorbEndCombatUpgraded"}],"items_purged_floors":[],"is_endless":false,"potions_floor_spawned":[4,11,14,15,16,22],"killed_by":"3 Cultists","ascension_level":0}}