{"host":"mn5ze3eyhx81nlo2","time":1607951129,"event":{"mods":["BaseMod","Block Reminder","Challenge The Spire","Downfall","Hermit","Hubris","Infinite Spire","Minty Spire (QoL Compilation)","Quick Restart","Replay The Spire","Shade Mod","StSLib","The Cursed","The Druid","The Hierophant","The Runesmith","Unceasing Turn Reminder"],"gold_per_floor":[99,99,99,124,124,152,152,152,170,201,111,128,128,128,128,128,139,234,234,234,509,469,497,497,514,514,538,538,579,597,597,623,625,648,759,759,759,759,786,786,799,799,823,835,835],"floor_reached":44,"playtime":1795,"items_purged":["Slimebound:Strike_Slimebound","Regret"],"score":607,"play_id":"43ddf3b9-3403-415e-8bfb-cf12396a8f1d","local_time":"20201214130529","is_ascension_mode":true,"campfire_choices":[{"data":"Slimebound:Split","floor":1,"key":"SMITH"},{"floor":20,"key":"DIG"},{"floor":24,"key":"REST"},{"floor":37,"key":"DIG"},{"floor":40,"key":"DIG"},{"data":"Slimebound:Overexert","floor":42,"key":"SMITH"}],"circlet_count":0,"master_deck":["Slimebound:Strike_Slimebound","Slimebound:Strike_Slimebound","Slimebound:Tackle","Slimebound:Defend_Slimebound","Slimebound:Defend_Slimebound","Slimebound:Defend_Slimebound","Slimebound:Split+1","Slimebound:CorrosiveSpit","Slimebound:SplitLeeching","Slimebound:SelfFormingGoo+1","Slimebound:SplitBruiser","Slimebound:Repurpose","Slimebound:SplitMire","Slimebound:Teamwork","CurseOfTheBell","Slimebound:SpikyOuterGoop","Slimebound:Icky","Slimebound:LeadByExample","Slimebound:MassRepurpose","Slimebound:PressTheAttack","Slimebound:SplitAcid","Slimebound:SlimeBarrage","Slimebound:ForwardTackle","Slimebound:Overexert+1","Slimebound:Darklings"],"relics":["Slimebound:AbsorbEndCombat","downfall:HeartsMalice","Replay:Multitool","Juzu Bracelet","hubris:Potato","ReplayTheSpireMod:Shallot","Blood Vial","Calling Bell","Slimebound:AggressiveSlimeRelic","StrikeDummy","Incense Burner","Question Card","ReplayTheSpireMod:CursedCoin","infinitespire:Beetle Shell","infinitespire:Midas Blood","hubris:Towel","hubris:MysteriousPyramids","Busted Crown","Unceasing Top","Lantern","Anchor"],"acts_visited":["Exordium","TheCity","TheBeyond"],"potions_floor_usage":[6,11,18,18,29,30,44],"damage_taken":[{"damage":0,"enemies":"Small Slimes","floor":3,"turns":1},{"damage":0,"enemies":"Gremlin Nob","floor":4,"turns":1},{"damage":0,"enemies":"Cultist","floor":5,"turns":1},{"damage":36,"enemies":"Lagavulin","floor":6,"turns":5},{"damage":7,"enemies":"2 Louse","floor":9,"turns":2},{"damage":19,"enemies":"Replay:BlueRogue","floor":10,"turns":4},{"damage":4,"enemies":"downfall:FleeingMerchant","floor":11,"turns":4},{"damage":11,"enemies":"Gremlin Gang","floor":12,"turns":5},{"damage":4,"enemies":"Exordium Wildlife","floor":17,"turns":4},{"damage":35,"enemies":"downfall:Watcher","floor":18,"turns":11},{"damage":0,"enemies":"downfall:FleeingMerchant","floor":22,"turns":4},{"damage":48,"enemies":"Book of Stabbing","floor":23,"turns":7},{"damage":31,"enemies":"3 Byrds","floor":25,"turns":5},{"damage":55,"enemies":"3 Cultists","floor":27,"turns":6},{"damage":17,"enemies":"Replay:Snechameleon","floor":29,"turns":6},{"damage":18,"enemies":"Snake Plant","floor":30,"turns":3},{"damage":24,"enemies":"Centurion and Healer","floor":32,"turns":8},{"damage":11,"enemies":"Chosen and Byrds","floor":34,"turns":6},{"damage":50,"enemies":"downfall:Defect","floor":35,"turns":12},{"damage":32,"enemies":"3 Darklings","floor":39,"turns":4},{"damage":11,"enemies":"3 Shapes","floor":41,"turns":3},{"damage":108,"enemies":"Reptomancer","floor":44,"turns":7}],"seed_played":"-6097175840427574724","potions_obtained":[{"floor":4,"key":"LifebloodPotion"},{"floor":10,"key":"Fire Potion"},{"floor":12,"key":"Venom Potion"},{"floor":17,"key":"Guardian:BlockOnCardUsePotion"},{"floor":25,"key":"LifebloodPotion"},{"floor":27,"key":"Explosive Potion"},{"floor":34,"key":"SteroidPotion"},{"floor":35,"key":"Milkshake"},{"floor":41,"key":"PowerPotion"}],"is_trial":false,"path_per_floor":["R","?","M","E","M","E","T","?","M","E","$","M","PTL","PTL","?","?","M","B",null,"R","?","$","E","R","M","T","M","?","E","M","?","M","?","M","B",null,"R","?","M","R","M","R","T","E"],"character_chosen":"SLIMEBOUND","items_purchased":["ReplayTheSpireMod:CursedCoin","Slimebound:LeadByExample"],"campfire_rested":1,"item_purchase_floors":[22,22],"current_hp_per_floor":[60,60,60,60,60,49,49,49,57,49,60,60,60,60,60,60,60,41,60,60,60,60,19,37,33,33,17,17,46,54,54,60,50,64,47,65,65,65,45,45,65,65,65,0,0],"gold":835,"neow_bonus":"THREE_ENEMY_KILL","is_daily":false,"chose_seed":false,"campfire_upgraded":2,"win_rate":0.0,"timestamp":1607951129,"path_taken":["R","?","M","E","M","E","T","?","M","E","$","M","PTL","PTL","?","?","M","BOSS","R","?","$","E","R","M","T","M","?","E","M","?","M","?","M","BOSS","R","?","M","R","M","R","T","E"],"items_purchased_type":["Relic","Card"],"build_version":"2020-12-13","purchased_purges":2,"victory":false,"max_hp_per_floor":[60,60,60,60,60,60,60,60,60,60,60,60,60,60,60,60,60,60,60,60,60,60,60,60,60,60,60,60,60,60,60,60,65,65,65,65,65,65,65,65,65,65,65,65,65],"card_choices":[{"not_picked":["Slimebound:MegaLick","Slimebound:ViciousTackle"],"picked":"Slimebound:SplitLeeching","floor":3},{"not_picked":["Slimebound:ForwardTackle","Slimebound:SamplingLick"],"picked":"Slimebound:SelfFormingGoo","floor":4},{"not_picked":["Slimebound:PressTheAttack","Slimebound:SlimeBrawl"],"picked":"Slimebound:SplitBruiser","floor":5},{"not_picked":["Slimebound:FinishingTackle","Slimebound:SlimeBrawl","Slimebound:Chomp"],"picked":"SKIP","floor":6},{"not_picked":["Slimebound:FinishingTackle","Slimebound:SlimeBrawl","Slimebound:Chomp"],"picked":"SKIP","floor":6},{"not_picked":["Slimebound:FinishingTackle","Slimebound:SlimeBrawl","Slimebound:Chomp"],"picked":"SKIP","floor":6},{"not_picked":["Slimebound:Schlurp","Slimebound:FlameTackle","Slimebound:RollThrough"],"picked":"SKIP","floor":9},{"not_picked":["Slimebound:FinishingTackle","Slimebound:FormOfPuddle","Slimebound:Gluttony"],"picked":"SKIP","floor":10},{"not_picked":["Slimebound:SplitBruiser","Slimebound:Dissolve"],"picked":"Slimebound:Repurpose","floor":11},{"not_picked":["Slimebound:Chomp","Slimebound:SplitLeeching"],"picked":"Slimebound:SplitMire","floor":12},{"not_picked":["Slimebound:Schlurp","Slimebound:FinishingTackle","Slimebound:GrowthPunch"],"picked":"SKIP","floor":17},{"not_picked":["Slimebound:SlimeSlap","Slimebound:PrepareCrush"],"picked":"Slimebound:Teamwork","floor":18},{"not_picked":["Slimebound:GoopSpray","Slimebound:Repurpose","Slimebound:MegaLick"],"picked":"Slimebound:SpikyOuterGoop","floor":22},{"not_picked":["Slimebound:Grow","Slimebound:BestDefense","Slimebound:DisruptingSlam"],"picked":"Slimebound:MassRepurpose","floor":23},{"not_picked":["Slimebound:ComboTackle","Slimebound:SplitBruiser","Slimebound:LeechEnergy"],"picked":"Slimebound:PressTheAttack","floor":25},{"not_picked":["Slimebound:Dissolve","Slimebound:MegaLick","Slimebound:FinishingTackle"],"picked":"Slimebound:SplitAcid","floor":27},{"not_picked":["Slimebound:ViciousTackle+1","Slimebound:SplitAcid","Slimebound:LeechingTouch","Slimebound:Teamwork"],"picked":"SKIP","floor":29},{"not_picked":["Slimebound:SlimeBrawl+1","Slimebound:Grow","Slimebound:BestDefense+1","Slimebound:GoopSpray+1"],"picked":"SKIP","floor":30},{"not_picked":["Slimebound:MegaLick","Slimebound:RollThrough","Slimebound:Schlurp","Slimebound:Prepare"],"picked":"SKIP","floor":32},{"not_picked":["Slimebound:FinishingTackle","Slimebound:Schlurp","Slimebound:HauntingLick+1"],"picked":"Slimebound:ForwardTackle","floor":34},{"not_picked":["Slimebound:OozeBath","Slimebound:Teamwork","Slimebound:LeechLife"],"picked":"Slimebound:Overexert","floor":35},{"not_picked":["Slimebound:SpikyOuterGoop","Slimebound:SplitBruiser+1"],"picked":"SKIP","floor":39},{"not_picked":["Slimebound:LeechingTouch","Slimebound:Schlurp"],"picked":"SKIP","floor":41}],"player_experience":865711,"relics_obtained":[{"floor":4,"key":"Replay:Multitool"},{"floor":6,"key":"Juzu Bracelet"},{"floor":7,"key":"hubris:Potato"},{"floor":10,"key":"ReplayTheSpireMod:Shallot"},{"floor":16,"key":"Blood Vial"},{"floor":19,"key":"Slimebound:AggressiveSlimeRelic"},{"floor":19,"key":"StrikeDummy"},{"floor":19,"key":"Incense Burner"},{"floor":20,"key":"Question Card"},{"floor":23,"key":"infinitespire:Beetle Shell"},{"floor":26,"key":"infinitespire:Midas Blood"},{"floor":29,"key":"hubris:MysteriousPyramids"},{"floor":37,"key":"Unceasing Top"},{"floor":40,"key":"Lantern"},{"floor":43,"key":"Anchor"}],"event_choices":[{"damage_healed":0,"gold_gain":0,"player_choice":"Read","damage_taken":0,"max_hp_gain":0,"max_hp_loss":0,"event_name":"The Library","floor":31,"gold_loss":0,"cards_obtained":["Slimebound:SlimeBarrage"]}],"is_beta":false,"boss_relics":[{"not_picked":["hubris:RunicObelisk","Black Star"],"picked":"Calling Bell"},{"not_picked":["Pandora\u0027s Box","Honey Jar"],"picked":"Busted Crown"}],"items_purged_floors":[11,22],"is_endless":false,"potions_floor_spawned":[4,10,12,17,25,27,34,35,41],"killed_by":"Reptomancer","ascension_level":4}}