{"host":"dntw6kil9p09eemm","time":1607978734,"event":{"mods":["AchievementEnabler","BaseMod","Become a monster €›?Œ÷","Colored Powertips","Keyboard Shortcuts","Minty Spire (QoL Compilation)","Shop Mod","StSLib"],"gold_per_floor":[99,111,130,144,163,91,118,118,129,129,129,148,166,166,191,191,287,287,307,321,321,321],"floor_reached":21,"playtime":1057,"items_purged":[],"score":218,"play_id":"4c813427-8ca9-4891-ba78-0ad2adedb1cb","local_time":"20201215054534","is_ascension_mode":false,"campfire_choices":[{"floor":8,"key":"REST"},{"floor":14,"key":"REST"},{"data":"Sword Boomerang","floor":16,"key":"SMITH"}],"circlet_count":0,"master_deck":["Strike_R","Strike_R","Strike_R","Defend_R","Defend_R","Defend_R","Defend_R","Bash","Rupture","Combust","Sword Boomerang+1","Headbutt","Sword Boomerang","Cleave","Berserk","Bloodletting","Headbutt"],"relics":["Burning Blood","MerchantsRug","Darkstone Periapt","Paper Frog","Letter Opener","Empty Cage"],"acts_visited":["Exordium","TheCity"],"potions_floor_usage":[6,15,17,21],"damage_taken":[{"damage":0,"enemies":"3 Shapes","floor":2,"turns":1},{"damage":12,"enemies":"2 Louse","floor":3,"turns":3},{"damage":5,"enemies":"Jaw Worm","floor":4,"turns":6},{"damage":16,"enemies":"2 Fungi Beasts","floor":5,"turns":4},{"damage":58,"enemies":"Lagavulin","floor":7,"turns":10},{"damage":16,"enemies":"Large Slime","floor":9,"turns":5},{"damage":9,"enemies":"Exordium Wildlife","floor":12,"turns":4},{"damage":10,"enemies":"Exordium Thugs","floor":13,"turns":4},{"damage":13,"enemies":"Gremlin Nob","floor":15,"turns":4},{"damage":48,"enemies":"Hexaghost","floor":17,"turns":8},{"damage":27,"enemies":"Shell Parasite","floor":19,"turns":5},{"damage":16,"enemies":"Chosen","floor":20,"turns":5},{"damage":57,"enemies":"Snake Plant","floor":21,"turns":5}],"seed_played":"-7377337048817338017","potions_obtained":[{"floor":4,"key":"Block Potion"},{"floor":5,"key":"EntropicBrew"},{"floor":9,"key":"SteroidPotion"},{"floor":11,"key":"BlessingOfTheForge"},{"floor":11,"key":"LiquidMemories"},{"floor":15,"key":"Strength Potion"}],"is_trial":false,"path_per_floor":["M","M","M","M","M","$","E","R","M","T","?","M","M","R","E","R","B",null,"M","M","M"],"character_chosen":"IRONCLAD","items_purchased":["MerchantsRug"],"campfire_rested":2,"item_purchase_floors":[6],"current_hp_per_floor":[88,88,82,83,73,73,21,47,37,37,37,34,30,56,49,49,7,88,67,57,0,0],"gold":321,"neow_bonus":"TEN_PERCENT_HP_BONUS","is_daily":false,"chose_seed":false,"campfire_upgraded":1,"win_rate":0.0,"timestamp":1607978734,"path_taken":["M","M","M","M","$","E","R","M","T","?","M","M","R","E","R","BOSS","M","M","M"],"items_purchased_type":["Relic"],"build_version":"2020-12-13","purchased_purges":0,"victory":false,"max_hp_per_floor":[88,88,88,88,88,88,88,88,88,88,88,88,88,88,88,88,88,88,88,88,88,88],"card_choices":[{"not_picked":["Clothesline","Wild Strike"],"picked":"Rupture","floor":2},{"not_picked":["Body Slam","Wild Strike"],"picked":"Combust","floor":3},{"not_picked":["Havoc","Combust"],"picked":"Sword Boomerang","floor":4},{"not_picked":["Searing Blow","Havoc"],"picked":"Headbutt","floor":5},{"not_picked":["Reaper","Clash"],"picked":"Sword Boomerang","floor":7},{"not_picked":["Clash","Power Through","Heavy Blade"],"picked":"SKIP","floor":9},{"not_picked":["Pommel Strike","Flex","Body Slam"],"picked":"SKIP","floor":12},{"not_picked":["Offering","Twin Strike"],"picked":"Cleave","floor":13},{"not_picked":["Wild Strike","Havoc","Twin Strike"],"picked":"SKIP","floor":15},{"not_picked":["Fiend Fire","Corruption"],"picked":"Berserk","floor":17},{"not_picked":["Iron Wave","Clash"],"picked":"Bloodletting","floor":19},{"not_picked":["Spot Weakness+1","Twin Strike"],"picked":"Headbutt","floor":20}],"player_experience":121374,"relics_obtained":[{"floor":7,"key":"Darkstone Periapt"},{"floor":10,"key":"Paper Frog"},{"floor":15,"key":"Letter Opener"}],"event_choices":[{"damage_healed":0,"gold_gain":0,"player_choice":"Got Potions","damage_taken":0,"max_hp_gain":0,"max_hp_loss":0,"event_name":"Lab","floor":11,"gold_loss":0}],"is_beta":false,"boss_relics":[{"not_picked":["Ectoplasm","Coffee Dripper"],"picked":"Empty Cage"}],"items_purged_floors":[],"is_endless":false,"potions_floor_spawned":[4,5,9,13,15],"killed_by":"Snake Plant","ascension_level":0}}