{"host":"cd25ms2o8pjhjp7m","time":1607957302,"event":{"mods":["AchievementEnabler","Act Like it!","Aspiration","BaseMod","Better Note","Better Third Choice","BetterRewards","Friendly Minions","FruityMod","GifTheSpireLib","Hubris","Infinite Spire","Marisa????????","Minty Spire (QoL Compilation)","Rare Cards Sparkle","Relic Stats","Replay The Spire","Say the Spire","Shade Mod","Shedinja","Somnambulant","StSLib","The Exalted","Uncapped"],"gold_per_floor":[117,117,11,28,42,42,42,42,65,97,97,97,123,152,152,152,152],"floor_reached":16,"playtime":628,"items_purged":[],"score":92,"play_id":"85378754-0d15-4408-a1d3-85517f4f09c6","local_time":"20201214154822","is_ascension_mode":false,"campfire_choices":[{"data":"MaximisePower","floor":6,"key":"SMITH"},{"data":"SprinkleStarSeal","floor":8,"key":"SMITH"},{"data":"MasterSpark","floor":15,"key":"SMITH"}],"circlet_count":0,"master_deck":["Strike_MRS+1","Strike_MRS+1","Strike_MRS","Strike_MRS","Defend_MRS","Defend_MRS","Defend_MRS","Defend_MRS","MasterSpark+1","UpSweep","SprinkleStarSeal+1","ChargingUp+1","GrandCross","MaximisePower+1","WitchOfGreed","MeteoricShower","Burn","Burn","MysteriousBeam","Occultation"],"relics":["MiniHakkero","NeowsBlessing","hubris:64BitClover","GremlinMask"],"acts_visited":["Exordium"],"potions_floor_usage":[16,16],"damage_taken":[{"damage":0,"enemies":"Small Slimes","floor":1,"turns":1},{"damage":0,"enemies":"infinitespire:Voidling","floor":4,"turns":1},{"damage":0,"enemies":"Cultist","floor":5,"turns":1},{"damage":5,"enemies":"Red Slaver","floor":10,"turns":3},{"damage":5,"enemies":"3 Louse","floor":13,"turns":5},{"damage":2,"enemies":"Looter","floor":14,"turns":2},{"damage":63,"enemies":"Slime Boss","floor":16,"turns":11}],"seed_played":"-2495621624743785679","potions_obtained":[{"floor":1,"key":"Reflective Coating"},{"floor":4,"key":"LiquidMemories"},{"floor":10,"key":"Explosive Potion"},{"floor":10,"key":"SkillPotion"},{"floor":13,"key":"Adrenaline Potion"},{"floor":14,"key":"PowerPotion"}],"is_trial":false,"path_per_floor":["M","?","$","M","M","R","$","R","T","M","?","?","M","M","R","B"],"character_chosen":"MARISA","items_purchased":["ChargingUp+1","GrandCross"],"campfire_rested":0,"item_purchase_floors":[3,3],"current_hp_per_floor":[75,75,75,75,75,75,75,75,75,70,70,70,65,63,63,0,0],"gold":152,"neow_bonus":"THREE_ENEMY_KILL","is_daily":false,"chose_seed":false,"campfire_upgraded":3,"win_rate":0.0,"timestamp":1607957302,"path_taken":["M","?","$","M","M","R","$","R","T","?","?","?","M","?","R","BOSS"],"items_purchased_type":["Card","Card"],"build_version":"2020-12-13","purchased_purges":0,"victory":false,"max_hp_per_floor":[75,75,75,75,75,75,75,75,75,75,75,75,75,75,75,75,75],"relic_stats":{"counters":[7,24],"obtain_stats":[{"NeowsBlessing":0,"hubris:64BitClover":2,"GremlinMask":12,"MiniHakkero":0},{"NeowsBlessing":0,"hubris:64BitClover":1,"GremlinMask":4,"MiniHakkero":0},{"NeowsBlessing":0,"hubris:64BitClover":1,"GremlinMask":6,"MiniHakkero":0}]},"card_choices":[{"not_picked":["MysteriousBeam","NonDirectionalLaser"],"picked":"SprinkleStarSeal","floor":1},{"not_picked":["6A","DoubleSpark"],"picked":"MaximisePower","floor":4},{"not_picked":["LuminesStrike","PowerUp"],"picked":"WitchOfGreed","floor":5},{"not_picked":["ShootingEcho","OpenUniverse"],"picked":"MeteoricShower","floor":10},{"not_picked":["Acceleration","StarBarrage"],"picked":"MysteriousBeam","floor":13},{"not_picked":["ManaConvection","DC"],"picked":"Occultation","floor":14}],"player_experience":579925,"relics_obtained":[],"event_choices":[{"damage_healed":0,"gold_gain":0,"player_choice":"Gave Potion","damage_taken":0,"relics_obtained":["hubris:64BitClover"],"max_hp_gain":0,"max_hp_loss":0,"event_name":"WeMeetAgain","floor":2,"gold_loss":0},{"damage_healed":0,"gold_gain":0,"player_choice":"Trade","damage_taken":0,"relics_obtained":["GremlinMask"],"max_hp_gain":0,"max_hp_loss":0,"event_name":"FaceTrader","floor":12,"gold_loss":0}],"is_beta":false,"boss_relics":[],"items_purged_floors":[],"is_endless":false,"potions_floor_spawned":[1,4,10,14],"killed_by":"Slime Boss","ascension_level":0}}