{"host":"wha9hktbkslqvblg","time":1607925388,"event":{"mods":["BaseMod","Colored Map","Minty Spire (QoL Compilation)","Relic Stats","SuperFastMode","everything is the same but u backflip on backflip"],"gold_per_floor":[112,112,187,202,202,227,227,247,247,274,274,285,59,90,90,168,168,168],"floor_reached":17,"playtime":347,"items_purged":[],"score":426,"play_id":"2ea84c55-1284-49e8-970b-286ca0414417","local_time":"20201214145628","is_ascension_mode":true,"campfire_choices":[{"data":"Pommel Strike","floor":7,"key":"SMITH"},{"data":"Berserk","floor":15,"key":"SMITH"}],"circlet_count":0,"master_deck":["AscendersBane","Strike_R","Strike_R","Strike_R","Strike_R","Strike_R","Defend_R","Defend_R","Defend_R","Defend_R","Bash","Pommel Strike+1","Shrug It Off","Spot Weakness","Reaper","Barricade","Body Slam","Berserk+1","Limit Break"],"relics":["Burning Blood","NeowsBlessing","HornCleat","Happy Flower","Strawberry","Odd Mushroom","Dream Catcher","Sozu"],"acts_visited":["Exordium","TheCity"],"potions_floor_usage":[14,16],"damage_taken":[{"damage":0,"enemies":"Jaw Worm","floor":1,"turns":1},{"damage":0,"enemies":"2 Louse","floor":4,"turns":1},{"damage":0,"enemies":"3 Sentries","floor":6,"turns":2},{"damage":0,"enemies":"Small Slimes","floor":8,"turns":3},{"damage":10,"enemies":"The Mushroom Lair","floor":10,"turns":5},{"damage":4,"enemies":"3 Louse","floor":12,"turns":4},{"damage":0,"enemies":"Gremlin Nob","floor":14,"turns":3},{"damage":55,"enemies":"The Guardian","floor":16,"turns":18}],"seed_played":"-558956311722361124","potions_obtained":[{"floor":1,"key":"FearPotion"},{"floor":10,"key":"Weak Potion"},{"floor":16,"key":"PowerPotion"}],"is_trial":false,"path_per_floor":["M","?","?","M","?","E","R","M","T","?","?","M","$","E","R","B",null],"character_chosen":"IRONCLAD","items_purchased":["Barricade","Body Slam"],"campfire_rested":0,"item_purchase_floors":[13,13],"current_hp_per_floor":[74,74,63,69,51,57,57,63,70,66,66,73,73,79,79,38,71,71],"gold":168,"neow_bonus":"THREE_ENEMY_KILL","is_daily":false,"chose_seed":false,"campfire_upgraded":2,"win_rate":0.0,"timestamp":1607925388,"path_taken":["M","?","?","M","?","E","R","M","T","?","?","M","$","E","R","BOSS"],"items_purchased_type":["Card","Card"],"build_version":"2020-12-13","purchased_purges":0,"victory":false,"max_hp_per_floor":[75,75,75,75,75,75,75,75,82,82,82,82,82,82,82,82,82,82],"relic_stats":{"Sozu":0,"Dream Catcher":0,"Happy Flower":[11],"counters":[8,37],"obtain_stats":[{"Sozu":17,"Dream Catcher":14,"HornCleat":5,"NeowsBlessing":0,"Happy Flower":6,"Strawberry":9,"Odd Mushroom":10,"Burning Blood":0},{"Sozu":8,"Dream Catcher":7,"HornCleat":2,"NeowsBlessing":0,"Happy Flower":3,"Strawberry":4,"Odd Mushroom":5,"Burning Blood":0},{"Sozu":37,"Dream Catcher":19,"HornCleat":2,"NeowsBlessing":0,"Happy Flower":4,"Strawberry":7,"Odd Mushroom":12,"Burning Blood":0}],"Burning Blood":48},"card_choices":[{"not_picked":["Entrench","Disarm"],"picked":"Pommel Strike","floor":1},{"not_picked":["Perfected Strike","Searing Blow"],"picked":"Shrug It Off","floor":4},{"not_picked":["Intimidate","Anger","Headbutt"],"picked":"SKIP","floor":6},{"not_picked":["Wild Strike","Juggernaut"],"picked":"Spot Weakness","floor":8},{"not_picked":["Headbutt","Iron Wave","Power Through"],"picked":"SKIP","floor":12},{"not_picked":["True Grit","Clothesline"],"picked":"Berserk","floor":14},{"not_picked":["Demon Form","Barricade"],"picked":"Limit Break","floor":16}],"player_experience":839177,"relics_obtained":[{"floor":6,"key":"Happy Flower"},{"floor":9,"key":"Strawberry"},{"floor":10,"key":"Odd Mushroom"},{"floor":14,"key":"Dream Catcher"}],"event_choices":[{"damage_healed":0,"gold_gain":0,"player_choice":"Ignored","damage_taken":0,"max_hp_gain":0,"max_hp_loss":0,"event_name":"Liars Game","floor":2,"gold_loss":0},{"damage_healed":0,"gold_gain":75,"player_choice":"Gather Gold","damage_taken":11,"max_hp_gain":0,"max_hp_loss":0,"event_name":"World of Goop","floor":3,"gold_loss":0},{"damage_healed":0,"gold_gain":0,"player_choice":"Success","damage_taken":18,"relics_obtained":["HornCleat"],"max_hp_gain":0,"max_hp_loss":0,"event_name":"Scrap Ooze","floor":5,"gold_loss":0},{"damage_healed":0,"gold_gain":0,"player_choice":"Fought Mushrooms","damage_taken":0,"max_hp_gain":0,"max_hp_loss":0,"event_name":"Mushrooms","floor":10,"gold_loss":0},{"damage_healed":0,"gold_gain":0,"player_choice":"1 cards matched","damage_taken":0,"max_hp_gain":0,"max_hp_loss":0,"event_name":"Match and Keep!","floor":11,"gold_loss":0,"cards_obtained":["Reaper"]}],"is_beta":false,"boss_relics":[{"not_picked":["Cursed Key","Runic Cube"],"picked":"Sozu"}],"items_purged_floors":[],"is_endless":false,"potions_floor_spawned":[1,10,16],"ascension_level":20}}