{"host":"cijhj3091wf4aho3","time":1607917429,"event":{"mods":["BaseMod","Colored Map","Colored Powertips","Downfall","Friendly Minions","GifTheSpireLib","Highlight Path","Minty Spire (QoL Compilation)","Permanent Neow","Random Character Button","Relic Sorter","Relic Stats","StSLib","everything is the same but u backflip on backflip","slay the spire mod where everything is the same but ironclad has a cowboy hat"],"gold_per_floor":[99,119,150,150,75,75,75],"floor_reached":6,"playtime":446,"items_purged":[],"score":42,"play_id":"917c94e4-2c1e-421e-a514-4fd29e03a571","local_time":"20201213194349","is_ascension_mode":false,"campfire_choices":[{"floor":1,"key":"RECALL"},{"data":"champ:DeathBlow","floor":5,"key":"SMITH"}],"circlet_count":0,"master_deck":["champ:Strike","champ:Strike","champ:Strike","champ:Defend","champ:Defend","champ:Defend","champ:Defend","champ:Execute","champ:Taunt+1","champ:DefensiveStyle","champ:DeathBlow+1"],"relics":["champ:ChampionCrown","Bag of Preparation","downfall:HeartBlessingRed"],"acts_visited":["Exordium"],"potions_floor_usage":[],"damage_taken":[{"damage":11,"enemies":"Jaw Worm","floor":2,"turns":4},{"damage":52,"enemies":"3 Sentries","floor":3,"turns":12},{"damage":59,"enemies":"Lagavulin","floor":6,"turns":4}],"seed_played":"-3256179935814594303","potions_obtained":[],"is_trial":false,"path_per_floor":["R","M","E","?","R","E"],"character_chosen":"THE_CHAMP","items_purchased":[],"campfire_rested":0,"item_purchase_floors":[],"current_hp_per_floor":[90,84,47,47,47,0,0],"gold":75,"neow_bonus":"UPGRADE_CARD","is_daily":false,"chose_seed":false,"campfire_upgraded":1,"win_rate":0.0,"timestamp":1607917429,"path_taken":["R","M","E","?","R","E"],"items_purchased_type":[],"build_version":"2020-12-13","purchased_purges":0,"victory":false,"max_hp_per_floor":[90,90,90,90,90,90,90],"relic_stats":{"counters":[3,20],"Bag of Preparation":[2],"obtain_stats":[{"downfall:HeartBlessingRed":5,"champ:ChampionCrown":0,"Bag of Preparation":3},{"downfall:HeartBlessingRed":2,"champ:ChampionCrown":0,"Bag of Preparation":2},{"downfall:HeartBlessingRed":16,"champ:ChampionCrown":0,"Bag of Preparation":16}]},"card_choices":[{"not_picked":["champ:ShieldWall","champ:ArenaPreparation"],"picked":"champ:DefensiveStyle","floor":2},{"not_picked":["champ:FanOfKnives","champ:BerserkersShout"],"picked":"champ:DeathBlow","floor":3}],"player_experience":428471,"relics_obtained":[{"floor":3,"key":"Bag of Preparation"}],"event_choices":[{"cards_removed":["champ:Strike"],"damage_healed":0,"gold_gain":0,"player_choice":"Card Removal","damage_taken":0,"max_hp_gain":0,"max_hp_loss":0,"event_name":"The Cleric","floor":4,"gold_loss":0}],"is_beta":false,"boss_relics":[],"items_purged_floors":[],"is_endless":false,"potions_floor_spawned":[],"killed_by":"Lagavulin","ascension_level":0}}