{"host":"wpxe4vcm7d9hc2g8","time":1607912231,"event":{"mods":["2.2 Compatiblity","Act Like it!","Aspiration","BaseMod","Better Match","Better Note","Better Sensory Stone","Better Third Choice","Better Vampires","Chen","Conspire","Custom Start","Elementarium","Energized Spire","Gensokyo","GifTheSpireLib","Hallownest","Hermit","Hubris","Infinite Spire","JesterMod","Koishi","Minty Spire (QoL Compilation)","Pale of the Ancients","Permanent Neow","Replay The Spire","Shade Mod","Shop Mod","Spicy Shops","StSLib","Stuff the Spire","Td1madao Mod","The Bug Knight","The Factory","The Hierophant","The Jungle","The Servant 0.9.4","The Wild Card","TheFirefly","TheVacant","Wandering Minibosses","vexMod"],"gold_per_floor":[118,118,131,206,206,206,231,231,257,257,242,261,186,86,86,181,181,147,160,177,0,0,0,0],"floor_reached":23,"playtime":2011,"items_purged":["Decay","Shade:Defend_Shade","Shade:Defend_Shade"],"score":198,"play_id":"18dbbc4f-2715-4f9d-abb3-f10b1b8fb0cf","local_time":"20201213201711","is_ascension_mode":true,"campfire_choices":[{"data":"Shade:AnimateDead","floor":6.0,"key":"SMITH"},{"data":"Shade:CarefulCut","floor":8.0,"key":"SMITH"},{"data":"Shade:Defend_Shade","floor":10.0,"key":"SMITH"},{"data":"Shade:CommandSoldier","floor":15.0,"key":"SMITH"}],"circlet_count":0,"master_deck":["Shade:Strike_Shade","Shade:Strike_Shade","Shade:Strike_Shade","Shade:Strike_Shade","Shade:Defend_Shade","Shade:Defend_Shade+1","Shade:AnimateDead+1","Shade:CarefulCut+1","Purity","Shade:CommandSoldier+1","Shade:Coordination","Shade:FleshToFlesh","Shade:FreshBones"],"relics":["Orichalcum","Painkiller Herb","Frozen Eye"],"acts_visited":["Exordium","Gensokyo:Gensokyoer"],"potions_floor_usage":[18,20,23],"damage_taken":[{"damage":0.0,"enemies":"conspire:RoseBush","floor":1.0,"turns":3.0},{"damage":0.0,"enemies":"Small Slimes","floor":3.0,"turns":3.0},{"damage":29.0,"enemies":"Gremlin Nob","floor":7.0,"turns":5.0},{"damage":0.0,"enemies":"Cultist","floor":11.0,"turns":6.0},{"damage":0.0,"enemies":"Lots of Slimes","floor":12.0,"turns":3.0},{"damage":6.0,"enemies":"Slime Boss","floor":16.0,"turns":10.0},{"damage":13,"enemies":"Gensokyo:Chomper","floor":18,"turns":6},{"damage":3,"enemies":"Gensokyo:CosmicMonolith","floor":19,"turns":5},{"damage":14,"enemies":"Gensokyo:Wraith","floor":20,"turns":4},{"damage":35,"enemies":"Gensokyo:Koishi","floor":23,"turns":6}],"seed_played":"-3223402689406360690","potions_obtained":[{"floor":3.0,"key":"SteroidPotion"},{"floor":7.0,"key":"AttackPotion"},{"floor":11.0,"key":"BlessingOfTheForge"},{"floor":18,"key":"BlessingOfTheForge"},{"floor":19,"key":"Adrenaline Potion"}],"is_trial":false,"path_per_floor":["M","?","M","?","?","R","E","R","T","R","M","M","$","$","R","B",null,"?","?","?","T","?","E"],"character_chosen":"SHADE","items_purchased":["Shade:FreshBones"],"campfire_rested":0,"item_purchase_floors":[21],"current_hp_per_floor":[65,65,65,54,54,54,25,25,25,25,25,25,25,25,25,19,65,52,49,35,35,35,0,0],"gold":0,"neow_bonus":"RANDOM_COLORLESS","is_daily":false,"chose_seed":false,"campfire_upgraded":4,"win_rate":0.0,"timestamp":1607912231,"path_taken":["M","?","M","?","?","R","E","R","T","R","?","M","?","$","R","BOSS","BOSS","?","?","?","T","?","E"],"items_purchased_type":["Card"],"build_version":"2020-12-13","purchased_purges":3,"victory":false,"max_hp_per_floor":[65,65,65,65,65,65,65,65,65,65,65,65,65,65,65,65,65,65,65,65,65,65,65,65],"card_choices":[{"not_picked":["hubris:Ssssneak","ReplayTheSpireMod:Private Reserves"],"picked":"Purity","floor":0.0},{"not_picked":["Shade:RitualOffering","Shade:BoneShards","Shade:FleshLikeOak"],"picked":"SKIP","floor":1.0},{"not_picked":["Shade:GraveStillness","Shade:RavenousHorde","Shade:BoneShards"],"picked":"SKIP","floor":3.0},{"not_picked":["Shade:SanguineRitual","Shade:Premonition","Shade:CallOfTheGrave"],"picked":"SKIP","floor":7.0},{"not_picked":["Shade:FuneraryArmor","Shade:ExtraLimbs"],"picked":"Shade:CommandSoldier","floor":11.0},{"not_picked":["Shade:Haruspicy","Shade:CommandSoldier","Shade:FuneraryArmor"],"picked":"SKIP","floor":12.0},{"not_picked":["Shade:OfferingToTheBeyond","Shade:LoseControl"],"picked":"Shade:Coordination","floor":16},{"not_picked":["Shade:CommandSoldier","Shade:Doomsay"],"picked":"Shade:FleshToFlesh","floor":18},{"not_picked":["Shade:Patience","Shade:Frenzy","Shade:SkeletonHug"],"picked":"SKIP","floor":19},{"not_picked":["Shade:Brains","Shade:Consume","Shade:CallOfTheGrave"],"picked":"SKIP","floor":20}],"player_experience":2490591,"relics_obtained":[{"floor":7.0,"key":"Centennial Puzzle"},{"floor":9.0,"key":"Orichalcum"}],"event_choices":[{"damage_healed":0.0,"max_hp_gain":0.0,"max_hp_loss":0.0,"gold_gain":75.0,"event_name":"betterThird:BetterGoop","player_choice":"Gold","floor":4.0,"gold_loss":0.0,"damage_taken":11.0},{"damage_healed":0.0,"max_hp_gain":0.0,"max_hp_loss":0.0,"gold_gain":0.0,"event_name":"Wheel of Change","player_choice":"Cursed","floor":5.0,"gold_loss":0.0,"damage_taken":0.0,"cards_obtained":["Decay"]}],"is_beta":false,"boss_relics":[{"not_picked":["StuffTheSpire:RunicConfusion","Runic Dome"],"picked":"Painkiller Herb"}],"items_purged_floors":[13,14,21],"is_endless":false,"potions_floor_spawned":[3,7,11,18,19],"killed_by":"Gensokyo:Koishi","ascension_level":1}}