{"host":"2ccem01eblg14btk","time":1607986983,"event":{"mods":["BaseMod","Colored Map","Downfall","Minty Spire (QoL Compilation)","Quick Restart","StSLib"],"gold_per_floor":[0,0,12,32,57,74,154,154,154,154,64,164,176,176,190,289,289,289,307,407,425,167,198,198,198,231,431,464,480,159,178,194,290,290,290,344,1343,1024,528,528,579,608,627,661,679,679,184,184,199,199],"floor_reached":51,"playtime":1988,"items_purged":["Pain","Regret","Injury","Normality","Normality","Guardian:Aged"],"score":1008,"play_id":"3c4a877b-6e99-41d6-803a-c2d3e464c272","local_time":"20201215000303","is_ascension_mode":true,"campfire_choices":[{"data":"champ:ShieldThrow","floor":1.0,"key":"SMITH"},{"data":"champ:DefensiveStyle","floor":8.0,"key":"SMITH"},{"floor":10.0,"key":"REST"},{"data":"champ:Improvising","floor":18.0,"key":"SMITH"},{"data":"champ:Circumvent","floor":27,"key":"SMITH"},{"data":"champ:HoldFirm","floor":35,"key":"SMITH"},{"data":"champ:FocusedDefense","floor":40,"key":"SMITH"}],"circlet_count":0,"master_deck":["champ:Strike+1","champ:Strike+1","champ:Strike+1","champ:Defend+1","champ:Defend+1","champ:Defend+1","champ:Defend+1","champ:Execute","champ:Taunt","champ:ShieldThrow+1","champ:DefensiveShout","champ:DefensiveStyle+1","champ:Backstep","champ:Backstep","champ:SkillfulDodge","champ:Circumvent+1","champ:Improvising+1","champ:TornadoPunch+1","champ:FocusedDefense+1","champ:ShieldWall+1","champ:ShieldSlam","champ:Circumvent","champ:Control+1","champ:HoldFirm+1","champ:EnGarde","champ:EnGarde","champ:ShieldThrow","champ:StanceDance+1","expansioncontent:DefensiveStance","champ:Circumvent+1"],"relics":["champ:ChampionCrown","WarpedTongs","Art of War","champ:SpectersHand","downfall:GremlinWheel","champ:DefensiveTrainingManual","Cursed Key","Juzu Bracelet","HornCleat","Anchor","Red Mask","Bag of Preparation","SacredBark","Gambling Chip","Oddly Smooth Stone","Blue Candle","Toolbox","Bottled Lightning","Blood Vial","Strawberry","Vajra","Lee\u0027s Waffle","Centennial Puzzle"],"acts_visited":["Exordium","TheCity","TheBeyond"],"potions_floor_usage":[23,50],"damage_taken":[{"damage":5.0,"enemies":"2 Louse","floor":3.0,"turns":3.0},{"damage":8.0,"enemies":"Cultist","floor":4.0,"turns":3.0},{"damage":27.0,"enemies":"Lagavulin","floor":5.0,"turns":6.0},{"damage":9.0,"enemies":"Small Slimes","floor":6.0,"turns":3.0},{"damage":5.0,"enemies":"downfall:FleeingMerchant","floor":11.0,"turns":4.0},{"damage":11.0,"enemies":"downfall:FleeingMerchant","floor":12.0,"turns":5.0},{"damage":8.0,"enemies":"Gremlin Gang","floor":13.0,"turns":5.0},{"damage":0.0,"enemies":"Blue Slaver","floor":15.0,"turns":2.0},{"damage":5.0,"enemies":"downfall:Silent","floor":16.0,"turns":7.0},{"damage":1.0,"enemies":"3 Byrds","floor":19.0,"turns":5.0},{"damage":0.0,"enemies":"Spheric Guardian","floor":21.0,"turns":2.0},{"damage":2,"enemies":"downfall:FleeingMerchant","floor":22,"turns":4},{"damage":17,"enemies":"Slavers","floor":23,"turns":7},{"damage":5,"enemies":"Gremlin Leader","floor":26,"turns":3},{"damage":0,"enemies":"Masked Bandits","floor":28,"turns":2},{"damage":0,"enemies":"Shelled Parasite and Fungi","floor":29,"turns":2},{"damage":5,"enemies":"downfall:FleeingMerchant","floor":30,"turns":4},{"damage":5,"enemies":"Snake Plant","floor":31,"turns":3},{"damage":0,"enemies":"Sentry and Sphere","floor":32,"turns":3},{"damage":31,"enemies":"downfall:Ironclad","floor":33,"turns":4},{"damage":0,"enemies":"2 Orb Walkers","floor":36,"turns":4},{"damage":5,"enemies":"downfall:FleeingMerchant","floor":38,"turns":4},{"damage":0,"enemies":"downfall:FleeingMerchant","floor":39,"turns":2},{"damage":27,"enemies":"Nemesis","floor":42,"turns":7},{"damage":0,"enemies":"3 Darklings","floor":43,"turns":3},{"damage":0,"enemies":"Reptomancer","floor":44,"turns":3},{"damage":0,"enemies":"Orb Walker","floor":45,"turns":2},{"damage":0,"enemies":"Sphere and 2 Shapes","floor":49,"turns":3},{"damage":0,"enemies":"downfall:Defect","floor":50,"turns":5}],"seed_played":"9109685855269790593","potions_obtained":[{"floor":3.0,"key":"Weak Potion"},{"floor":6.0,"key":"Block Potion"},{"floor":12.0,"key":"PowerPotion"},{"floor":16.0,"key":"hexamod:EctoCoolerPotion"},{"floor":23,"key":"hexamod:EctoCoolerPotion"},{"floor":29,"key":"ColorlessPotion"}],"is_trial":false,"path_per_floor":["R","?","M","M","E","M","T","R","?","R","$","?","M","?","M","B",null,"R","M","?","M","$","E","T","?","E","R","?","M","$","M","M","B",null,"R","?","?","$","?","R","T","E","M","E","M","?","$","?","M","B",null],"character_chosen":"THE_CHAMP","items_purchased":["Juzu Bracelet","Bag of Preparation","champ:Circumvent","Oddly Smooth Stone","Blue Candle","Toolbox","Bottled Lightning","champ:EnGarde","Lee\u0027s Waffle","Centennial Puzzle"],"campfire_rested":1,"item_purchase_floors":[22,30,30,38,39,39,39,39,47,47],"current_hp_per_floor":[90,90,85,82,55,46,46,46,46,73,68,57,54,54,54,49,90,90,89,89,89,87,70,70,70,65,65,65,65,65,60,60,29,90,90,90,90,90,90,90,90,70,72,74,76,76,104,104,104,104],"gold":199,"neow_bonus":"THREE_RARE_CARDS","is_daily":false,"chose_seed":false,"campfire_upgraded":6,"win_rate":0.0,"timestamp":1607986983,"path_taken":["R","?","?","M","E","M","T","R","?","R","$","?","?","?","M","BOSS","R","M","?","?","$","E","T","?","E","R","?","M","$","M","M","BOSS","R","?","?","$","?","R","T","E","M","E","M","?","$","?","M","BOSS"],"items_purchased_type":["Relic","Relic","Card","Relic","Relic","Relic","Relic","Card","Relic","Relic"],"build_version":"2020-12-13","purchased_purges":6,"victory":true,"max_hp_per_floor":[90,90,90,90,90,90,90,90,90,90,90,90,90,90,90,90,90,90,90,90,90,90,90,90,90,90,90,90,90,90,90,90,90,90,90,90,90,90,90,90,90,97,97,97,97,97,104,104,104,104],"card_choices":[{"not_picked":["champ:IgnorePain","champ:EnchantShield"],"picked":"champ:ShieldThrow","floor":0.0},{"not_picked":["champ:FocusedGladiator","champ:AdrenalArmor"],"picked":"champ:DefensiveShout","floor":3.0},{"not_picked":["champ:StanceDance","champ:BerserkersShout"],"picked":"champ:DefensiveStyle","floor":4.0},{"not_picked":["champ:RisingSlash","champ:SkillfulDodge"],"picked":"champ:Backstep","floor":5.0},{"not_picked":["champ:BladeFlurry","champ:BringItOn"],"picked":"champ:Backstep","floor":6.0},{"not_picked":["champ:DeathBlow","champ:BerserkerStyle"],"picked":"champ:SkillfulDodge","floor":11.0},{"not_picked":["champ:Haymaker","champ:DancingMaster"],"picked":"champ:Circumvent","floor":13.0},{"not_picked":["champ:Duel","champ:GutPunch","champ:AdrenalArmor"],"picked":"SKIP","floor":15.0},{"not_picked":["champ:IgnorePain","champ:ShieldSlam"],"picked":"champ:Improvising","floor":16.0},{"not_picked":["champ:GladiatorsShout","champ:RageSigil","champ:StanceDance"],"picked":"SKIP","floor":19.0},{"not_picked":["champ:RecklessLeap","champ:Riposte","champ:PerfectedStrike+1"],"picked":"SKIP","floor":21.0},{"not_picked":["champ:SwordSigil","champ:RageSigil","champ:Haymaker+1"],"picked":"SKIP","floor":22},{"not_picked":["champ:StanceDance","champ:SwordSigil"],"picked":"champ:TornadoPunch+1","floor":23},{"not_picked":["champ:IronFortress+1","champ:BerserkersShout"],"picked":"champ:FocusedDefense","floor":26},{"not_picked":["champ:FanOfKnives+1","champ:ViciousMockery"],"picked":"champ:ShieldWall+1","floor":29},{"not_picked":["champ:FanOfKnives+1","champ:CalledShot"],"picked":"champ:ShieldSlam","floor":30},{"not_picked":["champ:PreciseThrust","champ:FightOn","champ:TornadoPunch"],"picked":"SKIP","floor":31},{"not_picked":["champ:StanceDance","champ:DefensiveShout"],"picked":"champ:Control+1","floor":32},{"not_picked":["champ:ShieldSlam","champ:Devastate"],"picked":"champ:HoldFirm","floor":33},{"not_picked":["champ:FightOn","champ:ViciousMockery+1","champ:BerserkersShout+1"],"picked":"SKIP","floor":38},{"not_picked":["champ:FalseCounter","champ:Duel+1"],"picked":"champ:EnGarde","floor":39},{"not_picked":["champ:FanOfKnives","champ:PerfectedStrike"],"picked":"champ:ShieldThrow","floor":42},{"not_picked":["champ:StanceDance","champ:ViciousMockery+1","champ:BringItOn"],"picked":"SKIP","floor":43},{"not_picked":["champ:FocusedGladiator+1","champ:FaceSlap+1"],"picked":"champ:StanceDance+1","floor":44},{"not_picked":["champ:RecklessLeap","champ:Haymaker","champ:BladeFlurry"],"picked":"SKIP","floor":45},{"not_picked":["expansioncontent:PolyBeam","expansioncontent:ChargeUp"],"picked":"expansioncontent:DefensiveStance","floor":48},{"not_picked":["champ:ArenaPreparation","champ:AdrenalArmor+1"],"picked":"champ:Circumvent+1","floor":49}],"player_experience":126569,"relics_obtained":[{"floor":5.0,"key":"Art of War"},{"floor":7.0,"key":"champ:SpectersHand"},{"floor":12.0,"key":"downfall:GremlinWheel"},{"floor":23,"key":"HornCleat"},{"floor":24,"key":"Anchor"},{"floor":28,"key":"Red Mask"},{"floor":36,"key":"Gambling Chip"},{"floor":41,"key":"Blood Vial"},{"floor":42,"key":"Strawberry"},{"floor":44,"key":"Vajra"}],"event_choices":[{"damage_healed":0.0,"max_hp_gain":0.0,"max_hp_loss":0.0,"gold_gain":0.0,"event_name":"Accursed Blacksmith","player_choice":"Rummage","floor":2.0,"gold_loss":0.0,"damage_taken":0.0,"relics_obtained":["WarpedTongs"],"cards_obtained":["Pain"]},{"damage_healed":0.0,"max_hp_gain":0.0,"max_hp_loss":0.0,"gold_gain":0.0,"event_name":"Big Fish","player_choice":"Box","floor":14.0,"gold_loss":0.0,"damage_taken":0.0,"relics_obtained":["champ:DefensiveTrainingManual"],"cards_obtained":["Regret"]},{"damage_healed":0,"gold_gain":0,"player_choice":"Simplicity","damage_taken":0,"max_hp_gain":0,"max_hp_loss":0,"event_name":"Back to Basics","floor":25,"gold_loss":0,"cards_upgraded":["champ:Strike","champ:Strike","champ:Strike","champ:Strike","champ:Defend","champ:Defend","champ:Defend","champ:Defend"]},{"damage_healed":0,"gold_gain":200,"player_choice":"Gold","damage_taken":0,"max_hp_gain":0,"max_hp_loss":0,"event_name":"Wheel of Change","floor":27,"gold_loss":0},{"damage_healed":0,"gold_gain":0,"player_choice":"Fought Bandits","damage_taken":0,"max_hp_gain":0,"max_hp_loss":0,"event_name":"Masked Bandits","floor":28,"gold_loss":0},{"damage_healed":0,"gold_gain":0,"player_choice":"Fight","damage_taken":0,"max_hp_gain":0,"max_hp_loss":0,"event_name":"Mysterious Sphere","floor":36,"gold_loss":0},{"cards_removed":["champ:Strike"],"damage_healed":0,"gold_gain":0,"player_choice":"Removed Attack","damage_taken":0,"max_hp_gain":0,"max_hp_loss":0,"event_name":"Falling","floor":46,"gold_loss":0}],"is_beta":false,"boss_relics":[{"not_picked":["champ:PowerArmor","Snecko Eye"],"picked":"Cursed Key"},{"not_picked":["Philosopher\u0027s Stone","Coffee Dripper"],"picked":"SacredBark"}],"items_purged_floors":[11,22,30,38,39,47],"is_endless":false,"potions_floor_spawned":[3,6,12,13,16,19,21,23,29,32,44,49],"ascension_level":1}}