{"host":"sxnl403xm2xmiyj1","time":1607989558,"event":{"mods":["AchievementEnabler","BaseMod","Colored Map","Keyboard Shortcuts","Minty Spire (QoL Compilation)","Quick Restart","StSLib","SuperFastMode"],"gold_per_floor":[115,133,145,163,175,219,219,257,257,266,51,76,76,30,30,111,111,133,133,148,174,174,174],"floor_reached":22,"playtime":426,"items_purged":["Decay"],"score":396,"play_id":"220cbf09-dc27-4f40-b486-a705ef35ed1c","local_time":"20201215084558","is_ascension_mode":true,"campfire_choices":[{"floor":7.0,"key":"REST"},{"data":"Blade Dance","floor":15,"key":"SMITH"}],"circlet_count":0,"master_deck":["AscendersBane","Strike_G","Strike_G","Strike_G","Defend_G","Defend_G","Defend_G","Defend_G","Defend_G","Survivor","Neutralize","Slice","Blade Dance+1","Blade Dance","Infinite Blades","Backflip","Phantasmal Killer","Tactician","Terror","Footwork","Dodge and Roll","Blade Dance","Malaise","Accuracy","Cloak And Dagger"],"relics":["Ring of the Snake","Boot","CeramicFish","Pantograph","Shovel","Nloth\u0027s Gift"],"acts_visited":["Exordium","TheCity"],"potions_floor_usage":[12,20],"damage_taken":[{"damage":0.0,"enemies":"2 Louse","floor":1.0,"turns":3.0},{"damage":5.0,"enemies":"Cultist","floor":2.0,"turns":4.0},{"damage":0.0,"enemies":"Jaw Worm","floor":3.0,"turns":4.0},{"damage":4.0,"enemies":"Exordium Thugs","floor":4.0,"turns":4.0},{"damage":3.0,"enemies":"Blue Slaver","floor":5.0,"turns":3.0},{"damage":24.0,"enemies":"Gremlin Nob","floor":6.0,"turns":4.0},{"damage":22.0,"enemies":"3 Sentries","floor":8.0,"turns":6.0},{"damage":4,"enemies":"Exordium Wildlife","floor":12,"turns":5},{"damage":27,"enemies":"Hexaghost","floor":16,"turns":8},{"damage":20,"enemies":"Shell Parasite","floor":18,"turns":8},{"damage":7,"enemies":"3 Byrds","floor":20,"turns":5},{"damage":22,"enemies":"Snake Plant","floor":21,"turns":8},{"damage":0,"enemies":"Centurion and Healer","floor":22,"turns":2}],"seed_played":"1942815179214808734","potions_obtained":[{"floor":1.0,"key":"Dexterity Potion"},{"floor":8.0,"key":"SpeedPotion"},{"floor":18,"key":"Block Potion"},{"floor":20,"key":"LiquidBronze"}],"is_trial":false,"path_per_floor":["M","M","M","M","M","E","R","E","T","?","$","M","$","$","R","B",null,"M","?","M","M","M"],"character_chosen":"THE_SILENT","items_purchased":["Terror","Footwork","Blade Dance"],"campfire_rested":1,"item_purchase_floors":[11,11,14],"current_hp_per_floor":[59,54,54,50,47,23,42,20,20,20,20,16,16,16,16,14,53,33,33,26,4,4,4],"gold":174,"neow_bonus":"RANDOM_COMMON_RELIC","is_daily":false,"chose_seed":false,"campfire_upgraded":1,"win_rate":0.0,"timestamp":1607989558,"path_taken":["M","M","M","M","M","E","R","E","T","?","$","M","?","$","R","BOSS","M","?","M","M","M"],"items_purchased_type":["Card","Card","Card"],"build_version":"2020-12-13","purchased_purges":1,"victory":false,"max_hp_per_floor":[66,66,66,66,66,66,66,66,66,66,66,66,66,66,66,66,66,66,66,66,66,66,66],"card_choices":[{"not_picked":["Acrobatics","Quick Slash"],"picked":"Slice","floor":1.0},{"not_picked":["Slice","Quick Slash"],"picked":"Blade Dance","floor":2.0},{"not_picked":["Riddle With Holes","Venomology"],"picked":"Blade Dance","floor":3.0},{"not_picked":["Cloak And Dagger","Prepared"],"picked":"Infinite Blades","floor":4.0},{"not_picked":["Masterful Stab","Bane"],"picked":"Backflip","floor":5.0},{"not_picked":["Dodge and Roll","Setup"],"picked":"Phantasmal Killer","floor":6.0},{"not_picked":["Sucker Punch","Eviscerate"],"picked":"Tactician","floor":8.0},{"not_picked":["Flechettes","Deadly Poison"],"picked":"Dodge and Roll","floor":12},{"not_picked":["Burst","Doppelganger"],"picked":"Malaise","floor":16},{"not_picked":["Dodge and Roll","Sucker Punch"],"picked":"Accuracy","floor":18},{"not_picked":["Flechettes","Bane","Distraction"],"picked":"SKIP","floor":20},{"not_picked":["Crippling Poison","Poisoned Stab"],"picked":"Cloak And Dagger","floor":21}],"player_experience":201409,"relics_obtained":[{"floor":6.0,"key":"CeramicFish"},{"floor":8.0,"key":"Pantograph"},{"floor":9.0,"key":"Shovel"}],"event_choices":[{"damage_healed":0.0,"max_hp_gain":0.0,"max_hp_loss":0.0,"gold_gain":0.0,"event_name":"Wheel of Change","player_choice":"Cursed","floor":10.0,"gold_loss":0.0,"damage_taken":0.0,"cards_obtained":["Decay"]},{"damage_healed":0,"gold_gain":0,"player_choice":"Traded Relic","damage_taken":0,"relics_obtained":["Nloth\u0027s Gift"],"max_hp_gain":0,"max_hp_loss":0,"event_name":"N\u0027loth","floor":19,"relics_lost":["Empty Cage"],"gold_loss":0}],"is_beta":false,"boss_relics":[{"not_picked":["SacredBark","Astrolabe"],"picked":"Empty Cage"}],"items_purged_floors":[11],"is_endless":false,"potions_floor_spawned":[1,8,18,20],"killed_by":"Centurion and Healer","ascension_level":20}}