{"host":"65bhxfoqsqjg61le","time":1607922741,"event":{"mods":["2.2 Compatiblity","AchievementEnabler","BaseMod","Better Third Choice","Colored Powertips","Conspire","DeckTracker","Downfall","Energized Spire","GifTheSpireLib","Googly Eyes","Hubris","Infinite Spire","Minty Spire (QoL Compilation)","Quick Restart","RRrroohrrRGHHhhh!!","Random Character Button","Rare Cards Sparkle","Replay The Spire","Shade Mod","StSLib","Stuff the Spire","The IronCluck","Wandering Minibosses","egg","everything is the same but u backflip on backflip","slay the spire mod where everything is the same but ironclad has a cowboy hat","thorton"],"gold_per_floor":[99,63,90,90,90,90,90,90,190,115,128,128,140,150,162,266,266,266,266,279,204,215,247,247,284,214,218,233,237,237],"floor_reached":29,"playtime":1248,"items_purged":[],"score":309,"play_id":"47d6166f-0300-472e-bf54-c29178a19b49","local_time":"20201214001221","is_ascension_mode":false,"campfire_choices":[{"floor":1.0,"key":"DIG"},{"data":"champ:FanOfKnives","floor":6.0,"key":"SMITH"},{"data":"champ:Taunt","floor":10.0,"key":"SMITH"},{"floor":18,"key":"RECALL"},{"data":"champ:ShieldWall","floor":21,"key":"SMITH"},{"floor":26,"key":"REST"}],"circlet_count":0,"master_deck":["champ:Strike+1","champ:Strike","champ:Strike","champ:Defend","champ:Defend","champ:Defend+1","champ:Defend","champ:Execute","champ:Taunt+1","champ:Encircle","champ:FanOfKnives+1","champ:FanOfKnives+1","champ:EnragedBash","Regret","champ:FlashCut","champ:Improvising","champ:ShieldWall+1","champ:StanceDance","champ:SwordThrow","champ:TornadoPunch+1","champ:GladiatorsShout","champ:LastStand"],"relics":["champ:ChampionCrown","downfall:HeartsMalice","conspire:TopHat","hubris:CuriousFeather","hubris:Icosahedron","downfall:HeartBlessingBlue","SlaversCollar","Enchiridion","downfall:HeartBlessingRed","Ancient Tea Set","thethorton:BankDeed","Replay:Multitool","downfall:HeartBlessingGreen"],"acts_visited":["Exordium","TheCity"],"potions_floor_usage":[14,16,16,23,23,29],"damage_taken":[{"damage":0.0,"enemies":"downfall:FleeingMerchant","floor":2.0,"turns":1.0},{"damage":0.0,"enemies":"3 Sentries","floor":3.0,"turns":1.0},{"damage":0.0,"enemies":"Jaw Worm","floor":8.0,"turns":1.0},{"damage":2.0,"enemies":"conspire:RoseBush","floor":11.0,"turns":2.0},{"damage":4.0,"enemies":"Cultist","floor":13.0,"turns":2.0},{"damage":37,"enemies":"2 Fungi Beasts","floor":14,"turns":5},{"damage":19,"enemies":"Exordium Thugs","floor":15,"turns":2},{"damage":33,"enemies":"downfall:Watcher","floor":16,"turns":5},{"damage":12,"enemies":"Chosen","floor":20,"turns":3},{"damage":33,"enemies":"Shell Parasite","floor":22,"turns":3},{"damage":15,"enemies":"conspire:SneckoGhost","floor":23,"turns":3},{"damage":42,"enemies":"Gremlin Leader","floor":25,"turns":3},{"damage":22,"enemies":"Cultist and Chosen","floor":28,"turns":2},{"damage":28,"enemies":"Centurion and Healer","floor":29,"turns":2}],"seed_played":"-8552416755746521557","potions_obtained":[{"floor":11.0,"key":"champ:OpenerPotion"},{"floor":14,"key":"ColorlessPotion"},{"floor":16,"key":"ColorlessPotion"},{"floor":22,"key":"Weak Potion"},{"floor":23,"key":"SkillPotion"},{"floor":28,"key":"SteroidPotion"}],"is_trial":false,"path_per_floor":["R","$","E","?","?","R","T","M","?","R","M","?","M","M","M","B",null,"R","?","M","R","M","E","T","E","R","?","M","M"],"character_chosen":"THE_CHAMP","items_purchased":["champ:FanOfKnives"],"campfire_rested":1,"item_purchase_floors":[2],"current_hp_per_floor":[90,90,90,90,90,90,90,90,90,100,98,98,98,79,65,47,100,100,84,76,76,57,57,57,28,58,23,14,0,0],"gold":237,"neow_bonus":"THREE_ENEMY_KILL","is_daily":false,"chose_seed":false,"campfire_upgraded":3,"win_rate":0.0,"timestamp":1607922741,"path_taken":["R","$","E","?","?","R","T","M","?","R","?","?","M","M","M","BOSS","R","?","M","R","M","E","T","E","R","?","?","M"],"items_purchased_type":["Card"],"build_version":"2020-12-13","purchased_purges":0,"victory":false,"max_hp_per_floor":[90,90,90,90,90,90,90,90,90,100,100,100,100,100,100,100,100,100,100,100,100,100,100,100,100,100,100,100,100,100],"card_choices":[{"not_picked":["champ:AdrenalArmor","champ:FocusedBerserking"],"picked":"champ:Encircle","floor":2.0},{"not_picked":["champ:GutPunch","champ:Circumvent"],"picked":"champ:EnragedBash","floor":3.0},{"not_picked":["champ:SteelEdge","champ:PerfectedStrike"],"picked":"champ:FlashCut","floor":8.0},{"not_picked":["champ:RecklessLeap","champ:Lariat","champ:Haymaker"],"picked":"SKIP","floor":11.0},{"not_picked":["champ:ArenaPreparation","champ:Backstep"],"picked":"champ:Improvising","floor":13.0},{"not_picked":["champ:GladiatorStyle","champ:AdrenalArmor"],"picked":"champ:ShieldWall","floor":14},{"not_picked":["champ:BerserkerStyle","champ:FanOfKnives"],"picked":"champ:StanceDance","floor":15},{"not_picked":["champ:DancingMaster","champ:ShieldSlam"],"picked":"champ:SwordThrow","floor":16},{"not_picked":["champ:FocusedGladiator","champ:FocusedBerserking"],"picked":"champ:TornadoPunch+1","floor":20},{"not_picked":["champ:Backstep","champ:FocusedBerserking+1","champ:EnragedBash"],"picked":"SKIP","floor":22},{"not_picked":["champ:SwordThrow","champ:AdrenalArmor"],"picked":"champ:GladiatorsShout","floor":23},{"not_picked":["champ:ShieldWall","champ:RisingSlash+1"],"picked":"champ:LastStand","floor":25},{"not_picked":["champ:FanOfKnives","champ:Encircle","champ:AdrenalArmor"],"picked":"SKIP","floor":28}],"player_experience":1011955,"relics_obtained":[{"floor":1.0,"key":"conspire:TopHat"},{"floor":3.0,"key":"hubris:CuriousFeather"},{"floor":19,"key":"Enchiridion"},{"floor":23,"key":"Ancient Tea Set"},{"floor":24,"key":"thethorton:BankDeed"},{"floor":25,"key":"Replay:Multitool"}],"event_choices":[],"is_beta":false,"boss_relics":[{"not_picked":["Replay:Bronze Core","thethorton:CrushedCigarette"],"picked":"SlaversCollar"}],"items_purged_floors":[],"is_endless":false,"potions_floor_spawned":[11,14,15,16,22,23,28],"killed_by":"Centurion and Healer","ascension_level":0}}