{"host":"ow9msrs9p2ctkx99","time":1607969254,"event":{"mods":["AchievementEnabler","BaseMod","Colored Map","Colored Powertips","Minty Spire (QoL Compilation)","Permanent Neow","Quick Restart","SuperFastMode"],"gold_per_floor":[14,14,33,46,46,66,66,93,143,155,167,179,221,308,320,436,448,448,359,359,359,141,167,167,167,190,204,214,242,259,274,274,373,373,390,463,463,463,463,463,551,551,551,621,372,386,386,412,412,412,412,412,48,78,78,78],"floor_reached":55,"playtime":2489,"items_purged":["Strike_B","Strike_B"],"score":1220,"play_id":"79260497-a296-41a2-bca7-7987ec66e73d","local_time":"20201214190734","is_ascension_mode":true,"campfire_choices":[{"data":"Coolheaded","floor":7.0,"key":"SMITH"},{"floor":10.0,"key":"REST"},{"data":"Glacier","floor":12.0,"key":"SMITH"},{"floor":15.0,"key":"REST"},{"floor":25.0,"key":"REST"},{"floor":32.0,"key":"REST"},{"floor":40.0,"key":"REST"},{"floor":42.0,"key":"RECALL"},{"floor":47.0,"key":"REST"},{"data":"Juggernaut","floor":49.0,"key":"SMITH"},{"data":"Strike_B","floor":52.0,"key":"PURGE"}],"circlet_count":0,"master_deck":["AscendersBane","Defend_B+1","Defend_B+1","Defend_B+1","Defend_B+1","Zap","Dualcast","Glacier+1","Coolheaded+1","Ball Lightning","FTL","Conserve Battery+1","Compile Driver","Echo Form","Lockon+1","Redo+1","White Noise+1","Capacitor","Juggernaut+1","DeceiveReality+1","Wish+1","Steam+1","Jack Of All Trades+1","Finesse+1","Good Instincts+1","Hologram+1","Steam Power+1","Master of Strategy+1","Reboot+1","WaveOfTheHand+1","Stack+1","Shrug It Off+1"],"relics":["FrozenCore","Turnip","Toxic Egg 2","MawBank","Orichalcum","War Paint","PrismaticShard","Mango","Smiling Mask","Philosopher\u0027s Stone","Peace Pipe","Eternal Feather","Orrery","Anchor","Torii","Blood Vial"],"acts_visited":["Exordium","TheCity","TheBeyond","TheEnding"],"potions_floor_usage":[55],"damage_taken":[{"damage":0.0,"enemies":"Cultist","floor":1.0,"turns":3.0},{"damage":1.0,"enemies":"2 Louse","floor":3.0,"turns":3.0},{"damage":7.0,"enemies":"Small Slimes","floor":4.0,"turns":3.0},{"damage":12.0,"enemies":"Exordium Wildlife","floor":6.0,"turns":5.0},{"damage":22.0,"enemies":"Lagavulin","floor":8.0,"turns":9.0},{"damage":6.0,"enemies":"3 Sentries","floor":13.0,"turns":9.0},{"damage":10.0,"enemies":"Slime Boss","floor":16.0,"turns":11.0},{"damage":22.0,"enemies":"2 Thieves","floor":18.0,"turns":4.0},{"damage":26.0,"enemies":"Book of Stabbing","floor":23.0,"turns":7.0},{"damage":0.0,"enemies":"Spheric Guardian","floor":27.0,"turns":6.0},{"damage":2.0,"enemies":"Snake Plant","floor":28.0,"turns":4.0},{"damage":27.0,"enemies":"Slavers","floor":29.0,"turns":6.0},{"damage":7.0,"enemies":"Snecko","floor":30.0,"turns":4.0},{"damage":5.0,"enemies":"Sentry and Sphere","floor":31.0,"turns":5.0},{"damage":0.0,"enemies":"Collector","floor":33.0,"turns":7.0},{"damage":28.0,"enemies":"3 Darklings","floor":35.0,"turns":7.0},{"damage":10.0,"enemies":"3 Shapes","floor":36.0,"turns":5.0},{"damage":21.0,"enemies":"Nemesis","floor":41.0,"turns":8.0},{"damage":0.0,"enemies":"Maw","floor":44.0,"turns":6.0},{"damage":21.0,"enemies":"Jaw Worm Horde","floor":46.0,"turns":4.0},{"damage":46.0,"enemies":"Reptomancer","floor":48.0,"turns":6.0},{"damage":7.0,"enemies":"Donu and Deca","floor":50.0,"turns":11.0},{"damage":33.0,"enemies":"Shield and Spear","floor":54.0,"turns":6.0},{"damage":91,"enemies":"The Heart","floor":55,"turns":5}],"seed_played":"-110694829935104181","potions_obtained":[{"floor":1.0,"key":"Swift Potion"},{"floor":4.0,"key":"LiquidMemories"},{"floor":8.0,"key":"DistilledChaos"},{"floor":23.0,"key":"SkillPotion"},{"floor":29.0,"key":"Swift Potion"},{"floor":33.0,"key":"Explosive Potion"},{"floor":36.0,"key":"Explosive Potion"},{"floor":41.0,"key":"FairyPotion"}],"is_trial":false,"path_per_floor":["M","?","M","M","?","M","R","E","T","R","?","R","E","?","R","B",null,"M","$","?","?","$","E","?","R","T","M","M","E","M","M","R","B",null,"M","M","?","?","?","R","E","R","T","M","$","M","R","E","R","B",null,"R","$","E","B"],"character_chosen":"DEFECT","items_purchased":["Redo+1","PrismaticShard","Capacitor","Hologram+1","Orrery","Torii","LiquidBronze"],"campfire_rested":6,"item_purchase_floors":[19,22,22,45,45,53,53],"current_hp_per_floor":[68,68,67,60,45,33,33,11,11,33,30,30,24,13,35,25,63,41,41,41,27,27,15,15,43,43,43,41,14,7,2,30,30,78,50,40,40,30,30,56,35,35,35,35,35,14,58,12,30,23,73,89,89,56,0,0],"gold":78,"neow_bonus":"ONE_RARE_RELIC","is_daily":false,"chose_seed":false,"campfire_upgraded":3,"win_rate":0.0,"timestamp":1607969254,"path_taken":["M","?","?","M","?","M","R","E","T","R","?","R","E","?","R","BOSS","M","$","?","?","$","E","?","R","T","M","M","E","?","M","R","BOSS","M","M","?","?","?","R","E","R","T","M","$","M","R","E","R","BOSS","R","$","E","BOSS"],"items_purchased_type":["Card","Relic","Card","Card","Relic","Relic","Potion"],"build_version":"2020-12-13","purchased_purges":2,"victory":false,"max_hp_per_floor":[75,75,75,75,75,75,75,75,75,75,75,75,75,75,75,75,75,75,75,75,80,80,94,94,94,94,94,94,94,94,94,94,94,94,94,94,94,94,89,89,89,89,89,89,89,89,89,89,89,89,89,89,89,89,89,89],"card_choices":[{"not_picked":["Auto Shields","Leap"],"picked":"Glacier","floor":1.0},{"not_picked":["Double Energy","Self Repair"],"picked":"Coolheaded","floor":3.0},{"not_picked":["Consume","Redo"],"picked":"Ball Lightning","floor":4.0},{"not_picked":["Compile Driver","Storm"],"picked":"FTL","floor":6.0},{"not_picked":["Scrape","Ball Lightning"],"picked":"Conserve Battery+1","floor":8.0},{"not_picked":["FTL","Loop"],"picked":"Compile Driver","floor":13.0},{"not_picked":["Amplify+1","Seek+1"],"picked":"Echo Form","floor":16.0},{"not_picked":["Barrage+1","Static Discharge"],"picked":"Lockon+1","floor":18.0},{"not_picked":["Pummel","Impatience+1"],"picked":"Juggernaut","floor":23.0},{"not_picked":["Conserve Battery+1","SashWhip+1"],"picked":"JustLucky+1","floor":27.0},{"not_picked":["FTL","Cleave","Study"],"picked":"SKIP","floor":28.0},{"not_picked":["Conserve Battery+1","Rebound"],"picked":"DeceiveReality+1","floor":29.0},{"not_picked":["Leap+1","Body Slam","Streamline"],"picked":"SKIP","floor":30.0},{"not_picked":["Perfected Strike+1","Storm of Steel+1","Wallop"],"picked":"SKIP","floor":31.0},{"not_picked":["Double Tap+1","Corruption"],"picked":"Wish+1","floor":33.0},{"not_picked":["Dagger Spray+1","Rebound+1"],"picked":"Steam+1","floor":35.0},{"not_picked":["Body Slam+1","Blade Dance+1","Flame Barrier+1"],"picked":"SKIP","floor":36.0},{"not_picked":["Trip+1","Blind+1"],"picked":"Jack Of All Trades+1","floor":38.0},{"not_picked":["Flash of Steel","Mind Blast"],"picked":"Finesse+1","floor":38.0},{"not_picked":["Deflect+1","Force Field+1"],"picked":"Good Instincts+1","floor":41.0},{"not_picked":["Compile Driver","Dagger Spray+1","Shrug It Off+1"],"picked":"SKIP","floor":44.0},{"not_picked":["ThirdEye+1","Darkness+1"],"picked":"Steam Power+1","floor":45.0},{"not_picked":["Sweeping Beam+1","SashWhip"],"picked":"Master of Strategy+1","floor":45.0},{"not_picked":["DeceiveReality+1","Rebound+1"],"picked":"Reboot+1","floor":45.0},{"not_picked":["Ball Lightning","Rampage"],"picked":"WaveOfTheHand+1","floor":45.0},{"not_picked":["ClearTheMind+1","Dodge and Roll+1"],"picked":"Stack+1","floor":46.0},{"not_picked":["CrushJoints+1","Enlightenment+1"],"picked":"Shrug It Off+1","floor":48.0},{"not_picked":["Streamline+1","Ghostly Armor+1","True Grit+1"],"picked":"SKIP","floor":54.0}],"player_experience":1070970,"relics_obtained":[{"floor":8.0,"key":"Toxic Egg 2"},{"floor":9.0,"key":"MawBank"},{"floor":13.0,"key":"War Paint"},{"floor":23.0,"key":"Mango"},{"floor":29.0,"key":"Smiling Mask"},{"floor":41.0,"key":"Peace Pipe"},{"floor":43.0,"key":"Eternal Feather"},{"floor":48.0,"key":"Anchor"},{"floor":54.0,"key":"Blood Vial"}],"event_choices":[{"cards_removed":["Strike_B"],"damage_healed":0.0,"max_hp_gain":0.0,"max_hp_loss":0.0,"gold_gain":0.0,"event_name":"Purifier","player_choice":"Purged","floor":2.0,"gold_loss":0.0,"damage_taken":0.0},{"damage_healed":0.0,"max_hp_gain":0.0,"max_hp_loss":0.0,"gold_gain":0.0,"event_name":"Shining Light","player_choice":"Entered Light","floor":5.0,"gold_loss":0.0,"damage_taken":15.0,"cards_upgraded":["Defend_B","Defend_B"]},{"damage_healed":0.0,"max_hp_gain":0.0,"max_hp_loss":0.0,"gold_gain":0.0,"event_name":"Scrap Ooze","player_choice":"Success","floor":11.0,"gold_loss":0.0,"damage_taken":3.0,"relics_obtained":["Orichalcum"]},{"damage_healed":0.0,"max_hp_gain":0.0,"max_hp_loss":0.0,"gold_gain":75.0,"event_name":"World of Goop","player_choice":"Gather Gold","floor":14.0,"gold_loss":0.0,"damage_taken":11.0},{"damage_healed":0.0,"max_hp_gain":0.0,"max_hp_loss":0.0,"gold_gain":0.0,"event_name":"The Library","player_choice":"Read","floor":20.0,"gold_loss":0.0,"damage_taken":0.0,"cards_obtained":["White Noise"]},{"damage_healed":0.0,"max_hp_gain":5.0,"max_hp_loss":0.0,"gold_gain":0.0,"event_name":"Forgotten Altar","player_choice":"Shed Blood","floor":21.0,"gold_loss":0.0,"damage_taken":19.0},{"damage_healed":0.0,"max_hp_gain":0.0,"max_hp_loss":0.0,"gold_gain":0.0,"event_name":"Beggar","player_choice":"Ignored","floor":24.0,"gold_loss":0.0,"damage_taken":0.0},{"cards_removed":["JustLucky"],"damage_healed":0.0,"max_hp_gain":0.0,"max_hp_loss":0.0,"gold_gain":0.0,"event_name":"Falling","player_choice":"Removed Attack","floor":37.0,"gold_loss":0.0,"damage_taken":0.0},{"damage_healed":0.0,"max_hp_gain":0.0,"max_hp_loss":0.0,"gold_gain":0.0,"event_name":"SensoryStone","player_choice":"Memory 3","floor":38.0,"gold_loss":0.0,"damage_taken":10.0},{"damage_healed":0.0,"max_hp_gain":0.0,"max_hp_loss":5.0,"gold_gain":0.0,"event_name":"Winding Halls","player_choice":"Max HP","floor":39.0,"gold_loss":0.0,"damage_taken":0.0}],"is_beta":false,"boss_relics":[{"not_picked":["Pandora\u0027s Box","Sozu"],"picked":"FrozenCore"},{"not_picked":["Inserter","SacredBark"],"picked":"Philosopher\u0027s Stone"}],"items_purged_floors":[19,45],"is_endless":false,"potions_floor_spawned":[1,4,6,8,23,29,33,36,41,44,54],"killed_by":"The Heart","ascension_level":11}}