{"host":"0azimyi6n3ugndj4","time":1607952843,"event":{"mods":["BaseMod","Bestiary","Conspire","Curses Come First","Defuse TimeMaze Blight","Hyrulean Relics","Infinite Spire","Minty Spire (QoL Compilation)","Relic Stats","Replay The Spire","StSLib","SuperFastMode","Uncapped","¡¼?Úª?ø«¡½REMEMod"],"gold_per_floor":[99,147,147,147,147,243,243,243,243],"floor_reached":8,"playtime":95,"items_purged":[],"score":304,"play_id":"ef914f12-f4f5-433b-8663-b0cac82a17d6","local_time":"20201214223403","daily_mods":["Draft","Hoarder","Insanity","Chimera","Specialized","Vintage","ControlledChaos","Allstar","Diverse","Colorless Cards","Heirloom","Time Dilation","Flight","Binary","Elite Swarm","Lethality","Midas","Night Terrors","Binary"],"is_ascension_mode":true,"campfire_choices":[{"data":"1","floor":7,"key":"LIFT"}],"circlet_count":0,"master_deck":["Demon Form","Wraith Form v2","Echo Form","DevaForm","AscendersBane","Survivor","Zap","Eruption","Strike_R","Strike_G","Strike_B","Defend_R","Defend_G","Defend_P","Sword Boomerang","Streamline","Clothesline","conspire:Rain","Sweeping Beam","Rebound","REME_SelfUpgrade","Sword Boomerang","Dagger Spray","Power Through","Prepared","Replay:BluntJabs","JustLucky","Footwork","FlurryOfBlows","Protect","Iron Wave","ThirdEye","Finesse","Prostrate","Crescendo","Rebound","Halt","Fasting2","Rebound","Havoc","BowlingBash","Replay:DivineShield","BattleHymn","SignatureMove","Headbutt","Clothesline","Reflex","Prepared","conspire:SharedLibrary","ReplayGash","conspire:Banana","Quick Slash","Barrage","infinitespire:OneForAll","Combust","EmptyBody","Glacier","Halt","Expertise","Hologram","ReplayTheSpireMod:Stacked","Clothesline","EmptyMind","Pommel Strike","Replay:BluntJabs","Replay:BluntJabs","Replay:BluntJabs","Replay:BluntJabs","Replay:BluntJabs","Replay:BluntJabs","Replay:BluntJabs","Replay:BluntJabs","Replay:BluntJabs","Replay:BluntJabs","Replay:BluntJabs","Replay:BluntJabs","Replay:BluntJabs","Replay:BluntJabs","Replay:BluntJabs","Slice","Slice","Slice","Hidden Blade","Hidden Blade","Hidden Blade","Flying Knee","Flying Knee","Flying Knee","Genetic Algorithm","Genetic Algorithm","Genetic Algorithm","conspire:Rain","conspire:Rain","conspire:Rain","Hologram","Hologram","Hologram","Barrage","Barrage","Barrage","FlyingSleeves","FlyingSleeves","FlyingSleeves","Noxious Fumes","Noxious Fumes","Noxious Fumes","Sword Boomerang","Sword Boomerang","Sword Boomerang","Turbo","Turbo","Turbo","Flame Barrier","Flame Barrier","Flame Barrier","Shrug It Off","Shrug It Off","Shrug It Off","Stack","Stack","Stack","Turbo","Turbo","Turbo","REME_TheLastStrike","REME_TheLastStrike","REME_TheLastStrike","Eruption","Eruption","Eruption","infinitespire:Execution","infinitespire:Execution","infinitespire:Execution","Seek","Seek","Seek"],"relics":["Frozen Eye","Busted Crown","REME_ComplimentaryCards","Girya","Replay:M_SmolderingBlood","StoneCalendar","zeldaRelics:CouragePiece"],"acts_visited":["Exordium"],"potions_floor_usage":[8,8],"damage_taken":[{"damage":0,"enemies":"Cultist","floor":2,"turns":2},{"damage":19,"enemies":"3 Sentries","floor":6,"turns":6},{"damage":47,"enemies":"Lagavulin","floor":8,"turns":3}],"seed_played":"-360253984032850066","potions_obtained":[{"floor":3,"key":"SpeedPotion"},{"floor":3,"key":"AttackPotion"}],"is_trial":true,"path_per_floor":["?","M","?","$","?","E","R","E"],"character_chosen":"IRONCLAD","items_purchased":[],"campfire_rested":0,"item_purchase_floors":[],"current_hp_per_floor":[68,68,68,68,50,31,31,0,0],"gold":243,"neow_bonus":"","is_daily":false,"chose_seed":false,"campfire_upgraded":0,"win_rate":0.0,"timestamp":1607952843,"path_taken":["?","?","?","?","?","E","R","E"],"items_purchased_type":[],"build_version":"2020-12-13","purchased_purges":0,"victory":false,"max_hp_per_floor":[75,75,75,75,75,75,75,75,75],"relic_stats":{"Busted Crown":4,"counters":[3,11],"StoneCalendar":[0],"obtain_stats":[{"Frozen Eye":0,"Girya":0,"Busted Crown":0,"Replay:M_SmolderingBlood":1,"StoneCalendar":2,"zeldaRelics:CouragePiece":6,"Burning Blood":0,"REME_ComplimentaryCards":0},{"Frozen Eye":0,"Girya":0,"Busted Crown":0,"Replay:M_SmolderingBlood":0,"StoneCalendar":1,"zeldaRelics:CouragePiece":2,"Burning Blood":0,"REME_ComplimentaryCards":0},{"Frozen Eye":0,"Girya":0,"Busted Crown":0,"Replay:M_SmolderingBlood":0,"StoneCalendar":2,"zeldaRelics:CouragePiece":8,"Burning Blood":0,"REME_ComplimentaryCards":0}]},"card_choices":[{"not_picked":["Capacitor","REME_SingleHolding"],"picked":"Slice","floor":0},{"not_picked":["CrushJoints","Dodge and Roll"],"picked":"Hidden Blade","floor":0},{"not_picked":["Rebound","ForeignInfluence"],"picked":"Flying Knee","floor":0},{"not_picked":["Madness","Body Slam"],"picked":"Genetic Algorithm","floor":0},{"not_picked":["Discovery","Replay:BluntJabs"],"picked":"conspire:Rain","floor":0},{"not_picked":["Replay:Cycle","FlurryOfBlows"],"picked":"Hologram","floor":0},{"not_picked":["REME_FirmDetermination","Whirlwind"],"picked":"Barrage","floor":0},{"not_picked":["ReplayTheSpireMod:Muscle Training","Prostrate"],"picked":"FlyingSleeves","floor":0},{"not_picked":["Replay:Sssssssssstrike","Conserve Battery"],"picked":"Noxious Fumes","floor":0},{"not_picked":["Second Wind","SignatureMove"],"picked":"Sword Boomerang","floor":0},{"not_picked":["Hidden Blade","FIFO Queue"],"picked":"Turbo","floor":0},{"not_picked":["ReplayTheSpireMod:Uncanny Aura","Blade Dance"],"picked":"Flame Barrier","floor":0},{"not_picked":["White Noise","Armaments"],"picked":"Shrug It Off","floor":0},{"not_picked":["Wild Strike","CutThroughFate"],"picked":"Stack","floor":0},{"not_picked":["Slice","Recycle"],"picked":"Turbo","floor":0},{"not_picked":["ReplayTheSpireMod:Echoes of Time","infinitespire:Gouge"],"picked":"infinitespire:Execution","floor":5},{"not_picked":[],"picked":"Seek","floor":6}],"player_experience":1452693,"relics_obtained":[{"floor":2,"key":"StoneCalendar"},{"floor":6,"key":"zeldaRelics:CouragePiece"}],"event_choices":[{"damage_healed":0,"gold_gain":0,"player_choice":"Got Potions","damage_taken":0,"max_hp_gain":0,"max_hp_loss":0,"event_name":"Lab","floor":3,"gold_loss":0}],"is_beta":false,"boss_relics":[],"items_purged_floors":[],"is_endless":false,"potions_floor_spawned":[],"killed_by":"Lagavulin","ascension_level":20}}