{"host":"f55lpzc7830gmx23","time":1607986905,"event":{"mods":["BaseMod","Better Note","Downfall","Hermit","Minty Spire (QoL Compilation)","StSLib","The Blackbeard","The Cursed","The Necromancer"],"gold_per_floor":[112,337,287,307,307,342,355,398,450,509,131,131,144,144,144,281,281,341,341,33,60,60,94,140,169,169,196,248,248,317,366,366,501,501,551,244,244,302,331,331,391,391,391,417,0,30,90,140,140,155],"floor_reached":51,"playtime":2572,"items_purged":["blackbeard:BlackbeardDefend","blackbeard:BlackbeardStrike"],"score":1115,"play_id":"5fa46929-2657-4118-b160-7ce4ac07a7db","local_time":"20201215000145","is_ascension_mode":true,"campfire_choices":[{"floor":12,"key":"REST"},{"data":"blackbeard:DangerousBlow","floor":15,"key":"SMITH"},{"data":"blackbeard:BoostMorale","floor":29,"key":"SMITH"},{"data":"blackbeard:GoldenGuillotine","floor":32,"key":"SMITH"},{"data":"blackbeard:BoostMorale","floor":40,"key":"SMITH"},{"data":"blackbeard:Cutlass","floor":42,"key":"SMITH"},{"data":"blackbeard:InfiniteBarrage","floor":49,"key":"SMITH"}],"circlet_count":0,"master_deck":["blackbeard:BlackbeardStrike","blackbeard:BlackbeardStrike+1","blackbeard:BlackbeardStrike","blackbeard:IntimidatingStrike+1","blackbeard:BlackbeardDefend","blackbeard:Cutlass+1","blackbeard:DoubleCannonball","blackbeard:GoldenDefense","blackbeard:WiseDefense","blackbeard:Bandana","blackbeard:RearmingStrike","blackbeard:DangerousBlow+1","blackbeard:BrownPants","blackbeard:CannonBarrage","blackbeard:GoldenGuillotine+1","blackbeard:GoldenStrike+1","blackbeard:PirateStrength","blackbeard:PowderKeg+1","blackbeard:DoubleCannonball","blackbeard:RearmingStrike+1","blackbeard:BoostMorale+1","blackbeard:GoldenDefense","blackbeard:GoldenDefense","blackbeard:SmithingHammer+1","blackbeard:BoostMorale+1","blackbeard:GoldenStrike+1","blackbeard:GoldenCannonball","blackbeard:GoldenStrike","blackbeard:InfiniteBarrage+1","blackbeard:TerrorOfTheSeas","blackbeard:InfiniteBarrage+1"],"relics":["blackbeard:LoadTheCannons","HornCleat","Ancient Tea Set","Omamori","Pen Nib","Regal Pillow","Membership Card","blackbeard:HipFlask","Nunchaku","blackbeard:TreasureChest","SacredBark","Bag of Marbles","Eternal Feather","TheAbacus","PreservedInsect","Orichalcum","Whetstone","Matryoshka","Black Star","blackbeard:WhitePearl","White Beast Statue","MealTicket","Bag of Preparation","blackbeard:CannonballsOfSteel","Pocketwatch","Red Mask","Dream Catcher","Kunai"],"acts_visited":["Exordium","TheCity","TheBeyond"],"potions_floor_usage":[6,8,8,21,24,24,33,38,50,50],"damage_taken":[{"damage":0,"enemies":"Cultist","floor":1,"turns":3},{"damage":0,"enemies":"2 Louse","floor":4,"turns":2},{"damage":20,"enemies":"3 Sentries","floor":6,"turns":6},{"damage":0,"enemies":"Small Slimes","floor":7,"turns":3},{"damage":0,"enemies":"Gremlin Nob","floor":8,"turns":3},{"damage":21,"enemies":"3 Sentries","floor":10,"turns":7},{"damage":0,"enemies":"Exordium Thugs","floor":13,"turns":2},{"damage":31,"enemies":"Slime Boss","floor":16,"turns":8},{"damage":0,"enemies":"Chosen","floor":18,"turns":3},{"damage":0,"enemies":"Shell Parasite","floor":21,"turns":3},{"damage":14,"enemies":"Snake Plant","floor":23,"turns":2},{"damage":0,"enemies":"Gremlin Leader","floor":24,"turns":1},{"damage":0,"enemies":"Snecko","floor":25,"turns":2},{"damage":0,"enemies":"Centurion and Healer","floor":28,"turns":3},{"damage":6,"enemies":"Book of Stabbing","floor":30,"turns":2},{"damage":0,"enemies":"Sentry and Sphere","floor":31,"turns":3},{"damage":58,"enemies":"Automaton","floor":33,"turns":8},{"damage":10,"enemies":"3 Darklings","floor":35,"turns":4},{"damage":11,"enemies":"3 Shapes","floor":38,"turns":3},{"damage":0,"enemies":"Sphere and 2 Shapes","floor":39,"turns":2},{"damage":2,"enemies":"Giant Head","floor":41,"turns":2},{"damage":5,"enemies":"3 Darklings","floor":44,"turns":2},{"damage":0,"enemies":"Spire Growth","floor":46,"turns":2},{"damage":4,"enemies":"Reptomancer","floor":47,"turns":2},{"damage":4,"enemies":"Sphere and 2 Shapes","floor":48,"turns":2},{"damage":30,"enemies":"Time Eater","floor":50,"turns":3}],"seed_played":"-1116286059883310501","potions_obtained":[{"floor":0,"key":"SteroidPotion"},{"floor":0,"key":"CultistPotion"},{"floor":0,"key":"AttackPotion"},{"floor":6,"key":"Swift Potion"},{"floor":8,"key":"Block Potion"},{"floor":16,"key":"SkillPotion"},{"floor":21,"key":"SteroidPotion"},{"floor":25,"key":"ColorlessPotion"},{"floor":28,"key":"SpeedPotion"},{"floor":33,"key":"blackbeard:OrangeJuicePotion"},{"floor":38,"key":"SteroidPotion"},{"floor":46,"key":"Slimebound:ThreeZeroPotion"},{"floor":47,"key":"Fire Potion"}],"is_trial":false,"path_per_floor":["M","?","?","M","?","E","M","E","T","E","$","R","M","?","R","B",null,"M","?","$","M","?","M","E","M","T","T","M","R","E","M","R","B",null,"M","$","?","M","M","R","E","R","T","M","?","M","E","M","R","B",null],"character_chosen":"BLACKBEARD_CLASS","items_purchased":["Membership Card","blackbeard:HipFlask","Nunchaku","blackbeard:BrownPants","Bag of Marbles","Eternal Feather","TheAbacus","blackbeard:PirateStrength","blackbeard:WhitePearl","White Beast Statue","blackbeard:GoldenCannonball","blackbeard:GoldenStrike"],"campfire_rested":1,"item_purchase_floors":[11,11,11,11,20,20,20,20,36,36,36,36],"current_hp_per_floor":[75,75,75,75,75,55,55,55,55,34,34,71,71,68,68,37,66,66,66,66,66,66,52,52,52,52,52,52,64,58,58,73,15,60,50,50,50,55,55,70,68,75,75,70,70,70,66,62,75,45],"gold":155,"neow_bonus":"THREE_SMALL_POTIONS","is_daily":false,"chose_seed":false,"campfire_upgraded":6,"win_rate":0.0,"timestamp":1607986905,"path_taken":["M","?","?","M","?","E","?","E","T","E","$","R","M","?","R","BOSS","M","?","$","M","?","M","E","?","T","?","?","R","E","M","R","BOSS","M","$","?","M","M","R","E","R","T","M","?","M","E","M","R","BOSS"],"items_purchased_type":["Relic","Relic","Relic","Card","Relic","Relic","Relic","Card","Relic","Relic","Card","Card"],"build_version":"2020-12-13","purchased_purges":2,"victory":true,"max_hp_per_floor":[75,75,75,75,75,75,75,75,75,75,75,75,75,75,75,75,75,75,75,75,75,75,75,75,75,75,75,75,75,75,75,75,75,75,75,75,75,75,75,75,75,75,75,75,75,75,75,75,75,75],"card_choices":[{"not_picked":["blackbeard:Provisioning","blackbeard:GoldenStrike"],"picked":"blackbeard:DoubleCannonball","floor":1},{"not_picked":["blackbeard:Boarding","blackbeard:WoodenLeg","blackbeard:ArmorUp"],"picked":"SKIP","floor":4},{"not_picked":["blackbeard:Dagger","blackbeard:Shrapnel"],"picked":"blackbeard:WiseDefense","floor":6},{"not_picked":["blackbeard:Boarding","blackbeard:GoldenDefense"],"picked":"blackbeard:Bandana","floor":7},{"not_picked":["blackbeard:Rum","blackbeard:AgileStrike"],"picked":"blackbeard:RearmingStrike","floor":8},{"not_picked":["blackbeard:BlindAttacks","blackbeard:Boarding"],"picked":"blackbeard:DangerousBlow","floor":10},{"not_picked":["blackbeard:PiratesWill","blackbeard:HumongousCannonball"],"picked":"blackbeard:CannonBarrage","floor":13},{"not_picked":["blackbeard:WeaponMastery","blackbeard:Lifeboat"],"picked":"blackbeard:GoldenGuillotine","floor":16},{"not_picked":["blackbeard:Scrap","blackbeard:DeadlyArsenal"],"picked":"blackbeard:GoldenStrike+1","floor":18},{"not_picked":["blackbeard:PirateEarring+1","blackbeard:WoodenLeg"],"picked":"blackbeard:PowderKeg+1","floor":21},{"not_picked":["blackbeard:FieryDefense","blackbeard:DoubleBottom"],"picked":"blackbeard:RearmingStrike+1","floor":23},{"not_picked":["blackbeard:BlindAttacks+1","blackbeard:ArmorUp"],"picked":"blackbeard:BoostMorale","floor":24},{"not_picked":["blackbeard:Toast","blackbeard:DoubleBottom"],"picked":"blackbeard:GoldenDefense","floor":25},{"not_picked":["blackbeard:DoubleCannonball","blackbeard:FieryDefense","blackbeard:SwordDance"],"picked":"SKIP","floor":28},{"not_picked":["blackbeard:Sharpening+1","blackbeard:Sword"],"picked":"blackbeard:GoldenDefense","floor":30},{"not_picked":["blackbeard:Sharpening","blackbeard:Dagger+1"],"picked":"blackbeard:SmithingHammer+1","floor":31},{"not_picked":["blackbeard:MegaUpgrade","blackbeard:GoldenGuillotine"],"picked":"blackbeard:BoostMorale","floor":33},{"not_picked":["blackbeard:GhostInTheRum","blackbeard:WiseDefense"],"picked":"blackbeard:GoldenStrike+1","floor":35},{"not_picked":["blackbeard:SwordDance+1","blackbeard:Fencing+1","blackbeard:ChaoticDefense"],"picked":"SKIP","floor":38},{"not_picked":["blackbeard:BountyHunter","blackbeard:GoldenCannonball"],"picked":"blackbeard:InfiniteBarrage+1","floor":39},{"not_picked":["blackbeard:BuriedTreasure+1","blackbeard:Sword","blackbeard:DeadlyArsenal+1"],"picked":"SKIP","floor":41},{"not_picked":["blackbeard:PiratesWill","blackbeard:Upgrade"],"picked":"blackbeard:TerrorOfTheSeas","floor":44},{"not_picked":["blackbeard:RearmingStrike+1","blackbeard:BlindAttacks"],"picked":"blackbeard:InfiniteBarrage","floor":46},{"not_picked":["blackbeard:BlindAttacks","blackbeard:PirateStrength","blackbeard:RemoveScurvy+1"],"picked":"SKIP","floor":47},{"not_picked":["blackbeard:DeadlyArsenal+1","blackbeard:BrownPants","blackbeard:Toast+1"],"picked":"SKIP","floor":48}],"player_experience":401331,"relics_obtained":[{"floor":6,"key":"Ancient Tea Set"},{"floor":8,"key":"Omamori"},{"floor":9,"key":"Pen Nib"},{"floor":10,"key":"Regal Pillow"},{"floor":24,"key":"PreservedInsect"},{"floor":26,"key":"Orichalcum"},{"floor":27,"key":"Whetstone"},{"floor":30,"key":"Matryoshka"},{"floor":41,"key":"MealTicket"},{"floor":41,"key":"Bag of Preparation"},{"floor":43,"key":"blackbeard:CannonballsOfSteel"},{"floor":43,"key":"Pocketwatch"},{"floor":47,"key":"Dream Catcher"},{"floor":47,"key":"Kunai"}],"event_choices":[{"damage_healed":0,"gold_gain":225,"player_choice":"YARR","damage_taken":0,"relics_obtained":["HornCleat"],"max_hp_gain":0,"max_hp_loss":0,"event_name":"blackbeard:Ssssserpent","floor":2,"gold_loss":0},{"damage_healed":0,"gold_gain":0,"player_choice":"blackbeard:GoldenDefense","damage_taken":0,"max_hp_gain":0,"max_hp_loss":0,"event_name":"blackbeard:GoldsmithEvent","floor":3,"gold_loss":0,"cards_obtained":["blackbeard:GoldenDefense"]},{"damage_healed":0,"gold_gain":0,"player_choice":"Ignored","damage_taken":0,"max_hp_gain":0,"max_hp_loss":0,"event_name":"Purifier","floor":5,"gold_loss":0},{"damage_healed":0,"gold_gain":0,"player_choice":"Success","damage_taken":3,"relics_obtained":["blackbeard:TreasureChest"],"max_hp_gain":0,"max_hp_loss":0,"event_name":"Scrap Ooze","floor":14,"gold_loss":0},{"cards_removed":["blackbeard:BlackbeardStrike"],"damage_healed":0,"gold_gain":0,"player_choice":"Give","damage_taken":0,"max_hp_gain":0,"max_hp_loss":0,"event_name":"betterNote:BetterNote","floor":19,"gold_loss":0,"cards_obtained":["blackbeard:BlackbeardStrike"]},{"damage_healed":0,"gold_gain":0,"player_choice":"1 cards matched","damage_taken":0,"max_hp_gain":0,"max_hp_loss":0,"event_name":"Match and Keep!","floor":22,"gold_loss":0,"cards_obtained":["blackbeard:DoubleCannonball"]},{"cards_removed":["blackbeard:BlackbeardDefend"],"damage_healed":0,"gold_gain":0,"player_choice":"Removed Skill","damage_taken":0,"max_hp_gain":0,"max_hp_loss":0,"event_name":"Falling","floor":37,"gold_loss":0},{"damage_healed":0,"gold_gain":0,"player_choice":"Paid","damage_taken":0,"relics_obtained":["Red Mask"],"max_hp_gain":0,"max_hp_loss":0,"event_name":"Tomb of Lord Red Mask","floor":45,"gold_loss":417}],"is_beta":false,"boss_relics":[{"not_picked":["Fusion Hammer","Velvet Choker"],"picked":"SacredBark"},{"not_picked":["Philosopher\u0027s Stone","Cursed Key"],"picked":"Black Star"}],"items_purged_floors":[11,36],"is_endless":false,"potions_floor_spawned":[4,6,8,16,21,25,28,33,35,38,39,41,44,46,47,48],"ascension_level":5}}