{"host":"mvlqq966zh3ccmv5","time":1607961275,"event":{"mods":["AchievementEnabler","BaseMod","DeckTracker","Minty Spire (QoL Compilation)","SuperFastMode"],"gold_per_floor":[116,116,129,16,35,35,68,68,68,68,82,82,94,169,169,169,169],"floor_reached":16,"playtime":186,"items_purged":["Strike_R"],"score":100,"play_id":"8689349a-09a2-4b2d-b40b-fc899a8e7209","local_time":"20201215005435","is_ascension_mode":false,"campfire_choices":[{"data":"Whirlwind","floor":6,"key":"SMITH"},{"data":"Bash","floor":8,"key":"SMITH"},{"data":"Defend_R","floor":10,"key":"SMITH"},{"data":"Defend_R","floor":15,"key":"SMITH"}],"circlet_count":0,"master_deck":["Strike_R","Strike_R","Defend_R+1","Defend_R+1","Defend_R","Defend_R","Bash+1","Whirlwind+1"],"relics":["Burning Blood","Meat on the Bone","Self Forming Clay"],"acts_visited":["Exordium"],"potions_floor_usage":[],"damage_taken":[{"damage":9,"enemies":"2 Louse","floor":1,"turns":3},{"damage":15,"enemies":"Jaw Worm","floor":3,"turns":4},{"damage":8,"enemies":"Small Slimes","floor":5,"turns":2},{"damage":28,"enemies":"Gremlin Nob","floor":7,"turns":4},{"damage":6,"enemies":"Exordium Thugs","floor":11,"turns":3},{"damage":5,"enemies":"Red Slaver","floor":13,"turns":4},{"damage":43,"enemies":"Slime Boss","floor":16,"turns":8}],"seed_played":"2373698868605135581","potions_obtained":[{"floor":1,"key":"Swift Potion"},{"floor":3,"key":"DuplicationPotion"},{"floor":13,"key":"PowerPotion"}],"is_trial":false,"path_per_floor":["M","?","M","$","M","R","E","R","T","R","M","?","M","?","R","B"],"character_chosen":"IRONCLAD","items_purchased":["Whirlwind"],"campfire_rested":0,"item_purchase_floors":[4],"current_hp_per_floor":[77,82,73,73,71,71,49,49,49,49,49,49,50,39,39,0,0],"gold":169,"neow_bonus":"REMOVE_CARD","is_daily":false,"chose_seed":false,"campfire_upgraded":4,"win_rate":0.0,"timestamp":1607961275,"path_taken":["M","?","M","$","M","R","E","R","T","R","M","?","M","?","R","BOSS"],"items_purchased_type":["Card"],"build_version":"2020-12-13","purchased_purges":1,"victory":false,"max_hp_per_floor":[80,85,85,85,85,85,85,85,85,85,85,85,85,85,85,85,85],"card_choices":[{"not_picked":["Intimidate","Rage","Cleave"],"picked":"SKIP","floor":1},{"not_picked":["Clothesline","Shrug It Off","Pommel Strike"],"picked":"SKIP","floor":3},{"not_picked":["Bloodletting","Entrench","Shockwave"],"picked":"SKIP","floor":5},{"not_picked":["Carnage","Spot Weakness","Headbutt"],"picked":"SKIP","floor":7},{"not_picked":["Perfected Strike","Sever Soul","Body Slam"],"picked":"SKIP","floor":11},{"not_picked":["Entrench","Pommel Strike","Sentinel"],"picked":"SKIP","floor":13}],"player_experience":205702,"relics_obtained":[{"floor":7,"key":"Meat on the Bone"},{"floor":9,"key":"Self Forming Clay"}],"event_choices":[{"damage_healed":0,"gold_gain":0,"player_choice":"Donut","damage_taken":0,"max_hp_gain":5,"max_hp_loss":0,"event_name":"Big Fish","floor":2,"gold_loss":0},{"cards_removed":["Strike_R"],"damage_healed":0,"gold_gain":0,"player_choice":"Forget","damage_taken":0,"max_hp_gain":0,"max_hp_loss":0,"event_name":"Living Wall","floor":12,"gold_loss":0},{"damage_healed":0,"gold_gain":75,"player_choice":"Gather Gold","damage_taken":11,"max_hp_gain":0,"max_hp_loss":0,"event_name":"World of Goop","floor":14,"gold_loss":0}],"is_beta":false,"boss_relics":[],"items_purged_floors":[4],"is_endless":false,"potions_floor_spawned":[1,3,13],"killed_by":"Slime Boss","ascension_level":0}}