{"host":"otf1z5955ddlv5pq","time":1607931131,"event":{"mods":["BaseMod","Beaked The Cultist","Better Altar","Better Match","Better Note","Better Sensory Stone","Better Skull","Better Third Choice","Colored Map","Colored Powertips","Downfall","Minty Spire (QoL Compilation)","Rare Cards Sparkle","Replay The Spire","StSLib"],"gold_per_floor":[19,19,29,29,29,73,96,112,137,137,150,150,150,168,168,299,299,324,324,324,200,213,213,213,213],"floor_reached":24,"playtime":11519,"items_purged":["beaked:Strike_Y"],"score":196,"play_id":"54554fda-814d-4a0c-8803-608d58019ff2","local_time":"20201213233211","is_ascension_mode":false,"campfire_choices":[{"data":"beaked:BraceForImpact","floor":12,"key":"SMITH"},{"data":"beaked:ScreechingChant","floor":15,"key":"SMITH"},{"floor":23,"key":"REST"}],"circlet_count":0,"master_deck":["beaked:Strike_Y","beaked:Strike_Y","beaked:Strike_Y","beaked:Strike_Y","beaked:Defend_Y","beaked:Defend_Y","beaked:Defend_Y","beaked:Defend_Y","beaked:Ceremony","beaked:Ceremony","beaked:Ceremony","beaked:ScreechingChant+1","beaked:BraceForImpact+1","beaked:VigorBurst","beaked:WindBringer","beaked:DigDeep","beaked:Foresight","beaked:WarriorEssence","beaked:Brace","beaked:Insight","beaked:TuckingFeathers"],"relics":["beaked:MendingPlumage","Golden Idol","Tiny Chest","Dream Catcher","Omamori","Runic Pyramid","Matryoshka"],"acts_visited":["Exordium","TheCity"],"potions_floor_usage":[14,16,16,16],"damage_taken":[{"damage":12,"enemies":"Cultist","floor":1,"turns":5},{"damage":21,"enemies":"Small Slimes","floor":3,"turns":4},{"damage":42,"enemies":"Lagavulin","floor":6,"turns":10},{"damage":15,"enemies":"Jaw Worm","floor":7,"turns":5},{"damage":22,"enemies":"Blue Slaver","floor":8,"turns":5},{"damage":20,"enemies":"Large Slime","floor":11,"turns":9},{"damage":19,"enemies":"Looter","floor":14,"turns":5},{"damage":47,"enemies":"Slime Boss","floor":16,"turns":8},{"damage":41,"enemies":"Shell Parasite","floor":18,"turns":7},{"damage":67,"enemies":"Spheric Guardian","floor":22,"turns":8},{"damage":44,"enemies":"Shelled Parasite and Fungi","floor":24,"turns":4}],"seed_played":"-7690005460204138934","potions_obtained":[{"floor":3,"key":"Dexterity Potion"},{"floor":7,"key":"Explosive Potion"},{"floor":11,"key":"Dexterity Potion"},{"floor":14,"key":"Fire Potion"},{"floor":20,"key":"BlessingOfTheForge"},{"floor":20,"key":"Flashbang"},{"floor":20,"key":"EssenceOfSteel"}],"is_trial":false,"path_per_floor":["M","$","M","$","?","E","M","M","T","?","M","R","?","M","R","B",null,"M","T","?","$","M","R","M"],"character_chosen":"BEAKED_THE_CULTIST","items_purchased":["beaked:Insight"],"campfire_rested":1,"item_purchase_floors":[21],"current_hp_per_floor":[45,45,40,40,40,37,38,39,39,39,51,51,51,46,46,30,51,41,41,41,41,14,29,0,0],"gold":213,"neow_bonus":"THREE_RARE_CARDS","is_daily":false,"chose_seed":false,"campfire_upgraded":2,"win_rate":0.0,"timestamp":1607931131,"path_taken":["M","$","?","$","?","E","M","M","T","?","?","R","?","M","R","BOSS","M","?","?","$","M","R","M"],"items_purchased_type":["Card"],"build_version":"2020-12-13","purchased_purges":1,"victory":false,"max_hp_per_floor":[50,50,55,55,51,51,51,51,51,51,51,51,51,51,51,51,51,51,51,51,51,51,51,51,51],"card_choices":[{"not_picked":["beaked:Brainwash","beaked:CheekyTricks"],"picked":"beaked:ScreechingChant","floor":0},{"not_picked":["beaked:FeelMyPain","beaked:SurvivalInstinct"],"picked":"beaked:BraceForImpact","floor":1},{"not_picked":["beaked:Foresight","beaked:MimicWarrior"],"picked":"beaked:VigorBurst","floor":3},{"not_picked":["beaked:VolatileMisfortune","beaked:WarriorEssence"],"picked":"beaked:WindBringer","floor":6},{"not_picked":["beaked:Tweet","beaked:RuinSticks"],"picked":"beaked:DigDeep","floor":7},{"not_picked":["beaked:DigDeep","beaked:ScreechingChant"],"picked":"beaked:Foresight","floor":8},{"not_picked":["beaked:FeelMyPain","beaked:Redirect"],"picked":"beaked:WarriorEssence","floor":11},{"not_picked":["beaked:HuntressEssence","beaked:VigorBurst","beaked:Daydream"],"picked":"SKIP","floor":14},{"not_picked":["beaked:DesperateSwing","beaked:Redirect"],"picked":"beaked:Brace","floor":18},{"not_picked":["beaked:Windmill","beaked:Resilience+1"],"picked":"beaked:TuckingFeathers","floor":22}],"player_experience":889460,"relics_obtained":[{"floor":6,"key":"Tiny Chest"},{"floor":9,"key":"Dream Catcher"},{"floor":19,"key":"Matryoshka"}],"event_choices":[{"damage_healed":0,"gold_gain":0,"player_choice":"Lose Max HP","damage_taken":0,"relics_obtained":["Golden Idol"],"max_hp_gain":0,"max_hp_loss":4,"event_name":"Golden Idol","floor":5,"gold_loss":0},{"damage_healed":0,"gold_gain":0,"player_choice":"Searched \u00272\u0027 times","damage_taken":0,"relics_obtained":["Omamori"],"max_hp_gain":0,"max_hp_loss":0,"event_name":"Dead Adventurer","floor":10,"gold_loss":0},{"damage_healed":0,"gold_gain":0,"player_choice":"Got Potions","damage_taken":0,"max_hp_gain":0,"max_hp_loss":0,"event_name":"Lab","floor":20,"gold_loss":0}],"is_beta":false,"boss_relics":[{"not_picked":["Sozu","Replay:Drink Me"],"picked":"Runic Pyramid"}],"items_purged_floors":[21],"is_endless":false,"potions_floor_spawned":[3,7,11,14],"killed_by":"Shelled Parasite and Fungi","ascension_level":0}}