{"host":"51oymzdi1vqwwubu","time":1607904464,"event":{"mods":["Alarm Clock","BaseMod","Become a monster ???","Better Altar","Better Match","Better Note","Better Sensory Stone","Better Skull","Better Vampires","Block Reminder","Colored Map","Colored Powertips","Curses Come First","DeckTracker","Defective Defect","Downfall","FTL Soundtrack","Highlight Path","Key Reminder","Keyboard Shortcuts","Minty Spire (QoL Compilation)","Quick Restart","Rare Cards Sparkle","Relic Stats","Reorder Act Four","StSLib","SuperFastMode","Waifu the Spire"],"gold_per_floor":[99,99,114,114,144,249,249,264,284,284,284,300,41,26,45,45,45],"floor_reached":16,"playtime":1467,"items_purged":["Slimebound:Strike_Slimebound"],"score":100,"play_id":"bb4633cd-a4f5-4aed-9fa3-6e5cbe6243dc","local_time":"20201214030744","is_ascension_mode":false,"campfire_choices":[{"data":"Slimebound:Split","floor":1,"key":"SMITH"},{"floor":10,"key":"REST"}],"circlet_count":0,"master_deck":["Slimebound:Strike_Slimebound","Slimebound:Strike_Slimebound","Slimebound:Tackle","Slimebound:Defend_Slimebound","Slimebound:Defend_Slimebound","Slimebound:Defend_Slimebound","Slimebound:Defend_Slimebound","Slimebound:Split+1","Slimebound:CorrosiveSpit","Slimebound:GoopSpray+1","Slimebound:RollThrough","Slimebound:SpikyOuterGoop","Slimebound:SlimeBarrage","Slimebound:LevelUp","Slimebound:LeadByExample","Madness","Slimebound:SlimeTap","Slimebound:HauntingLick","Slimebound:SamplingLick"],"relics":["Slimebound:AbsorbEndCombat","Shuriken","Bottled Lightning","Mummified Hand","Potion Belt","HornCleat","Slimebound:GreedOozeRelic"],"acts_visited":["Exordium"],"potions_floor_usage":[8,8,8,8,13,14,15],"damage_taken":[{"damage":21,"enemies":"Small Slimes","floor":3,"turns":4},{"damage":25,"enemies":"Gremlin Nob","floor":5,"turns":3},{"damage":15,"enemies":"Jaw Worm","floor":8,"turns":3},{"damage":8,"enemies":"2 Louse","floor":9,"turns":2},{"damage":24,"enemies":"Exordium Thugs","floor":12,"turns":4},{"damage":8,"enemies":"downfall:FleeingMerchant","floor":13,"turns":4},{"damage":8,"enemies":"downfall:FleeingMerchant","floor":14,"turns":4},{"damage":20,"enemies":"2 Fungi Beasts","floor":15,"turns":3},{"damage":65,"enemies":"downfall:Defect","floor":16,"turns":5}],"seed_played":"-8850280057776654385","potions_obtained":[{"floor":5,"key":"EntropicBrew"},{"floor":12,"key":"DistilledChaos"},{"floor":15,"key":"SmokeBomb"}],"is_trial":false,"path_per_floor":["R","?","M","T","E","?","T","M","M","R","?","M","$","$","M","B"],"character_chosen":"SLIMEBOUND","items_purchased":["Madness","Slimebound:SlimeTap"],"campfire_rested":1,"item_purchase_floors":[13,13],"current_hp_per_floor":[66,63,54,54,43,14,14,20,24,43,43,31,43,53,45,0,0],"gold":45,"neow_bonus":"TEN_PERCENT_HP_BONUS","is_daily":false,"chose_seed":false,"campfire_upgraded":1,"win_rate":0.0,"timestamp":1607904464,"path_taken":["R","?","M","?","E","?","T","?","M","R","?","M","?","$","M","BOSS"],"items_purchased_type":["Card","Card"],"build_version":"2020-11-30","purchased_purges":1,"victory":false,"max_hp_per_floor":[66,66,66,66,66,66,66,66,66,66,66,66,66,66,66,66,66],"relic_stats":{"counters":[9,30],"Shuriken":[3],"Mummified Hand":[11],"obtain_stats":[{"Potion Belt":6,"Slimebound:GreedOozeRelic":11,"HornCleat":7,"Shuriken":2,"Mummified Hand":5,"Slimebound:AbsorbEndCombat":0,"Bottled Lightning":4},{"Potion Belt":2,"Slimebound:GreedOozeRelic":4,"HornCleat":2,"Shuriken":0,"Mummified Hand":2,"Slimebound:AbsorbEndCombat":0,"Bottled Lightning":1},{"Potion Belt":6,"Slimebound:GreedOozeRelic":11,"HornCleat":6,"Shuriken":0,"Mummified Hand":6,"Slimebound:AbsorbEndCombat":0,"Bottled Lightning":3}]},"card_choices":[{"not_picked":["Slimebound:PressTheAttack","Slimebound:LeechingTouch"],"picked":"Slimebound:GoopSpray","floor":3},{"not_picked":["Slimebound:PressTheAttack","Slimebound:PrepareCrush"],"picked":"Slimebound:RollThrough","floor":5},{"not_picked":["Slimebound:SplitBruiser","Slimebound:SplitLeeching"],"picked":"Slimebound:SpikyOuterGoop","floor":8},{"not_picked":["Slimebound:GoopSpray","Slimebound:ForwardTackle"],"picked":"Slimebound:SlimeBarrage","floor":9},{"not_picked":["Slimebound:LeechEnergy","Slimebound:SamplingLick"],"picked":"Slimebound:LevelUp","floor":12},{"not_picked":["Slimebound:ViciousTackle","Slimebound:LivingWall"],"picked":"Slimebound:LeadByExample","floor":13},{"not_picked":["Slimebound:GrowthPunch","Slimebound:PressTheAttack"],"picked":"Slimebound:HauntingLick","floor":14},{"not_picked":["Slimebound:SplitBruiser","Slimebound:Prepare"],"picked":"Slimebound:SamplingLick","floor":15}],"player_experience":132088,"relics_obtained":[{"floor":4,"key":"Bottled Lightning"},{"floor":5,"key":"Mummified Hand"},{"floor":7,"key":"HornCleat"}],"event_choices":[{"damage_healed":0,"gold_gain":0,"player_choice":"Success","damage_taken":3,"relics_obtained":["Shuriken"],"max_hp_gain":0,"max_hp_loss":0,"event_name":"Scrap Ooze","floor":2,"gold_loss":0},{"damage_healed":0,"gold_gain":105,"player_choice":"RE UP GO ","damage_taken":34,"relics_obtained":["Potion Belt"],"max_hp_gain":0,"max_hp_loss":0,"event_name":"betterSkull:BetterSkull","floor":6,"gold_loss":0,"cards_upgraded":["Slimebound:GoopSpray"]}],"is_beta":false,"boss_relics":[],"items_purged_floors":[13],"is_endless":false,"potions_floor_spawned":[5,12,15],"killed_by":"downfall:Defect","ascension_level":0}}