{"host":"x1qj4d8ympd5jdqh","time":1607954560,"event":{"mods":["AchievementEnabler","AlwaysNeverKeys","BaseMod","Colored Map","Custom Start","DeckTracker","Highlight Path","Minty Spire (QoL Compilation)","StSLib","SuperFastMode"],"gold_per_floor":[115,130,144,158,83,83,98,98,170,150,150,250,61,78,78,157,157,177,65,81,6,6,6,6,6],"floor_reached":24,"playtime":759,"items_purged":["Strike_G"],"score":376,"play_id":"1b3d0428-b32c-4de1-9063-49af76b6d775","local_time":"20201214230240","is_ascension_mode":true,"campfire_choices":[{"data":"Dagger Spray","floor":6,"key":"SMITH"},{"floor":11,"key":"REST"},{"data":"Cloak And Dagger","floor":15,"key":"SMITH"},{"floor":23,"key":"REST"}],"circlet_count":0,"master_deck":["AscendersBane","Strike_G","Strike_G","Defend_G","Defend_G","Defend_G","Defend_G","Defend_G","Survivor","Neutralize","Dagger Spray+1","Dagger Throw","Well Laid Plans","Cloak And Dagger+1","Accuracy","Dagger Spray","Corpse Explosion","Tactician","Reflex","Prepared+1"],"relics":["Ring of the Snake","Vajra","Shovel","Ornamental Fan","Runic Pyramid"],"acts_visited":["Exordium","TheCity"],"potions_floor_usage":[4,16,24],"damage_taken":[{"damage":1,"enemies":"Cultist","floor":1,"turns":5},{"damage":3,"enemies":"Small Slimes","floor":2,"turns":4},{"damage":9,"enemies":"Jaw Worm","floor":3,"turns":6},{"damage":3,"enemies":"Looter","floor":4,"turns":3},{"damage":0,"enemies":"Lots of Slimes","floor":7,"turns":1},{"damage":1,"enemies":"Exordium Thugs","floor":10,"turns":4},{"damage":3,"enemies":"Exordium Wildlife","floor":14,"turns":5},{"damage":9,"enemies":"Slime Boss","floor":16,"turns":10},{"damage":20,"enemies":"Shell Parasite","floor":18,"turns":6},{"damage":22,"enemies":"2 Thieves","floor":20,"turns":3},{"damage":33,"enemies":"Shelled Parasite and Fungi","floor":24,"turns":3}],"seed_played":"-302943966719877083","potions_obtained":[{"floor":1,"key":"Ancient Potion"},{"floor":3,"key":"Weak Potion"},{"floor":10,"key":"Poison Potion"},{"floor":20,"key":"ColorlessPotion"}],"is_trial":false,"path_per_floor":["M","M","M","M","?","R","M","?","T","M","R","?","$","M","R","B",null,"M","$","M","?","$","R","M"],"character_chosen":"THE_SILENT","items_purchased":["Accuracy","GhostInAJar","Reflex"],"campfire_rested":2,"item_purchase_floors":[13,13,19],"current_hp_per_floor":[58,55,46,43,43,43,43,17,17,16,35,35,35,32,32,23,55,35,35,13,13,13,32,0,0],"gold":6,"neow_bonus":"RANDOM_COMMON_RELIC","is_daily":false,"chose_seed":false,"campfire_upgraded":2,"win_rate":0.0,"timestamp":1607954560,"path_taken":["M","M","?","M","?","R","M","?","T","M","R","?","$","M","R","BOSS","M","?","?","?","$","R","M"],"items_purchased_type":["Card","Potion","Card"],"build_version":"2020-12-13","purchased_purges":1,"victory":false,"max_hp_per_floor":[66,66,66,66,66,66,66,66,66,66,66,66,66,66,66,66,66,66,66,66,66,66,66,66,66],"card_choices":[{"not_picked":["Choke","Deadly Poison","Sucker Punch"],"picked":"SKIP","floor":1},{"not_picked":["Riddle With Holes","Flying Knee"],"picked":"Dagger Spray","floor":2},{"not_picked":["Expertise","Accuracy"],"picked":"Dagger Throw","floor":3},{"not_picked":["Prepared","Dagger Throw","Expertise"],"picked":"SKIP","floor":4},{"not_picked":["Deflect","Backflip"],"picked":"Well Laid Plans","floor":7},{"not_picked":["Bane","Noxious Fumes"],"picked":"Cloak And Dagger","floor":10},{"not_picked":["Unload","Well Laid Plans"],"picked":"Dagger Spray","floor":14},{"not_picked":["Night Terror","Venomology"],"picked":"Corpse Explosion","floor":16},{"not_picked":["Underhanded Strike","Blade Dance"],"picked":"Tactician","floor":18},{"not_picked":["Flying Knee","Infinite Blades"],"picked":"Prepared+1","floor":20}],"player_experience":1223366,"relics_obtained":[{"floor":9,"key":"Ornamental Fan"}],"event_choices":[{"cards_removed":["Strike_G"],"damage_healed":0,"gold_gain":0,"player_choice":"Card Removal","damage_taken":0,"max_hp_gain":0,"max_hp_loss":0,"event_name":"The Cleric","floor":5,"gold_loss":75},{"damage_healed":0,"gold_gain":0,"player_choice":"Success","damage_taken":26,"relics_obtained":["Shovel"],"max_hp_gain":0,"max_hp_loss":0,"event_name":"Scrap Ooze","floor":8,"gold_loss":0},{"damage_healed":0,"gold_gain":100,"player_choice":"Gold","damage_taken":0,"max_hp_gain":0,"max_hp_loss":0,"event_name":"Wheel of Change","floor":12,"gold_loss":0},{"cards_removed":["Strike_G"],"damage_healed":0,"gold_gain":0,"player_choice":"Gave Gold","damage_taken":0,"max_hp_gain":0,"max_hp_loss":0,"event_name":"Beggar","floor":21,"gold_loss":75}],"is_beta":false,"boss_relics":[{"not_picked":["Runic Dome","Snecko Eye"],"picked":"Runic Pyramid"}],"items_purged_floors":[19],"is_endless":false,"potions_floor_spawned":[1,3,10,20],"killed_by":"Shelled Parasite and Fungi","ascension_level":20}}