{"host":"nn0usk9aafse27ii","time":1607971939,"event":{"mods":["BaseMod","Colored Map","Highlight Path","Minty Spire (QoL Compilation)","Shop Mod","StSLib","The Cursed"],"gold_per_floor":[118,118,134,134,134,134,170,170,170,170,194,207,382,239,239,359,359,378,378,378,396,411,431,454,454,480,480,524,548,391,434,434,555,555,573,592,592,592],"floor_reached":37,"playtime":4135,"items_purged":["TheCursedMod:Strike_TheCursed"],"score":434,"play_id":"9845704e-56b1-4620-9ab5-9f33c57581cb","local_time":"20201214105219","is_ascension_mode":false,"campfire_choices":[{"data":"TheCursedMod:Evocation","floor":6.0,"key":"SMITH"},{"floor":8.0,"key":"REST"},{"data":"TheCursedMod:CursedStaff","floor":10.0,"key":"SMITH"},{"data":"TheCursedMod:Torture","floor":15.0,"key":"SMITH"},{"data":"TheCursedMod:CircleOfWindfury","floor":25.0,"key":"SMITH"},{"floor":27.0,"key":"REST"},{"data":"TheCursedMod:CircleOfFocus","floor":32.0,"key":"SMITH"}],"circlet_count":0,"master_deck":["TheCursedMod:Strike_TheCursed","TheCursedMod:Defend_TheCursed","TheCursedMod:Defend_TheCursed","TheCursedMod:Defend_TheCursed","TheCursedMod:Defend_TheCursed","TheCursedMod:CursedWand+1","TheCursedMod:CleanUpWorkshop","TheCursedMod:Dregs","Panacea","TheCursedMod:Wield","Injury","TheCursedMod:RapidMovement","TheCursedMod:Evocation+1","TheCursedMod:CursedStaff+1","TheCursedMod:Torture+1","Doubt","TheCursedMod:LuckyCharm+1","TheCursedMod:SaltUponWound","TheCursedMod:CircleOfWindfury+1","TheCursedMod:UltimatePain","TheCursedMod:CursedAmulet","TheCursedMod:CursedRelics+1","TheCursedMod:CircleOfCorruption","TheCursedMod:ForbiddenAlchemy","TheCursedMod:SpitefulStrike","TheCursedMod:AbyssShockwave","TheCursedMod:SaltUponWound+1","TheCursedMod:CircleOfFocus+1","TheCursedMod:CursedStaff","Dramatic Entrance","TheCursedMod:FleshFromBone+1","TheCursedMod:NeowsMight","TheCursedMod:SpitefulStrike+1","TheCursedMod:SoulReap+1"],"relics":["TheCursedMod:BlackMagic101","Golden Idol","Pantograph","Frozen Egg 2","Orrery","Snecko Eye","Whetstone","Centennial Puzzle","Philosopher\u0027s Stone"],"acts_visited":["Exordium","TheCity","TheBeyond"],"potions_floor_usage":[37,37,37,37],"damage_taken":[{"damage":0.0,"enemies":"Small Slimes","floor":1.0,"turns":4.0},{"damage":0.0,"enemies":"2 Louse","floor":3.0,"turns":2.0},{"damage":39.0,"enemies":"Lagavulin","floor":7.0,"turns":11.0},{"damage":0.0,"enemies":"Jaw Worm","floor":11.0,"turns":2.0},{"damage":1.0,"enemies":"3 Louse","floor":12.0,"turns":4.0},{"damage":33.0,"enemies":"The Guardian","floor":16.0,"turns":8.0},{"damage":10.0,"enemies":"2 Thieves","floor":18.0,"turns":5.0},{"damage":6.0,"enemies":"Chosen","floor":21.0,"turns":5.0},{"damage":0.0,"enemies":"Snake Plant","floor":22.0,"turns":2.0},{"damage":22.0,"enemies":"Chosen and Byrds","floor":23.0,"turns":8.0},{"damage":4.0,"enemies":"3 Cultists","floor":24.0,"turns":3.0},{"damage":1.0,"enemies":"Book of Stabbing","floor":28.0,"turns":3.0},{"damage":18.0,"enemies":"Snake Plant","floor":29.0,"turns":3.0},{"damage":0.0,"enemies":"Slavers","floor":31.0,"turns":2.0},{"damage":30.0,"enemies":"Automaton","floor":33.0,"turns":11.0},{"damage":30.0,"enemies":"3 Darklings","floor":35.0,"turns":3.0},{"damage":0.0,"enemies":"3 Shapes","floor":36.0,"turns":3.0},{"damage":52,"enemies":"Spire Growth","floor":37,"turns":4}],"seed_played":"2623158484328471517","potions_obtained":[{"floor":7.0,"key":"DuplicationPotion"},{"floor":12.0,"key":"PowerPotion"},{"floor":21.0,"key":"Block Potion"},{"floor":24.0,"key":"Weak Potion"},{"floor":28.0,"key":"ColorlessPotion"},{"floor":31.0,"key":"SpeedPotion"}],"is_trial":false,"path_per_floor":["M","?","M","?","?","R","E","R","T","R","M","M","?","$","R","B",null,"M","?","?","M","M","M","M","R","T","R","E","M","$","E","R","B",null,"M","M","M"],"character_chosen":"THE_CURSED","items_purchased":["Orrery","Dramatic Entrance"],"campfire_rested":2,"item_purchase_floors":[14,30],"current_hp_per_floor":[75,75,75,75,68,68,29,51,51,51,51,50,50,50,50,42,75,65,65,65,59,59,49,45,45,45,67,66,48,48,48,48,43,75,45,45,0,0],"gold":592,"neow_bonus":"RANDOM_COLORLESS","is_daily":false,"chose_seed":false,"campfire_upgraded":5,"win_rate":0.0,"timestamp":1607971939,"path_taken":["M","?","M","?","?","R","E","R","T","R","M","M","?","$","R","BOSS","M","?","?","?","M","M","M","R","T","R","E","M","$","E","R","BOSS","M","M","M"],"items_purchased_type":["Relic","Card"],"build_version":"2020-12-13","purchased_purges":1,"victory":false,"max_hp_per_floor":[75,75,75,75,75,75,75,75,75,75,75,75,75,75,75,75,75,75,75,75,75,75,75,75,75,75,75,75,75,75,75,75,75,75,75,75,75,75],"card_choices":[{"not_picked":["Forethought","Blind"],"picked":"Panacea","floor":0.0},{"not_picked":["TheCursedMod:VitalStrike","TheCursedMod:CursedMace"],"picked":"TheCursedMod:Wield","floor":1.0},{"not_picked":["TheCursedMod:CircleOfFocus","TheCursedMod:RavingStaff"],"picked":"TheCursedMod:RapidMovement","floor":3.0},{"not_picked":["TheCursedMod:CircleOfFocus","TheCursedMod:CursedMace"],"picked":"TheCursedMod:CursedStaff","floor":7.0},{"not_picked":["TheCursedMod:SurpriseAttack","TheCursedMod:DoubleShield"],"picked":"TheCursedMod:Torture","floor":11.0},{"not_picked":["TheCursedMod:VitalStrike","TheCursedMod:TacticalStrike","TheCursedMod:CircleOfFlame"],"picked":"SKIP","floor":12.0},{"not_picked":["TheCursedMod:CursedStaff","TheCursedMod:FuryStrike"],"picked":"TheCursedMod:LuckyCharm+1","floor":14.0},{"not_picked":["TheCursedMod:SmokeScreen","TheCursedMod:TacticalStrike"],"picked":"TheCursedMod:SaltUponWound","floor":14.0},{"not_picked":["TheCursedMod:CursedAmulet","TheCursedMod:EmpowerCircles+1"],"picked":"TheCursedMod:CircleOfWindfury","floor":14.0},{"not_picked":["TheCursedMod:Stretching","TheCursedMod:CircleOfFocus"],"picked":"TheCursedMod:UltimatePain","floor":14.0},{"not_picked":["TheCursedMod:SoulCrush","TheCursedMod:CircleOfFocus"],"picked":"TheCursedMod:CursedAmulet","floor":14.0},{"not_picked":["TheCursedMod:UltimatePain","TheCursedMod:ShockAndAwe"],"picked":"TheCursedMod:CursedRelics","floor":16.0},{"not_picked":["TheCursedMod:CursedArmor","TheCursedMod:RapidMovement"],"picked":"TheCursedMod:CircleOfCorruption","floor":18.0},{"not_picked":["TheCursedMod:FuryStrike+1","TheCursedMod:CursedAmulet","TheCursedMod:CircleOfFlame"],"picked":"SKIP","floor":21.0},{"not_picked":["TheCursedMod:CircleOfCorruption","TheCursedMod:WearCloak"],"picked":"TheCursedMod:SpitefulStrike","floor":22.0},{"not_picked":["TheCursedMod:Obscuration","TheCursedMod:Stretching+1"],"picked":"TheCursedMod:AbyssShockwave","floor":23.0},{"not_picked":["TheCursedMod:StingEye+1","TheCursedMod:Mangle"],"picked":"TheCursedMod:SaltUponWound+1","floor":24.0},{"not_picked":["TheCursedMod:EmpowerCircles+1","TheCursedMod:FuryStrike+1"],"picked":"TheCursedMod:CircleOfFocus","floor":28.0},{"not_picked":["TheCursedMod:VitalStrike","TheCursedMod:Wield"],"picked":"TheCursedMod:CursedStaff","floor":29.0},{"not_picked":["TheCursedMod:CursedMace+1","TheCursedMod:SmokeScreen+1"],"picked":"TheCursedMod:FleshFromBone+1","floor":31.0},{"not_picked":["TheCursedMod:ShockAndAwe","TheCursedMod:ForbiddenAlchemy"],"picked":"TheCursedMod:NeowsMight","floor":33.0},{"not_picked":["TheCursedMod:RapidMovement","TheCursedMod:SaltUponWound+1"],"picked":"TheCursedMod:SpitefulStrike+1","floor":35.0},{"not_picked":["TheCursedMod:Stretching","TheCursedMod:RavingStaff"],"picked":"TheCursedMod:SoulReap+1","floor":36.0}],"player_experience":273755,"relics_obtained":[{"floor":7.0,"key":"Pantograph"},{"floor":9.0,"key":"Frozen Egg 2"},{"floor":28.0,"key":"Whetstone"},{"floor":31.0,"key":"Centennial Puzzle"}],"event_choices":[{"damage_healed":0.0,"max_hp_gain":0.0,"max_hp_loss":0.0,"gold_gain":0.0,"event_name":"Golden Idol","player_choice":"Take Wound","floor":2.0,"gold_loss":0.0,"damage_taken":0.0,"relics_obtained":["Golden Idol"],"cards_obtained":["Injury"]},{"damage_healed":0.0,"max_hp_gain":0.0,"max_hp_loss":0.0,"gold_gain":0.0,"cards_transformed":["TheCursedMod:Strike_TheCursed"],"event_name":"Living Wall","player_choice":"Change","floor":4.0,"gold_loss":0.0,"damage_taken":0.0,"cards_obtained":["TheCursedMod:Evocation"]},{"cards_removed":["TheCursedMod:Strike_TheCursed"],"damage_healed":0.0,"max_hp_gain":0.0,"max_hp_loss":0.0,"gold_gain":0.0,"event_name":"Golden Wing","player_choice":"Card Removal","floor":5.0,"gold_loss":0.0,"damage_taken":7.0},{"damage_healed":0.0,"max_hp_gain":0.0,"max_hp_loss":0.0,"gold_gain":175.0,"event_name":"Liars Game","player_choice":"AGREE","floor":13.0,"gold_loss":0.0,"damage_taken":0.0,"cards_obtained":["Doubt"]},{"damage_healed":0.0,"max_hp_gain":0.0,"max_hp_loss":0.0,"gold_gain":0.0,"event_name":"Vampires","player_choice":"Ignored","floor":19.0,"gold_loss":0.0,"damage_taken":0.0},{"damage_healed":0.0,"max_hp_gain":0.0,"max_hp_loss":0.0,"gold_gain":0.0,"event_name":"Match and Keep!","player_choice":"1 cards matched","floor":20.0,"gold_loss":0.0,"damage_taken":0.0,"cards_obtained":["TheCursedMod:ForbiddenAlchemy"]}],"is_beta":false,"boss_relics":[{"not_picked":["Calling Bell","Tiny House"],"picked":"Snecko Eye"},{"not_picked":["Black Star","TheCursedMod:FourLeafCloverCharm"],"picked":"Philosopher\u0027s Stone"}],"items_purged_floors":[30],"is_endless":false,"potions_floor_spawned":[7,12,21,24,28,31],"killed_by":"Spire Growth","ascension_level":0}}