{"host":"gu5bom8l9zwjg25u","time":1607961950,"event":{"mods":["AchievementEnabler","BaseMod","Better Altar","Better Match","Better Note","Better Sensory Stone","Better Skull","Better Third Choice","Better Vampires","BetterRewards","Colored Map","Colored Powertips","Curses Come First","Downfall","Emptier Cage","Energized Spire","GifTheSpireLib","GungeonMod","Hubris","Infinite Spire","Jorbs\u0027s Wanderer Trilogy","Mad Scientist","Marked Mod","Minty Spire (QoL Compilation)","Rare Cards Sparkle","Relic Sorter","Replay The Spire","Say the Spire","Shop Mod","Spicy Shops","StSLib","The Animator","The Blackbeard","The Blue Laboratory","The Bug Knight","The Construct","The Cursed","The Disciple","The Hierophant","The Runesmith","The Servant 0.9.4","Uncapped"],"gold_per_floor":[112,37,49,69,89,89,89],"floor_reached":6,"playtime":501,"items_purged":[],"score":38,"play_id":"a06a8f4e-ca99-44b7-ab64-6c31827f637b","local_time":"20201214180550","is_ascension_mode":false,"campfire_choices":[],"circlet_count":0,"master_deck":["MadScienceMod:Strike_MadScience","MadScienceMod:Strike_MadScience","MadScienceMod:Strike_MadScience","MadScienceMod:Strike_MadScience","MadScienceMod:Defend_MadScience","MadScienceMod:Defend_MadScience","MadScienceMod:Defend_MadScience","MadScienceMod:Defend_MadScience","MadScienceMod:PoweredStrike","MadScienceMod:HideBehindJunk","MadScienceMod:SoftenUp","MadScienceMod:LightOnFire","MadScienceMod:Sprocket","MadScienceMod:Refuel","MadScienceMod:ExtractOil"],"relics":["MadScienceMod:FuelTank","NeowsBlessing"],"acts_visited":["Exordium"],"potions_floor_usage":[6],"damage_taken":[{"damage":0,"enemies":"Cultist","floor":1,"turns":2},{"damage":0,"enemies":"Small Slimes","floor":3,"turns":1},{"damage":0,"enemies":"2 Louse","floor":4,"turns":1},{"damage":18,"enemies":"Exordium Wildlife","floor":5,"turns":8},{"damage":60,"enemies":"3 Sentries","floor":6,"turns":8}],"seed_played":"-8775985722503953907","potions_obtained":[{"floor":1,"key":"blueLaboratory:BottleOfVodka"}],"is_trial":false,"path_per_floor":["M","$","M","M","M","E"],"character_chosen":"MAD_SCIENTIST","items_purchased":["MadScienceMod:LightOnFire"],"campfire_rested":0,"item_purchase_floors":[2],"current_hp_per_floor":[75,75,75,75,57,0,0],"gold":89,"neow_bonus":"THREE_ENEMY_KILL","is_daily":false,"chose_seed":false,"campfire_upgraded":0,"win_rate":0.0,"timestamp":1607961950,"path_taken":["M","$","M","M","M","E"],"items_purchased_type":["Card"],"build_version":"2020-12-13","purchased_purges":0,"victory":false,"max_hp_per_floor":[75,75,75,75,75,75,75],"card_choices":[{"not_picked":["MadScienceMod:RecyclingStation","MadScienceMod:Lightbulb"],"picked":"MadScienceMod:SoftenUp","floor":1},{"not_picked":["MadScienceMod:FlexibleSpear","MadScienceMod:Lightbulb"],"picked":"MadScienceMod:Sprocket","floor":3},{"not_picked":["MadScienceMod:AcidSpray","MadScienceMod:FlameThrower"],"picked":"MadScienceMod:Refuel","floor":4},{"not_picked":["MadScienceMod:AntimatterBomb","MadScienceMod:FumeBlast"],"picked":"MadScienceMod:ExtractOil","floor":5}],"player_experience":303579,"relics_obtained":[],"event_choices":[],"is_beta":false,"boss_relics":[],"items_purged_floors":[],"is_endless":false,"potions_floor_spawned":[1],"killed_by":"3 Sentries","ascension_level":0}}