{"host":"1tl36azeqm6yhdgj","time":1607961912,"event":{"mods":["AchievementEnabler","BaseMod","Minty Spire (QoL Compilation)","StSLib","The IronCluck","everything is the same but u backflip on backflip"],"gold_per_floor":[109,59,7,22,22,51,62,91,91,126,141,216,226,226,226,329,329,339,16,25,25,51,63,63],"floor_reached":23,"playtime":733,"items_purged":["Strike_R"],"score":347,"play_id":"b176b03e-7953-4037-beb3-6388befc8e72","local_time":"20201214110512","is_ascension_mode":true,"campfire_choices":[{"data":"Searing Blow","floor":15.0,"key":"SMITH"}],"circlet_count":0,"master_deck":["AscendersBane","Strike_R","Strike_R","Defend_R+1","Defend_R","Defend_R+1","Defend_R","Bash","Searing Blow+1","Intimidate","Fire Breathing","Flame Barrier","Flex","Disarm","Dark Embrace","Anger","Feed","Dropkick+1","Trip","Shame","Metallicize"],"relics":["Black Blood","NeowsBlessing","Magic Flower","Odd Mushroom","Strawberry","Juzu Bracelet","CeramicFish","MawBank"],"acts_visited":["Exordium","TheCity"],"potions_floor_usage":[23],"damage_taken":[{"damage":0.0,"enemies":"Jaw Worm","floor":1.0,"turns":1.0},{"damage":0.0,"enemies":"Small Slimes","floor":4.0,"turns":1.0},{"damage":0.0,"enemies":"Lagavulin","floor":6.0,"turns":1.0},{"damage":8.0,"enemies":"2 Louse","floor":7.0,"turns":3.0},{"damage":15.0,"enemies":"The Mushroom Lair","floor":8.0,"turns":6.0},{"damage":28.0,"enemies":"3 Sentries","floor":10.0,"turns":6.0},{"damage":17.0,"enemies":"Blue Slaver","floor":11.0,"turns":7.0},{"damage":0.0,"enemies":"3 Louse","floor":13.0,"turns":2.0},{"damage":34.0,"enemies":"Hexaghost","floor":16.0,"turns":14.0},{"damage":56.0,"enemies":"Spheric Guardian","floor":18.0,"turns":7.0},{"damage":23.0,"enemies":"2 Thieves","floor":22.0,"turns":5.0},{"damage":69,"enemies":"Gremlin Leader","floor":23,"turns":7}],"seed_played":"-2995156976205657118","potions_obtained":[{"floor":1.0,"key":"Dexterity Potion"},{"floor":4.0,"key":"DistilledChaos"},{"floor":11.0,"key":"Explosive Potion"},{"floor":13.0,"key":"Block Potion"}],"is_trial":false,"path_per_floor":["M","?","$","M","?","E","M","?","T","E","M","?","M","?","R","B",null,"M","$","?","?","M","E"],"character_chosen":"IRONCLAD","items_purchased":["BloodPotion","Juzu Bracelet","Trip"],"campfire_rested":0,"item_purchase_floors":[3,19,19],"current_hp_per_floor":[78,78,78,80,80,80,80,74,74,62,54,43,52,35,35,10,68,35,35,35,35,35,0,0],"gold":63,"neow_bonus":"THREE_ENEMY_KILL","is_daily":false,"chose_seed":false,"campfire_upgraded":1,"win_rate":0.0,"timestamp":1607961912,"path_taken":["M","?","$","M","?","E","M","?","T","E","?","?","M","?","R","BOSS","M","$","?","?","M","E"],"items_purchased_type":["Potion","Relic","Card"],"build_version":"2020-12-13","purchased_purges":1,"victory":false,"max_hp_per_floor":[80,80,80,80,80,80,80,80,80,87,87,87,87,87,87,87,87,90,90,90,90,93,93,93],"card_choices":[{"not_picked":["Heavy Blade","Iron Wave"],"picked":"Searing Blow","floor":1.0},{"not_picked":["Evolve","Sever Soul"],"picked":"Intimidate","floor":4.0},{"not_picked":["Rage","Wild Strike"],"picked":"Flame Barrier","floor":6.0},{"not_picked":["Evolve","Rampage"],"picked":"Flex","floor":7.0},{"not_picked":["Rampage","Searing Blow"],"picked":"Disarm","floor":8.0},{"not_picked":["Shrug It Off","Seeing Red"],"picked":"Dark Embrace","floor":10.0},{"not_picked":["Headbutt","Wild Strike","Havoc"],"picked":"SKIP","floor":11.0},{"not_picked":["Cleave","True Grit"],"picked":"Anger","floor":13.0},{"not_picked":["Brutality","Impervious"],"picked":"Feed","floor":16.0},{"not_picked":["Armaments","Perfected Strike"],"picked":"Dropkick+1","floor":18.0},{"not_picked":["Havoc","Armaments"],"picked":"Metallicize","floor":22.0}],"player_experience":1933234,"relics_obtained":[{"floor":6.0,"key":"Magic Flower"},{"floor":8.0,"key":"Odd Mushroom"},{"floor":10.0,"key":"Strawberry"}],"event_choices":[{"cards_removed":["Strike_R"],"damage_healed":0.0,"max_hp_gain":0.0,"max_hp_loss":0.0,"gold_gain":0.0,"event_name":"The Cleric","player_choice":"Card Removal","floor":2.0,"gold_loss":50.0,"damage_taken":0.0},{"damage_healed":0.0,"max_hp_gain":0.0,"max_hp_loss":0.0,"gold_gain":0.0,"cards_transformed":["Strike_R"],"event_name":"Living Wall","player_choice":"Change","floor":5.0,"gold_loss":0.0,"damage_taken":0.0,"cards_obtained":["Fire Breathing"]},{"damage_healed":0.0,"max_hp_gain":0.0,"max_hp_loss":0.0,"gold_gain":0.0,"event_name":"Mushrooms","player_choice":"Fought Mushrooms","floor":8.0,"gold_loss":0.0,"damage_taken":0.0},{"damage_healed":0.0,"max_hp_gain":0.0,"max_hp_loss":0.0,"gold_gain":75.0,"event_name":"World of Goop","player_choice":"Gather Gold","floor":12.0,"gold_loss":0.0,"damage_taken":11.0},{"damage_healed":0.0,"max_hp_gain":0.0,"max_hp_loss":0.0,"gold_gain":0.0,"event_name":"Shining Light","player_choice":"Entered Light","floor":14.0,"gold_loss":0.0,"damage_taken":17.0,"cards_upgraded":["Defend_R","Defend_R"]},{"damage_healed":0.0,"max_hp_gain":0.0,"max_hp_loss":0.0,"gold_gain":0.0,"event_name":"Addict","player_choice":"Stole Relic","floor":20.0,"gold_loss":0.0,"damage_taken":0.0,"relics_obtained":["CeramicFish"],"cards_obtained":["Shame"]},{"damage_healed":0.0,"max_hp_gain":0.0,"max_hp_loss":0.0,"gold_gain":0.0,"event_name":"The Mausoleum","player_choice":"Opened","floor":21.0,"gold_loss":0.0,"damage_taken":0.0,"relics_obtained":["MawBank"]}],"is_beta":false,"boss_relics":[{"not_picked":["Sozu","Pandora\u0027s Box"],"picked":"Black Blood"}],"items_purged_floors":[19],"is_endless":false,"potions_floor_spawned":[1,4,11,13],"killed_by":"Gremlin Leader","ascension_level":11}}