{"host":"daa8jqyg4gqfaysm","time":1607958859,"event":{"mods":["BaseMod","Colored Powertips","Minty Spire (QoL Compilation)","StSLib"],"gold_per_floor":[116,191,208,188,38,66,66,96,121,121,154,169,179,192,192,266,266,286,92,92,92,111,111,36,61,135,135,3,28,28,78,78,151,151,166,192,0,16,41,41,72,83,107,122,122,0,0,19,19,19,19,19,19,48,48,48],"floor_reached":55,"playtime":1958,"items_purged":["Strike_R","Strike_R","Strike_R"],"score":1311,"play_id":"ce834d5f-42e9-4faf-99e8-8267cfda0ee1","local_time":"20201214231419","is_ascension_mode":true,"campfire_choices":[{"data":"Bash","floor":7,"key":"SMITH"},{"floor":10,"key":"REST"},{"data":"Shockwave","floor":15,"key":"SMITH"},{"floor":23,"key":"REST"},{"floor":27,"key":"REST"},{"data":"Demon Form","floor":30,"key":"SMITH"},{"data":"Armaments","floor":32,"key":"SMITH"},{"floor":40,"key":"RECALL"},{"data":"Spot Weakness","floor":47,"key":"SMITH"},{"data":"Whirlwind","floor":49,"key":"SMITH"},{"data":"Battle Trance","floor":52,"key":"SMITH"}],"circlet_count":0,"master_deck":["AscendersBane","Strike_R","Defend_R","Defend_R","Defend_R","Bash+1","Sword Boomerang+1","Spot Weakness","Twin Strike","Immolate+1","Spot Weakness+1","Iron Wave","Armaments+1","Shrug It Off","Corruption","Shrug It Off+1","Flex","Seeing Red","Shockwave+1","Demon Form+1","True Grit","Sentinel","Battle Trance+1","Pummel","Impervious","Dark Embrace","Flame Barrier+1","Whirlwind+1"],"relics":["Burning Blood","Smiling Mask","Orrery","Whetstone","Boot","Happy Flower","Oddly Smooth Stone","Snecko Eye","Strange Spoon","Nilry\u0027s Codex","Red Skull","Gremlin Horn","Singing Bowl","Coffee Dripper","Ice Cream","InkBottle","War Paint","Red Mask","Vajra"],"acts_visited":["Exordium","TheCity","TheBeyond","TheEnding"],"potions_floor_usage":[6,6,13,25,25,39,54,55,55],"damage_taken":[{"damage":4,"enemies":"Jaw Worm","floor":1,"turns":4},{"damage":7,"enemies":"Small Slimes","floor":3,"turns":4},{"damage":30,"enemies":"Gremlin Nob","floor":6,"turns":4},{"damage":33,"enemies":"Lagavulin","floor":8,"turns":6},{"damage":10,"enemies":"3 Sentries","floor":11,"turns":3},{"damage":0,"enemies":"Cultist","floor":12,"turns":2},{"damage":7,"enemies":"Exordium Thugs","floor":13,"turns":6},{"damage":0,"enemies":"Blue Slaver","floor":14,"turns":2},{"damage":17,"enemies":"The Guardian","floor":16,"turns":9},{"damage":10,"enemies":"3 Byrds","floor":18,"turns":4},{"damage":10,"enemies":"Shell Parasite","floor":22,"turns":3},{"damage":24,"enemies":"Slavers","floor":25,"turns":4},{"damage":0,"enemies":"Gremlin Leader","floor":29,"turns":4},{"damage":26,"enemies":"Collector","floor":33,"turns":6},{"damage":5,"enemies":"3 Shapes","floor":35,"turns":5},{"damage":0,"enemies":"3 Darklings","floor":38,"turns":3},{"damage":0,"enemies":"Mind Bloom Boss Battle","floor":39,"turns":4},{"damage":1,"enemies":"Giant Head","floor":41,"turns":5},{"damage":10,"enemies":"Maw","floor":42,"turns":5},{"damage":0,"enemies":"Sphere and 2 Shapes","floor":44,"turns":3},{"damage":0,"enemies":"Spire Growth","floor":48,"turns":4},{"damage":30,"enemies":"Donu and Deca","floor":50,"turns":4},{"damage":17,"enemies":"Shield and Spear","floor":54,"turns":2},{"damage":73,"enemies":"The Heart","floor":55,"turns":3}],"seed_played":"2810184656745577005","potions_obtained":[{"floor":1,"key":"DistilledChaos"},{"floor":4,"key":"PowerPotion"},{"floor":11,"key":"ElixirPotion"},{"floor":12,"key":"SteroidPotion"},{"floor":13,"key":"BlessingOfTheForge"},{"floor":14,"key":"AttackPotion"},{"floor":18,"key":"PowerPotion"},{"floor":33,"key":"PowerPotion"},{"floor":39,"key":"CultistPotion"},{"floor":54,"key":"FearPotion"}],"is_trial":false,"path_per_floor":["M","?","M","?","$","E","R","E","T","R","E","M","M","M","R","B",null,"M","$","?","?","M","R","?","E","T","R","$","E","R","?","R","B",null,"M","T","$","M","?","R","E","M","T","M","?","?","R","M","R","B",null,"R","$","E","B"],"character_chosen":"IRONCLAD","items_purchased":["Orrery","Strange Spoon","Pummel","Dark Embrace","LiquidMemories"],"campfire_rested":3,"item_purchase_floors":[5,19,28,37,37],"current_hp_per_floor":[70,59,58,58,58,34,34,7,7,29,25,31,30,36,36,25,63,59,59,38,38,34,56,56,38,38,60,60,68,68,68,68,48,70,73,73,73,81,81,81,83,81,81,87,87,87,87,87,87,63,81,81,81,72,0,0],"gold":48,"neow_bonus":"RANDOM_COMMON_RELIC","is_daily":false,"chose_seed":false,"campfire_upgraded":7,"win_rate":0.0,"timestamp":1607958859,"path_taken":["M","?","M","?","$","E","R","E","T","R","E","M","?","M","R","BOSS","M","$","?","?","M","R","?","E","T","R","?","E","R","?","R","BOSS","M","?","$","M","?","R","E","?","T","M","?","?","R","M","R","BOSS","R","$","E","BOSS"],"items_purchased_type":["Relic","Relic","Card","Card","Potion"],"build_version":"2020-12-13","purchased_purges":3,"victory":false,"max_hp_per_floor":[75,75,75,75,75,75,75,75,75,75,75,75,75,75,75,75,75,75,75,75,75,75,75,75,75,75,75,75,77,77,77,77,77,77,79,79,79,81,81,81,83,85,85,87,87,87,87,87,87,87,87,87,87,89,89,89],"card_choices":[{"not_picked":["Wild Strike","Twin Strike"],"picked":"Sword Boomerang","floor":1},{"not_picked":["Twin Strike","True Grit"],"picked":"Spot Weakness","floor":3},{"not_picked":["Clothesline","Hemokinesis"],"picked":"Twin Strike","floor":5},{"not_picked":["Limit Break","Rupture"],"picked":"Immolate","floor":5},{"not_picked":["Armaments","Burning Pact"],"picked":"Spot Weakness","floor":5},{"not_picked":["Thunderclap","Rampage"],"picked":"Iron Wave","floor":5},{"not_picked":["True Grit","Wild Strike"],"picked":"Armaments","floor":5},{"not_picked":["Armaments","Cleave"],"picked":"Shrug It Off","floor":6},{"not_picked":["Warcry","Burning Pact"],"picked":"Corruption","floor":8},{"not_picked":["Perfected Strike","Thunderclap"],"picked":"Shrug It Off","floor":11},{"not_picked":["Anger","Fire Breathing"],"picked":"Flex","floor":12},{"not_picked":["Spot Weakness","Rage"],"picked":"Seeing Red","floor":13},{"not_picked":["Warcry","Searing Blow"],"picked":"Shockwave","floor":14},{"not_picked":["Bludgeon","Barricade"],"picked":"Demon Form","floor":16},{"not_picked":["Warcry","Second Wind"],"picked":"True Grit","floor":18},{"not_picked":["Anger","Infernal Blade+1"],"picked":"Sentinel","floor":22},{"not_picked":["Barricade","Entrench"],"picked":"Battle Trance","floor":25},{"not_picked":["Flex","Clothesline","Thunderclap+1"],"picked":"Singing Bowl","floor":29},{"not_picked":["Offering","Exhume"],"picked":"Impervious","floor":33},{"not_picked":["Flex+1","Twin Strike","Cleave"],"picked":"Singing Bowl","floor":35},{"not_picked":["Clothesline","Clash","Dual Wield"],"picked":"Singing Bowl","floor":38},{"not_picked":["Cleave","Wild Strike+1"],"picked":"Flame Barrier","floor":39},{"not_picked":["Spot Weakness","Flex","Body Slam"],"picked":"Singing Bowl","floor":41},{"not_picked":["Pommel Strike","Flex+1","Demon Form"],"picked":"Singing Bowl","floor":42},{"not_picked":["Evolve","Twin Strike","Dropkick"],"picked":"Singing Bowl","floor":44},{"not_picked":["Cleave","Entrench"],"picked":"Whirlwind","floor":48},{"not_picked":["Dual Wield","Shrug It Off","Armaments"],"picked":"Singing Bowl","floor":54}],"player_experience":672407,"relics_obtained":[{"floor":6,"key":"Whetstone"},{"floor":8,"key":"Boot"},{"floor":9,"key":"Happy Flower"},{"floor":11,"key":"Oddly Smooth Stone"},{"floor":20,"key":"Nilry\u0027s Codex"},{"floor":25,"key":"Red Skull"},{"floor":26,"key":"Gremlin Horn"},{"floor":29,"key":"Singing Bowl"},{"floor":39,"key":"Ice Cream"},{"floor":41,"key":"InkBottle"},{"floor":43,"key":"War Paint"},{"floor":54,"key":"Vajra"}],"event_choices":[{"damage_healed":0,"gold_gain":75,"player_choice":"Gather Gold","damage_taken":11,"max_hp_gain":0,"max_hp_loss":0,"event_name":"World of Goop","floor":2,"gold_loss":0},{"damage_healed":0,"gold_gain":0,"player_choice":"Bought 1 Potion","damage_taken":0,"max_hp_gain":0,"max_hp_loss":0,"event_name":"The Woman in Blue","floor":4,"gold_loss":0},{"damage_healed":0,"gold_gain":0,"player_choice":"Obtained Book","damage_taken":21,"max_hp_gain":0,"max_hp_loss":0,"event_name":"Cursed Tome","floor":20,"gold_loss":0},{"damage_healed":0,"gold_gain":0,"player_choice":"Ignored","damage_taken":0,"max_hp_gain":0,"max_hp_loss":0,"event_name":"Vampires","floor":21,"gold_loss":0},{"cards_removed":["Strike_R"],"damage_healed":0,"gold_gain":0,"player_choice":"Gave Gold","damage_taken":0,"max_hp_gain":0,"max_hp_loss":0,"event_name":"Beggar","floor":24,"gold_loss":75},{"damage_healed":0,"gold_gain":50,"player_choice":"Pray","damage_taken":0,"max_hp_gain":0,"max_hp_loss":0,"event_name":"Golden Shrine","floor":31,"gold_loss":0},{"damage_healed":0,"gold_gain":0,"player_choice":"Fight","damage_taken":0,"max_hp_gain":0,"max_hp_loss":0,"event_name":"MindBloom","floor":39,"gold_loss":0},{"cards_removed":["Defend_R"],"damage_healed":0,"gold_gain":0,"player_choice":"Removed Skill","damage_taken":0,"max_hp_gain":0,"max_hp_loss":0,"event_name":"Falling","floor":45,"gold_loss":0},{"damage_healed":0,"gold_gain":0,"player_choice":"Paid","damage_taken":0,"relics_obtained":["Red Mask"],"max_hp_gain":0,"max_hp_loss":0,"event_name":"Tomb of Lord Red Mask","floor":46,"gold_loss":122}],"is_beta":false,"boss_relics":[{"not_picked":["Ectoplasm","Sozu"],"picked":"Snecko Eye"},{"not_picked":["Astrolabe","SlaversCollar"],"picked":"Coffee Dripper"}],"items_purged_floors":[19,28,37],"is_endless":false,"potions_floor_spawned":[1,11,12,13,14,18,22,33,39,41,42,44,48,54],"killed_by":"The Heart","ascension_level":15}}