{"host":"zuf44wbx6j0c4h1p","time":1607927881,"event":{"mods":["2.2 Compatiblity","AchievementEnabler","Act Like it!","Aspiration","Bartender","BaseMod","Beaked The Cultist","Better Altar","Better Match","Better Note","Better Sensory Stone","Better Skull","Better Vampires","BetterRewards","Card Filter","CatGirl Mod","ChefMod","Conspire","Displayed Cursed Tome","Downfall","Friendly Minions","GungeonMod","Halation","Hermit","Hubris","Infinite Spire","Ironclad Rager","Jedi Mod","Jorbs\u0027s Wanderer Trilogy","Marisa????????","Marked Mod","Minty Spire (QoL Compilation)","Pale of the Ancients","Permanent Neow","Potionbrewer","QueenMod","Quick Restart","Replay The Spire","Robot Space Explorer","SCP261 Mod","Shedinja","Shop Mod","Spicy Shops","StSLib","Steal the Spire","The Alterego","The Animator","The Bug Knight","The Dragon Tamer","The Fake Hero","The Hierophant","The Kombatant","The Poker Player","The Sage","The Senshi","The Servant 0.9.4","The Spell Scribe","The Vixen","The Wild Card","TheBandit","TheSwordswoman","TheVacant","Uncapped","thorton","vexMod"],"gold_per_floor":[113,125,141,46,57,92,92,107,130,156,167,167,179,190,190,295,295,308,308,326,326,339,370,387,387,412,428,428,443,443,461,461,558,558,578,578,593,610,610,610,610,622,669,669,696,706,721,740,740,740,740,740,4,32,32],"floor_reached":56,"playtime":6739,"items_purged":["blazmod:Strike"],"score":1494,"play_id":"25a49384-1370-4d94-a9aa-436e1f138b3f","local_time":"20201214003801","is_ascension_mode":false,"campfire_choices":[{"floor":7,"key":"RECALL"},{"data":"blazmod:OpenSpirit","floor":12,"key":"SMITH"},{"data":"blazmod:ClearTheMind","floor":15,"key":"SMITH"},{"data":"Sadistic Nature","floor":28,"key":"SMITH"},{"data":"blazmod:BlindingFlash","floor":30,"key":"SMITH"},{"floor":32,"key":"DIG"},{"data":"infinitespire:TheBestDefense","floor":41,"key":"SMITH"},{"data":"blazmod:DawnflutterDance","floor":44,"key":"SMITH"},{"floor":49,"key":"DIG"},{"data":"infinitespire:Execution","floor":52,"key":"SMITH"}],"circlet_count":0,"master_deck":["blazmod:Strike","blazmod:Strike","blazmod:Strike","blazmod:Defend","blazmod:Defend","blazmod:Defend","blazmod:ButterflyEffect+1","blazmod:Kyokasuigetsu","blazmod:BoulderFlash","blazmod:SureOfHand","blazmod:BoulderFlash","blazmod:BlindingFlash+1","blazmod:FleetOfFoot","blazmod:FortifiedVigor","blazmod:KatanaStrike","blazmod:OpenSpirit+1","blazmod:ButterFlutter","blazmod:ClearTheMind+1","blazmod:InLoveAndWar","blazmod:RevolvingPhoenix","PokerPlayerMod:DartThrow","blazmod:FleetOfFoot+1","infinitespire:Execution+1","infinitespire:Starlight","blazmod:ButterFlutter","blazmod:Valiance+1","Sadistic Nature+1","vexMod:EmailVexCard","blazmod:BladeOfEnlightenment+1","blazmod:FleetingDawn+1","blazmod:BoulderFlash+1","blazmod:DawnflutterDance+1","blazmod:FlashRock+1","blazmod:OpenSpirit+1","blazmod:MentalFocus+1","infinitespire:TheBestDefense+1","blazmod:ButterflyBlade","blazmod:ButterFlutter","blazmod:StanceChange+1","blazmod:BlindBlade+1","blazmod:FortifiedVigor"],"relics":["blazmod:Venustas","PreservedInsect","infinitespire:Lucky Rock","vexMod:CursedCompass","vexMod:BigBerry","FossilizedHelix","aspiration:StickyExplosives_weak","aspiration:ChemicalBlood","Bottled Lightning","Silver_Glasses","halation:PinkSoulGem","aspiration:VileToxins","conspire:RunicOctahedron","Replay:Wax Seal","Snack Pack","DemoMod:GlassGuonStoneRelic","aspiration:TomeofQuesting","Medical Kit","Replay:Rubber Ducky","Mango","infinitespire:Beetle Shell"],"acts_visited":["Exordium","TheCity","TheBeyond","TheEnding"],"potions_floor_usage":[1,13,16,16,16,20,33,38,38,47,50,55,55],"damage_taken":[{"damage":1,"enemies":"Cultist","floor":1,"turns":3},{"damage":1,"enemies":"2 Louse","floor":2,"turns":3},{"damage":1,"enemies":"Jaw Worm","floor":3,"turns":3},{"damage":0,"enemies":"Looter","floor":5,"turns":3},{"damage":4,"enemies":"Lagavulin","floor":6,"turns":8},{"damage":9,"enemies":"3 Louse","floor":8,"turns":2},{"damage":0,"enemies":"Gremlin Nob","floor":10,"turns":3},{"damage":7,"enemies":"Red Slaver","floor":11,"turns":3},{"damage":0,"enemies":"Lots of Slimes","floor":13,"turns":1},{"damage":0,"enemies":"Large Slime","floor":14,"turns":5},{"damage":2,"enemies":"Fading Forest","floor":16,"turns":11},{"damage":14,"enemies":"conspire:FuzzyDice","floor":18,"turns":4},{"damage":13,"enemies":"2 Thieves","floor":20,"turns":4},{"damage":0,"enemies":"Shelled Parasite and Fungi","floor":22,"turns":4},{"damage":6,"enemies":"Nightmare","floor":23,"turns":6},{"damage":0,"enemies":"Snake Plant","floor":24,"turns":4},{"damage":0,"enemies":"3 Cultists","floor":27,"turns":4},{"damage":0,"enemies":"conspire:HollyBat","floor":29,"turns":6},{"damage":0,"enemies":"Snecko","floor":31,"turns":3},{"damage":17,"enemies":"hubris:MusketHawk","floor":33,"turns":5},{"damage":0,"enemies":"Orb Walker","floor":35,"turns":3},{"damage":4,"enemies":"3 Shapes","floor":37,"turns":2},{"damage":0,"enemies":"Jaw Worm Horde","floor":38,"turns":4},{"damage":0,"enemies":"Maw","floor":42,"turns":5},{"damage":24,"enemies":"Nightmare","floor":45,"turns":5},{"damage":0,"enemies":"4 Shapes","floor":46,"turns":2},{"damage":15,"enemies":"Sphere and 2 Shapes","floor":47,"turns":3},{"damage":0,"enemies":"Writhing Mass","floor":48,"turns":3},{"damage":0,"enemies":"Donu and Deca","floor":50,"turns":5},{"damage":0,"enemies":"Shield and Spear","floor":54,"turns":3},{"damage":0,"enemies":"The Heart","floor":55,"turns":6}],"seed_played":"-4891911892895609518","potions_obtained":[{"floor":1,"key":"potionbrewer:SplittingPotion"},{"floor":6,"key":"Toxic Potion"},{"floor":11,"key":"AttackPotion"},{"floor":14,"key":"ColorlessPotion"},{"floor":18,"key":"Flashbang"},{"floor":27,"key":"potionbrewer:AcidPotion"},{"floor":29,"key":"PowerPotion"},{"floor":35,"key":"ColorlessPotion"},{"floor":46,"key":"SCP261:GirlTearsPotion"},{"floor":47,"key":"sneckomod:MuddlingPotion"},{"floor":48,"key":"DemoMod:LeadSkinPotion"},{"floor":54,"key":"AttackPotion"}],"is_trial":false,"path_per_floor":["M","M","M","$","M","E","R","M","T","E","M","R","M","M","R","B",null,"M","?","M","AVR","M","NM","M","?","T","M","R","M","R","M","R","B",null,"M","?","M","M","AVR","?","R","M","T","R","NM","M","M","M","R","B",null,"R","$","E","B",null],"character_chosen":"THE_SWORDSWOMAN","items_purchased":["blazmod:BlindingFlash","blazmod:BlindBlade+1","Medical Kit","Replay:Rubber Ducky","Mango"],"campfire_rested":0,"item_purchase_floors":[4,53,53,53,53],"current_hp_per_floor":[39,38,37,37,37,33,33,24,24,24,17,17,17,17,17,25,40,26,26,13,43,53,57,67,67,67,70,70,70,70,70,70,63,70,70,70,66,66,66,66,66,70,70,70,46,50,53,69,69,70,70,70,84,84,84],"gold":32,"neow_bonus":"UPGRADE_CARD","is_daily":false,"chose_seed":false,"campfire_upgraded":7,"win_rate":0.0,"timestamp":1607927881,"path_taken":["M","M","M","$","?","E","R","M","T","E","M","R","M","M","R","BOSS","M","?","M","AVR","M","NM","M","?","T","?","R","M","R","M","R","BOSS","M","?","M","M","AVR","?","R","?","T","R","NM","M","M","M","R","BOSS","R","$","E","BOSS"],"items_purchased_type":["Card","Card","Relic","Relic","Relic"],"build_version":"2020-12-13","purchased_purges":1,"victory":true,"max_hp_per_floor":[40,40,40,40,40,40,40,40,40,40,40,40,40,40,40,40,40,40,40,40,70,70,70,70,70,70,70,70,70,70,70,70,70,70,70,70,70,70,70,70,70,70,70,70,70,70,70,70,70,70,70,70,84,84,84],"card_choices":[{"not_picked":["blazmod:PhysicalEndurance","blazmod:CastAwayDew"],"picked":"blazmod:BoulderFlash","floor":1},{"not_picked":["blazmod:Trasient","blazmod:CastAwayDew"],"picked":"blazmod:SureOfHand","floor":2},{"not_picked":["blazmod:Trasient","blazmod:Quickdraw"],"picked":"blazmod:BoulderFlash","floor":3},{"not_picked":["blazmod:Swordstorm","blazmod:Lockswords"],"picked":"blazmod:FleetOfFoot","floor":5},{"not_picked":["blazmod:FleetOfFoot","blazmod:FlashRock"],"picked":"blazmod:FortifiedVigor","floor":6},{"not_picked":["blazmod:PhysicalEndurance","blazmod:FleetOfFoot"],"picked":"blazmod:KatanaStrike","floor":8},{"not_picked":["blazmod:BeTheBlade","blazmod:KatanaStrike"],"picked":"blazmod:OpenSpirit","floor":10},{"not_picked":["blazmod:KatanaStrike","blazmod:BoulderFlash"],"picked":"blazmod:ButterFlutter","floor":11},{"not_picked":["blazmod:ApexLegends","blazmod:Crosscut","blazmod:Valiance"],"picked":"SKIP","floor":13},{"not_picked":["blazmod:ButterFlutter","blazmod:FleetOfFoot"],"picked":"blazmod:ClearTheMind","floor":14},{"not_picked":["blazmod:ForgeWays","blazmod:Setsuna"],"picked":"blazmod:InLoveAndWar","floor":16},{"not_picked":["blazmod:FlashRock","blazmod:TravelJournal"],"picked":"blazmod:RevolvingPhoenix","floor":18},{"not_picked":["blazmod:Valiance","blazmod:PhysicalEndurance"],"picked":"blazmod:FleetOfFoot+1","floor":20},{"not_picked":["blazmod:FlashRock","blazmod:TravelJournal"],"picked":"blazmod:ButterFlutter","floor":22},{"not_picked":["blazmod:SidewaySolace","blazmod:TravelJournal"],"picked":"blazmod:Valiance+1","floor":23},{"not_picked":["blazmod:PhoenixPlume","blazmod:SidewaySolace","blazmod:PhysicalEndurance"],"picked":"SKIP","floor":24},{"not_picked":["expansioncontent:Hexaburn","Madness"],"picked":"Sadistic Nature","floor":25},{"not_picked":["ReplayUltimateDefense","Panache"],"picked":"vexMod:EmailVexCard","floor":25},{"not_picked":["blazmod:Valiance","blazmod:Trasient"],"picked":"blazmod:BladeOfEnlightenment+1","floor":27},{"not_picked":["blazmod:StanceChange","blazmod:MentalFocus"],"picked":"blazmod:FleetingDawn+1","floor":29},{"not_picked":["blazmod:PhysicalEndurance+1","blazmod:HarmonyComplete"],"picked":"blazmod:BoulderFlash+1","floor":31},{"not_picked":["blazmod:HoumatsuMugenKochouji","blazmod:GlasswingWaltz"],"picked":"blazmod:DawnflutterDance","floor":33},{"not_picked":["blazmod:Valiance","blazmod:MentalFocus"],"picked":"blazmod:FlashRock+1","floor":35},{"not_picked":["blazmod:StanceChange","blazmod:SidewaySolace+1"],"picked":"blazmod:OpenSpirit+1","floor":37},{"not_picked":["blazmod:TravelJournal+1","blazmod:Trasient"],"picked":"blazmod:MentalFocus+1","floor":38},{"not_picked":["blazmod:Unrestrained","blazmod:BoulderFlash+1","blazmod:FleetOfFoot"],"picked":"SKIP","floor":42},{"not_picked":["blazmod:LoveAndHonor","blazmod:FlyFlyAgain"],"picked":"blazmod:ButterFlutter","floor":45},{"not_picked":["blazmod:MoonlightBlossoms+1","blazmod:FleetOfFoot"],"picked":"blazmod:StanceChange+1","floor":46},{"not_picked":["blazmod:KatanaStrike","blazmod:BoulderFlash+1","blazmod:FleetOfFoot"],"picked":"SKIP","floor":47},{"not_picked":["blazmod:CastAwayDew+1","blazmod:ApexLegends+1","blazmod:QuickBlade"],"picked":"SKIP","floor":48},{"not_picked":["blazmod:FlawlessDraw+1","blazmod:PureOfSoul"],"picked":"blazmod:FortifiedVigor","floor":54}],"player_experience":407740,"relics_obtained":[{"floor":6,"key":"PreservedInsect"},{"floor":10,"key":"infinitespire:Lucky Rock"},{"floor":23,"key":"aspiration:StickyExplosives_weak"},{"floor":26,"key":"aspiration:ChemicalBlood"},{"floor":32,"key":"Bottled Lightning"},{"floor":43,"key":"Replay:Wax Seal"},{"floor":45,"key":"Snack Pack"},{"floor":49,"key":"aspiration:TomeofQuesting"},{"floor":54,"key":"infinitespire:Beetle Shell"}],"event_choices":[{"cards_removed":["blazmod:BlindingFlash"],"damage_healed":0,"gold_gain":0,"player_choice":"Take \u0026 Give","damage_taken":0,"max_hp_gain":0,"max_hp_loss":0,"event_name":"betterNote:BetterNote","floor":19,"gold_loss":0,"cards_obtained":["PokerPlayerMod:DartThrow"]},{"damage_healed":0,"gold_gain":2,"player_choice":"1","damage_taken":0,"max_hp_gain":0,"max_hp_loss":0,"event_name":"betterStone:BetterStone","floor":25,"gold_loss":0},{"damage_healed":0,"gold_gain":0,"cards_transformed":["blazmod:Defend"],"player_choice":"Transformed","damage_taken":0,"max_hp_gain":0,"max_hp_loss":0,"event_name":"Transmorgrifier","floor":40,"gold_loss":0,"cards_obtained":["blazmod:ButterflyBlade"]}],"is_beta":false,"boss_relics":[{"not_picked":["hubris:BlackHole","Runic Dome"],"picked":"vexMod:CursedCompass"},{"not_picked":["ReplayTheSpireMod:DimensionalGlitch","vexMod:EndlessSickness"],"picked":"Silver_Glasses"}],"items_purged_floors":[39],"is_endless":false,"potions_floor_spawned":[1,6,11,14,18,27,29,35,37,46,48,54],"ascension_level":0}}