{"host":"utqe55yv0jihe4d6","time":1607912081,"event":{"mods":["2.2 Compatiblity","AchievementEnabler","BaseMod","Block Reminder","Colored Map","Colored Powertips","Minty Spire (QoL Compilation)","Quick Restart","Rare Cards Sparkle","Relic Stats","SuperFastMode"],"gold_per_floor":[11,23,23,23,39,39,39,78,103,103,28,53,53,74,74,170,170,195,214,214,214,214,214,253,253,253,277,310,360,381,405,405,405,405],"floor_reached":33,"playtime":1081,"items_purged":[],"score":570,"play_id":"3afbc72f-99d3-4877-92f2-4c84315bc276","local_time":"20201213211441","is_ascension_mode":true,"campfire_choices":[{"data":"Bash","floor":6.0,"key":"SMITH"},{"floor":10.0,"key":"REST"},{"data":"Corruption","floor":13.0,"key":"SMITH"},{"data":"Clothesline","floor":15.0,"key":"SMITH"},{"floor":23.0,"key":"REST"},{"data":"Double Tap","floor":25,"key":"SMITH"},{"floor":32,"key":"REST"}],"circlet_count":0,"master_deck":["AscendersBane","Strike_R","Strike_R","Strike_R","Defend_R","Defend_R","Defend_R","Defend_R","Bash+1","Demon Form+1","Pommel Strike","Shrug It Off","Clothesline+1","Corruption+1","Shrug It Off","Impervious","Seeing Red","Double Tap+1","Entrench","Body Slam+1","Warcry","Uppercut"],"relics":["Burning Blood","Golden Idol","Question Card","Toy Ornithopter","Cursed Key","Bag of Marbles","Lantern"],"acts_visited":["Exordium","TheCity"],"potions_floor_usage":[28,33],"damage_taken":[{"damage":1.0,"enemies":"Small Slimes","floor":1.0,"turns":3.0},{"damage":5.0,"enemies":"2 Louse","floor":2.0,"turns":4.0},{"damage":0.0,"enemies":"Jaw Worm","floor":5.0,"turns":5.0},{"damage":32.0,"enemies":"3 Sentries","floor":8.0,"turns":9.0},{"damage":0.0,"enemies":"3 Louse","floor":12.0,"turns":4.0},{"damage":18.0,"enemies":"Large Slime","floor":14.0,"turns":5.0},{"damage":36.0,"enemies":"The Guardian","floor":16.0,"turns":12.0},{"damage":19.0,"enemies":"Shell Parasite","floor":18.0,"turns":6.0},{"damage":11.0,"enemies":"Chosen","floor":19.0,"turns":5.0},{"damage":10,"enemies":"Gremlin Leader","floor":24,"turns":5},{"damage":9,"enemies":"Snake Plant","floor":27,"turns":4},{"damage":58,"enemies":"Slavers","floor":28,"turns":6},{"damage":3,"enemies":"Centurion and Healer","floor":30,"turns":7},{"damage":0,"enemies":"Snecko","floor":31,"turns":4},{"damage":60,"enemies":"Collector","floor":33,"turns":7}],"seed_played":"3560917589235832362","potions_obtained":[{"floor":1.0,"key":"Block Potion"},{"floor":8.0,"key":"Weak Potion"},{"floor":12.0,"key":"LiquidBronze"},{"floor":16.0,"key":"PowerPotion"},{"floor":30,"key":"EssenceOfSteel"}],"is_trial":false,"path_per_floor":["M","M","?","?","M","R","T","E","T","R","?","M","R","M","R","B",null,"M","M","?","T","?","R","E","R","T","M","E","?","M","M","R","B"],"character_chosen":"IRONCLAD","items_purchased":[],"campfire_rested":3,"item_purchase_floors":[],"current_hp_per_floor":[73,74,48,48,54,54,54,28,28,50,50,56,56,44,44,19,61,48,43,43,43,43,65,61,61,61,58,11,11,14,20,42,0,0],"gold":405,"neow_bonus":"THREE_RARE_CARDS","is_daily":false,"chose_seed":false,"campfire_upgraded":4,"win_rate":0.0,"timestamp":1607912081,"path_taken":["M","M","?","?","M","R","?","E","T","R","?","M","R","M","R","BOSS","M","M","?","?","?","R","E","R","T","?","E","?","?","M","R","BOSS"],"items_purchased_type":[],"build_version":"2020-11-30","purchased_purges":0,"victory":false,"max_hp_per_floor":[75,75,75,75,75,75,75,75,75,75,75,75,75,75,75,75,75,75,75,75,75,75,75,75,75,75,75,75,75,75,75,75,75,75],"relic_stats":{"counters":[15,86],"Golden Idol":77,"Question Card":11,"Cursed Key":0,"obtain_stats":[{"Lantern":28,"Golden Idol":3,"Bag of Marbles":24,"Question Card":7,"Cursed Key":17,"Burning Blood":0,"Toy Ornithopter":8},{"Lantern":12,"Golden Idol":2,"Bag of Marbles":10,"Question Card":3,"Cursed Key":7,"Burning Blood":0,"Toy Ornithopter":4},{"Lantern":68,"Golden Idol":7,"Bag of Marbles":58,"Question Card":12,"Cursed Key":42,"Burning Blood":0,"Toy Ornithopter":21}],"Burning Blood":84,"Toy Ornithopter":15},"card_choices":[{"not_picked":["Limit Break","Berserk"],"picked":"Demon Form","floor":0.0},{"not_picked":["Seeing Red","Sever Soul"],"picked":"Pommel Strike","floor":1.0},{"not_picked":["Feel No Pain","Spot Weakness"],"picked":"Shrug It Off","floor":2.0},{"not_picked":["Anger","Flex"],"picked":"Clothesline","floor":5.0},{"not_picked":["Iron Wave","Body Slam","Second Wind","Clothesline"],"picked":"SKIP","floor":8.0},{"not_picked":["Ghostly Armor","Pommel Strike","Metallicize"],"picked":"Corruption","floor":12.0},{"not_picked":["Iron Wave","Clothesline","Ghostly Armor"],"picked":"Shrug It Off","floor":14.0},{"not_picked":["Demon Form","Fiend Fire","Corruption"],"picked":"Impervious","floor":16.0},{"not_picked":["Flex","Clash","Thunderclap"],"picked":"Seeing Red","floor":18.0},{"not_picked":["Body Slam","Headbutt","Anger","Blood for Blood"],"picked":"SKIP","floor":19.0},{"not_picked":["Perfected Strike","Rage","Flex"],"picked":"Double Tap","floor":24},{"not_picked":["Rampage","Twin Strike","Cleave"],"picked":"Entrench","floor":27},{"not_picked":["Havoc","Anger","Thunderclap+1"],"picked":"Body Slam+1","floor":28},{"not_picked":["Clash","Body Slam","Ghostly Armor"],"picked":"Warcry","floor":30},{"not_picked":["Pommel Strike+1","Blood for Blood","Clothesline"],"picked":"Uppercut","floor":31}],"player_experience":2752472,"relics_obtained":[{"floor":7.0,"key":"Question Card"},{"floor":8.0,"key":"Toy Ornithopter"},{"floor":24,"key":"Bag of Marbles"},{"floor":28,"key":"Lantern"}],"event_choices":[{"damage_healed":0.0,"max_hp_gain":0.0,"max_hp_loss":0.0,"gold_gain":0.0,"event_name":"Golden Idol","player_choice":"Take Damage","floor":3.0,"gold_loss":0.0,"damage_taken":26.0,"relics_obtained":["Golden Idol"]},{"damage_healed":0.0,"max_hp_gain":0.0,"max_hp_loss":0.0,"gold_gain":0.0,"event_name":"Living Wall","player_choice":"Grow","floor":4.0,"gold_loss":0.0,"damage_taken":0.0,"cards_upgraded":["Demon Form"]},{"cards_removed":["Strike_R"],"damage_healed":0.0,"max_hp_gain":0.0,"max_hp_loss":0.0,"gold_gain":0.0,"event_name":"The Cleric","player_choice":"Card Removal","floor":11.0,"gold_loss":75.0,"damage_taken":0.0},{"damage_healed":0.0,"max_hp_gain":0.0,"max_hp_loss":0.0,"gold_gain":0.0,"event_name":"Vampires","player_choice":"Ignored","floor":20.0,"gold_loss":0.0,"damage_taken":0.0},{"cards_removed":["Strike_R"],"damage_healed":0.0,"max_hp_gain":0.0,"max_hp_loss":0.0,"gold_gain":0.0,"event_name":"Bonfire Elementals","player_choice":"Offered Basic","floor":22.0,"gold_loss":0.0,"damage_taken":0.0},{"damage_healed":0,"gold_gain":100,"player_choice":"Bet on Murderer","damage_taken":0,"max_hp_gain":0,"max_hp_loss":0,"event_name":"The Joust","floor":29,"gold_loss":50}],"is_beta":false,"boss_relics":[{"not_picked":["Mark of Pain","Velvet Choker"],"picked":"Cursed Key"}],"items_purged_floors":[],"is_endless":false,"potions_floor_spawned":[1,8,12,16,19,30,31],"killed_by":"Collector","ascension_level":20}}