{"host":"p7j7o00jacnw7qzt","time":1607989639,"event":{"mods":["BaseMod","Colored Map","Colored Powertips","DeckTracker","Highlight Path","Minty Spire (QoL Compilation)","Relic Stats"],"gold_per_floor":[116,128,128,128,138,138,163,181,208,208,221,134,134,184,184,258,258,271,284,234,253,203,203,229,229,253,283,298,298,83,114,114,187,187,201,201,74,91,108,143,160,160,160,110,145,190,208,233,233,233,233,233,233,105,133,133],"floor_reached":57,"playtime":3050,"items_purged":["Strike_R","Strike_R","Strike_R","Strike_R","Bash","Whirlwind+1","Defend_R"],"score":3111,"play_id":"ea109cf2-3854-4e5c-9a0c-319e833c9201","local_time":"20201214184719","is_ascension_mode":true,"campfire_choices":[{"data":"Armaments","floor":6.0,"key":"SMITH"},{"data":"Whirlwind","floor":10.0,"key":"SMITH"},{"floor":13.0,"key":"RECALL"},{"data":"Fire Breathing","floor":15.0,"key":"SMITH"},{"data":"Body Slam","floor":23.0,"key":"SMITH"},{"data":"Entrench","floor":25.0,"key":"SMITH"},{"data":"Offering","floor":29.0,"key":"SMITH"},{"data":"Battle Trance","floor":32.0,"key":"SMITH"},{"data":"Barricade","floor":42,"key":"SMITH"},{"data":"Offering","floor":49,"key":"SMITH"},{"data":"Shrug It Off","floor":53,"key":"SMITH"}],"circlet_count":0,"master_deck":["AscendersBane","Defend_R","Defend_R","Defend_R+1","Shrug It Off+1","Armaments+1","Fire Breathing+1","Barricade+1","Body Slam+1","Shrug It Off","Entrench+1","Offering+1","Warcry","Battle Trance+1","Offering+1","Dark Embrace","Burning Pact+1","Sever Soul","Feel No Pain"],"relics":["Burning Blood","Smiling Mask","Happy Flower","War Paint","Sozu","Pantograph","Art of War","Shuriken","Lee\u0027s Waffle","Toy Ornithopter","Runic Dome","PreservedInsect","Pocketwatch","Prayer Wheel","Calipers","Charon\u0027s Ashes"],"acts_visited":["Exordium","TheCity","TheBeyond","TheEnding"],"potions_floor_usage":[],"damage_taken":[{"damage":1.0,"enemies":"Small Slimes","floor":1.0,"turns":4.0},{"damage":0.0,"enemies":"Jaw Worm","floor":2.0,"turns":5.0},{"damage":12.0,"enemies":"Cultist","floor":5.0,"turns":4.0},{"damage":31.0,"enemies":"Lagavulin","floor":7.0,"turns":7.0},{"damage":4.0,"enemies":"Exordium Wildlife","floor":8.0,"turns":4.0},{"damage":0.0,"enemies":"Lots of Slimes","floor":11.0,"turns":1.0},{"damage":37.0,"enemies":"Hexaghost","floor":16.0,"turns":10.0},{"damage":1.0,"enemies":"3 Byrds","floor":18.0,"turns":4.0},{"damage":0.0,"enemies":"Chosen","floor":19.0,"turns":6.0},{"damage":21.0,"enemies":"Centurion and Healer","floor":21.0,"turns":8.0},{"damage":9.0,"enemies":"Book of Stabbing","floor":24.0,"turns":6.0},{"damage":32.0,"enemies":"Slavers","floor":27.0,"turns":5.0},{"damage":6.0,"enemies":"Shelled Parasite and Fungi","floor":28.0,"turns":7.0},{"damage":6.0,"enemies":"Gremlin Leader","floor":31.0,"turns":4.0},{"damage":8.0,"enemies":"Automaton","floor":33.0,"turns":9.0},{"damage":12,"enemies":"3 Darklings","floor":35,"turns":2},{"damage":6,"enemies":"3 Shapes","floor":38,"turns":4},{"damage":6,"enemies":"Spire Growth","floor":39,"turns":4},{"damage":6,"enemies":"Giant Head","floor":40,"turns":4},{"damage":15,"enemies":"Writhing Mass","floor":41,"turns":4},{"damage":12,"enemies":"Nemesis","floor":45,"turns":3},{"damage":16,"enemies":"2 Orb Walkers","floor":46,"turns":3},{"damage":12,"enemies":"Transient","floor":47,"turns":3},{"damage":6,"enemies":"Mind Bloom Boss Battle","floor":48,"turns":5},{"damage":12,"enemies":"Donu and Deca","floor":50,"turns":4},{"damage":12,"enemies":"Awakened One","floor":51,"turns":4},{"damage":12,"enemies":"Shield and Spear","floor":55,"turns":3},{"damage":28,"enemies":"The Heart","floor":56,"turns":8}],"seed_played":"-3330708245700019795","potions_obtained":[{"floor":1.0,"key":"Block Potion"},{"floor":2.0,"key":"Swift Potion"},{"floor":7.0,"key":"SpeedPotion"},{"floor":8.0,"key":"BlessingOfTheForge"},{"floor":11.0,"key":"Weak Potion"}],"is_trial":false,"path_per_floor":["M","M","?","?","M","R","E","M","T","R","M","$","R","?","R","B",null,"M","M","$","M","$","R","E","R","T","E","M","R","$","E","R","B",null,"M","?","$","M","M","E","M","R","T","$","E","?","M","?","R","B","B",null,"R","$","E","B",null],"character_chosen":"IRONCLAD","items_purchased":["Fire Breathing","Lee\u0027s Waffle","Dark Embrace","Feel No Pain"],"campfire_rested":0,"item_purchase_floors":[12,30,37,54],"current_hp_per_floor":[80,82,64,64,58,58,33,35,35,35,41,41,41,41,41,10,64,69,75,75,60,60,60,57,57,57,31,31,31,89,89,89,87,89,83,83,83,83,83,83,74,74,74,74,68,58,52,77,77,83,83,88,88,88,82,67],"gold":133,"neow_bonus":"TEN_PERCENT_HP_BONUS","is_daily":false,"chose_seed":false,"campfire_upgraded":10,"win_rate":0.0,"timestamp":1607989639,"path_taken":["M","M","?","?","M","R","E","?","T","R","M","$","R","?","R","BOSS","M","M","$","M","?","R","E","R","T","E","M","R","$","E","R","BOSS","M","?","$","M","M","E","M","R","T","$","E","?","M","?","R","BOSS","BOSS","R","$","E","BOSS"],"items_purchased_type":["Card","Relic","Card","Card"],"build_version":"2020-12-13","purchased_purges":7,"victory":true,"max_hp_per_floor":[82,82,82,82,82,82,82,82,82,82,82,82,82,82,82,82,82,82,82,82,82,82,82,82,82,82,82,82,82,89,89,89,89,89,89,89,89,89,89,89,89,89,89,89,89,89,89,89,89,89,89,89,89,89,89,89],"relic_stats":{"Lee\u0027s Waffle":58,"Happy Flower":[38],"counters":[28,135],"PreservedInsect":127,"Charon\u0027s Ashes":[45],"War Paint":["Power Through","Defend_R"],"Smiling Mask":700,"Burning Blood":164,"Sozu":8,"Shuriken":[1],"Pantograph":50,"Prayer Wheel":1,"Art of War":[20],"obtain_stats":[{"Lee\u0027s Waffle":30,"Calipers":48,"Happy Flower":7,"PreservedInsect":40,"Charon\u0027s Ashes":55,"War Paint":9,"Smiling Mask":3,"Burning Blood":0,"Sozu":17,"Runic Dome":34,"Shuriken":27,"Pantograph":24,"Prayer Wheel":46,"Art of War":26,"Toy Ornithopter":31,"Pocketwatch":45},{"Lee\u0027s Waffle":13,"Calipers":24,"Happy Flower":4,"PreservedInsect":19,"Charon\u0027s Ashes":27,"War Paint":5,"Smiling Mask":2,"Burning Blood":0,"Sozu":7,"Runic Dome":15,"Shuriken":12,"Pantograph":11,"Prayer Wheel":22,"Art of War":11,"Toy Ornithopter":14,"Pocketwatch":21},{"Lee\u0027s Waffle":71,"Calipers":116,"Happy Flower":20,"PreservedInsect":98,"Charon\u0027s Ashes":127,"War Paint":24,"Smiling Mask":9,"Burning Blood":0,"Sozu":35,"Runic Dome":84,"Shuriken":64,"Pantograph":59,"Prayer Wheel":108,"Art of War":59,"Toy Ornithopter":75,"Pocketwatch":105}],"Toy Ornithopter":0,"Pocketwatch":[4]},"card_choices":[{"not_picked":["Carnage","Headbutt"],"picked":"Shrug It Off","floor":1.0},{"not_picked":["Reckless Charge","Wild Strike"],"picked":"Whirlwind","floor":2.0},{"not_picked":["Anger","Rupture"],"picked":"Armaments","floor":5.0},{"not_picked":["Whirlwind","Sword Boomerang","Perfected Strike"],"picked":"SKIP","floor":7.0},{"not_picked":["Headbutt","Body Slam"],"picked":"Power Through","floor":8.0},{"not_picked":["Headbutt","Reckless Charge","Uppercut"],"picked":"SKIP","floor":11.0},{"not_picked":["Limit Break","Corruption"],"picked":"Barricade","floor":16.0},{"not_picked":["Headbutt","Clothesline","Cleave"],"picked":"SKIP","floor":18.0},{"not_picked":["Havoc","Rupture"],"picked":"Body Slam","floor":19.0},{"not_picked":["Rupture","Twin Strike"],"picked":"Shrug It Off","floor":21.0},{"not_picked":["Wild Strike","Havoc"],"picked":"Entrench","floor":24.0},{"not_picked":["Pommel Strike+1","Flex"],"picked":"Offering","floor":27.0},{"not_picked":["Body Slam+1","Twin Strike"],"picked":"Warcry","floor":28.0},{"not_picked":["Exhume","Dual Wield"],"picked":"Battle Trance","floor":31.0},{"not_picked":["Corruption","Double Tap"],"picked":"Offering","floor":33.0},{"not_picked":["Thunderclap","Blood for Blood","Wild Strike"],"picked":"SKIP","floor":35},{"not_picked":["Dual Wield","Cleave","Armaments"],"picked":"SKIP","floor":38},{"not_picked":["Bloodletting","Dropkick"],"picked":"Burning Pact+1","floor":39},{"not_picked":["Armaments+1","Clash+1","Seeing Red+1"],"picked":"SKIP","floor":40},{"not_picked":["Exhume","Clash","Sword Boomerang"],"picked":"SKIP","floor":41},{"not_picked":["Power Through","Entrench+1","Sword Boomerang"],"picked":"SKIP","floor":45},{"not_picked":["Headbutt","Inflame"],"picked":"Sever Soul","floor":47},{"not_picked":["Pummel+1","Dark Embrace","Shrug It Off"],"picked":"SKIP","floor":47},{"not_picked":["Twin Strike+1","Shrug It Off+1","Heavy Blade"],"picked":"SKIP","floor":55}],"player_experience":859877,"relics_obtained":[{"floor":7.0,"key":"Happy Flower"},{"floor":9.0,"key":"War Paint"},{"floor":24.0,"key":"Pantograph"},{"floor":26.0,"key":"Art of War"},{"floor":27.0,"key":"Shuriken"},{"floor":31.0,"key":"Toy Ornithopter"},{"floor":40,"key":"PreservedInsect"},{"floor":45,"key":"Pocketwatch"},{"floor":46,"key":"Prayer Wheel"},{"floor":48,"key":"Calipers"},{"floor":55,"key":"Charon\u0027s Ashes"}],"event_choices":[{"damage_healed":0.0,"max_hp_gain":0.0,"max_hp_loss":0.0,"gold_gain":0.0,"event_name":"Scrap Ooze","player_choice":"Success","floor":3.0,"gold_loss":0.0,"damage_taken":18.0,"relics_obtained":["Smiling Mask"]},{"cards_removed":["Strike_R"],"damage_healed":0.0,"max_hp_gain":0.0,"max_hp_loss":0.0,"gold_gain":0.0,"event_name":"Bonfire Elementals","player_choice":"Offered Basic","floor":4.0,"gold_loss":0.0,"damage_taken":0.0},{"damage_healed":0.0,"max_hp_gain":0.0,"max_hp_loss":0.0,"gold_gain":50.0,"event_name":"Golden Shrine","player_choice":"Pray","floor":14.0,"gold_loss":0.0,"damage_taken":0.0},{"cards_removed":["Power Through"],"damage_healed":0,"gold_gain":0,"player_choice":"Removed Skill","damage_taken":0,"max_hp_gain":0,"max_hp_loss":0,"event_name":"Falling","floor":36,"gold_loss":0},{"damage_healed":0,"gold_gain":0,"player_choice":"Fight","damage_taken":0,"max_hp_gain":0,"max_hp_loss":0,"event_name":"Mysterious Sphere","floor":46,"gold_loss":0},{"damage_healed":0,"gold_gain":0,"player_choice":"Fight","damage_taken":0,"max_hp_gain":0,"max_hp_loss":0,"event_name":"MindBloom","floor":48,"gold_loss":0}],"is_beta":false,"boss_relics":[{"not_picked":["Velvet Choker","Black Star"],"picked":"Sozu"},{"not_picked":["Tiny House","Astrolabe"],"picked":"Runic Dome"}],"items_purged_floors":[12,20,22,30,37,44,54],"is_endless":false,"potions_floor_spawned":[1,2,7,8,11,18,21,28,33,38,40,45,48],"ascension_level":20}}