{"host":"u5hfrceatticevdm","time":1607914863,"event":{"mods":["2.2 Compatiblity","Act Like it!","Alarm Clock","Aspiration","BaseMod","Better Synergies","Conspire","Downfall","Energized Spire","Friendly Minions","GifTheSpireLib","Halation","HexUI Lib","Hubris","Humility","Hyrulean Relics","Magineer Mod","Minty Spire (QoL Compilation)","Replay The Spire","Small Relic Pack","Spicy Shops","Spikes Relics","StSLib","Stuff the Spire","The Construct","Unceasing Turn Reminder","Useless Jewels Mod","Waifu the Spire","vexMod"],"gold_per_floor":[113,113,124,124,124,124,138,138,138,138,166,186,186,66,66,165,165,176,30,43,43,54,84,84,84],"floor_reached":24,"playtime":904,"items_purged":[],"score":239,"play_id":"7562bc74-d40b-4614-8554-4354be8f22cf","local_time":"20201213220103","is_ascension_mode":false,"campfire_choices":[{"floor":6.0,"key":"REST"},{"floor":8.0,"key":"REST"},{"data":"Chaos","floor":10.0,"key":"SMITH"}],"circlet_count":0,"master_deck":["Strike_B","Strike_B","Strike_B","Strike_B","Defend_B","Defend_B","Defend_B","Defend_B","Dualcast","Buffer+1","Streamline","Redo","Buffer","Creative AI+1","ReplayTheSpireMod:Omega Cannon","Doom and Gloom","Leap","Streamline","hubris:DuctTapeCard","Sweeping Beam"],"relics":["Cracked Core","halation:PinkSoulGem","relicPack:DSword","aspiration:ArtOfWarUpgrade","halation:Jellyphish","hubris:DuctTape","Singing Bowl"],"acts_visited":["Exordium","TheCity"],"potions_floor_usage":[],"damage_taken":[{"damage":0.0,"enemies":"Small Slimes","floor":1.0,"turns":5.0},{"damage":9.0,"enemies":"Jaw Worm","floor":3.0,"turns":4.0},{"damage":2.0,"enemies":"2 Louse","floor":7.0,"turns":2.0},{"damage":0.0,"enemies":"Lagavulin","floor":11.0,"turns":5.0},{"damage":5.0,"enemies":"Exordium Wildlife","floor":12.0,"turns":4.0},{"damage":23.0,"enemies":"The Guardian","floor":16.0,"turns":7.0},{"damage":10.0,"enemies":"Spheric Guardian","floor":18.0,"turns":4.0},{"damage":10.0,"enemies":"2 Thieves","floor":20.0,"turns":4.0},{"damage":7.0,"enemies":"conspire:HollyBat","floor":22.0,"turns":6.0},{"damage":10.0,"enemies":"Replay:Snechameleon","floor":23.0,"turns":4.0},{"damage":42,"enemies":"Snake Plant","floor":24,"turns":4}],"seed_played":"-23166244852965995","potions_obtained":[{"floor":3.0,"key":"Reflective Coating"},{"floor":16.0,"key":"champ:CounterPotion"},{"floor":20.0,"key":"hexamod:EctoCoolerPotion"}],"is_trial":false,"path_per_floor":["M","?","M","?","?","R","M","R","T","R","E","M","R","$","R","B",null,"M","$","M","?","M","E","M"],"character_chosen":"DEFECT","items_purchased":["Creative AI+1","halation:Jellyphish"],"campfire_rested":2,"item_purchase_floors":[14,19],"current_hp_per_floor":[75,75,66,66,31,53,51,73,73,73,73,68,68,68,68,45,75,65,65,55,55,48,38,0,0],"gold":84,"neow_bonus":"ONE_RANDOM_RARE_CARD","is_daily":false,"chose_seed":false,"campfire_upgraded":1,"win_rate":0.0,"timestamp":1607914863,"path_taken":["M","?","M","?","?","R","M","R","T","R","E","M","R","$","R","BOSS","M","$","M","?","M","E","M"],"items_purchased_type":["Card","Relic"],"build_version":"2020-12-13","purchased_purges":0,"victory":false,"max_hp_per_floor":[75,75,75,75,75,75,75,75,75,75,75,75,75,75,75,75,75,75,75,75,75,75,75,75,75],"card_choices":[{"not_picked":["Sweeping Beam","Beam Cell"],"picked":"Streamline","floor":1.0},{"not_picked":["BasicCrystalCard","Compile Driver"],"picked":"Redo","floor":3.0},{"not_picked":["Sweeping Beam","Barrage"],"picked":"Chaos","floor":7.0},{"not_picked":["Coolheaded","Compile Driver"],"picked":"Buffer","floor":11.0},{"not_picked":["Stack","Consume","Scrape"],"picked":"SKIP","floor":12.0},{"not_picked":["StuffTheSpire:Purify","Hyperbeam"],"picked":"ReplayTheSpireMod:Omega Cannon","floor":16.0},{"not_picked":["Panic Button","StuffTheSpire:CleanHardDrive"],"picked":"Doom and Gloom","floor":18.0},{"not_picked":["BasicCrystalCard","Cold Snap"],"picked":"Leap","floor":20.0},{"not_picked":["ReplaySort","StuffTheSpire:Plugnplay+1","Coolheaded"],"picked":"SKIP","floor":22.0},{"not_picked":["StuffTheSpire:GlassShard","Steam"],"picked":"Sweeping Beam","floor":23}],"player_experience":758417,"relics_obtained":[{"floor":11.0,"key":"Art of War"},{"floor":23,"key":"hubris:DuctTape"}],"event_choices":[{"damage_healed":0.0,"max_hp_gain":0.0,"max_hp_loss":0.0,"gold_gain":0.0,"event_name":"The Library","player_choice":"Read","floor":21.0,"gold_loss":0.0,"damage_taken":0.0,"cards_obtained":["Streamline"]}],"is_beta":false,"boss_relics":[{"not_picked":["hubris:CrackedHourglass","Replay:Drink Me","halation:CatFaceCupcake"]}],"items_purged_floors":[],"is_endless":false,"potions_floor_spawned":[3,16,20,22,23],"killed_by":"Snake Plant","ascension_level":0}}