{"host":"l2821e3dgmq4sghh","time":1607962559,"event":{"mods":["BaseMod","Colored Powertips","Minty Spire (QoL Compilation)","StSLib"],"gold_per_floor":[119,119,134,154,229,229,36,71,94,94,113,6,41,61,61,137,137,155,172,172,172],"floor_reached":20,"playtime":2073,"items_purged":["Strike_G"],"score":350,"play_id":"2964abae-e4b8-4f05-8092-543cb436bd4a","local_time":"20201214171559","is_ascension_mode":true,"campfire_choices":[{"data":"Terror","floor":6.0,"key":"SMITH"},{"data":"Noxious Fumes","floor":10.0,"key":"SMITH"},{"data":"Caltrops","floor":15.0,"key":"SMITH"}],"circlet_count":0,"master_deck":["AscendersBane","Strike_G","Strike_G","Strike_G","Defend_G","Defend_G","Defend_G","Defend_G","Survivor","Neutralize","Masterful Stab+1","Quick Slash","Terror+1","Noxious Fumes+1","All Out Attack","Caltrops+1","PiercingWail","Noxious Fumes","Slice","Noxious Fumes","Sucker Punch","Adrenaline","Bouncing Flask","Prepared+1"],"relics":["Ring of the Snake","Centennial Puzzle","MealTicket","Ornamental Fan","Runic Pyramid"],"acts_visited":["Exordium","TheCity"],"potions_floor_usage":[],"damage_taken":[{"damage":0.0,"enemies":"Cultist","floor":1.0,"turns":4.0},{"damage":0.0,"enemies":"Small Slimes","floor":3.0,"turns":4.0},{"damage":0.0,"enemies":"Jaw Worm","floor":4.0,"turns":2.0},{"damage":5.0,"enemies":"3 Sentries","floor":8.0,"turns":6.0},{"damage":5.0,"enemies":"Exordium Thugs","floor":11.0,"turns":4.0},{"damage":27.0,"enemies":"Gremlin Nob","floor":13.0,"turns":4.0},{"damage":8.0,"enemies":"Lots of Slimes","floor":14.0,"turns":3.0},{"damage":4.0,"enemies":"Hexaghost","floor":16.0,"turns":8.0},{"damage":3,"enemies":"Chosen","floor":18,"turns":5},{"damage":0,"enemies":"3 Byrds","floor":19,"turns":4},{"damage":2,"enemies":"Cultist and Chosen","floor":20,"turns":3}],"seed_played":"-580724566820178377","potions_obtained":[{"floor":1.0,"key":"Weak Potion"},{"floor":4.0,"key":"AttackPotion"},{"floor":11.0,"key":"DuplicationPotion"},{"floor":14.0,"key":"Fire Potion"},{"floor":16.0,"key":"Fire Potion"}],"is_trial":false,"path_per_floor":["M","?","M","M","?","R","$","E","T","R","M","$","E","M","R","B",null,"M","M","M"],"character_chosen":"THE_SILENT","items_purchased":["Noxious Fumes","All Out Attack","Noxious Fumes","Slice"],"campfire_rested":0,"item_purchase_floors":[7,7,12,12],"current_hp_per_floor":[59,59,59,59,48,48,48,43,43,43,38,53,26,18,18,14,49,46,46,44,44],"gold":172,"neow_bonus":"REMOVE_TWO","is_daily":false,"chose_seed":false,"campfire_upgraded":3,"win_rate":0.0,"timestamp":1607962559,"path_taken":["M","?","?","?","?","R","?","E","T","R","?","$","E","M","R","BOSS","M","?","M"],"items_purchased_type":["Card","Card","Card","Card"],"build_version":"2020-12-13","purchased_purges":1,"victory":false,"max_hp_per_floor":[60,60,60,60,60,60,60,60,60,60,60,60,60,60,60,60,60,60,60,60,60],"card_choices":[{"not_picked":["Riddle With Holes","Cloak And Dagger"],"picked":"Masterful Stab","floor":1.0},{"not_picked":["Underhanded Strike","Slice"],"picked":"Quick Slash","floor":3.0},{"not_picked":["Acrobatics","Poisoned Stab"],"picked":"Terror","floor":4.0},{"not_picked":["Quick Slash","Glass Knife"],"picked":"Caltrops","floor":8.0},{"not_picked":["Masterful Stab","Flying Knee"],"picked":"PiercingWail","floor":11.0},{"not_picked":["Slice","Deadly Poison"],"picked":"Noxious Fumes","floor":13.0},{"not_picked":["Dagger Spray","Escape Plan"],"picked":"Sucker Punch","floor":14.0},{"not_picked":["Unload","Tools of the Trade"],"picked":"Adrenaline","floor":16.0},{"not_picked":["Predator","Riddle With Holes"],"picked":"Bouncing Flask","floor":18},{"not_picked":["Underhanded Strike","Endless Agony"],"picked":"Prepared+1","floor":19}],"player_experience":5296289,"relics_obtained":[{"floor":8.0,"key":"Centennial Puzzle"},{"floor":9.0,"key":"MealTicket"},{"floor":13.0,"key":"Ornamental Fan"}],"event_choices":[{"damage_healed":0.0,"max_hp_gain":0.0,"max_hp_loss":0.0,"gold_gain":0.0,"event_name":"Upgrade Shrine","player_choice":"Upgraded","floor":2.0,"gold_loss":0.0,"damage_taken":0.0,"cards_upgraded":["Masterful Stab"]},{"damage_healed":0.0,"max_hp_gain":0.0,"max_hp_loss":0.0,"gold_gain":75.0,"event_name":"World of Goop","player_choice":"Gather Gold","floor":5.0,"gold_loss":0.0,"damage_taken":11.0}],"is_beta":false,"boss_relics":[{"not_picked":["Fusion Hammer","HoveringKite"],"picked":"Runic Pyramid"}],"items_purged_floors":[7],"is_endless":false,"potions_floor_spawned":[1,4,11,14,16,19],"killed_by":"Cultist and Chosen","ascension_level":18}}