{"host":"e4hse1vg61zltgzv","time":1607915407,"event":{"mods":["AchievementEnabler","BaseMod","Block Reminder","Colored Map","DeckTracker","GifTheSpireLib","Minty Spire (QoL Compilation)","Rare Cards Sparkle","StSLib","SuperFastMode","everything is the same but u backflip on backflip"],"gold_per_floor":[113,126,138,157,57,82,94,109,109,170,70,70,105,30,30,103,103,113,133,133,8,41,68,68,68,68,96,96,125,143,154,154,233,233,249,99,117,129,129,163,163,174,199,216,248,273,293,307,307,307,307,307,307,90,120,120],"floor_reached":57,"playtime":782,"items_purged":["Strike_R","Strike_R","Strike_R","Strike_R"],"score":3543,"play_id":"1927a487-b4f9-4fc3-a553-2c7772e1400a","local_time":"20201214121007","is_ascension_mode":true,"campfire_choices":[{"floor":12.0,"key":"RECALL"},{"data":"Shrug It Off","floor":15.0,"key":"SMITH"},{"data":"Double Tap","floor":28.0,"key":"SMITH"},{"data":"Ghostly","floor":32.0,"key":"SMITH"},{"data":"Ghostly","floor":41.0,"key":"SMITH"},{"data":"Ghostly","floor":49.0,"key":"SMITH"},{"data":"Bash","floor":53.0,"key":"SMITH"}],"circlet_count":0,"master_deck":["AscendersBane","Defend_R+1","Defend_R","Defend_R","Defend_R+1","Bash+1","Perfected Strike+1","Perfected Strike+1","Thunderclap+1","Perfected Strike+1","Shrug It Off+1","Perfected Strike+1","Pommel Strike+1","Perfected Strike+1","Ghostly Armor","Perfected Strike+1","Perfected Strike+1","Perfected Strike+1","Perfected Strike+1","Perfected Strike+1","Perfected Strike+1","Perfected Strike+1","Perfected Strike+1","Double Tap+1","Perfected Strike+1","Perfected Strike+1","Perfected Strike+1","Perfected Strike+1","Perfected Strike+1","Perfected Strike+1","Perfected Strike+1","Perfected Strike+1","Perfected Strike+1","Perfected Strike+1","Ghostly+1","Ghostly+1","Ghostly+1","Perfected Strike+1","Pommel Strike+1","Perfected Strike+1","Perfected Strike+1","Perfected Strike+1","Perfected Strike+1","Perfected Strike+1","Perfected Strike+1","Perfected Strike+1","Perfected Strike+1","Perfected Strike+1","Perfected Strike+1","Perfected Strike+1","Perfected Strike+1","Perfected Strike+1","Perfected Strike+1","Perfected Strike+1","Perfected Strike+1","Perfected Strike+1","Shrug It Off+1","Perfected Strike+1","Perfected Strike+1","Perfected Strike+1","Perfected Strike+1","Perfected Strike+1","Perfected Strike+1"],"relics":["Burning Blood","Molten Egg 2","Sundial","Omamori","Du-Vu Doll","Busted Crown","Frozen Egg 2","Red Mask","Torii","Matryoshka","Ginger","Lizard Tail","Mark of Pain","MealTicket","White Beast Statue","War Paint","Meat on the Bone","Thread and Needle","Bag of Marbles","Anchor"],"acts_visited":["Exordium","TheCity","TheBeyond","TheEnding"],"potions_floor_usage":[56],"damage_taken":[{"damage":1.0,"enemies":"Cultist","floor":1.0,"turns":3.0},{"damage":9.0,"enemies":"2 Louse","floor":2.0,"turns":2.0},{"damage":7.0,"enemies":"Jaw Worm","floor":3.0,"turns":2.0},{"damage":3.0,"enemies":"Large Slime","floor":4.0,"turns":3.0},{"damage":0.0,"enemies":"Gremlin Nob","floor":6.0,"turns":2.0},{"damage":0.0,"enemies":"Exordium Wildlife","floor":7.0,"turns":2.0},{"damage":0.0,"enemies":"Looter","floor":8.0,"turns":1.0},{"damage":0.0,"enemies":"Gremlin Nob","floor":10.0,"turns":2.0},{"damage":15.0,"enemies":"Lagavulin","floor":13.0,"turns":3.0},{"damage":0.0,"enemies":"Slime Boss","floor":16.0,"turns":4.0},{"damage":0.0,"enemies":"2 Thieves","floor":18.0,"turns":1.0},{"damage":0.0,"enemies":"3 Byrds","floor":19.0,"turns":2.0},{"damage":0.0,"enemies":"Masked Bandits","floor":22.0,"turns":2.0},{"damage":0.0,"enemies":"Gremlin Leader","floor":23.0,"turns":1.0},{"damage":2.0,"enemies":"Book of Stabbing","floor":27.0,"turns":2.0},{"damage":0.0,"enemies":"Gremlin Leader","floor":29.0,"turns":1.0},{"damage":0.0,"enemies":"Snecko","floor":30.0,"turns":1.0},{"damage":0.0,"enemies":"3 Cultists","floor":31.0,"turns":2.0},{"damage":35.0,"enemies":"Collector","floor":33.0,"turns":3.0},{"damage":2.0,"enemies":"3 Shapes","floor":35.0,"turns":2.0},{"damage":0.0,"enemies":"Orb Walker","floor":37.0,"turns":1.0},{"damage":0.0,"enemies":"3 Darklings","floor":38.0,"turns":2.0},{"damage":0.0,"enemies":"Nemesis","floor":40.0,"turns":1.0},{"damage":0.0,"enemies":"Maw","floor":42.0,"turns":2.0},{"damage":0.0,"enemies":"4 Shapes","floor":44.0,"turns":2.0},{"damage":0.0,"enemies":"Reptomancer","floor":45.0,"turns":1.0},{"damage":0.0,"enemies":"Mind Bloom Boss Battle","floor":46.0,"turns":1.0},{"damage":0.0,"enemies":"Jaw Worm Horde","floor":47.0,"turns":2.0},{"damage":0.0,"enemies":"Transient","floor":48.0,"turns":4.0},{"damage":0.0,"enemies":"Donu and Deca","floor":50.0,"turns":2.0},{"damage":0.0,"enemies":"Time Eater","floor":51.0,"turns":1.0},{"damage":0,"enemies":"Shield and Spear","floor":55,"turns":2},{"damage":20,"enemies":"The Heart","floor":56,"turns":4}],"seed_played":"-1499630510574925837","potions_obtained":[{"floor":7.0,"key":"FearPotion"},{"floor":8.0,"key":"ColorlessPotion"},{"floor":33.0,"key":"Swift Potion"},{"floor":42.0,"key":"FairyPotion"},{"floor":45.0,"key":"DistilledChaos"}],"is_trial":false,"path_per_floor":["M","M","M","M","$","E","M","M","T","?","$","R","E","?","R","B",null,"M","M","?","$","?","E","$","?","T","E","R","E","M","M","R","B",null,"M","$","M","M","?","E","R","M","T","M","E","?","M","M","R","B","B",null,"R","$","E","B",null],"character_chosen":"IRONCLAD","items_purchased":["Pommel Strike+1","Bag of Marbles","Weak Potion"],"campfire_rested":0,"item_purchase_floors":[5,54,54],"current_hp_per_floor":[80,77,76,79,79,82,82,82,82,82,82,82,73,73,73,79,81,82,82,82,82,82,82,82,41,41,41,41,41,41,41,41,12,34,38,38,41,41,41,41,41,41,41,41,41,41,41,41,41,41,41,41,41,41,41,27],"gold":120,"neow_bonus":"TEN_PERCENT_HP_BONUS","is_daily":false,"chose_seed":false,"campfire_upgraded":6,"win_rate":0.0,"timestamp":1607915407,"path_taken":["M","M","M","M","$","E","M","M","T","?","$","R","E","?","R","BOSS","M","M","?","$","?","E","?","?","T","E","R","E","M","M","R","BOSS","M","$","M","M","?","E","R","M","T","M","E","?","M","M","R","BOSS","BOSS","R","$","E","BOSS"],"items_purchased_type":["Card","Relic","Potion"],"build_version":"2020-12-13","purchased_purges":4,"victory":true,"max_hp_per_floor":[82,82,82,82,82,82,82,82,82,82,82,82,82,82,82,82,82,82,82,82,82,82,82,82,41,41,41,41,41,41,41,41,41,41,41,41,41,41,41,41,41,41,41,41,41,41,41,41,41,41,41,41,41,41,41,41],"card_choices":[{"not_picked":["Clothesline+1","Cleave+1","Wild Strike+1"],"picked":"SKIP","floor":1.0},{"not_picked":["Warcry","Headbutt+1"],"picked":"Thunderclap+1","floor":2.0},{"not_picked":["Entrench","Thunderclap+1"],"picked":"Shrug It Off","floor":3.0},{"not_picked":["Metallicize","True Grit","Body Slam+1"],"picked":"SKIP","floor":4.0},{"not_picked":["Iron Wave+1","Bloodletting"],"picked":"Ghostly Armor","floor":6.0},{"not_picked":["Anger+1","Wild Strike+1","Heavy Blade+1"],"picked":"SKIP","floor":7.0},{"not_picked":["Iron Wave+1","Flex","Cleave+1"],"picked":"SKIP","floor":8.0},{"not_picked":["True Grit","Battle Trance","Anger+1"],"picked":"SKIP","floor":13.0},{"not_picked":["Barricade","Immolate+1"],"picked":"Double Tap","floor":16.0},{"not_picked":["Reckless Charge+1"],"picked":"SKIP","floor":18.0},{"not_picked":["Searing Blow+1"],"picked":"SKIP","floor":19.0},{"not_picked":["Cleave+1"],"picked":"SKIP","floor":23.0},{"not_picked":[],"picked":"Pommel Strike+1","floor":27.0},{"not_picked":["Whirlwind+1"],"picked":"SKIP","floor":29.0},{"not_picked":["Heavy Blade+1"],"picked":"SKIP","floor":30.0},{"not_picked":[],"picked":"Perfected Strike+1","floor":31.0},{"not_picked":["Inflame+1"],"picked":"SKIP","floor":35.0},{"not_picked":["Thunderclap+1"],"picked":"SKIP","floor":37.0},{"not_picked":["Metallicize+1"],"picked":"SKIP","floor":38.0},{"not_picked":["Battle Trance"],"picked":"SKIP","floor":40.0},{"not_picked":["Iron Wave+1"],"picked":"SKIP","floor":42.0},{"not_picked":["Intimidate"],"picked":"SKIP","floor":44.0},{"not_picked":["Iron Wave+1"],"picked":"SKIP","floor":45.0},{"not_picked":[],"picked":"Shrug It Off+1","floor":47.0},{"not_picked":["Inflame+1"],"picked":"SKIP","floor":48.0},{"not_picked":["Evolve+1"],"picked":"SKIP","floor":55}],"player_experience":733294,"relics_obtained":[{"floor":6.0,"key":"Sundial"},{"floor":10.0,"key":"Omamori"},{"floor":13.0,"key":"Du-Vu Doll"},{"floor":22.0,"key":"Red Mask"},{"floor":23.0,"key":"Torii"},{"floor":26.0,"key":"Matryoshka"},{"floor":27.0,"key":"Ginger"},{"floor":29.0,"key":"Lizard Tail"},{"floor":40.0,"key":"MealTicket"},{"floor":43.0,"key":"White Beast Statue"},{"floor":43.0,"key":"War Paint"},{"floor":45.0,"key":"Meat on the Bone"},{"floor":46.0,"key":"Thread and Needle"},{"floor":55,"key":"Anchor"}],"event_choices":[{"damage_healed":0.0,"max_hp_gain":0.0,"max_hp_loss":0.0,"gold_gain":0.0,"event_name":"Dead Adventurer","player_choice":"Searched \u00271\u0027 times","floor":10.0,"gold_loss":0.0,"damage_taken":0.0},{"cards_removed":["Strike_R"],"damage_healed":0.0,"max_hp_gain":0.0,"max_hp_loss":0.0,"gold_gain":0.0,"event_name":"The Cleric","player_choice":"Card Removal","floor":14.0,"gold_loss":75.0,"damage_taken":0.0},{"damage_healed":0.0,"max_hp_gain":0.0,"max_hp_loss":0.0,"gold_gain":0.0,"event_name":"The Mausoleum","player_choice":"Opened","floor":20.0,"gold_loss":0.0,"damage_taken":0.0,"relics_obtained":["Frozen Egg 2"],"cards_obtained":["Writhe"]},{"damage_healed":0.0,"max_hp_gain":0.0,"max_hp_loss":0.0,"gold_gain":0.0,"event_name":"Masked Bandits","player_choice":"Fought Bandits","floor":22.0,"gold_loss":0.0,"damage_taken":0.0},{"damage_healed":0.0,"max_hp_gain":0.0,"max_hp_loss":41.0,"gold_gain":0.0,"event_name":"Ghosts","player_choice":"Became a Ghost","floor":25.0,"gold_loss":0.0,"damage_taken":0.0,"cards_obtained":["Ghostly","Ghostly","Ghostly"]},{"cards_removed":["Perfected Strike"],"damage_healed":0.0,"max_hp_gain":0.0,"max_hp_loss":0.0,"gold_gain":0.0,"event_name":"Falling","player_choice":"Removed Attack","floor":39.0,"gold_loss":0.0,"damage_taken":0.0},{"damage_healed":0.0,"max_hp_gain":0.0,"max_hp_loss":0.0,"gold_gain":0.0,"event_name":"MindBloom","player_choice":"Fight","floor":46.0,"gold_loss":0.0,"damage_taken":0.0}],"is_beta":false,"boss_relics":[{"not_picked":["Astrolabe","Black Blood"],"picked":"Busted Crown"},{"not_picked":["SlaversCollar","Velvet Choker"],"picked":"Mark of Pain"}],"items_purged_floors":[5,11,21,36],"is_endless":false,"potions_floor_spawned":[7,8,10,19,23,29,33,42,44,45,46,47,48,55],"ascension_level":20}}