{"host":"dxrg3rtohvrwjhwp","time":1607916696,"event":{"mods":["BaseMod","Downfall","Hermit","Jorbs\u0027s Wanderer Trilogy","Minty Spire (QoL Compilation)","Replay The Spire","StSLib","The Cursed","The Servant 0.9.4"],"gold_per_floor":[99,118,132,165,165,182,228,228,253,253,266,49,67,1,15,15,15],"floor_reached":16,"playtime":1402,"items_purged":[],"score":112,"play_id":"485cf7c9-d282-41de-89d2-864d0a1c300d","local_time":"20201213213136","is_ascension_mode":false,"campfire_choices":[{"floor":1,"key":"RECALL"},{"floor":8,"key":"REST"},{"floor":10,"key":"REST"}],"circlet_count":0,"master_deck":["Slimebound:Strike_Slimebound","Slimebound:Strike_Slimebound","Slimebound:Strike_Slimebound","Slimebound:Tackle","Slimebound:Defend_Slimebound","Slimebound:Defend_Slimebound","Slimebound:Defend_Slimebound","Slimebound:Defend_Slimebound","Slimebound:Split","Slimebound:CorrosiveSpit","Slimebound:SplitAcid","Slimebound:Schlurp","Slimebound:Gluttony+1","Slimebound:ViciousTackle","Slimebound:RollThrough","Slimebound:LeechingTouch","Slimebound:SplitMire","Slimebound:SamplingLick","Slimebound:SlimeBarrage","Slimebound:RollThrough","Slimebound:Schlurp","Slimebound:Equalize"],"relics":["Slimebound:AbsorbEndCombat","Centennial Puzzle","Bronze Scales","Slimebound:AggressiveSlimeRelic"],"acts_visited":["Exordium"],"potions_floor_usage":[],"damage_taken":[{"damage":7,"enemies":"2 Louse","floor":2,"turns":2},{"damage":12,"enemies":"Jaw Worm","floor":3,"turns":3},{"damage":44,"enemies":"Gremlin Nob","floor":4,"turns":4},{"damage":23,"enemies":"Small Slimes","floor":6,"turns":3},{"damage":45,"enemies":"Lagavulin","floor":9,"turns":6},{"damage":18,"enemies":"Red Slaver","floor":11,"turns":3},{"damage":18,"enemies":"downfall:FleeingMerchant","floor":12,"turns":4},{"damage":20,"enemies":"Exordium Wildlife","floor":13,"turns":3},{"damage":26,"enemies":"downfall:FleeingMerchant","floor":14,"turns":4},{"damage":16,"enemies":"Gremlin Gang","floor":15,"turns":3},{"damage":46,"enemies":"downfall:Silent","floor":16,"turns":3}],"seed_played":"-2474877874548602082","potions_obtained":[{"floor":3,"key":"Cursed Concoction"},{"floor":6,"key":"Elixir"},{"floor":9,"key":"Weak Potion"}],"is_trial":false,"path_per_floor":["R","M","M","E","?","M","T","R","E","R","M","$","M","$","M","B"],"character_chosen":"SLIMEBOUND","items_purchased":["Slimebound:SamplingLick","Slimebound:AggressiveSlimeRelic","Slimebound:Schlurp"],"campfire_rested":2,"item_purchase_floors":[12,12,14],"current_hp_per_floor":[66,66,66,34,34,23,23,42,13,32,26,36,36,30,38,0,0],"gold":15,"neow_bonus":"TEN_PERCENT_HP_BONUS","is_daily":false,"chose_seed":false,"campfire_upgraded":0,"win_rate":0.0,"timestamp":1607916696,"path_taken":["R","M","M","E","?","M","T","R","E","R","M","?","M","$","M","BOSS"],"items_purchased_type":["Card","Relic","Card"],"build_version":"2020-12-13","purchased_purges":0,"victory":false,"max_hp_per_floor":[66,66,66,66,66,66,66,66,66,66,66,66,66,66,66,66,66],"card_choices":[{"not_picked":["Slimebound:FinishingTackle","Slimebound:LeechEnergy"],"picked":"Slimebound:SplitAcid","floor":2},{"not_picked":["Slimebound:SlimeSpikes","Slimebound:SplitMire"],"picked":"Slimebound:Schlurp","floor":3},{"not_picked":["Slimebound:ProtectTheBoss","Slimebound:LevelUp"],"picked":"Slimebound:Gluttony","floor":4},{"not_picked":["Slimebound:ItLooksTasty","Slimebound:SplitBruiser"],"picked":"Slimebound:ViciousTackle","floor":6},{"not_picked":["Slimebound:MassRepurpose","Slimebound:BestDefense"],"picked":"Slimebound:RollThrough","floor":9},{"not_picked":["Slimebound:ComboTackle","Slimebound:SplitLeeching"],"picked":"Slimebound:LeechingTouch","floor":11},{"not_picked":["Slimebound:PressTheAttack","Slimebound:ComboTackle"],"picked":"Slimebound:SplitMire","floor":12},{"not_picked":["Slimebound:SplitAcid","Slimebound:Prepare"],"picked":"Slimebound:SlimeBarrage","floor":13},{"not_picked":["Slimebound:Chomp","Slimebound:LeadByExample"],"picked":"Slimebound:RollThrough","floor":14},{"not_picked":["Slimebound:Gluttony","Slimebound:LeechingTouch"],"picked":"Slimebound:Equalize","floor":15}],"player_experience":55607,"relics_obtained":[{"floor":4,"key":"Centennial Puzzle"},{"floor":9,"key":"Bronze Scales"}],"event_choices":[{"damage_healed":0,"gold_gain":0,"player_choice":"Grow","damage_taken":0,"max_hp_gain":0,"max_hp_loss":0,"event_name":"Living Wall","floor":5,"gold_loss":0,"cards_upgraded":["Slimebound:Gluttony"]}],"is_beta":false,"boss_relics":[],"items_purged_floors":[],"is_endless":false,"potions_floor_spawned":[3,6,9,15],"killed_by":"downfall:Silent","ascension_level":0}}