{"host":"0tg1gncob7yth7j0","time":1607973589,"event":{"mods":["BaseMod","Best Route Mod","Block Reminder","Disable Question Mark Monsters","Gold Saver","Minty Spire (QoL Compilation)","SacredBarkPlus","StSLib","Transform Curses"],"gold_per_floor":[688,700,557,571,587,587,599,61,61,61,76,86,86,51,51,123,123,159,159,59,0,45,45,45,45,45,45,86,1,11,44,44,117,117,159,175,175,219,34,34,61,61,107,107,138,180,192,204,204,204,204],"floor_reached":50,"playtime":3220,"items_purged":["Strike_P","Writhe"],"score":795,"play_id":"c8d94fda-3e0b-4617-88be-fb0c421941ca","local_time":"20201214141949","is_ascension_mode":true,"campfire_choices":[{"data":"Eruption","floor":6,"key":"SMITH"},{"data":"Vigilance","floor":10,"key":"SMITH"},{"data":"Crescendo","floor":15,"key":"SMITH"},{"data":"Adaptation","floor":23,"key":"SMITH"},{"floor":24,"key":"REST"},{"data":"SashWhip","floor":25,"key":"SMITH"},{"data":"Wish","floor":27,"key":"SMITH"},{"floor":32,"key":"REST"},{"data":"Apotheosis","floor":40,"key":"SMITH"},{"data":"Wallop","floor":42,"key":"SMITH"},{"data":"Tantrum","floor":44,"key":"SMITH"},{"floor":49,"key":"REST"}],"circlet_count":0,"master_deck":["AscendersBane","Strike_P+1","Strike_P","Strike_P","Defend_P+1","Defend_P","Defend_P+1","Defend_P","Eruption+1","Vigilance+1","SashWhip+1","Protect+1","Tantrum+1","Adaptation+1","LessonLearned+1","Crescendo+1","Panacea+1","ClearTheMind+1","Consecrate+1","Wish+1","Wallop+1","SashWhip+1","EmptyFist+1","ForeignInfluence+1","Apotheosis+1","TalkToTheHand","Halt","Wallop","Protect","CutThroughFate","BattleHymn"],"relics":["PureWater","Meat on the Bone","Regal Pillow","WingedGreaves","SlaversCollar","Shuriken","Orichalcum","Eternal Feather","FossilizedHelix","Lizard Tail","VioletLotus","Bronze Scales","Whetstone","PreservedInsect"],"acts_visited":["Exordium","TheCity","TheBeyond"],"potions_floor_usage":[11,16,28,33,45,46,48],"damage_taken":[{"damage":0,"enemies":"Cultist","floor":1,"turns":3},{"damage":1,"enemies":"2 Louse","floor":2,"turns":3},{"damage":2,"enemies":"Small Slimes","floor":4,"turns":4},{"damage":0,"enemies":"Looter","floor":5,"turns":3},{"damage":3,"enemies":"Blue Slaver","floor":7,"turns":3},{"damage":0,"enemies":"3 Louse","floor":11,"turns":1},{"damage":0,"enemies":"Exordium Wildlife","floor":12,"turns":4},{"damage":73,"enemies":"Slime Boss","floor":16,"turns":11},{"damage":15,"enemies":"Shell Parasite","floor":18,"turns":7},{"damage":9,"enemies":"2 Thieves","floor":28,"turns":4},{"damage":14,"enemies":"Snecko","floor":30,"turns":4},{"damage":41,"enemies":"Slavers","floor":31,"turns":6},{"damage":38,"enemies":"Automaton","floor":33,"turns":7},{"damage":21,"enemies":"3 Shapes","floor":35,"turns":9},{"damage":27,"enemies":"3 Darklings","floor":36,"turns":5},{"damage":9,"enemies":"Maw","floor":38,"turns":8},{"damage":58,"enemies":"Reptomancer","floor":45,"turns":6},{"damage":44,"enemies":"4 Shapes","floor":46,"turns":8},{"damage":23,"enemies":"Jaw Worm Horde","floor":47,"turns":3},{"damage":19,"enemies":"Sphere and 2 Shapes","floor":48,"turns":5},{"damage":80,"enemies":"Donu and Deca","floor":50,"turns":6}],"seed_played":"3411391593351667656","potions_obtained":[{"floor":2,"key":"SkillPotion"},{"floor":4,"key":"BottledMiracle"},{"floor":7,"key":"DuplicationPotion"},{"floor":18,"key":"AttackPotion"},{"floor":31,"key":"Strength Potion"},{"floor":45,"key":"BlessingOfTheForge"},{"floor":47,"key":"LiquidMemories"}],"is_trial":false,"path_per_floor":["M","M","$","M","M","R","M","$","T","R","M","M","?","?","R","B",null,"M","?","$","?","T","R","R","R","T","R","M","?","M","E","R","B",null,"M","M","?","M","$","R","T","R","T","R","E","M","M","M","R","B"],"character_chosen":"WATCHER","items_purchased":["Tantrum","Crescendo","Panacea","Meat on the Bone","Regal Pillow","Halt","Wallop","CultistPotion"],"campfire_rested":3,"item_purchase_floors":[3,8,8,8,8,39,39,39],"current_hp_per_floor":[72,71,71,69,69,69,66,66,66,66,66,66,66,79,79,18,64,49,49,49,49,49,49,79,79,79,79,70,70,56,27,77,51,72,51,36,36,39,39,54,54,69,69,79,33,41,30,23,79,0,0],"gold":204,"neow_bonus":"TEN_PERCENT_HP_BONUS","is_daily":false,"chose_seed":false,"campfire_upgraded":9,"win_rate":0.0,"timestamp":1607973589,"path_taken":["M","?","$","M","M","R","M","$","T","R","M","M","?","?","R","BOSS","M","?","$","?","?","R","R","R","T","R","M","?","M","E","R","BOSS","M","M","?","M","$","R","?","R","T","R","E","M","M","M","R","BOSS"],"items_purchased_type":["Card","Card","Card","Relic","Relic","Card","Card","Potion"],"build_version":"2020-12-13","purchased_purges":2,"victory":false,"max_hp_per_floor":[79,79,79,79,79,79,79,79,79,79,79,79,79,79,79,79,79,79,79,79,79,79,79,79,79,79,79,79,79,79,79,79,79,79,79,79,79,79,79,79,79,79,79,79,79,79,79,79,79,79,79],"card_choices":[{"not_picked":["Consecrate","EmptyFist"],"picked":"SashWhip","floor":1},{"not_picked":["MentalFortress","ReachHeaven"],"picked":"Protect","floor":2},{"not_picked":["ForeignInfluence","Protect"],"picked":"Adaptation","floor":4},{"not_picked":["Tantrum","Weave","EmptyBody"],"picked":"SKIP","floor":5},{"not_picked":["Crescendo","Swivel"],"picked":"LessonLearned","floor":7},{"not_picked":["Prostrate","PathToVictory"],"picked":"ClearTheMind","floor":11},{"not_picked":["Wireheading","Worship"],"picked":"Consecrate","floor":12},{"not_picked":["LessonLearned","Ragnarok"],"picked":"Wish","floor":16},{"not_picked":["ClearTheMind","SashWhip"],"picked":"Wallop","floor":18},{"not_picked":["FlurryOfBlows","SandsOfTime"],"picked":"SashWhip+1","floor":28},{"not_picked":["EmptyMind","ThirdEye"],"picked":"EmptyFist","floor":30},{"not_picked":["MentalFortress","ForeignInfluence","Consecrate+1"],"picked":"SKIP","floor":31},{"not_picked":["ClearTheMind","LikeWater+1","Weave"],"picked":"SKIP","floor":35},{"not_picked":["BowlingBash","Evaluate"],"picked":"ForeignInfluence+1","floor":36},{"not_picked":["Flash of Steel","Dramatic Entrance"],"picked":"Apotheosis","floor":37},{"not_picked":["FearNoEvil","PathToVictory"],"picked":"TalkToTheHand","floor":38},{"not_picked":["JustLucky+1","PathToVictory","ThirdEye"],"picked":"SKIP","floor":45},{"not_picked":["EmptyFist+1","BowlingBash+1"],"picked":"Protect","floor":46},{"not_picked":["InnerPeace","Blasphemy"],"picked":"CutThroughFate","floor":47},{"not_picked":["FlurryOfBlows","Protect"],"picked":"BattleHymn","floor":48}],"player_experience":3593906,"relics_obtained":[{"floor":9,"key":"WingedGreaves"},{"floor":22,"key":"Orichalcum"},{"floor":26,"key":"Eternal Feather"},{"floor":31,"key":"Lizard Tail"},{"floor":41,"key":"Bronze Scales"},{"floor":43,"key":"Whetstone"},{"floor":45,"key":"PreservedInsect"}],"event_choices":[{"damage_healed":0,"gold_gain":0,"player_choice":"Ignored","damage_taken":0,"max_hp_gain":0,"max_hp_loss":0,"event_name":"Liars Game","floor":13,"gold_loss":0},{"damage_healed":19,"gold_gain":0,"player_choice":"Healed","damage_taken":0,"max_hp_gain":0,"max_hp_loss":0,"event_name":"The Cleric","floor":14,"gold_loss":35},{"damage_healed":0,"gold_gain":0,"player_choice":"Opened","damage_taken":0,"relics_obtained":["Shuriken"],"max_hp_gain":0,"max_hp_loss":0,"event_name":"The Mausoleum","floor":19,"gold_loss":0,"cards_obtained":["Writhe"]},{"damage_healed":0,"gold_gain":0,"player_choice":"Paid Fearfully","damage_taken":0,"max_hp_gain":0,"max_hp_loss":0,"event_name":"Masked Bandits","floor":21,"gold_loss":59},{"damage_healed":0,"gold_gain":0,"player_choice":"Obtained Relic","damage_taken":0,"relics_obtained":["FossilizedHelix"],"max_hp_gain":0,"max_hp_loss":0,"event_name":"Addict","floor":29,"gold_loss":85},{"damage_healed":0,"gold_gain":0,"player_choice":"Memory 1","damage_taken":0,"max_hp_gain":0,"max_hp_loss":0,"event_name":"SensoryStone","floor":37,"gold_loss":0}],"is_beta":false,"boss_relics":[{"not_picked":["Velvet Choker","Runic Pyramid"],"picked":"SlaversCollar"},{"not_picked":["Busted Crown","Snecko Eye"],"picked":"VioletLotus"}],"items_purged_floors":[3,20],"is_endless":false,"potions_floor_spawned":[2,4,7,18,31,36,45,47],"killed_by":"Donu and Deca","ascension_level":13}}