{"host":"4zvbxxdl6kueq37o","time":1607949738,"event":{"mods":["Act Like it!","BaseMod","Better Third Choice","Downfall","Minty Spire (QoL Compilation)","Replay The Spire","StSLib"],"gold_per_floor":[99,130,130,130,189,189,237,237,282,282,296,296,296,307,3,23,38,133,133,133,133,46,46,46,31,31,31,31,31,31,31,31,31,31,31,31,31,31,31,31,31,31,31,31,31,31,31,16,16,16,16,16],"floor_reached":53,"playtime":3174,"items_purged":[],"score":589,"play_id":"6b43b41d-4101-4835-8c30-e1164df1bd5a","local_time":"20201214134218","is_ascension_mode":false,"campfire_choices":[{"data":"Slimebound:Split","floor":1.0,"key":"SMITH"},{"data":"Slimebound:LivingWall","floor":3.0,"key":"SMITH"},{"floor":8.0,"key":"REST"},{"floor":10.0,"key":"REST"},{"floor":20.0,"key":"DIG"},{"data":"Slimebound:LeadByExample","floor":27.0,"key":"SMITH"},{"data":"Slimebound:SplitMire","floor":29.0,"key":"SMITH"},{"data":"Slimebound:SlimeBrawl","floor":39.0,"key":"SMITH"},{"data":"Slimebound:LevelUp","floor":41.0,"key":"SMITH"},{"data":"expansioncontent:LastStand","floor":46.0,"key":"SMITH"}],"circlet_count":0,"master_deck":["Slimebound:Tackle","Slimebound:Defend_Slimebound","Slimebound:Defend_Slimebound","Slimebound:Defend_Slimebound+1","Slimebound:Defend_Slimebound","Slimebound:Split+1","Slimebound:CorrosiveSpit","Slimebound:LivingWall+1","Slimebound:Nibble","Slimebound:LeechEnergy","Slimebound:GrowthPunch+1","Slimebound:SplitMire+1","Slimebound:SlimeBrawl+1","Slimebound:HauntingLick","Slimebound:LeechLife+1","Slimebound:LevelUp+1","expansioncontent:LastStand+1","Slimebound:Nibble+1","Slimebound:MassRepurpose","CurseOfTheBell","Slimebound:LeadByExample+1","Slimebound:SlimeBarrage+1","Slimebound:SplitLeeching+1","Slimebound:Teamwork","Slimebound:Replication+1","Slimebound:RejuvenatingLick+1","Slimebound:Tackle+1","Slimebound:Tackle+1","Slimebound:Tackle+1","Slimebound:GoopSpray+1","Slimebound:MinionMaster+1","Slimebound:Equalize+1","Slimebound:ViciousTackle+1","Slimebound:SplitLeeching+1","Slimebound:ForwardTackle+1"],"relics":["Slimebound:AbsorbEndCombat","downfall:HeartsMalice","Nunchaku","Happy Flower","ReplayTheSpireMod:TigerMarble","Molten Egg 2","Replay:Grab Bag","Replay:Bronze Core","Ectoplasm","Calling Bell","Black Star","Art of War","Blue Candle","FossilizedHelix","Ginger","Garlic","Tiny House","PreservedInsect","ReplayTheSpireMod:Lightbulb","Eternal Feather"],"acts_visited":[],"potions_floor_usage":[],"damage_taken":[{"damage":0.0,"enemies":"Replay:BlueRogue","floor":2.0,"turns":1.0},{"damage":0.0,"enemies":"Small Slimes","floor":4.0,"turns":1.0},{"damage":43.0,"enemies":"Gremlin Nob","floor":5.0,"turns":5.0},{"damage":12.0,"enemies":"2 Louse","floor":11.0,"turns":2.0},{"damage":12.0,"enemies":"Jaw Worm","floor":14.0,"turns":2.0},{"damage":17.0,"enemies":"downfall:FleeingMerchant","floor":15.0,"turns":4.0},{"damage":0.0,"enemies":"Exordium Wildlife","floor":16.0,"turns":2.0},{"damage":19.0,"enemies":"Blue Slaver","floor":17.0,"turns":2.0},{"damage":70.0,"enemies":"downfall:CharBossWatcher","floor":18.0,"turns":8.0},{"damage":37.0,"enemies":"Chosen","floor":21.0,"turns":5.0},{"damage":12.0,"enemies":"downfall:FleeingMerchant","floor":22.0,"turns":5.0},{"damage":38.0,"enemies":"Centurion and Healer","floor":23.0,"turns":6.0},{"damage":21.0,"enemies":"Snake Plant","floor":24.0,"turns":5.0},{"damage":28.0,"enemies":"downfall:FleeingMerchant","floor":25.0,"turns":4.0},{"damage":39.0,"enemies":"Shelled Parasite and Fungi","floor":28.0,"turns":5.0},{"damage":23.0,"enemies":"Snecko","floor":30.0,"turns":6.0},{"damage":22.0,"enemies":"Centurion and Healer","floor":34.0,"turns":6.0},{"damage":66.0,"enemies":"downfall:CharBossIronclad","floor":35.0,"turns":6.0},{"damage":18.0,"enemies":"3 Darklings","floor":38.0,"turns":4.0},{"damage":4.0,"enemies":"Orb Walker","floor":40.0,"turns":3.0},{"damage":28.0,"enemies":"Nemesis","floor":42.0,"turns":5.0},{"damage":30.0,"enemies":"Maw","floor":44.0,"turns":5.0},{"damage":24.0,"enemies":"3 Darklings","floor":45.0,"turns":4.0},{"damage":19.0,"enemies":"downfall:FleeingMerchant","floor":48.0,"turns":4.0},{"damage":66,"enemies":"Transient","floor":49,"turns":5},{"damage":19,"enemies":"Maw","floor":50,"turns":6},{"damage":19,"enemies":"Writhing Mass","floor":51,"turns":4},{"damage":0,"enemies":"downfall:CharBossSilent","floor":52,"turns":1}],"seed_played":"6455374075757362326","potions_obtained":[{"floor":5.0,"key":"Doom Potion"},{"floor":11.0,"key":"sneckomod:MuddlingPotion"},{"floor":24.0,"key":"PowerPotion"},{"floor":34.0,"key":"FearPotion"},{"floor":35.0,"key":"Block Potion"}],"is_trial":false,"path_per_floor":["R","E","R","M","?","?","T","R","?","R","M","PTL","PTL","M","$","M","M","B",null,"R","M","$","M","M","$","T","R","M","R","M","?","?","?","M","B",null,"R","M","R","M","R","E","T","M","M","R","?","?","M","M","M","B",null],"character_chosen":"SLIMEBOUND","items_purchased":["Slimebound:LeechLife+1","Slimebound:LevelUp","expansioncontent:LastStand","Slimebound:SlimeBarrage+1"],"campfire_rested":2,"item_purchase_floors":[15,15,15,22],"current_hp_per_floor":[60,60,60,60,29,29,29,47,23,41,45,45,45,49,60,60,60,21,60,60,39,57,54,59,52,52,52,53,53,56,56,56,44,60,32,65,65,63,63,62,62,65,65,65,58,65,65,65,36,65,63,63],"gold":16,"neow_bonus":"THREE_ENEMY_KILL","is_daily":false,"chose_seed":false,"campfire_upgraded":7,"win_rate":0.0,"timestamp":1607949738,"path_taken":["R","E","R","M","?","?","T","R","?","R","M","PTL","PTL","M","$","?","M","BOSS","R","M","$","M","M","$","T","R","M","R","M","?","?","?","M","BOSS","R","M","R","M","R","E","T","M","M","R","?","?","M","M","M","BOSS"],"items_purchased_type":["Card","Card","Card","Card"],"build_version":"2020-12-13","purchased_purges":0,"victory":true,"max_hp_per_floor":[60,60,60,60,60,60,60,60,60,60,60,60,60,60,60,60,60,60,60,60,60,60,60,60,60,60,60,60,60,60,60,60,60,60,60,65,65,65,65,65,65,65,65,65,65,65,65,65,65,65,65,65],"card_choices":[{"not_picked":["Slimebound:LeechEnergy","Slimebound:Teamwork"],"picked":"Slimebound:LivingWall","floor":2.0},{"not_picked":["Slimebound:RollThrough","Slimebound:PressTheAttack"],"picked":"Slimebound:Nibble","floor":4.0},{"not_picked":["Slimebound:Prepare","Slimebound:FinishingTackle"],"picked":"Slimebound:LeechEnergy","floor":5.0},{"not_picked":["Slimebound:SplitAcid","Slimebound:SplitLeeching"],"picked":"Slimebound:GrowthPunch+1","floor":9.0},{"not_picked":["Slimebound:PressTheAttack+1","Slimebound:Dissolve"],"picked":"Slimebound:SplitMire","floor":9.0},{"not_picked":["Slimebound:SplitBruiser","Slimebound:LeechEnergy+1"],"picked":"Slimebound:SlimeBrawl","floor":11.0},{"not_picked":["Slimebound:SplitAcid","Slimebound:ComboTackle+1"],"picked":"Slimebound:HauntingLick","floor":14.0},{"not_picked":["Slimebound:ComboTackle+1","Slimebound:RollThrough+1"],"picked":"Slimebound:Nibble+1","floor":16.0},{"not_picked":["Slimebound:MegaLick","Slimebound:SplitLeeching","Slimebound:LivingWall"],"picked":"SKIP","floor":17.0},{"not_picked":["Slimebound:SlimeSlap+1","Slimebound:DouseInSlime"],"picked":"Slimebound:MassRepurpose","floor":18.0},{"not_picked":["Slimebound:ComboTackle+1","Slimebound:SplitMire"],"picked":"Slimebound:LeadByExample","floor":21.0},{"not_picked":["Slimebound:GoopTackle+1","Slimebound:PressTheAttack+1"],"picked":"Slimebound:SplitLeeching+1","floor":23.0},{"not_picked":["Slimebound:LeechEnergy+1","Slimebound:RollThrough+1"],"picked":"Slimebound:Teamwork","floor":24.0},{"not_picked":["Slimebound:RollThrough+1","Slimebound:GrowthPunch+1"],"picked":"Slimebound:Replication+1","floor":28.0},{"not_picked":["Slimebound:Dissolve","Slimebound:SplitBruiser"],"picked":"Slimebound:RejuvenatingLick+1","floor":30.0},{"not_picked":["Slimebound:SplitMire","Slimebound:Chomp+1"],"picked":"Slimebound:GoopSpray+1","floor":34.0},{"not_picked":["Slimebound:OozeBath","Slimebound:DuplicatedForm"],"picked":"Slimebound:MinionMaster","floor":35.0},{"not_picked":["Slimebound:SamplingLick","Slimebound:ViciousTackle+1"],"picked":"Slimebound:Equalize+1","floor":36.0},{"not_picked":["Slimebound:SlimeTap","Slimebound:SplitMire"],"picked":"Slimebound:ViciousTackle+1","floor":38.0},{"not_picked":["Slimebound:PressTheAttack+1","Slimebound:Dissolve"],"picked":"Slimebound:SplitLeeching+1","floor":40.0},{"not_picked":["Slimebound:LeechLife+1","Slimebound:SplitMire","Slimebound:BestDefense+1"],"picked":"SKIP","floor":42.0},{"not_picked":["Slimebound:GrowthPunch+1","Slimebound:SplitMire","Slimebound:TongueLash+1"],"picked":"SKIP","floor":44.0},{"not_picked":["Slimebound:SplitBruiser+1","Slimebound:GoopSpray","Slimebound:SamplingLick"],"picked":"SKIP","floor":45.0},{"not_picked":["Slimebound:SlimeSpikes","Slimebound:SpikyOuterGoop+1","Slimebound:FlameTackle+1"],"picked":"SKIP","floor":49},{"not_picked":["Slimebound:SamplingLick+1","Slimebound:SlimeSlap+1","Slimebound:RainOfGoop"],"picked":"SKIP","floor":50},{"not_picked":["Slimebound:GrowthPunch+1","Slimebound:FinishingTackle+1"],"picked":"Slimebound:ForwardTackle+1","floor":51}],"player_experience":651091,"relics_obtained":[{"floor":2.0,"key":"Nunchaku"},{"floor":5.0,"key":"Happy Flower"},{"floor":7.0,"key":"ReplayTheSpireMod:TigerMarble"},{"floor":9.0,"key":"Molten Egg 2"},{"floor":19.0,"key":"Art of War"},{"floor":19.0,"key":"Blue Candle"},{"floor":19.0,"key":"FossilizedHelix"},{"floor":20.0,"key":"Ginger"},{"floor":26.0,"key":"Garlic"},{"floor":42.0,"key":"PreservedInsect"},{"floor":42.0,"key":"ReplayTheSpireMod:Lightbulb"},{"floor":43.0,"key":"Eternal Feather"}],"event_choices":[{"damage_healed":0.0,"max_hp_gain":0.0,"max_hp_loss":0.0,"gold_gain":0.0,"event_name":"Vampires","player_choice":"Ignored","floor":32.0,"gold_loss":0.0,"damage_taken":0.0},{"damage_healed":0,"gold_gain":0,"player_choice":"Ignored","damage_taken":0,"max_hp_gain":0,"max_hp_loss":0,"event_name":"Vampires","floor":48,"gold_loss":0}],"is_beta":false,"boss_relics":[{"not_picked":["Ring of Chaos","Empty Cage"],"picked":"Replay:Grab Bag"},{"not_picked":["ReplayTheSpireMod:DimensionalGlitch","Replay:Wanted Poster"],"picked":"Replay:Bronze Core"},{"not_picked":["ReplayTheSpireMod:Onyx Gauntlets","Busted Crown"],"picked":"Ectoplasm"},{"not_picked":["Replay:Drink Me","SlaversCollar"],"picked":"Calling Bell"},{"not_picked":["Astrolabe","Runic Pyramid"],"picked":"Black Star"},{"not_picked":["Honey Jar","Fusion Hammer"],"picked":"Tiny House"}],"items_purged_floors":[],"is_endless":false,"potions_floor_spawned":[5,11,24,34,35,44,49,50],"ascension_level":0}}