{"host":"raai0vtvcfkt8csp","time":1607946604,"event":{"mods":["2.2 Compatiblity","BaseMod","Block Reminder","Booster Modes","DeckTracker","Defective Defect","Dio Mod","GifTheSpireLib","Infinite Spire","Minty Spire (QoL Compilation)","Quick Restart","Random Character Button","Rare Cards Sparkle","StSLib","Unceasing Turn Reminder"],"gold_per_floor":[117,128,145,145,158,198,198,298,298,311,311,311],"floor_reached":11,"playtime":549,"items_purged":[],"score":79,"play_id":"4b77ffab-ae35-450d-b48f-0ce5d130ef2d","local_time":"20201214125004","is_ascension_mode":true,"campfire_choices":[{"floor":7,"key":"REST"}],"circlet_count":0,"master_deck":["dioMod:Strike","dioMod:Strike","dioMod:Strike","dioMod:Strike","Bite","dioMod:Defend","dioMod:Defend","dioMod:Defend","dioMod:Defend","dioMod:FlyAway","dioMod:DominatingPresence","dioMod:Muda","dioMod:VengefulMuda","dioMod:DaggerToss","dioMod:SlashThroughTime"],"relics":["dioMod:VampireBlood","Golden Idol","Lantern"],"acts_visited":["Exordium"],"potions_floor_usage":[10,11],"damage_taken":[{"damage":7,"enemies":"Small Slimes","floor":1,"turns":4},{"damage":3,"enemies":"Cultist","floor":2,"turns":5},{"damage":6,"enemies":"2 Louse","floor":3,"turns":2},{"damage":10,"enemies":"Red Slaver","floor":5,"turns":4},{"damage":41,"enemies":"Gremlin Nob","floor":6,"turns":6},{"damage":34,"enemies":"Exordium Thugs","floor":10,"turns":6},{"damage":63,"enemies":"Lagavulin","floor":11,"turns":10}],"seed_played":"-655567114628767153","potions_obtained":[{"floor":3,"key":"PowerPotion"},{"floor":5,"key":"SmokeBomb"},{"floor":10,"key":"Regen Potion"}],"is_trial":false,"path_per_floor":["M","M","M","?","M","E","R","?","T","M","E"],"character_chosen":"THE_DEFAULT","items_purchased":[],"campfire_rested":1,"item_purchase_floors":[],"current_hp_per_floor":[80,82,81,61,58,26,50,50,50,26,0,0],"gold":311,"neow_bonus":"TEN_PERCENT_HP_BONUS","is_daily":false,"chose_seed":false,"campfire_upgraded":0,"win_rate":0.0,"timestamp":1607946604,"path_taken":["M","M","M","?","M","E","R","?","T","M","E"],"items_purchased_type":[],"build_version":"2020-12-13","purchased_purges":0,"victory":false,"max_hp_per_floor":[82,82,82,82,82,82,82,82,82,82,82,82],"card_choices":[{"not_picked":["dioMod:ComposedMuda","dioMod:TripleThreat"],"picked":"dioMod:FlyAway","floor":1},{"not_picked":["dioMod:WRYYY","dioMod:TripleThreat"],"picked":"dioMod:DominatingPresence","floor":2},{"not_picked":["dioMod:StreetSign","dioMod:WRYYY"],"picked":"dioMod:Muda","floor":3},{"not_picked":["dioMod:PathToHeaven","dioMod:BloodSplash"],"picked":"dioMod:VengefulMuda","floor":5},{"not_picked":["dioMod:LaserVision","dioMod:Hiss"],"picked":"dioMod:DaggerToss","floor":6},{"not_picked":["dioMod:LaserVision","dioMod:SecretPlan"],"picked":"dioMod:SlashThroughTime","floor":10}],"player_experience":435465,"relics_obtained":[{"floor":6,"key":"Lantern"}],"event_choices":[{"damage_healed":0,"gold_gain":0,"player_choice":"Take Damage","damage_taken":20,"relics_obtained":["Golden Idol"],"max_hp_gain":0,"max_hp_loss":0,"event_name":"Golden Idol","floor":4,"gold_loss":0},{"damage_healed":0,"gold_gain":100,"player_choice":"Pray","damage_taken":0,"max_hp_gain":0,"max_hp_loss":0,"event_name":"Golden Shrine","floor":8,"gold_loss":0}],"is_beta":false,"boss_relics":[],"items_purged_floors":[],"is_endless":false,"potions_floor_spawned":[3,5,10],"killed_by":"Lagavulin","ascension_level":1}}