{"host":"e87rn453naquue3h","time":1607927204,"event":{"mods":["AchievementEnabler","BaseMod","Minty Spire (QoL Compilation)","Relic Stats","StSLib"],"gold_per_floor":[116,132,144,144,160,160,193,193,216,216,391,96,108,119,119,196,196,206,223,223,238,280,280,280,292,292,38,38,38,38,83,83,162,162,207,220,220,290,270,270,334,6,31,42,42,70,70,90,90,90],"floor_reached":51,"playtime":2453,"items_purged":["Doubt","Strike_P","Strike_P"],"score":1252,"play_id":"15e1f016-44a4-440c-974a-cb5c5914ab76","local_time":"20201214012644","is_ascension_mode":true,"campfire_choices":[{"floor":6,"key":"REST"},{"data":"LessonLearned","floor":8,"key":"SMITH"},{"data":"Devotion","floor":10,"key":"SMITH"},{"data":"Fasting2","floor":15,"key":"SMITH"},{"floor":23,"key":"REST"},{"floor":28,"key":"REST"},{"data":"PathToVictory","floor":30,"key":"SMITH"},{"floor":32,"key":"REST"},{"floor":40,"key":"REST"},{"floor":45,"key":"REST"},{"floor":49,"key":"REST"}],"circlet_count":0,"master_deck":["AscendersBane","Strike_P+1","Strike_P+1","Defend_P+1","Defend_P+1","Defend_P+1","Eruption+1","Vigilance+1","LessonLearned+1","FollowUp+1","PathToVictory+1","WheelKick+1","Halt+1","Devotion+1","Fasting2+1","CutThroughFate+1","Wish+1","Prostrate+1","SandsOfTime","Prostrate","PathToVictory+1","Vault","Scrawl+1","Wallop+1","Blind","Dark Shackles","Good Instincts","Meditate","PathToVictory"],"relics":["PureWater","Orichalcum","Ancient Tea Set","OrangePellets","Philosopher\u0027s Stone","Dead Branch","Medical Kit","Fusion Hammer","Question Card","Boot","Potion Belt","Centennial Puzzle","CeramicFish","Yang"],"acts_visited":["Exordium","TheCity","TheBeyond"],"potions_floor_usage":[7,19,33,36,44,50,50,50],"damage_taken":[{"damage":0,"enemies":"Cultist","floor":1,"turns":3},{"damage":0,"enemies":"Small Slimes","floor":2,"turns":4},{"damage":0,"enemies":"Jaw Worm","floor":3,"turns":3},{"damage":8,"enemies":"Blue Slaver","floor":5,"turns":2},{"damage":12,"enemies":"3 Sentries","floor":7,"turns":6},{"damage":1,"enemies":"2 Fungi Beasts","floor":13,"turns":3},{"damage":0,"enemies":"Red Slaver","floor":14,"turns":1},{"damage":0,"enemies":"Slime Boss","floor":16,"turns":3},{"damage":1,"enemies":"Chosen","floor":18,"turns":4},{"damage":7,"enemies":"2 Thieves","floor":19,"turns":5},{"damage":12,"enemies":"Sentry and Sphere","floor":21,"turns":3},{"damage":24,"enemies":"Shelled Parasite and Fungi","floor":22,"turns":4},{"damage":0,"enemies":"Centurion and Healer","floor":25,"turns":5},{"damage":0,"enemies":"Snecko","floor":31,"turns":4},{"damage":6,"enemies":"Automaton","floor":33,"turns":6},{"damage":0,"enemies":"3 Shapes","floor":35,"turns":3},{"damage":10,"enemies":"Orb Walker","floor":36,"turns":2},{"damage":8,"enemies":"Nemesis","floor":41,"turns":6},{"damage":3,"enemies":"Sphere and 2 Shapes","floor":44,"turns":5},{"damage":2,"enemies":"Giant Head","floor":46,"turns":5},{"damage":25,"enemies":"Writhing Mass","floor":48,"turns":5},{"damage":18,"enemies":"Donu and Deca","floor":50,"turns":7}],"seed_played":"-3133508337445501773","potions_obtained":[{"floor":5,"key":"Explosive Potion"},{"floor":7,"key":"AttackPotion"},{"floor":13,"key":"Fire Potion"},{"floor":21,"key":"EssenceOfSteel"},{"floor":22,"key":"AttackPotion"},{"floor":25,"key":"Block Potion"},{"floor":33,"key":"SkillPotion"},{"floor":39,"key":"SteroidPotion"},{"floor":48,"key":"DistilledChaos"}],"is_trial":false,"path_per_floor":["M","M","M","?","M","R","E","R","T","R","?","$","M","M","R","B",null,"M","M","?","M","M","R","?","M","T","$","R","$","R","M","R","B",null,"M","M","?","T","?","R","E","$","T","M","R","E","T","M","R","B",null],"character_chosen":"WATCHER","items_purchased":["OrangePellets","Fasting2","Medical Kit","Potion Belt","Strength Potion"],"campfire_rested":7,"item_purchase_floors":[12,12,27,42,42],"current_hp_per_floor":[61,61,61,47,39,59,47,47,47,47,47,47,46,46,46,46,63,62,55,43,31,7,28,28,28,28,28,49,49,49,49,70,64,71,71,61,51,51,51,72,64,64,64,61,73,71,71,46,67,49],"gold":90,"neow_bonus":"ONE_RANDOM_RARE_CARD","is_daily":false,"chose_seed":false,"campfire_upgraded":4,"win_rate":0.0,"timestamp":1607927204,"path_taken":["M","M","M","?","M","R","E","R","T","R","?","?","?","M","R","BOSS","M","M","?","M","M","R","?","?","T","$","R","?","R","M","R","BOSS","M","M","?","?","?","R","E","$","T","?","R","E","?","M","R","BOSS"],"items_purchased_type":["Relic","Card","Relic","Relic","Potion"],"build_version":"2020-12-13","purchased_purges":3,"victory":true,"max_hp_per_floor":[68,68,68,68,68,68,68,68,68,68,68,68,68,68,68,68,68,68,68,73,73,73,73,73,73,73,73,73,73,73,73,73,73,73,73,73,73,73,73,73,73,73,73,73,73,73,73,73,73,73],"relic_stats":{"OrangePellets":[23],"Centennial Puzzle":[12],"counters":[22,89],"Dead Branch":[52],"CeramicFish":9,"Yang":[21],"Orichalcum":[54],"Medical Kit":[4],"Question Card":4,"Boot":[2],"obtain_stats":[{"Potion Belt":42,"Dead Branch":26,"CeramicFish":46,"Yang":47,"Orichalcum":7,"Ancient Tea Set":9,"Medical Kit":27,"Question Card":38,"Boot":41,"OrangePellets":12,"Centennial Puzzle":43,"Philosopher\u0027s Stone":17,"Fusion Hammer":34,"PureWater":0},{"Potion Belt":18,"Dead Branch":13,"CeramicFish":20,"Yang":20,"Orichalcum":5,"Ancient Tea Set":5,"Medical Kit":13,"Question Card":17,"Boot":18,"OrangePellets":5,"Centennial Puzzle":18,"Philosopher\u0027s Stone":8,"Fusion Hammer":15,"PureWater":0},{"Potion Belt":67,"Dead Branch":46,"CeramicFish":77,"Yang":77,"Orichalcum":18,"Ancient Tea Set":18,"Medical Kit":46,"Question Card":61,"Boot":67,"OrangePellets":18,"Centennial Puzzle":67,"Philosopher\u0027s Stone":25,"Fusion Hammer":56,"PureWater":0}]},"card_choices":[{"not_picked":["SashWhip","Collect"],"picked":"FollowUp","floor":1},{"not_picked":["FollowUp","MentalFortress"],"picked":"PathToVictory","floor":2},{"not_picked":["EmptyFist","Weave"],"picked":"WheelKick","floor":3},{"not_picked":["Collect","Indignation"],"picked":"Halt","floor":5},{"not_picked":["DeceiveReality","Nirvana"],"picked":"Devotion","floor":7},{"not_picked":["Consecrate","Nirvana","Indignation"],"picked":"SKIP","floor":13},{"not_picked":["FollowUp","FlyingSleeves"],"picked":"CutThroughFate","floor":14},{"not_picked":["Omniscience","SpiritShield"],"picked":"Wish","floor":16},{"not_picked":["FlurryOfBlows","ThirdEye"],"picked":"Prostrate","floor":18},{"not_picked":["EmptyFist","Prostrate","Protect"],"picked":"SKIP","floor":19},{"not_picked":["InnerPeace","Consecrate+1"],"picked":"SandsOfTime","floor":21},{"not_picked":["SandsOfTime","Evaluate+1"],"picked":"Prostrate","floor":22},{"not_picked":["Study","Indignation"],"picked":"PathToVictory","floor":25},{"not_picked":["EmptyBody+1","ForeignInfluence"],"picked":"Vault","floor":31},{"not_picked":["Establishment","DevaForm"],"picked":"Scrawl","floor":33},{"not_picked":["ClearTheMind","FearNoEvil+1","EmptyBody"],"picked":"SKIP","floor":35},{"not_picked":["CutThroughFate","Halt"],"picked":"Wallop","floor":36},{"not_picked":["Enlightenment","Swift Strike"],"picked":"Blind","floor":37},{"not_picked":["Magnetism","Discovery"],"picked":"Dark Shackles","floor":37},{"not_picked":["Sadistic Nature","Impatience"],"picked":"Good Instincts","floor":37},{"not_picked":["Collect","CrushJoints","WaveOfTheHand","Consecrate"],"picked":"SKIP","floor":41},{"not_picked":["ForeignInfluence","Crescendo","FlurryOfBlows"],"picked":"Meditate","floor":44},{"not_picked":["JustLucky+1","Wallop","MasterReality","Study"],"picked":"SKIP","floor":46},{"not_picked":["EmptyMind","CrushJoints","Crescendo"],"picked":"PathToVictory","floor":48}],"player_experience":2264263,"relics_obtained":[{"floor":7,"key":"Orichalcum"},{"floor":9,"key":"Ancient Tea Set"},{"floor":26,"key":"Dead Branch"},{"floor":38,"key":"Question Card"},{"floor":41,"key":"Boot"},{"floor":43,"key":"Centennial Puzzle"},{"floor":46,"key":"CeramicFish"},{"floor":47,"key":"Yang"}],"event_choices":[{"damage_healed":0,"gold_gain":0,"player_choice":"Entered Light","damage_taken":14,"max_hp_gain":0,"max_hp_loss":0,"event_name":"Shining Light","floor":4,"gold_loss":0,"cards_upgraded":["PathToVictory","Defend_P"]},{"damage_healed":0,"gold_gain":175,"player_choice":"AGREE","damage_taken":0,"max_hp_gain":0,"max_hp_loss":0,"event_name":"Liars Game","floor":11,"gold_loss":0,"cards_obtained":["Doubt"]},{"damage_healed":0,"gold_gain":0,"player_choice":"Shed Blood","damage_taken":17,"max_hp_gain":5,"max_hp_loss":0,"event_name":"Forgotten Altar","floor":20,"gold_loss":0},{"cards_removed":["Defend_P"],"damage_healed":0,"gold_gain":0,"player_choice":"Purged","damage_taken":0,"max_hp_gain":0,"max_hp_loss":0,"event_name":"Purifier","floor":24,"gold_loss":0},{"damage_healed":0,"gold_gain":0,"player_choice":"Memory 3","damage_taken":10,"max_hp_gain":0,"max_hp_loss":0,"event_name":"SensoryStone","floor":37,"gold_loss":0},{"damage_healed":0,"gold_gain":0,"player_choice":"Bought 1 Potion","damage_taken":0,"max_hp_gain":0,"max_hp_loss":0,"event_name":"The Woman in Blue","floor":39,"gold_loss":0}],"is_beta":false,"boss_relics":[{"not_picked":["Black Star","Calling Bell"],"picked":"Philosopher\u0027s Stone"},{"not_picked":["Coffee Dripper","Pandora\u0027s Box"],"picked":"Fusion Hammer"}],"items_purged_floors":[12,27,42],"is_endless":false,"potions_floor_spawned":[5,7,13,14,21,22,25,33,41,48],"ascension_level":14}}