{"host":"kjmsjq3kpb3v9rdj","time":1607914232,"event":{"mods":["Aspiration","BaseMod","CCEM","Colored Powertips","Conspire","GifTheSpireLib","Halation","Highlight Path","Hubris","Ironclad Rager","Minty Spire (QoL Compilation)","Quick Restart","Relic Sorter","Small Relic Pack","Spicy Shops","Spikes Relics","StSLib","Stuff the Spire","The Blue Laboratory","The Disciple","The Necromancer","The Runesmith","The Showman","Trackpad","vexMod"],"gold_per_floor":[10118,8324,8324,8334,8350,8350,8361,8361,8388,8421,6009,6043,6056,6085,6085,6181,6181,6200,6235,4283,4283,2142,2170,2170,2200,2224,489,8642,8667,8667,8688,8688,8789,8789,8806,8781,8831,8849,8849,8879,8905,8916,8916,8942,6878,6878,5158,5158,5158,5158,3380,3411,3411],"floor_reached":54,"playtime":4479,"items_purged":["Strike_W","Defend_W","Strike_W","Defend_W","Defend_W"],"score":1645,"play_id":"245788ce-358c-4229-8cd8-4e7bdcde41ff","local_time":"20201213185032","is_ascension_mode":false,"campfire_choices":[{"data":"Summon_Lich","floor":6,"key":"SMITH"},{"data":"Corrupt","floor":8,"key":"SMITH"},{"data":"Summon_Undead_Army","floor":24,"key":"SMITH"},{"data":"Cloudkill","floor":30,"key":"SMITH"}],"circlet_count":0,"master_deck":["Strike_W","Strike_W","Defend_W+1","Negative_Energy_Arrows","Bone_Wall","Stop_Heart","Summon_Lich+1","Life_Tap+1","Necromantic_Selection","conspire:Banana","Bone_Spikes","StuffTheSpire:Recharge","Exploit","Necrotic_Claws","Corrupt+1","Negative_Energy_Mist","Stop_Heart","Negative_Energy_Bomb","Dark Shackles","Violent_Necrosis","Summon_Undead_Army","Negative_Energy_Burst","Magnetism+1","Shackles_Of_Pain","Death_March_Dance","Blood_for_Blood","Cloudkill+1","Negative_Energy_Shield","Reap_The_Weak","BlessedFruit","BlessedFruit+1","Acid_Javelin","Bone_Armor","Life_Tap+1","Summon_Undead_Army+1","Secret Weapon","Bone_Bullets","StuffTheSpire:Perfection","Violent_Necrosis+1","Siphon_Strength","Sharp Hide","Secret Technique","Flesh_Made_Foul","Necromantic_Selection","Bone_Armor","Bone_Armory","Finger_Of_Death","Epidemic","Blood_Whip","Mayhem","Bone_Shift","Blood_for_Blood","Bone_Spikes","Blind","Blood_Shield","Toxic_Smoke_Screen","Summon_Death_Knight","Deaths_Shadow","Summon_Undead_Army","Blood_Magic","Negative_Energy_Javelin+1","Deaths_Shadow+1","Stop_Heart+1","Spectral_Walk","Cloudkill","Summon_Lich","Reforge","Jack Of All Trades","Acid_Javelin","hubris:EnhanceAbility","Swift Strike","Finger_Of_Death","Blood_Shield","Summon_Undead_Army","Negative_Energy_Shield","Death_Coil","Exploit","Negative_Energy_Burst","Bone_Shift","Cloudkill","Bone_Armory","Apotheosis","Jack Of All Trades","Uncharnel"],"relics":["Vampire_Amulet","relicPack:WeightedSword","aspiration:HummingbirdHeart","aspiration:ChemicalBlood","halation:LostSnail","halation:KoshaPiece","hubris:Reverence","conspire:GlowingRock","CCEMRelics:WhiteRose","TheAbacus","Pen Nib","Sundial","hubris:ToyBattleship","halation:PrussianBluePaint","Frozen Eye","Orichalcum","hubris:TenFootPole","Matryoshka","hubris:HerbalPaste","vexMod:TimeEaterHat","vexMod:BarristanHead","Potion Belt","halation:SmartPhone","Red Mask","conspire:TopHat","OrangePellets","Vajra","Singing Bowl","halation:Thesaurus","Unceasing Top","MutagenicStrength","Blue Candle","Question Card","Anchor","Bag of Preparation","vexMod:FocusSash","Strawberry","Bronze Scales","aspiration:FetidBarrel","GiantMaggot","Ancient Tea Set","Fusion Hammer","Boot","WingedGreaves","CCEMRelics:JestersCrown","Boot","halation:WeightlessCrab","Ornamental Fan","WingedGreaves","halation:SelfBoilingWater","Pocketwatch","trackpad:PetRock","StuffTheSpire:Experiment12","halation:Sosunser","halation:Jellyphish","Gremlin Horn","aspiration:FrozenJewel","BrokenLever","aspiration:HiddenCompartment","Strange Spoon","Letter Opener","MealTicket","SpikesRelics:SneckoPlush","relicPack:DarknessArmor","trackpad:ToughGloves","trackpad:AdjectivePendant","vexMod:Spyglass","halation:BottledHappiness","Toy Ornithopter","trackpad:BottledShadow"],"acts_visited":["Exordium","TheCity","TheBeyond","TheEnding"],"potions_floor_usage":[4,5,10,10,12,12,13,14,16,23,23,28,29,29,29,31,41,44,44,52,52,52,52,52,53,53],"damage_taken":[{"damage":5,"enemies":"2 Louse","floor":1,"turns":3},{"damage":7,"enemies":"Small Slimes","floor":4,"turns":3},{"damage":6,"enemies":"Jaw Worm","floor":5,"turns":3},{"damage":5,"enemies":"Exordium Thugs","floor":7,"turns":3},{"damage":9,"enemies":"Gremlin Nob","floor":10,"turns":3},{"damage":24,"enemies":"Lagavulin","floor":12,"turns":5},{"damage":1,"enemies":"2 Fungi Beasts","floor":13,"turns":2},{"damage":13,"enemies":"3 Sentries","floor":14,"turns":4},{"damage":40,"enemies":"The Guardian","floor":16,"turns":7},{"damage":12,"enemies":"Shell Parasite","floor":18,"turns":4},{"damage":18,"enemies":"Masked Bandits","floor":19,"turns":3},{"damage":1,"enemies":"Gremlin Leader","floor":23,"turns":2},{"damage":22,"enemies":"Slavers","floor":25,"turns":3},{"damage":0,"enemies":"conspire:Head Lice","floor":29,"turns":4},{"damage":0,"enemies":"Chosen","floor":31,"turns":2},{"damage":9,"enemies":"conspire:MysteriousRune","floor":33,"turns":5},{"damage":3,"enemies":"3 Darklings","floor":35,"turns":3},{"damage":2,"enemies":"3 Shapes","floor":38,"turns":2},{"damage":10,"enemies":"Nemesis","floor":40,"turns":5},{"damage":7,"enemies":"Giant Head","floor":41,"turns":6},{"damage":2,"enemies":"Jaw Worm Horde","floor":42,"turns":2},{"damage":2,"enemies":"Nemesis","floor":44,"turns":1},{"damage":0,"enemies":"hubris:GrandSnecko","floor":48,"turns":1},{"damage":7,"enemies":"Shield and Spear","floor":52,"turns":3},{"damage":8,"enemies":"The Heart","floor":53,"turns":4}],"seed_played":"718818713188206868","potions_obtained":[{"floor":1,"key":"blueLaboratory:BottledHope"},{"floor":4,"key":"blueLaboratory:BottleOfRum"},{"floor":10,"key":"DistilledChaos"},{"floor":13,"key":"Fruit Juice"},{"floor":14,"key":"Dexterity Potion"},{"floor":18,"key":"SkillPotion"},{"floor":23,"key":"SteroidPotion"},{"floor":29,"key":"blueLaboratory:PolymorphPotion"},{"floor":40,"key":"blueLaboratory:PyrophylliteBrew"},{"floor":41,"key":"blueLaboratory:BubblePotion"},{"floor":42,"key":"FearPotion"},{"floor":48,"key":"blueLaboratory:BottleOfVodka"},{"floor":52,"key":"SteroidPotion"},{"floor":52,"key":"blueLaboratory:SavagePotion"},{"floor":52,"key":"blueLaboratory:Moonshine"}],"is_trial":false,"path_per_floor":["M","$","?","M","M","R","M","R","T","E","$","E","M","E","R","B",null,"M","?","$","?","?","E","R","E","T","$","$","E","R","M","R","B",null,"M","?","T","M","?","E","E","M","T","E","$","R","$","M",null,"R","$","E","B",null],"character_chosen":"NECROMANCER","items_purchased":["TheAbacus","Pen Nib","Sundial","hubris:ToyBattleship","halation:PrussianBluePaint","blueLaboratory:LouseDecoction","blueLaboratory:FruitPunch","Frozen Eye","Summon_Lich","Life_Tap","Necromantic_Selection","conspire:Banana","Bone_Spikes","StuffTheSpire:Recharge","Exploit","Matryoshka","conspire:GlowingRock","hubris:HerbalPaste","CCEMRelics:WhiteRose","hubris:Reverence","vexMod:TimeEaterHat","Stop_Heart","Negative_Energy_Bomb","Dark Shackles","Violent_Necrosis","Summon_Undead_Army","Negative_Energy_Burst","Magnetism","blueLaboratory:Moonshine","Block Potion","conspire:TopHat","OrangePellets","Vajra","HeavenlyBonsai","Singing Bowl","halation:Thesaurus","blueLaboratory:RecallPotion","SpeedPotion","Regen Potion","Block Potion","Acid_Javelin","Bone_Armor","Life_Tap","Summon_Undead_Army","Secret Weapon","Bone_Bullets","vexMod:FocusSash","Strawberry","Bronze Scales","aspiration:FetidBarrel","relicPack:WeightedSword","blueLaboratory:FruitPunch","Sharp Hide","Secret Technique","Flesh_Made_Foul","Necromantic_Selection","Bone_Armor","Bone_Armory","Finger_Of_Death","aspiration:HummingbirdHeart","aspiration:ChemicalBlood","halation:LostSnail","halation:KoshaPiece","GiantMaggot","Epidemic","Blood_Whip","Mayhem","Bone_Shift","Blood_for_Blood","Bone_Spikes","Blind","Fruit Juice","Fire Potion","trackpad:PetRock","StuffTheSpire:Experiment12","halation:Sosunser","halation:Jellyphish","Gremlin Horn","aspiration:FrozenJewel","Spectral_Walk","Cloudkill","Summon_Lich","Reforge","Jack Of All Trades","blueLaboratory:FruitPunch","blueLaboratory:RememoryPotion","Acid_Javelin","BrokenLever","aspiration:HiddenCompartment","Strange Spoon","Letter Opener","MealTicket","SpikesRelics:SneckoPlush","hubris:EnhanceAbility","Swift Strike","Finger_Of_Death","Blood_Shield","Summon_Undead_Army","Negative_Energy_Shield","Death_Coil","DuplicationPotion","relicPack:DarknessArmor","trackpad:ToughGloves","trackpad:AdjectivePendant","vexMod:Spyglass","halation:BottledHappiness","Toy Ornithopter","PowerPotion","PowerPotion","Exploit","Negative_Energy_Burst","Bone_Shift","Cloudkill","Bone_Armory","Apotheosis","Jack Of All Trades"],"campfire_rested":0,"item_purchase_floors":[2,2,2,2,2,2,2,2,2,2,2,2,2,2,2,11,11,11,11,11,11,11,11,11,11,11,11,11,11,11,20,20,20,20,20,20,20,20,20,20,20,20,20,20,20,20,27,27,27,27,27,27,27,27,27,27,27,27,27,28,28,28,28,28,28,28,28,28,28,28,28,28,28,45,45,45,45,45,45,45,45,45,45,45,45,45,45,47,47,47,47,47,47,47,47,47,47,47,47,47,47,51,51,51,51,51,51,51,51,51,51,51,51,51,51,51],"current_hp_per_floor":[79,79,63,63,60,60,60,60,60,54,54,39,52,51,51,20,95,86,81,81,81,81,87,87,80,80,87,94,115,115,115,115,114,119,120,120,120,120,120,119,117,124,124,124,88,88,46,48,129,129,87,109,122],"gold":3411,"neow_bonus":"TEN_PERCENT_HP_BONUS","is_daily":false,"chose_seed":false,"campfire_upgraded":4,"win_rate":0.0,"timestamp":1607914232,"path_taken":["M","$","?","M","M","R","M","R","T","E","$","E","M","E","R","BOSS","M","?","$","?","?","E","R","E","T","?","$","E","R","M","R","BOSS","M","?","?","?","?","E","E","M","T","E","?","R","$","M","BOSS","R","$","E","BOSS"],"items_purchased_type":["Relic","Relic","Relic","Relic","Relic","Potion","Potion","Relic","Card","Card","Card","Card","Card","Card","Card","Relic","Relic","Relic","Relic","Relic","Relic","Card","Card","Card","Card","Card","Card","Card","Potion","Potion","Relic","Relic","Relic","Relic","Relic","Relic","Potion","Potion","Potion","Potion","Card","Card","Card","Card","Card","Card","Relic","Relic","Relic","Relic","Relic","Potion","Card","Card","Card","Card","Card","Card","Card","Relic","Relic","Relic","Relic","Relic","Card","Card","Card","Card","Card","Card","Card","Potion","Potion","Relic","Relic","Relic","Relic","Relic","Relic","Card","Card","Card","Card","Card","Potion","Potion","Card","Relic","Relic","Relic","Relic","Relic","Relic","Card","Card","Card","Card","Card","Card","Card","Potion","Relic","Relic","Relic","Relic","Relic","Relic","Potion","Potion","Card","Card","Card","Card","Card","Card","Card"],"build_version":"2020-12-13","purchased_purges":5,"victory":true,"max_hp_per_floor":[82,82,82,85,86,86,87,87,87,88,88,89,94,94,94,95,95,96,97,97,97,97,98,98,101,101,108,115,117,117,117,117,119,119,120,120,120,122,122,125,128,129,129,129,129,129,129,129,129,129,129,130,132],"card_choices":[{"not_picked":["Uncharnel","Vampiric_Strike"],"picked":"Stop_Heart","floor":1},{"not_picked":["Acid_Javelin","Spectral_Armor"],"picked":"Necrotic_Claws","floor":4},{"not_picked":["Chill_Blood","Negative_Energy_Sphere"],"picked":"Corrupt","floor":5},{"not_picked":["Blood_for_Blood","Death_Coil","Negative_Energy_Sphere"],"picked":"SKIP","floor":7},{"not_picked":["Negative_Energy_Sphere","Thousand_Bone_Knives"],"picked":"Negative_Energy_Mist","floor":10},{"not_picked":["Negative_Energy_Javelin","Death_March_Dance"],"picked":"Shackles_Of_Pain","floor":12},{"not_picked":["Thousand_Bone_Knives","Spectral_Walk"],"picked":"Death_March_Dance","floor":13},{"not_picked":["Death_Coil","Death_March_Dance"],"picked":"Blood_for_Blood","floor":14},{"not_picked":["Reap_The_Weak","Negative_Energy_Bomb"],"picked":"Cloudkill","floor":16},{"not_picked":["Chill_Blood+1","Blood_Whip"],"picked":"Negative_Energy_Shield","floor":18},{"not_picked":["Bones_to_Steel","Blood_Whip"],"picked":"Reap_The_Weak","floor":19},{"not_picked":["Negative_Energy_Sphere","Corrupt+1"],"picked":"Violent_Necrosis+1","floor":23},{"not_picked":["Life_Tap+1","Negative_Energy_Mist+1"],"picked":"Siphon_Strength","floor":25},{"not_picked":["Negative_Energy_Sphere","Bone_Armor+1","Necromantic_Selection"],"picked":"Blood_Shield","floor":29},{"not_picked":["Negative_Energy_Shield","Negative_Energy_Sphere","Negative_Energy_Javelin"],"picked":"Toxic_Smoke_Screen","floor":31},{"not_picked":["Cloudkill","Blood_Wake","Requiem"],"picked":"Summon_Death_Knight","floor":33},{"not_picked":["Vampiric_Strike+1","Bone_Armor","Chill_Blood"],"picked":"Deaths_Shadow","floor":35},{"not_picked":["Spectral_Walk","Negative_Energy_Burst","Chill_Blood+1"],"picked":"Summon_Undead_Army","floor":38},{"not_picked":["Toxic_Smoke_Screen+1","Bone_Armor","Negative_Energy_Sphere+1"],"picked":"Blood_Magic","floor":40},{"not_picked":["Bones_to_Steel+1","Flesh_Made_Foul","Negative_Energy_Mist+1"],"picked":"Negative_Energy_Javelin+1","floor":41},{"not_picked":["Blood_Shield+1","Bone_Prison","Negative_Energy_Shield"],"picked":"Deaths_Shadow+1","floor":42},{"not_picked":["Negative_Energy_Sphere","Scare+1","Bone_Bullets+1"],"picked":"Stop_Heart+1","floor":44},{"not_picked":["Finger_Of_Death+1","Flesh_Made_Foul+1","Scare"],"picked":"Uncharnel","floor":52}],"player_experience":428133,"relics_obtained":[{"floor":9,"key":"Orichalcum"},{"floor":10,"key":"hubris:TenFootPole"},{"floor":12,"key":"vexMod:BarristanHead"},{"floor":14,"key":"Potion Belt"},{"floor":19,"key":"Red Mask"},{"floor":23,"key":"Blue Candle"},{"floor":25,"key":"Question Card"},{"floor":26,"key":"Anchor"},{"floor":26,"key":"Bag of Preparation"},{"floor":29,"key":"Ancient Tea Set"},{"floor":37,"key":"CCEMRelics:JestersCrown"},{"floor":37,"key":"Boot"},{"floor":40,"key":"halation:WeightlessCrab"},{"floor":41,"key":"Ornamental Fan"},{"floor":43,"key":"halation:SelfBoilingWater"},{"floor":44,"key":"Pocketwatch"},{"floor":52,"key":"trackpad:BottledShadow"}],"event_choices":[{"damage_healed":0,"gold_gain":0,"player_choice":"Entered Light","damage_taken":16,"max_hp_gain":0,"max_hp_loss":0,"event_name":"Shining Light","floor":3,"gold_loss":0,"cards_upgraded":["Defend_W","Life_Tap"]},{"damage_healed":0,"gold_gain":0,"player_choice":"Fought Bandits","damage_taken":0,"max_hp_gain":0,"max_hp_loss":0,"event_name":"Masked Bandits","floor":19,"gold_loss":0},{"damage_healed":0,"gold_gain":0,"player_choice":"Inject Mutagens","damage_taken":0,"relics_obtained":["MutagenicStrength"],"max_hp_gain":0,"max_hp_loss":0,"event_name":"Drug Dealer","floor":21,"gold_loss":0},{"damage_healed":0,"gold_gain":0,"player_choice":"Leave","damage_taken":0,"max_hp_gain":0,"max_hp_loss":0,"event_name":"conspire:Investor","floor":39,"gold_loss":0}],"is_beta":false,"boss_relics":[{"not_picked":["halation:Yufonium","conspire:SeveredTorchhead"],"picked":"halation:SmartPhone"},{"not_picked":["vexMod:EndlessSickness","hubris:CrackedHourglass"],"picked":"Fusion Hammer"}],"items_purged_floors":[2,11,11,27,28],"is_endless":false,"potions_floor_spawned":[1,4,10,13,14,18,23,29,40,41,42,52],"ascension_level":0}}