{"host":"o2evyl5sbrgotc3u","time":1607957711,"event":{"mods":["AchievementEnabler","BaseMod","Colored Map","DeckTracker","Faster Ascension Climbing","Keyboard Shortcuts","Minty Spire (QoL Compilation)","Permanent Neow","Quick Restart","Relic Stats","StSLib","SuperFastMode","everything is the same but u backflip on backflip"],"gold_per_floor":[112,122,47,61,76,76,103,103,126,141,160,160,189,203,203,203,203],"floor_reached":16,"playtime":438,"items_purged":["Strike_B"],"score":137,"play_id":"6f99788f-b2e1-4527-a64f-2ac190c06027","local_time":"20201214235511","is_ascension_mode":true,"campfire_choices":[{"data":"Zap","floor":6.0,"key":"SMITH"},{"data":"Dualcast","floor":8.0,"key":"SMITH"},{"data":"Beam Cell","floor":12,"key":"SMITH"},{"data":"Coolheaded","floor":15,"key":"SMITH"}],"circlet_count":0,"master_deck":["Strike_B","Strike_B","Strike_B","Defend_B","Defend_B","Defend_B","Defend_B","Zap+1","Dualcast+1","Reboot","Cold Snap","Streamline","Beam Cell+1","All For One","Conserve Battery","Gash","Coolheaded+1"],"relics":["Cracked Core","Nunchaku","Anchor"],"acts_visited":["Exordium"],"potions_floor_usage":[],"damage_taken":[{"damage":0.0,"enemies":"2 Louse","floor":1.0,"turns":3.0},{"damage":1.0,"enemies":"Small Slimes","floor":2.0,"turns":3.0},{"damage":7.0,"enemies":"Jaw Worm","floor":4.0,"turns":3.0},{"damage":2.0,"enemies":"3 Louse","floor":5.0,"turns":3.0},{"damage":24.0,"enemies":"Lagavulin","floor":7.0,"turns":5.0},{"damage":1,"enemies":"Blue Slaver","floor":10,"turns":3},{"damage":5,"enemies":"Large Slime","floor":11,"turns":2},{"damage":1,"enemies":"Gremlin Nob","floor":13,"turns":3},{"damage":0,"enemies":"Red Slaver","floor":14,"turns":2},{"damage":27,"enemies":"Slime Boss","floor":16,"turns":3}],"seed_played":"9171847854542981657","potions_obtained":[{"floor":2.0,"key":"ColorlessPotion"},{"floor":5.0,"key":"Fire Potion"},{"floor":10,"key":"Block Potion"},{"floor":11,"key":"CultistPotion"}],"is_trial":false,"path_per_floor":["M","M","$","M","M","R","E","R","T","M","M","R","E","M","R","B"],"character_chosen":"DEFECT","items_purchased":[],"campfire_rested":0,"item_purchase_floors":[],"current_hp_per_floor":[68,67,67,60,58,58,34,34,34,33,28,28,27,27,27,0,0],"gold":203,"neow_bonus":"THREE_RARE_CARDS","is_daily":false,"chose_seed":false,"campfire_upgraded":4,"win_rate":0.0,"timestamp":1607957711,"path_taken":["M","M","$","M","M","R","E","R","T","M","M","R","E","M","R","BOSS"],"items_purchased_type":[],"build_version":"2020-12-13","purchased_purges":1,"victory":false,"max_hp_per_floor":[68,68,68,68,68,68,68,68,68,68,68,68,68,68,68,68,68],"relic_stats":{"Nunchaku":[2],"counters":[10,30],"obtain_stats":[{"Nunchaku":7,"Anchor":13,"Cracked Core":0},{"Nunchaku":5,"Anchor":8,"Cracked Core":0},{"Nunchaku":17,"Anchor":25,"Cracked Core":0}]},"card_choices":[{"not_picked":["Fission","Buffer"],"picked":"Reboot","floor":0.0},{"not_picked":["BootSequence","Conserve Battery"],"picked":"Cold Snap","floor":1.0},{"not_picked":["Coolheaded","Turbo"],"picked":"Streamline","floor":2.0},{"not_picked":["Leap","Double Energy","Storm"],"picked":"SKIP","floor":4.0},{"not_picked":["Coolheaded","White Noise"],"picked":"Beam Cell","floor":5.0},{"not_picked":["Lockon","Heatsinks"],"picked":"All For One","floor":7.0},{"not_picked":["Leap","Sweeping Beam"],"picked":"Conserve Battery","floor":10},{"not_picked":["Go for the Eyes","Rebound"],"picked":"Gash","floor":11},{"not_picked":["Reprogram","Rebound"],"picked":"Coolheaded","floor":13},{"not_picked":["Steam","Coolheaded","Sunder"],"picked":"SKIP","floor":14}],"player_experience":279908,"relics_obtained":[{"floor":7.0,"key":"Nunchaku"},{"floor":13,"key":"Anchor"}],"event_choices":[],"is_beta":false,"boss_relics":[],"items_purged_floors":[3],"is_endless":false,"potions_floor_spawned":[2,5,10,11],"killed_by":"Slime Boss","ascension_level":4}}