{"host":"jacddazefqpozmdr","time":1607950713,"event":{"mods":["AchievementEnabler","BaseMod","Better Note","BetterRewards","Downfall","Googly Eyes","Hermit","Hubris","Infinite Spire","Lobotomy","LobotomyExtend","Marisa????????","Minty Spire (QoL Compilation)","Prisma Mod","Quick Restart","Rare Cards Sparkle","Relic Stats","Replay The Spire","Shop Mod","StSLib","The Blue Laboratory","The Cursed","The Gatherer","The Jungle","The Runesmith","The Servant 0.9.4","Waifu the Spire","WarShipGirlsR/????R mod"],"gold_per_floor":[111,111,211,229,247,247,274,274,300,300,317,417,427,116,116,217,217,228,153,153,167,167,199,199,199],"floor_reached":24,"playtime":2477,"items_purged":[],"score":214,"play_id":"9a27b8da-b8e2-4a8a-9480-9336e4eb7d96","local_time":"20201214125833","is_ascension_mode":false,"campfire_choices":[{"data":"hermit:Malice","floor":6.0,"key":"SMITH"},{"data":"hermit:FatalDesire","floor":8.0,"key":"SMITH"},{"data":"hermit:Covet","floor":10.0,"key":"SMITH"},{"floor":15,"key":"REST"}],"circlet_count":0,"master_deck":["rmod:seals+1","hermit:Strike_Hermit","hermit:Strike_Hermit","hermit:Strike_Hermit","hermit:Strike_Hermit","hermit:Defend_Hermit+1","hermit:Defend_Hermit","hermit:Defend_Hermit","hermit:Defend_Hermit","hermit:Snapshot","hermit:Covet+1","hermit:Headshot+1","hermit:Feint","hermit:Malice+1","hermit:FatalDesire+1","hermit:TakeAim","hermit:Midnight","hermit:Purgatory","hermit:Gestalt","hermit:Showdown","rmod:seals+1","hermit:Headshot"],"relics":["hermit:Momento","infinitespire:PuzzleCube","Tiny Chest","hubris:EmptyBottle","LetterFromLob","hermit:BartenderGlass","Golden Egg","hubris:ToyBattleship"],"acts_visited":["TheCity"],"potions_floor_usage":[16,16,16,16,18,18,23,23,23,23,23,23],"damage_taken":[{"damage":0.0,"enemies":"Small Slimes","floor":1.0,"turns":5.0},{"damage":0.0,"enemies":"Jaw Worm","floor":4.0,"turns":3.0},{"damage":0.0,"enemies":"Cultist","floor":5.0,"turns":3.0},{"damage":18.0,"enemies":"3 Sentries","floor":7.0,"turns":9.0},{"damage":12.0,"enemies":"Gremlin Gang","floor":11.0,"turns":3.0},{"damage":4.0,"enemies":"Large Slime","floor":13.0,"turns":4.0},{"damage":19,"enemies":"Fading Forest","floor":16,"turns":11},{"damage":14,"enemies":"Spheric Guardian","floor":18,"turns":4},{"damage":16,"enemies":"Shell Parasite","floor":21,"turns":5},{"damage":35,"enemies":"Book of Stabbing","floor":23,"turns":7},{"damage":12,"enemies":"Centurion and Healer","floor":24,"turns":1}],"seed_played":"6688600271400733279","potions_obtained":[{"floor":5.0,"key":"Strength Potion"},{"floor":7.0,"key":"sneckomod:MuddlingPotion"},{"floor":16,"key":"blueLaboratory:BottleOfRum"},{"floor":21,"key":"Guardian:BlockOnCardUsePotion"}],"is_trial":false,"path_per_floor":["M","?","?","M","M","R","E","R","T","R","M","?","M","$","R","B",null,"M","$","T","M","?","E","M"],"character_chosen":"HERMIT","items_purchased":["hubris:EmptyBottle","Toxic Potion","Toxic Potion","hermit:Showdown"],"campfire_rested":1,"item_purchase_floors":[14,14,14,19],"current_hp_per_floor":[75,60,60,60,60,60,42,42,42,42,30,30,26,26,48,39,75,61,61,61,45,45,10,0,0],"gold":199,"neow_bonus":"RANDOM_COMMON_RELIC","is_daily":false,"chose_seed":false,"campfire_upgraded":3,"win_rate":0.0,"timestamp":1607950713,"path_taken":["M","?","?","M","?","R","E","R","T","R","?","?","M","?","R","BOSS","M","$","?","M","?","E","?"],"items_purchased_type":["Relic","Potion","Potion","Card"],"build_version":"2020-12-13","purchased_purges":0,"victory":false,"max_hp_per_floor":[75,75,75,75,75,75,75,75,75,75,75,75,75,75,75,75,75,75,75,75,75,75,75,75,75],"relic_stats":{"counters":[5,28],"Tiny Chest":1,"obtain_stats":[{"Golden Egg":20,"Tiny Chest":0,"hermit:BartenderGlass":17,"LetterFromLob":16,"hubris:ToyBattleship":23,"hubris:EmptyBottle":0,"hermit:Momento":0,"infinitespire:PuzzleCube":0},{"Golden Egg":2,"Tiny Chest":0,"hermit:BartenderGlass":1,"LetterFromLob":1,"hubris:ToyBattleship":4,"hubris:EmptyBottle":0,"hermit:Momento":0,"infinitespire:PuzzleCube":0},{"Golden Egg":15,"Tiny Chest":0,"hermit:BartenderGlass":11,"LetterFromLob":11,"hubris:ToyBattleship":27,"hubris:EmptyBottle":0,"hermit:Momento":0,"infinitespire:PuzzleCube":0}]},"card_choices":[{"not_picked":["hermit:CalledShot","hermit:LowProfile"],"picked":"hermit:Headshot","floor":1.0},{"not_picked":["hermit:LowProfile","hermit:DeadMansHand"],"picked":"hermit:Feint","floor":4.0},{"not_picked":["hermit:Quickdraw","hermit:Scavenge"],"picked":"hermit:Malice","floor":5.0},{"not_picked":["hermit:LowProfile","hermit:Manifest"],"picked":"hermit:FatalDesire","floor":7.0},{"not_picked":["hermit:Vantage","hermit:ItchyTrigger"],"picked":"hermit:TakeAim","floor":11.0},{"not_picked":["hermit:Coalescence","hermit:Desperado"],"picked":"hermit:Midnight","floor":13.0},{"not_picked":["hermit:Gambit","hermit:Reprieve"],"picked":"hermit:Purgatory","floor":16},{"not_picked":["hermit:Glare","hermit:BodyArmor"],"picked":"hermit:Gestalt","floor":18},{"not_picked":["hermit:Midnight","hermit:Coalescence","hermit:BodyArmor"],"picked":"SKIP","floor":21},{"not_picked":["hermit:Grudge","hermit:Dive"],"picked":"hermit:Headshot","floor":23}],"player_experience":171254,"relics_obtained":[{"floor":7.0,"key":"Tiny Chest"},{"floor":16,"key":"LetterFromLob"},{"floor":20,"key":"Golden Egg"},{"floor":23,"key":"hubris:ToyBattleship"}],"event_choices":[{"damage_healed":0.0,"max_hp_gain":0.0,"max_hp_loss":0.0,"gold_gain":0.0,"event_name":"Shining Light","player_choice":"Entered Light","floor":2.0,"gold_loss":0.0,"damage_taken":15.0,"cards_upgraded":["hermit:Headshot","hermit:Defend_Hermit"]},{"damage_healed":0.0,"max_hp_gain":0.0,"max_hp_loss":0.0,"gold_gain":100.0,"event_name":"Golden Shrine","player_choice":"Pray","floor":3.0,"gold_loss":0.0,"damage_taken":0.0},{"damage_healed":0.0,"max_hp_gain":0.0,"max_hp_loss":0.0,"gold_gain":100.0,"event_name":"Wheel of Change","player_choice":"Gold","floor":12.0,"gold_loss":0.0,"damage_taken":0.0},{"damage_healed":0,"gold_gain":0,"player_choice":"Copied","damage_taken":0,"max_hp_gain":0,"max_hp_loss":0,"event_name":"Duplicator","floor":22,"gold_loss":0,"cards_obtained":["rmod:seals"]}],"is_beta":false,"boss_relics":[{"not_picked":["Coffee Dripper","Snecko Eye"],"picked":"hermit:BartenderGlass"}],"items_purged_floors":[],"is_endless":false,"potions_floor_spawned":[5,7,16,21],"killed_by":"Centurion and Healer","ascension_level":0}}