{"host":"y3h3n3f7seyagppx","time":1607980822,"event":{"mods":["AlwaysNeverKeys","BaseMod","Better Vampires","Colored Powertips","DeckTracker","Emptier Cage","Minty Spire (QoL Compilation)","Permanent Neow","Quick Restart","Rare Cards Sparkle","Relic Sorter","Relic Stats","StSLib","Transform Curses"],"gold_per_floor":[111,121,86,161,186,186,213,213,213,229,239,26,26,54,54,133,133,152,152,165,32,82,113,113,143,169,185,212,234,246,273,285,375,387,409,421,452,481,493,505,545,557,616,642,654,700,726,768,780,792,804,816,828,41,70,70],"floor_reached":57,"playtime":23950,"items_purged":["Bash","Anger+1"],"score":2991,"play_id":"8a69d5f8-c7fd-427e-84c6-dba95d1e3a78","local_time":"20201214162022","is_ascension_mode":true,"campfire_choices":[{"data":"Immolate","floor":6.0,"key":"SMITH"},{"floor":8.0,"key":"REST"},{"data":"True Grit","floor":15.0,"key":"SMITH"},{"data":"RitualDagger","floor":24.0,"key":"SMITH"},{"floor":30.0,"key":"REST"},{"data":"Shockwave","floor":32.0,"key":"SMITH"},{"data":"Spot Weakness","floor":40.0,"key":"SMITH"},{"data":"Shrug It Off","floor":42.0,"key":"SMITH"},{"floor":49,"key":"REST"},{"floor":53,"key":"REST"}],"circlet_count":0,"master_deck":["AscendersBane","Twin Strike+1","Immolate+1","Shockwave+1","Spot Weakness+1","True Grit+1","RitualDagger+1","Warcry+1","Shrug It Off+1","Armaments+1","Limit Break","Sword Boomerang+1","Second Wind+1","RitualDagger+1","Dual Wield+1","True Grit+1","Feel No Pain+1","Dark Shackles","Shockwave","Body Slam","Sentinel"],"relics":["Pandora\u0027s Box","War Paint","Mercury Hourglass","White Beast Statue","Whetstone","Bottled Flame","Runic Dome","Mummified Hand","Incense Burner","Bronze Scales","MawBank","Runic Pyramid","Oddly Smooth Stone","Ancient Tea Set","Pear","Dead Branch","Strawberry","Bottled Lightning","Anchor"],"acts_visited":["Exordium","TheCity","TheBeyond","TheEnding"],"potions_floor_usage":[48,56],"damage_taken":[{"damage":14.0,"enemies":"2 Louse","floor":1.0,"turns":4.0},{"damage":20.0,"enemies":"Small Slimes","floor":2.0,"turns":3.0},{"damage":20.0,"enemies":"Lagavulin","floor":7.0,"turns":4.0},{"damage":9.0,"enemies":"Jaw Worm","floor":10.0,"turns":2.0},{"damage":6.0,"enemies":"Blue Slaver","floor":11.0,"turns":2.0},{"damage":0.0,"enemies":"Gremlin Nob","floor":14.0,"turns":2.0},{"damage":0.0,"enemies":"Slime Boss","floor":16.0,"turns":5.0},{"damage":2.0,"enemies":"Chosen","floor":18.0,"turns":3.0},{"damage":11.0,"enemies":"Spheric Guardian","floor":20.0,"turns":3.0},{"damage":10.0,"enemies":"Slavers","floor":23.0,"turns":3.0},{"damage":0.0,"enemies":"Gremlin Leader","floor":25.0,"turns":4.0},{"damage":0.0,"enemies":"Snecko","floor":27.0,"turns":4.0},{"damage":18.0,"enemies":"Slavers","floor":28.0,"turns":2.0},{"damage":0.0,"enemies":"Sentry and Sphere","floor":29.0,"turns":2.0},{"damage":14.0,"enemies":"Chosen and Byrds","floor":31.0,"turns":5.0},{"damage":16.0,"enemies":"Champ","floor":33.0,"turns":18.0},{"damage":2.0,"enemies":"3 Shapes","floor":35.0,"turns":3.0},{"damage":8.0,"enemies":"Orb Walker","floor":37.0,"turns":4.0},{"damage":0.0,"enemies":"Transient","floor":38.0,"turns":6.0},{"damage":23.0,"enemies":"Giant Head","floor":41.0,"turns":7.0},{"damage":0.0,"enemies":"Sphere and 2 Shapes","floor":44.0,"turns":2.0},{"damage":2.0,"enemies":"Reptomancer","floor":46.0,"turns":4.0},{"damage":3.0,"enemies":"4 Shapes","floor":47.0,"turns":3.0},{"damage":7.0,"enemies":"Nemesis","floor":48.0,"turns":5.0},{"damage":3,"enemies":"Awakened One","floor":50,"turns":10},{"damage":42,"enemies":"Donu and Deca","floor":51,"turns":7},{"damage":8,"enemies":"Shield and Spear","floor":55,"turns":6},{"damage":77,"enemies":"The Heart","floor":56,"turns":6}],"seed_played":"1223812262706448600","potions_obtained":[{"floor":7.0,"key":"FearPotion"},{"floor":10.0,"key":"LiquidMemories"},{"floor":14.0,"key":"Dexterity Potion"},{"floor":16.0,"key":"Energy Potion"},{"floor":18.0,"key":"HeartOfIron"},{"floor":23.0,"key":"GamblersBrew"},{"floor":28.0,"key":"Strength Potion"},{"floor":29.0,"key":"SkillPotion"},{"floor":33.0,"key":"Fire Potion"},{"floor":35.0,"key":"FairyPotion"},{"floor":41.0,"key":"Regen Potion"},{"floor":46.0,"key":"AttackPotion"},{"floor":47.0,"key":"BloodPotion"},{"floor":48,"key":"BlessingOfTheForge"}],"is_trial":false,"path_per_floor":["M","M","?","?","T","R","E","R","T","M","M","$","?","E","R","B",null,"M","?","M","$","?","E","R","E","T","M","E","M","R","M","R","B",null,"M","?","M","M","?","R","E","R","T","M","?","E","M","E","R","B","B",null,"R","$","E","B",null],"character_chosen":"IRONCLAD","items_purchased":["Whetstone","True Grit","Shrug It Off","Dark Shackles","Shockwave","Strawberry","Bottled Lightning","Body Slam","Sentinel"],"campfire_rested":4,"item_purchase_floors":[12,12,21,54,54,54,54,54,54],"current_hp_per_floor":[54,34,52,41,41,41,21,43,43,34,28,28,28,28,28,28,63,61,55,44,44,44,34,34,34,34,34,16,16,38,24,24,8,58,56,56,48,48,48,48,25,25,25,25,25,45,42,52,77,74,32,72,85,92,84,7],"gold":70,"neow_bonus":"BOSS_RELIC","is_daily":false,"chose_seed":false,"campfire_upgraded":6,"win_rate":0.0,"timestamp":1607980822,"path_taken":["M","M","?","?","?","R","E","R","T","M","M","$","?","E","R","BOSS","M","?","M","$","?","E","R","E","T","M","E","M","R","M","R","BOSS","M","?","M","M","?","R","E","R","T","?","?","E","M","E","R","BOSS","BOSS","R","$","E","BOSS"],"items_purchased_type":["Relic","Card","Card","Card","Card","Relic","Relic","Card","Card"],"build_version":"2020-12-13","purchased_purges":2,"victory":true,"max_hp_per_floor":[75,75,75,75,75,75,75,75,75,75,75,75,75,75,75,75,75,75,75,75,75,75,75,75,75,75,75,75,75,75,75,75,75,75,75,75,75,75,75,75,75,75,75,75,75,85,85,85,85,85,85,85,85,92,92,92],"relic_stats":{"counters":[28,128],"Mummified Hand":[19],"Bronze Scales":[275],"Dead Branch":[84],"Pandora\u0027s Box":["Flex","Feel No Pain","Burning Pact","Bloodletting","Thunderclap","Infernal Blade","Berserk","Dark Embrace","Thunderclap"],"Whetstone":["Anger","Twin Strike"],"War Paint":[],"MawBank":312,"obtain_stats":[{"Pear":46,"Dead Branch":48,"Oddly Smooth Stone":41,"Incense Burner":25,"Whetstone":12,"War Paint":5,"MawBank":28,"Ancient Tea Set":43,"Burning Blood":0,"White Beast Statue":9,"Mercury Hourglass":7,"Runic Dome":17,"Bottled Flame":14,"Anchor":55,"Mummified Hand":23,"Bronze Scales":26,"Strawberry":54,"Pandora\u0027s Box":0,"Bottled Lightning":54,"Runic Pyramid":34},{"Pear":22,"Dead Branch":24,"Oddly Smooth Stone":20,"Incense Burner":11,"Whetstone":5,"War Paint":2,"MawBank":13,"Ancient Tea Set":20,"Burning Blood":0,"White Beast Statue":3,"Mercury Hourglass":3,"Runic Dome":7,"Bottled Flame":6,"Anchor":27,"Mummified Hand":10,"Bronze Scales":11,"Strawberry":26,"Pandora\u0027s Box":0,"Bottled Lightning":26,"Runic Pyramid":16},{"Pear":91,"Dead Branch":99,"Oddly Smooth Stone":85,"Incense Burner":34,"Whetstone":15,"War Paint":7,"MawBank":40,"Ancient Tea Set":85,"Burning Blood":0,"White Beast Statue":11,"Mercury Hourglass":11,"Runic Dome":21,"Bottled Flame":17,"Anchor":122,"Mummified Hand":30,"Bronze Scales":34,"Strawberry":116,"Pandora\u0027s Box":0,"Bottled Lightning":116,"Runic Pyramid":65}],"Mercury Hourglass":[376]},"card_choices":[{"not_picked":["Body Slam","Searing Blow"],"picked":"Twin Strike","floor":1.0},{"not_picked":["Thunderclap","Perfected Strike"],"picked":"Immolate","floor":2.0},{"not_picked":["Thunderclap","Armaments"],"picked":"Shockwave","floor":7.0},{"not_picked":["Armaments","Seeing Red"],"picked":"Anger","floor":10.0},{"not_picked":["Armaments","Intimidate"],"picked":"Spot Weakness","floor":11.0},{"not_picked":["Pommel Strike","True Grit","Anger"],"picked":"SKIP","floor":14.0},{"not_picked":["Juggernaut","Double Tap"],"picked":"Barricade","floor":16.0},{"not_picked":["Wild Strike","Intimidate","Perfected Strike"],"picked":"SKIP","floor":18.0},{"not_picked":["Flex","Searing Blow"],"picked":"Warcry+1","floor":20.0},{"not_picked":["Searing Blow","Iron Wave"],"picked":"Armaments+1","floor":23.0},{"not_picked":["Perfected Strike","Dual Wield","Combust+1"],"picked":"SKIP","floor":25.0},{"not_picked":["Twin Strike","Sword Boomerang","Flex"],"picked":"SKIP","floor":27.0},{"not_picked":["Rampage","Ghostly Armor","Sever Soul"],"picked":"SKIP","floor":28.0},{"not_picked":["Infernal Blade","Carnage","Clash"],"picked":"SKIP","floor":29.0},{"not_picked":["Inflame","Searing Blow","Rage"],"picked":"SKIP","floor":31.0},{"not_picked":["Offering","Berserk"],"picked":"Limit Break","floor":33.0},{"not_picked":["Heavy Blade","Sword Boomerang","Dark Embrace"],"picked":"SKIP","floor":35.0},{"not_picked":["Fire Breathing","Havoc+1"],"picked":"Sword Boomerang+1","floor":37.0},{"not_picked":["Burning Pact","Clothesline"],"picked":"Second Wind+1","floor":38.0},{"not_picked":["Searing Blow","Demon Form"],"picked":"Dual Wield+1","floor":41.0},{"not_picked":["True Grit","Flex","Iron Wave+1"],"picked":"SKIP","floor":44.0},{"not_picked":["Pommel Strike","Body Slam"],"picked":"True Grit+1","floor":46.0},{"not_picked":["Warcry","Twin Strike"],"picked":"Feel No Pain+1","floor":47.0},{"not_picked":["Headbutt","Perfected Strike","Twin Strike"],"picked":"SKIP","floor":48},{"not_picked":["Whirlwind","Perfected Strike","Thunderclap"],"picked":"SKIP","floor":55}],"player_experience":19976516,"relics_obtained":[{"floor":5.0,"key":"War Paint"},{"floor":7.0,"key":"Mercury Hourglass"},{"floor":9.0,"key":"White Beast Statue"},{"floor":14.0,"key":"Bottled Flame"},{"floor":23.0,"key":"Mummified Hand"},{"floor":25.0,"key":"Incense Burner"},{"floor":26.0,"key":"Bronze Scales"},{"floor":28.0,"key":"MawBank"},{"floor":41.0,"key":"Oddly Smooth Stone"},{"floor":43.0,"key":"Ancient Tea Set"},{"floor":46.0,"key":"Pear"},{"floor":48,"key":"Dead Branch"},{"floor":55,"key":"Anchor"}],"event_choices":[{"damage_healed":18.0,"max_hp_gain":0.0,"max_hp_loss":0.0,"gold_gain":0.0,"event_name":"The Cleric","player_choice":"Healed","floor":3.0,"gold_loss":35.0,"damage_taken":0.0},{"damage_healed":0.0,"max_hp_gain":0.0,"max_hp_loss":0.0,"gold_gain":75.0,"event_name":"World of Goop","player_choice":"Gather Gold","floor":4.0,"gold_loss":0.0,"damage_taken":11.0},{"damage_healed":0.0,"max_hp_gain":0.0,"max_hp_loss":0.0,"gold_gain":0.0,"event_name":"Shining Light","player_choice":"Ignored","floor":13.0,"gold_loss":0.0,"damage_taken":0.0},{"damage_healed":0.0,"max_hp_gain":0.0,"max_hp_loss":0.0,"gold_gain":0.0,"event_name":"Nest","player_choice":"Joined the Cult","floor":19.0,"gold_loss":0.0,"damage_taken":6.0,"cards_obtained":["RitualDagger"]},{"damage_healed":0.0,"max_hp_gain":0.0,"max_hp_loss":0.0,"gold_gain":50.0,"event_name":"Golden Shrine","player_choice":"Pray","floor":22.0,"gold_loss":0.0,"damage_taken":0.0},{"damage_healed":0.0,"max_hp_gain":0.0,"max_hp_loss":0.0,"gold_gain":0.0,"event_name":"Tomb of Lord Red Mask","player_choice":"Ignored","floor":36.0,"gold_loss":0.0,"damage_taken":0.0},{"damage_healed":0.0,"max_hp_gain":0.0,"max_hp_loss":0.0,"gold_gain":0.0,"event_name":"Duplicator","player_choice":"Copied","floor":39.0,"gold_loss":0.0,"damage_taken":0.0,"cards_obtained":["RitualDagger"]},{"cards_removed":["Barricade"],"damage_healed":0.0,"max_hp_gain":0.0,"max_hp_loss":0.0,"gold_gain":0.0,"event_name":"Falling","player_choice":"Removed Power","floor":45.0,"gold_loss":0.0,"damage_taken":0.0}],"is_beta":false,"boss_relics":[{"not_picked":["Empty Cage","Sozu"],"picked":"Runic Dome"},{"not_picked":["Black Star","Busted Crown"],"picked":"Runic Pyramid"}],"items_purged_floors":[21,54],"is_endless":false,"potions_floor_spawned":[7,10,11,14,16,18,20,23,25,27,28,29,31,33,35,37,38,41,44,46,47,48,55],"ascension_level":20}}