{"host":"8zzc9mdnfkdiyxma","time":1607937688,"event":{"mods":["2.2 Compatiblity","BaseMod","Better Altar","Better Match","Better Note","Better Sensory Stone","Better Skull","Better Third Choice","Better Vampires","Colored Map","Colored Powertips","Emptier Cage","Energized Spire","Halation","Minty Spire (QoL Compilation)","Permanent Neow","Rare Cards Sparkle","Relic Filter","SacredBarkPlus","StSLib","Waifu the Spire"],"gold_per_floor":[113,113,126,394,11,11,46,46,46,46,46,46,60,95,95,194,194,213,193,54,77,77,117,117,317,317,332,366,389,389,404,404,500,500,516,54,67,67,91,91,122,122,148,148,188,61,81,81,81,81,81,81,81,31,62,62],"floor_reached":57,"playtime":4037,"items_purged":["Defend_B","Defend_B","Strike_B","Strike_B","Strike_B+1"],"score":3383,"play_id":"15196a29-4911-46a2-94c1-f05bdf98d94c","local_time":"20201214042128","is_ascension_mode":true,"campfire_choices":[{"floor":6.0,"key":"REST"},{"floor":8,"key":"REST"},{"floor":15,"key":"REST"},{"floor":24,"key":"REST"},{"floor":30,"key":"REST"},{"floor":32,"key":"REST"},{"floor":40,"key":"RECALL"},{"data":"Hologram","floor":42,"key":"SMITH"},{"data":"Defragment","floor":44,"key":"SMITH"},{"floor":49,"key":"REST"},{"floor":53,"key":"REST"}],"circlet_count":0,"master_deck":["AscendersBane","Strike_B+1","Defend_B+1","Defend_B+1","Zap+1","Dualcast+1","Leap+1","Hologram+1","BootSequence+1","BootSequence+1","Impatience+1","Impatience+1","Loop+1","Loop+1","Loop+1","Loop+1","Force Field+1","Force Field+1","Force Field+1","Force Field+1","Core Surge+1","Core Surge+1","Core Surge+1","Core Surge+1","Glacier+1","Glacier+1","Glacier+1","Glacier+1","Defragment+1","Defragment+1","Defragment+1","Defragment+1","Defragment+1","Defragment+1","Defragment+1","Lockon+1","Lockon+1","Lockon+1","Lockon+1","Ball Lightning+1","Ball Lightning+1","Ball Lightning+1","Ball Lightning+1","Ball Lightning+1","Seek+1","Seek+1","Seek+1","Seek+1","Seek+1","Seek+1"],"relics":["Cracked Core","Juzu Bracelet","Lantern","Smiling Mask","halation:NonexistentMirror","Symbiotic Virus","Mercury Hourglass","Strawberry","Golden Idol","Emotion Chip","energizedSpire:NeverEndingSparkler","Cables","Potion Belt","Runic Pyramid","Membership Card","Anchor","Gambling Chip","Incense Burner","MealTicket","Omamori","Mark of the Bloom","Bag of Preparation"],"acts_visited":["Exordium","TheCity","TheBeyond","TheEnding"],"potions_floor_usage":[14,23,29,45,56,56,56],"damage_taken":[{"damage":1.0,"enemies":"Small Slimes","floor":1.0,"turns":3.0},{"damage":0.0,"enemies":"Cultist","floor":3.0,"turns":4.0},{"damage":17.0,"enemies":"3 Sentries","floor":7.0,"turns":8.0},{"damage":0,"enemies":"Jaw Worm","floor":13,"turns":3},{"damage":17,"enemies":"Gremlin Nob","floor":14,"turns":3},{"damage":46,"enemies":"The Guardian","floor":16,"turns":8},{"damage":2,"enemies":"Spheric Guardian","floor":18,"turns":4},{"damage":18,"enemies":"3 Byrds","floor":21,"turns":4},{"damage":9,"enemies":"Slavers","floor":23,"turns":2},{"damage":0,"enemies":"Shelled Parasite and Fungi","floor":27,"turns":6},{"damage":40,"enemies":"Gremlin Leader","floor":28,"turns":8},{"damage":0,"enemies":"Snake Plant","floor":29,"turns":4},{"damage":13,"enemies":"Snecko","floor":31,"turns":3},{"damage":0,"enemies":"Automaton","floor":33,"turns":13},{"damage":0,"enemies":"Orb Walker","floor":35,"turns":4},{"damage":0,"enemies":"3 Shapes","floor":37,"turns":4},{"damage":0,"enemies":"Writhing Mass","floor":39,"turns":5},{"damage":4,"enemies":"Giant Head","floor":41,"turns":6},{"damage":18,"enemies":"Nemesis","floor":45,"turns":5},{"damage":0,"enemies":"Sphere and 2 Shapes","floor":47,"turns":4},{"damage":0,"enemies":"Time Eater","floor":50,"turns":6},{"damage":4,"enemies":"Awakened One","floor":51,"turns":8},{"damage":0,"enemies":"Shield and Spear","floor":55,"turns":6},{"damage":0,"enemies":"The Heart","floor":56,"turns":7}],"seed_played":"-1574208395990209314","potions_obtained":[{"floor":3.0,"key":"Regen Potion"},{"floor":13,"key":"PowerPotion"},{"floor":19,"key":"PowerPotion"},{"floor":22,"key":"ColorlessPotion"},{"floor":27,"key":"LiquidMemories"},{"floor":29,"key":"ColorlessPotion"},{"floor":33,"key":"FocusPotion"},{"floor":35,"key":"PotionOfCapacity"},{"floor":45,"key":"PowerPotion"}],"is_trial":false,"path_per_floor":["M","?","M","?","$","R","E","R","T","?","T","?","M","E","R","B",null,"M","?","$","M","?","E","R","?","T","M","E","M","R","M","R","B",null,"M","$","M","?","M","R","E","R","T","R","E","$","M","?","R","B","B",null,"R","$","E","B",null],"character_chosen":"DEFECT","items_purchased":["halation:NonexistentMirror","BootSequence","Impatience","Defragment","Membership Card","Anchor","Gambling Chip","Seek"],"campfire_rested":8,"item_purchase_floors":[5,5,5,20,36,36,36,46],"current_hp_per_floor":[63,63,63,9,9,30,28,49,49,49,56,56,56,39,60,14,57,55,55,55,37,37,28,49,49,49,49,9,9,30,17,38,38,63,63,63,63,63,63,63,59,59,59,59,41,56,56,56,56,56,52,52,52,52,52,52],"gold":62,"neow_bonus":"RANDOM_COMMON_RELIC","is_daily":false,"chose_seed":false,"campfire_upgraded":2,"win_rate":0.0,"timestamp":1607937688,"path_taken":["M","?","M","?","$","R","E","R","T","?","?","?","M","E","R","BOSS","M","?","$","M","?","E","R","?","T","M","E","M","R","M","R","BOSS","M","$","M","?","M","R","E","R","T","R","E","?","M","?","R","BOSS","BOSS","R","$","E","BOSS"],"items_purchased_type":["Relic","Card","Card","Card","Relic","Relic","Relic","Card"],"build_version":"2020-12-13","purchased_purges":5,"victory":true,"max_hp_per_floor":[71,71,71,71,71,71,71,71,71,71,78,71,71,71,71,71,71,71,71,71,71,71,71,71,71,71,71,71,71,71,71,71,71,71,71,71,71,71,71,71,71,71,71,71,71,71,71,71,71,71,71,71,71,71,71,71],"card_choices":[{"not_picked":["Coolheaded","Hologram"],"picked":"Leap","floor":1.0},{"not_picked":["Redo","Turbo"],"picked":"Hologram","floor":3.0},{"not_picked":["Fusion","Sweeping Beam"],"picked":"Loop","floor":7},{"not_picked":["Streamline","Rip and Tear"],"picked":"Force Field","floor":13},{"not_picked":["Self Repair","Compile Driver"],"picked":"Core Surge","floor":14},{"not_picked":["Sweeping Beam","Streamline"],"picked":"Glacier+1","floor":18},{"not_picked":["Cold Snap+1","Hello World","Self Repair"],"picked":"SKIP","floor":21},{"not_picked":["Barrage","Compile Driver","Stack"],"picked":"SKIP","floor":23},{"not_picked":["Redo","Scrape","Leap"],"picked":"SKIP","floor":27},{"not_picked":["Barrage","Hologram","Sunder"],"picked":"SKIP","floor":28},{"not_picked":["Amplify","Rebound","Stack"],"picked":"SKIP","floor":29},{"not_picked":["Go for the Eyes","Genetic Algorithm"],"picked":"Lockon","floor":31},{"not_picked":["Coolheaded","Go for the Eyes","Gash"],"picked":"SKIP","floor":35},{"not_picked":["Stack","Lockon","Rebound"],"picked":"SKIP","floor":37},{"not_picked":["Coolheaded+1","Leap+1","Consume"],"picked":"SKIP","floor":39},{"not_picked":["Streamline","Gash+1"],"picked":"Ball Lightning","floor":41},{"not_picked":["Steam","Chaos","Beam Cell"],"picked":"SKIP","floor":45},{"not_picked":["Lockon","Gash","Rip and Tear"],"picked":"SKIP","floor":47},{"not_picked":["Redo","Ball Lightning+1","Steam+1"],"picked":"SKIP","floor":55}],"player_experience":996621,"relics_obtained":[{"floor":7,"key":"Symbiotic Virus"},{"floor":9,"key":"Mercury Hourglass"},{"floor":11,"key":"Strawberry"},{"floor":14,"key":"Emotion Chip"},{"floor":23,"key":"Cables"},{"floor":28,"key":"Potion Belt"},{"floor":41,"key":"Incense Burner"},{"floor":43,"key":"MealTicket"},{"floor":45,"key":"Omamori"},{"floor":55,"key":"Bag of Preparation"}],"event_choices":[{"damage_healed":0.0,"max_hp_gain":0.0,"max_hp_loss":0.0,"gold_gain":0.0,"event_name":"Upgrade Shrine","player_choice":"Upgraded","floor":2.0,"gold_loss":0.0,"damage_taken":0.0,"cards_upgraded":["Zap"]},{"damage_healed":0.0,"max_hp_gain":0.0,"max_hp_loss":0.0,"gold_gain":268.0,"event_name":"betterSkull:BetterSkull","player_choice":"GO GO RE RE GO ","floor":4.0,"gold_loss":0.0,"damage_taken":61.0,"cards_upgraded":[],"relics_obtained":["Lantern","Smiling Mask"]},{"damage_healed":0,"gold_gain":0,"player_choice":"Leave","damage_taken":0,"max_hp_gain":0,"max_hp_loss":0,"event_name":"FaceTrader","floor":10,"gold_loss":0},{"damage_healed":0,"gold_gain":0,"player_choice":"Lose Max HP","damage_taken":0,"relics_obtained":["Golden Idol"],"max_hp_gain":0,"max_hp_loss":7,"event_name":"Golden Idol","floor":12,"gold_loss":0},{"damage_healed":0,"gold_gain":0,"player_choice":"Bought 1 Potion","damage_taken":0,"max_hp_gain":0,"max_hp_loss":0,"event_name":"The Woman in Blue","floor":19,"gold_loss":0},{"damage_healed":0,"gold_gain":0,"player_choice":"Got Potions","damage_taken":0,"max_hp_gain":0,"max_hp_loss":0,"event_name":"Lab","floor":22,"gold_loss":0},{"damage_healed":0,"gold_gain":200,"player_choice":"Gold","damage_taken":0,"max_hp_gain":0,"max_hp_loss":0,"event_name":"Wheel of Change","floor":25,"gold_loss":0},{"damage_healed":0,"gold_gain":0,"player_choice":"Upgraded","damage_taken":0,"max_hp_gain":0,"max_hp_loss":0,"event_name":"Upgrade Shrine","floor":38,"gold_loss":0,"cards_upgraded":["Dualcast"]},{"damage_healed":0,"gold_gain":0,"player_choice":"Upgrade","damage_taken":0,"relics_obtained":["Mark of the Bloom"],"max_hp_gain":0,"max_hp_loss":0,"event_name":"MindBloom","floor":48,"gold_loss":0,"cards_upgraded":["Strike_B","Strike_B","Defend_B","Defend_B","Leap","BootSequence","BootSequence","Impatience","Impatience","Loop","Loop","Loop","Loop","Force Field","Force Field","Force Field","Force Field","Core Surge","Core Surge","Core Surge","Core Surge","Defragment","Defragment","Defragment","Defragment","Defragment","Defragment","Lockon","Lockon","Lockon","Lockon","Ball Lightning","Ball Lightning","Ball Lightning","Ball Lightning","Ball Lightning","Seek","Seek","Seek","Seek","Seek","Seek"]}],"is_beta":false,"boss_relics":[{"not_picked":["Velvet Choker","Coffee Dripper"],"picked":"energizedSpire:NeverEndingSparkler"},{"not_picked":["energizedSpire:StickyHand","halation:MonkeysPaw"],"picked":"Runic Pyramid"}],"items_purged_floors":[5,20,36,46,54],"is_endless":false,"potions_floor_spawned":[3,13,27,29,33,35,41,45,47],"ascension_level":20}}