{"host":"ul103bh19qas5vs8","time":1607939492,"event":{"mods":["BaseMod","Downfall","Googly Eyes","Minty Spire (QoL Compilation)","Replay The Spire","Shop Mod","StSLib"],"gold_per_floor":[99,129,129,129,163,163,163,188,113,142,157,172,115,135,159,270,270,270,370,295,311,348,0,24,55,55,88,106,122,142,161,161,161],"floor_reached":32,"playtime":1485,"items_purged":["Slimebound:Split","Slimebound:Defend_Slimebound"],"score":344,"play_id":"99a005b8-e657-473e-820d-78537c59ca2b","local_time":"20201214175132","is_ascension_mode":true,"campfire_choices":[{"data":"Slimebound:CorrosiveSpit","floor":1.0,"key":"SMITH"},{"data":"Slimebound:GoopSpray","floor":4.0,"key":"SMITH"},{"data":"Slimebound:Darklings","floor":6.0,"key":"SMITH"},{"data":"Slimebound:Recollect","floor":9.0,"key":"SMITH"},{"floor":18,"key":"RECALL"},{"data":"Slimebound:Recycling","floor":20,"key":"SMITH"},{"data":"Slimebound:Tackle","floor":26,"key":"SMITH"}],"circlet_count":0,"master_deck":["Slimebound:Strike_Slimebound","Slimebound:Strike_Slimebound","Slimebound:Tackle+1","Slimebound:Defend_Slimebound","Slimebound:Defend_Slimebound","Slimebound:Defend_Slimebound","Slimebound:CorrosiveSpit+1","Slimebound:GoopSpray+1","Slimebound:Darklings+1","Slimebound:Recollect+1","Slimebound:Recycling+1","Slimebound:LeechingTouch+1","Slimebound:Prepare+1","Slimebound:Replication","Slimebound:FinishingTackle"],"relics":["Slimebound:AbsorbEndCombat","Smiling Mask","Happy Flower","FossilizedHelix","Centennial Puzzle","downfall:HeartBlessingBlue","Replay:Bandana","Slimebound:TarBlob","downfall:HeartBlessingRed","Pen Nib","Prayer Wheel","Slimebound:AggressiveSlimeRelic","Regal Pillow","Shuriken"],"acts_visited":["Exordium","TheCity"],"potions_floor_usage":[27],"damage_taken":[{"damage":34.0,"enemies":"3 Sentries","floor":2.0,"turns":10.0},{"damage":18.0,"enemies":"Lagavulin","floor":5.0,"turns":7.0},{"damage":16.0,"enemies":"3 Sentries","floor":8.0,"turns":5.0},{"damage":29.0,"enemies":"Lagavulin","floor":10.0,"turns":5.0},{"damage":0.0,"enemies":"Jaw Worm","floor":11.0,"turns":2.0},{"damage":15.0,"enemies":"Cultist","floor":12.0,"turns":3.0},{"damage":22.0,"enemies":"downfall:FleeingMerchant","floor":13.0,"turns":4.0},{"damage":20.0,"enemies":"2 Louse","floor":14.0,"turns":2.0},{"damage":23.0,"enemies":"Exordium Wildlife","floor":15.0,"turns":3.0},{"damage":50.0,"enemies":"downfall:Watcher","floor":16.0,"turns":5.0},{"damage":54,"enemies":"Shell Parasite","floor":21,"turns":4},{"damage":107,"enemies":"Slavers","floor":22,"turns":4},{"damage":84,"enemies":"downfall:FleeingMerchant","floor":23,"turns":4},{"damage":112,"enemies":"Replay:Snechameleon","floor":25,"turns":4},{"damage":119,"enemies":"Slavers","floor":27,"turns":4},{"damage":72,"enemies":"Chosen","floor":28,"turns":3},{"damage":75,"enemies":"Sentry and Sphere","floor":29,"turns":4},{"damage":60,"enemies":"Centurion and Healer","floor":30,"turns":3},{"damage":106,"enemies":"Shelled Parasite and Fungi","floor":31,"turns":4},{"damage":0,"enemies":"Cultist and Chosen","floor":32,"turns":1}],"seed_played":"-6879995090509120004","potions_obtained":[{"floor":5.0,"key":"Slimebound:ThreeZeroPotion"},{"floor":8.0,"key":"Strength Potion"},{"floor":10.0,"key":"Fire Potion"},{"floor":14.0,"key":"Flashbang"},{"floor":21,"key":"Milkshake"},{"floor":29,"key":"Strength Potion"}],"is_trial":false,"path_per_floor":["R","E","?","R","E","R","T","E","R","E","M","M","$","M","M","B",null,"R","?","R","M","E","$","T","E","R","E","M","M","M","M","M"],"character_chosen":"SLIMEBOUND","items_purchased":["Prayer Wheel"],"campfire_rested":0,"item_purchase_floors":[23],"current_hp_per_floor":[60,34,34,34,36,36,36,52,62,70,70,70,64,70,70,67,70,70,70,70,70,59,70,70,70,70,53,67,63,70,58,58,58],"gold":161,"neow_bonus":"RANDOM_COMMON_RELIC","is_daily":false,"chose_seed":false,"campfire_upgraded":6,"win_rate":0.0,"timestamp":1607939492,"path_taken":["R","E","?","R","E","R","T","E","R","E","M","?","$","M","M","BOSS","R","?","R","M","E","$","T","E","R","E","M","M","?","M","M"],"items_purchased_type":["Relic"],"build_version":"2020-12-13","purchased_purges":2,"victory":false,"max_hp_per_floor":[60,60,60,60,60,60,60,60,70,70,70,70,70,70,70,70,70,70,70,70,70,70,70,70,70,70,70,70,70,70,70,70,70],"card_choices":[{"not_picked":["Slimebound:ComboTackle","Slimebound:SplitAcid"],"picked":"Slimebound:GoopSpray","floor":2.0},{"not_picked":["Slimebound:SamplingLick","Slimebound:FirmFortitude"],"picked":"Slimebound:Darklings","floor":5.0},{"not_picked":["Slimebound:SamplingLick","Slimebound:ServeAndProtect"],"picked":"Slimebound:Recollect","floor":8.0},{"not_picked":["Slimebound:RainOfGoop","Slimebound:FormOfPuddle","Slimebound:Equalize"],"picked":"SKIP","floor":10.0},{"not_picked":["Slimebound:SplitSpecialist","Slimebound:SplitLeeching","Slimebound:DivideAndConquer"],"picked":"SKIP","floor":11.0},{"not_picked":["Slimebound:PressTheAttack","Slimebound:DouseInSlime","Slimebound:AcidTongue"],"picked":"SKIP","floor":12.0},{"not_picked":["Slimebound:SplitLeeching","Slimebound:LeechEnergy","Slimebound:Schlurp"],"picked":"SKIP","floor":13.0},{"not_picked":["Slimebound:Chomp","Slimebound:ComboTackle","Slimebound:RollThrough"],"picked":"SKIP","floor":14.0},{"not_picked":["Slimebound:PressTheAttack","Slimebound:Grow","Slimebound:DivideAndConquer"],"picked":"SKIP","floor":15.0},{"not_picked":["Slimebound:DouseInSlime","Slimebound:MassRepurpose"],"picked":"Slimebound:Recycling","floor":16.0},{"not_picked":["Slimebound:RollThrough","Slimebound:DivideAndConquer+1","Slimebound:LeechEnergy"],"picked":"SKIP","floor":21},{"not_picked":["Slimebound:GoopSpray","Slimebound:ViciousTackle+1","Slimebound:FinishingTackle"],"picked":"SKIP","floor":22},{"not_picked":["Slimebound:DivideAndConquer","Slimebound:SplitLeeching","Slimebound:SamplingLick"],"picked":"SKIP","floor":23},{"not_picked":["Slimebound:Dissolve","Slimebound:SlimeSpikes","Slimebound:Nibble"],"picked":"SKIP","floor":25},{"not_picked":["Slimebound:DuplicatedForm","Slimebound:SlimeSpikes","Slimebound:SplitAcid"],"picked":"SKIP","floor":27},{"not_picked":["Slimebound:PressTheAttack","Slimebound:ComboTackle"],"picked":"Slimebound:LeechingTouch+1","floor":28},{"not_picked":["Slimebound:ViciousTackle","Slimebound:SplitLeeching","Slimebound:SamplingLick"],"picked":"SKIP","floor":28},{"not_picked":["Slimebound:OozeBath","Slimebound:RejuvenatingLick+1"],"picked":"Slimebound:Prepare+1","floor":29},{"not_picked":["Slimebound:PressTheAttack","Slimebound:LeechingTouch+1"],"picked":"Slimebound:Replication","floor":29},{"not_picked":["Slimebound:LeechEnergy","Slimebound:Nibble","Slimebound:FinishingTackle"],"picked":"SKIP","floor":30},{"not_picked":["Slimebound:SplitBruiser","Slimebound:ServeAndProtect","Slimebound:GoopTackle"],"picked":"SKIP","floor":30},{"not_picked":["Slimebound:LeechEnergy","Slimebound:Nibble"],"picked":"Slimebound:FinishingTackle","floor":30},{"not_picked":["Slimebound:SplitBruiser","Slimebound:ServeAndProtect","Slimebound:GoopTackle"],"picked":"SKIP","floor":30},{"not_picked":["Slimebound:Schlurp","Slimebound:SlimeBarrage","Slimebound:FinishingTackle"],"picked":"SKIP","floor":31},{"not_picked":["Slimebound:LivingWall","Slimebound:Nibble+1","Slimebound:SlimeSpikes"],"picked":"SKIP","floor":31}],"player_experience":107176,"relics_obtained":[{"floor":2.0,"key":"Happy Flower"},{"floor":5.0,"key":"FossilizedHelix"},{"floor":8.0,"key":"Centennial Puzzle"},{"floor":10.0,"key":"Replay:Bandana"},{"floor":22,"key":"Pen Nib"},{"floor":24,"key":"Slimebound:AggressiveSlimeRelic"},{"floor":25,"key":"Regal Pillow"},{"floor":27,"key":"Shuriken"}],"event_choices":[{"cards_removed":["Slimebound:Strike_Slimebound"],"damage_healed":0.0,"max_hp_gain":0.0,"max_hp_loss":0.0,"gold_gain":0.0,"event_name":"Purifier","player_choice":"Purged","floor":3.0,"gold_loss":0.0,"damage_taken":0.0}],"is_beta":false,"boss_relics":[{"not_picked":["Abe\u0027s Treasure","Honey Jar"],"picked":"Slimebound:TarBlob"}],"items_purged_floors":[13,23],"is_endless":false,"potions_floor_spawned":[5,8,10,14,21,25,29,30,31],"killed_by":"Cultist and Chosen","ascension_level":1}}