{"host":"0vd2boh2oi7jm085","time":1607945531,"event":{"mods":["BaseMod","Colored Map","Colored Powertips","Highlight Path","Minty Spire (QoL Compilation)","Quick Restart","StSLib","The IronCluck"],"gold_per_floor":[112,130,130,147,10,10,24,24,69,69,82,3,21,21,21,100,100,119,69,82,92,92,126,126,28,75,92,92,92,108,131,131,131,131],"floor_reached":33,"playtime":629,"items_purged":[],"score":500,"play_id":"6d377f2c-354a-45d9-a20e-4f04eda95ce5","local_time":"20201214033211","is_ascension_mode":true,"campfire_choices":[{"data":"Carnage","floor":6,"key":"SMITH"},{"data":"Dramatic Entrance","floor":8,"key":"SMITH"},{"data":"Spot Weakness","floor":10,"key":"SMITH"},{"data":"Infernal Blade","floor":15,"key":"SMITH"},{"floor":24,"key":"REST"},{"floor":29,"key":"REST"},{"floor":32,"key":"REST"}],"circlet_count":0,"master_deck":["AscendersBane","Defend_R","Defend_R","Defend_R","Defend_R","Bash","Spot Weakness+1","Cleave","Carnage+1","Dramatic Entrance+1","Infernal Blade+1","Flex","Limit Break+1","Flex","Shrug It Off+1","Jack Of All Trades","Bite","Bite","Bite","Bite","Bite"],"relics":["Burning Blood","NeowsBlessing","Centennial Puzzle","Sozu","Bag of Marbles","MealTicket","Oddly Smooth Stone"],"acts_visited":["Exordium","TheCity"],"potions_floor_usage":[16,16],"damage_taken":[{"damage":0,"enemies":"Cultist","floor":1,"turns":1},{"damage":0,"enemies":"Jaw Worm","floor":2,"turns":1},{"damage":0,"enemies":"Small Slimes","floor":4,"turns":2},{"damage":0,"enemies":"Gremlin Gang","floor":7,"turns":1},{"damage":8,"enemies":"Blue Slaver","floor":11,"turns":2},{"damage":12,"enemies":"Large Slime","floor":13,"turns":4},{"damage":12,"enemies":"Slime Boss","floor":16,"turns":5},{"damage":7,"enemies":"Chosen","floor":18,"turns":3},{"damage":11,"enemies":"2 Thieves","floor":20,"turns":2},{"damage":7,"enemies":"3 Cultists","floor":21,"turns":3},{"damage":62,"enemies":"Book of Stabbing","floor":23,"turns":5},{"damage":18,"enemies":"Snake Plant","floor":27,"turns":3},{"damage":24,"enemies":"Sentry and Sphere","floor":30,"turns":5},{"damage":46,"enemies":"Champ","floor":33,"turns":10}],"seed_played":"-6625860350198106219","potions_obtained":[{"floor":4,"key":"Fire Potion"},{"floor":7,"key":"FearPotion"}],"is_trial":false,"path_per_floor":["M","M","?","M","$","R","M","R","T","R","M","$","M","$","R","B",null,"M","?","M","M","?","E","R","$","T","M","?","R","M","T","R","B"],"character_chosen":"IRONCLAD","items_purchased":["Carnage","Dramatic Entrance","Infernal Blade","Jack Of All Trades"],"campfire_rested":3,"item_purchase_floors":[5,5,12,25],"current_hp_per_floor":[74,75,75,75,75,75,75,75,75,75,73,73,67,67,67,61,72,71,71,66,65,65,9,31,31,31,19,19,34,26,26,41,23,23],"gold":131,"neow_bonus":"THREE_ENEMY_KILL","is_daily":false,"chose_seed":false,"campfire_upgraded":4,"win_rate":0.0,"timestamp":1607945531,"path_taken":["M","M","?","M","$","R","M","R","T","R","M","?","M","?","R","BOSS","M","?","M","?","?","E","R","$","T","?","?","R","M","?","R","BOSS"],"items_purchased_type":["Card","Card","Card","Card"],"build_version":"2020-12-13","purchased_purges":0,"victory":false,"max_hp_per_floor":[75,75,75,75,75,75,75,75,75,75,75,75,75,75,75,75,75,75,75,75,75,75,75,75,75,75,75,52,52,52,52,52,52,52],"card_choices":[{"not_picked":["Thunderclap","Pommel Strike"],"picked":"Spot Weakness","floor":1},{"not_picked":["Iron Wave","True Grit"],"picked":"Cleave","floor":2},{"not_picked":["Hemokinesis","Clash","Body Slam"],"picked":"SKIP","floor":4},{"not_picked":["Clash","Sword Boomerang","Rampage"],"picked":"SKIP","floor":7},{"not_picked":["Searing Blow","Bloodletting","Warcry"],"picked":"SKIP","floor":11},{"not_picked":["Sword Boomerang","Feed"],"picked":"Flex","floor":13},{"not_picked":["Barricade","Fiend Fire"],"picked":"Limit Break","floor":16},{"not_picked":["Clash","Perfected Strike","Hemokinesis"],"picked":"SKIP","floor":18},{"not_picked":["Iron Wave","Searing Blow+1"],"picked":"Flex","floor":20},{"not_picked":["Rupture","True Grit","Twin Strike"],"picked":"SKIP","floor":21},{"not_picked":["Flex","Intimidate+1"],"picked":"Shrug It Off+1","floor":23},{"not_picked":["Wild Strike","Uppercut","Impervious"],"picked":"SKIP","floor":27},{"not_picked":["Armaments","Rampage","Iron Wave"],"picked":"SKIP","floor":30}],"player_experience":85460,"relics_obtained":[{"floor":9,"key":"Centennial Puzzle"},{"floor":23,"key":"Bag of Marbles"},{"floor":26,"key":"MealTicket"},{"floor":31,"key":"Oddly Smooth Stone"}],"event_choices":[{"damage_healed":0,"gold_gain":0,"player_choice":"Ignored","damage_taken":0,"max_hp_gain":0,"max_hp_loss":0,"event_name":"Transmorgrifier","floor":3,"gold_loss":0},{"damage_healed":0,"gold_gain":0,"player_choice":"Upgrade","damage_taken":0,"max_hp_gain":0,"max_hp_loss":0,"event_name":"Designer","floor":19,"gold_loss":50,"cards_upgraded":["Limit Break"]},{"damage_healed":0,"gold_gain":0,"player_choice":"Ignored","damage_taken":0,"max_hp_gain":0,"max_hp_loss":0,"event_name":"Purifier","floor":22,"gold_loss":0},{"damage_healed":0,"gold_gain":0,"player_choice":"Became a vampire","damage_taken":0,"max_hp_gain":0,"max_hp_loss":23,"event_name":"Vampires","floor":28,"gold_loss":0,"cards_obtained":["Bite","Bite","Bite","Bite","Bite"]}],"is_beta":false,"boss_relics":[{"not_picked":["Ectoplasm","Empty Cage"],"picked":"Sozu"}],"items_purged_floors":[],"is_endless":false,"potions_floor_spawned":[4,7,18,23,27],"killed_by":"Champ","ascension_level":17}}