{"host":"swphzoo6hmc78epl","time":1607906010,"event":{"mods":["BaseMod","Highlight Path","Minty Spire (QoL Compilation)","Quick Restart"],"gold_per_floor":[212,230,230,53,79,113,113,138,138,164,184,217,234,234,234,234,234],"floor_reached":16,"playtime":862,"items_purged":[],"score":214,"play_id":"8f186808-7c13-4f86-837f-484235b44f9b","local_time":"20201213193330","is_ascension_mode":true,"campfire_choices":[{"data":"Glass Knife","floor":7,"key":"SMITH"},{"floor":15,"key":"REST"}],"circlet_count":0,"master_deck":["Strike_P","Strike_P","Strike_P","Strike_P","Defend_P","Defend_P","Defend_P","Defend_P","Eruption","Vigilance","FlyingSleeves","JustLucky","JustLucky","Glass Knife+1","CutThroughFate","Protect","Dodge and Roll","Inflame"],"relics":["PureWater","PrismaticShard","Omamori","Turnip","Damaru","Eternal Feather","Ornamental Fan","Regal Pillow"],"acts_visited":["Exordium"],"potions_floor_usage":[6,8,12,16],"damage_taken":[{"damage":1,"enemies":"Small Slimes","floor":1,"turns":3},{"damage":0,"enemies":"Cultist","floor":2,"turns":4},{"damage":44,"enemies":"Lagavulin","floor":6,"turns":8},{"damage":6,"enemies":"Gremlin Nob","floor":8,"turns":3},{"damage":0,"enemies":"Lagavulin","floor":10,"turns":4},{"damage":0,"enemies":"2 Louse","floor":11,"turns":2},{"damage":0,"enemies":"Gremlin Nob","floor":12,"turns":3},{"damage":0,"enemies":"Exordium Wildlife","floor":13,"turns":3},{"damage":65,"enemies":"Hexaghost","floor":16,"turns":9}],"seed_played":"-5939529556631328663","potions_obtained":[{"floor":2,"key":"Weak Potion"},{"floor":6,"key":"Weak Potion"},{"floor":11,"key":"PowerPotion"},{"floor":12,"key":"GamblersBrew"},{"floor":13,"key":"LiquidMemories"}],"is_trial":false,"path_per_floor":["M","M","?","$","T","E","R","E","T","E","M","E","M","?","R","B"],"character_chosen":"WATCHER","items_purchased":["PrismaticShard","JustLucky"],"campfire_rested":1,"item_purchase_floors":[4,4],"current_hp_per_floor":[71,71,64,64,64,20,20,14,14,14,14,14,14,14,59,0,0],"gold":234,"neow_bonus":"HUNDRED_GOLD","is_daily":false,"chose_seed":false,"campfire_upgraded":1,"win_rate":0.0,"timestamp":1607906010,"path_taken":["M","M","?","$","?","E","R","E","T","E","M","E","M","?","R","BOSS"],"items_purchased_type":["Relic","Card"],"build_version":"2020-12-13","purchased_purges":0,"victory":false,"max_hp_per_floor":[72,72,72,72,72,72,72,72,72,72,72,72,72,72,72,72,72],"card_choices":[{"not_picked":["CrushJoints","Consecrate"],"picked":"FlyingSleeves","floor":1},{"not_picked":["Protect","FlyingSleeves"],"picked":"JustLucky","floor":2},{"not_picked":["Protect","Sweeping Beam"],"picked":"Glass Knife","floor":6},{"not_picked":["Prostrate","ConjureBlade"],"picked":"CutThroughFate","floor":8},{"not_picked":["Mind Blast","Barrage"],"picked":"Protect","floor":10},{"not_picked":["Armaments","SashWhip"],"picked":"Dodge and Roll","floor":11},{"not_picked":["Consecrate","Thunderclap"],"picked":"Inflame","floor":12},{"not_picked":["Collect","Enlightenment","Evaluate"],"picked":"SKIP","floor":13}],"player_experience":734810,"relics_obtained":[{"floor":5,"key":"Omamori"},{"floor":6,"key":"Turnip"},{"floor":8,"key":"Damaru"},{"floor":9,"key":"Eternal Feather"},{"floor":10,"key":"Ornamental Fan"},{"floor":12,"key":"Regal Pillow"}],"event_choices":[{"damage_healed":0,"gold_gain":0,"player_choice":"Damaged","damage_taken":7,"max_hp_gain":0,"max_hp_loss":0,"event_name":"Wheel of Change","floor":3,"gold_loss":0},{"damage_healed":0,"gold_gain":0,"player_choice":"Ignored","damage_taken":0,"max_hp_gain":0,"max_hp_loss":0,"event_name":"Shining Light","floor":14,"gold_loss":0}],"is_beta":false,"boss_relics":[],"items_purged_floors":[],"is_endless":false,"potions_floor_spawned":[2,6,11,12,13],"killed_by":"Hexaghost","ascension_level":4}}