{"host":"z2r87akzpwm9sj6o","time":1607914943,"event":{"mods":["A Magickal Journey","Act Like it!","BaseMod","Downfall","Duelist Mod","Gensokyo","Highlight Path","Infinite Spire","KinomotoSakuraMod(????)","Marisa????????","Minty Spire (QoL Compilation)","Quick Restart","READ ME - Guardian Mod","Reimu??????","StSLib","The Bug Knight","The Cursed","The Druid","The Forsaken","The Necromancer","The Servant 0.9.4","TheBandit"],"gold_per_floor":[114,114,114,131,148,182,29,29,78,88,88,98,98,114,114,211,261,246,0,0,0],"floor_reached":20,"playtime":1005,"items_purged":[],"score":174,"play_id":"3e8701b2-f69d-4969-bebb-009b72357e7b","local_time":"20201214030223","is_ascension_mode":false,"campfire_choices":[{"floor":8,"key":"REST"},{"floor":11,"key":"REST"},{"floor":13,"key":"REST"},{"floor":15,"key":"REST"}],"circlet_count":0,"master_deck":["HollowMod:NailStrikeStart","HollowMod:NailStrikeStart","HollowMod:NailStrikeStart","HollowMod:NailStrikeStart","HollowMod:QuickDashStart","HollowMod:QuickDashStart","HollowMod:QuickDashStart","HollowMod:QuickDashStart","HollowMod:PogoStrike","HollowMod:ShadowDash","HollowMod:BaldurShell","HollowMod:DungDefenderAura","HollowMod:ElderbugsWisdom","HollowMod:RecoilStrike+1","HollowMod:TaintedHusks","HollowMod:GoodIntentions","HollowMod:SlysStrikes","HollowMod:GrimmsGift","HollowMod:MawleksShell+1","HollowMod:NewLastStag"],"relics":["HollowMod:VesselMask","Blood Vial","Gensokyo:Justice","Ice Cream","HandDrill","Tiny Chest","Tiny House"],"acts_visited":["Exordium","TheCity"],"potions_floor_usage":[16,16],"damage_taken":[{"damage":2,"enemies":"Gensokyo:3_Fairies","floor":1,"turns":4},{"damage":1,"enemies":"Gensokyo:Gryphon","floor":4,"turns":5},{"damage":2,"enemies":"Gensokyo:2_Kodama","floor":5,"turns":5},{"damage":54,"enemies":"Gensokyo:Aya","floor":6,"turns":9},{"damage":14,"enemies":"Gensokyo:Kitsune","floor":10,"turns":5},{"damage":21,"enemies":"Gensokyo:Python_and_Kodama","floor":12,"turns":5},{"damage":17,"enemies":"Gensokyo:CorruptedTreant","floor":14,"turns":3},{"damage":41,"enemies":"Gensokyo:Yukari","floor":16,"turns":12},{"damage":50,"enemies":"2 Thieves","floor":18,"turns":5},{"damage":42,"enemies":"Shell Parasite","floor":20,"turns":7}],"seed_played":"8047161317375707951","potions_obtained":[{"floor":12,"key":"Block Potion"},{"floor":14,"key":"sneckomod:MuddlingPotion"},{"floor":17,"key":"AttackPotion"}],"is_trial":false,"path_per_floor":["M","?","?","M","M","E","$","R","T","M","R","M","R","M","R","B",null,"M","?","M"],"character_chosen":"THE_BUGKNIGHT","items_purchased":["HandDrill"],"campfire_rested":4,"item_purchase_floors":[7],"current_hp_per_floor":[80,64,64,65,65,13,13,37,37,25,49,30,54,39,63,24,87,37,37,0,0],"gold":0,"neow_bonus":"TEN_PERCENT_HP_BONUS","is_daily":false,"chose_seed":false,"campfire_upgraded":0,"win_rate":0.0,"timestamp":1607914943,"path_taken":["M","?","?","M","M","E","$","R","T","M","R","M","R","M","R","BOSS","M","?","M"],"items_purchased_type":["Relic"],"build_version":"2020-12-13","purchased_purges":0,"victory":false,"max_hp_per_floor":[82,82,82,82,82,82,82,82,82,82,82,82,82,82,82,82,87,87,87,87,87],"card_choices":[{"not_picked":["HollowMod:NewJinnsSoul","HollowMod:ChannelNail"],"picked":"HollowMod:ShadowDash","floor":1},{"not_picked":["HollowMod:RecoilStrike","HollowMod:DescendingDark"],"picked":"HollowMod:BaldurShell","floor":4},{"not_picked":["HollowMod:ShadowDash","HollowMod:AbyssShriek"],"picked":"HollowMod:DungDefenderAura","floor":5},{"not_picked":["HollowMod:CornifersMapStart","HollowMod:SoulShaman"],"picked":"HollowMod:ElderbugsWisdom","floor":6},{"not_picked":["HollowMod:HowlingWraiths","HollowMod:AbyssShriek"],"picked":"HollowMod:RecoilStrike","floor":10},{"not_picked":["HollowMod:SoulSplash","HollowMod:HowlingWraiths"],"picked":"HollowMod:TaintedHusks","floor":12},{"not_picked":["HollowMod:DashSlash","HollowMod:NewLittleFool"],"picked":"HollowMod:GoodIntentions","floor":14},{"not_picked":["HollowMod:Hiveblood","HollowMod:NewInfectedGuardian"],"picked":"HollowMod:SlysStrikes","floor":16},{"not_picked":["HollowMod:WraithStrike","HollowMod:CornifersMapStart"],"picked":"HollowMod:GrimmsGift","floor":17},{"not_picked":["HollowMod:CornifersMapStart","HollowMod:InfectedCysts"],"picked":"HollowMod:MawleksShell+1","floor":18}],"player_experience":162823,"relics_obtained":[{"floor":6,"key":"Ice Cream"},{"floor":9,"key":"Tiny Chest"}],"event_choices":[],"is_beta":false,"boss_relics":[{"not_picked":["Empty Cage","Pandora\u0027s Box"],"picked":"Tiny House"}],"items_purged_floors":[],"is_endless":false,"potions_floor_spawned":[12,14],"killed_by":"Shell Parasite","ascension_level":0}}