{"host":"mvw7i28zi3kj0eu9","time":1607948622,"event":{"mods":["AchievementEnabler","BaseMod","Better Third Choice","BetterRewards","Block Reminder","Conspire","Custom Start","Downfall","Energized Spire","Halation","Hermit","Hubris","Infinite Spire","Jorbs\u0027s Wanderer Trilogy","Minty Spire (QoL Compilation)","Replay The Spire","Shop Mod","Small Relic Pack","Spikes Relics","StSLib","The Blue Laboratory","The Necromancer","The Servant 0.9.4","Virulent Crown"],"gold_per_floor":[111,111,111,121,121,148,165,165,188,188,213,176,176,190,190,292,292,307,319,319,331,286,302,314,314,314],"floor_reached":25,"playtime":409,"items_purged":["Defend_R"],"score":203,"play_id":"04517a48-ab8c-401f-81f9-f7f61e1fa7e9","local_time":"20201214132342","is_ascension_mode":false,"campfire_choices":[{"data":"Sword Boomerang","floor":8,"key":"SMITH"},{"floor":13,"key":"REST"},{"data":"Strike_R","floor":15,"key":"SMITH"}],"circlet_count":0,"master_deck":["Strike_R","Strike_R+1","Strike_R","Strike_R+1","Defend_R","Defend_R","Defend_R","Bash+1","Sword Boomerang+1","Barricade","CurseOfTheBell","Reaper"],"relics":["Burning Blood","Bag of Marbles","Calipers","Brimstone","relicPack:DSword","Odd Mushroom","MerchantsRug","Juzu Bracelet","infinitespire:FocusingShard","halation:Trompette"],"acts_visited":["Exordium","TheCity"],"potions_floor_usage":[25,25],"damage_taken":[{"damage":2,"enemies":"Jaw Worm","floor":1,"turns":2},{"damage":0,"enemies":"Small Slimes","floor":4,"turns":2},{"damage":15,"enemies":"Lagavulin","floor":6,"turns":3},{"damage":0,"enemies":"2 Louse","floor":7,"turns":1},{"damage":0,"enemies":"The Mushroom Lair","floor":11,"turns":2},{"damage":8,"enemies":"Large Slime","floor":14,"turns":3},{"damage":19,"enemies":"The Guardian","floor":16,"turns":5},{"damage":7,"enemies":"Chosen","floor":18,"turns":3},{"damage":19,"enemies":"2 Thieves","floor":19,"turns":3},{"damage":12,"enemies":"Snecko","floor":21,"turns":3},{"damage":41,"enemies":"Snake Plant","floor":23,"turns":4},{"damage":30,"enemies":"Chosen and Byrds","floor":24,"turns":5},{"damage":31,"enemies":"Slavers","floor":25,"turns":1}],"seed_played":"1398927800257136771","potions_obtained":[{"floor":4,"key":"blueLaboratory:HorrorPotion"},{"floor":7,"key":"Swift Potion"},{"floor":11,"key":"BlessingOfTheForge"}],"is_trial":false,"path_per_floor":["M","$","?","M","?","E","M","R","T","?","?","$","R","M","R","B",null,"M","M","?","M","$","M","M","E"],"character_chosen":"IRONCLAD","items_purchased":["Bag of Marbles","Calipers","Brimstone","Sword Boomerang","MerchantsRug"],"campfire_rested":1,"item_purchase_floors":[0,0,0,0,12],"current_hp_per_floor":[80,80,80,80,64,55,61,61,61,26,32,32,56,54,54,41,80,79,66,66,60,60,33,22,0,0],"gold":314,"neow_bonus":"","is_daily":false,"chose_seed":false,"campfire_upgraded":2,"win_rate":0.0,"timestamp":1607948622,"path_taken":["M","$","?","M","?","E","M","R","T","?","?","$","R","M","R","BOSS","M","M","?","M","$","M","M","E"],"items_purchased_type":["Relic","Relic","Relic","Card","Relic"],"build_version":"2020-12-13","purchased_purges":1,"victory":false,"max_hp_per_floor":[80,80,80,80,80,80,80,80,80,80,80,80,80,80,80,80,80,80,80,80,80,80,80,80,80,80],"card_choices":[{"not_picked":["Feel No Pain","Havoc","hubris:CleavingFinish"],"picked":"SKIP","floor":1},{"not_picked":["Infernal Blade","Flex","ReplayTheSpireMod:Muscle Training"],"picked":"SKIP","floor":4},{"not_picked":["Rupture","Replay:Undeath\u0027s Touch","Disarm"],"picked":"SKIP","floor":6},{"not_picked":["Blood for Blood","Replay:Undeath\u0027s Touch","Twin Strike"],"picked":"SKIP","floor":7},{"not_picked":["Warcry","Replay:Undeath\u0027s Touch","Fire Breathing"],"picked":"SKIP","floor":14},{"not_picked":["Hemogenesis","conspire:Purge"],"picked":"Barricade","floor":16},{"not_picked":["Dual Wield","Flex","Havoc+1"],"picked":"SKIP","floor":18},{"not_picked":["Pommel Strike+1","Flex","ReplayTheSpireMod:Strike From Hell"],"picked":"SKIP","floor":19},{"not_picked":["Thunderclap","Headbutt"],"picked":"Reaper","floor":21},{"not_picked":["True Grit","Armaments+1","Ghostly Armor"],"picked":"SKIP","floor":23},{"not_picked":["ReplayTheSpireMod:Strike From Hell","Flex","Warcry"],"picked":"SKIP","floor":24}],"player_experience":840630,"relics_obtained":[{"floor":6,"key":"halation:VictoryRuler"},{"floor":9,"key":"Red Skull"},{"floor":11,"key":"Odd Mushroom"},{"floor":17,"key":"Juzu Bracelet"},{"floor":17,"key":"infinitespire:FocusingShard"},{"floor":17,"key":"halation:Trompette"}],"event_choices":[{"damage_healed":80,"gold_gain":0,"player_choice":"Upgrade","damage_taken":16,"max_hp_gain":0,"max_hp_loss":80,"event_name":"betterThird:BetterShining","floor":5,"gold_loss":0,"cards_upgraded":["Bash","Strike_R"]},{"damage_healed":0,"gold_gain":0,"player_choice":"Fought Mushrooms","damage_taken":0,"max_hp_gain":0,"max_hp_loss":0,"event_name":"Mushrooms","floor":11,"gold_loss":0},{"damage_healed":0,"gold_gain":0,"player_choice":"Leave","damage_taken":0,"max_hp_gain":0,"max_hp_loss":0,"event_name":"conspire:Investor","floor":20,"gold_loss":0}],"is_beta":false,"boss_relics":[{"not_picked":["halation:Yufonium","Ectoplasm"],"picked":"Calling Bell"}],"items_purged_floors":[22],"is_endless":false,"potions_floor_spawned":[4,7,11,14,18,24],"killed_by":"Slavers","ascension_level":0}}