{"host":"kh6fvhxn285ncg0o","time":1607918320,"event":{"mods":["Act Like it!","BaseMod","Colored Map","Friendly Minions","Keyboard Shortcuts","Minty Spire (QoL Compilation)","Quick Restart","Relic Stats","StSLib","SuperFastMode"],"gold_per_floor":[111,123,137,155,155,155,185,185,239,274,286,286,286],"floor_reached":12,"playtime":295,"items_purged":[],"score":180,"play_id":"5d243d88-6b69-4a4a-a866-4570e5ffc9dc","local_time":"20201214125840","is_ascension_mode":true,"campfire_choices":[{"data":"Apotheosis","floor":6,"key":"SMITH"},{"floor":8,"key":"REST"}],"circlet_count":0,"master_deck":["AscendersBane","Strike_R","Strike_R","Strike_R","Strike_R","Strike_R","Defend_R","Defend_R","Defend_R","Defend_R","Bash","Apotheosis+1","Shrug It Off","Disarm","Uppercut","Second Wind","Burning Pact","Flame Barrier"],"relics":["Burning Blood","Pear","Vajra","Dream Catcher"],"acts_visited":["Exordium"],"potions_floor_usage":[10,12],"damage_taken":[{"damage":4.0,"enemies":"Jaw Worm","floor":1.0,"turns":3.0},{"damage":0.0,"enemies":"Small Slimes","floor":2.0,"turns":4.0},{"damage":5,"enemies":"2 Louse","floor":3,"turns":2},{"damage":12,"enemies":"Blue Slaver","floor":4,"turns":5},{"damage":46,"enemies":"3 Sentries","floor":7,"turns":10},{"damage":6,"enemies":"Gremlin Nob","floor":10,"turns":4},{"damage":2,"enemies":"Large Slime","floor":11,"turns":7},{"damage":66,"enemies":"3 Sentries","floor":12,"turns":7}],"seed_played":"-8638292386725574012","potions_obtained":[{"floor":1.0,"key":"ColorlessPotion"},{"floor":3,"key":"Dexterity Potion"},{"floor":10,"key":"Swift Potion"},{"floor":11,"key":"Strength Potion"}],"is_trial":false,"path_per_floor":["M","M","M","M","?","R","E","R","T","E","M","E"],"character_chosen":"IRONCLAD","items_purchased":[],"campfire_rested":1,"item_purchase_floors":[],"current_hp_per_floor":[68,68,68,62,67,67,37,61,61,61,65,0,0],"gold":286,"neow_bonus":"RANDOM_COLORLESS_2","is_daily":false,"chose_seed":false,"campfire_upgraded":1,"win_rate":0.0,"timestamp":1607918320,"path_taken":["M","M","M","M","?","R","E","R","T","E","M","E"],"items_purchased_type":[],"build_version":"2020-12-13","purchased_purges":0,"victory":false,"max_hp_per_floor":[68,68,68,68,73,73,83,83,83,83,83,83,83],"relic_stats":{"Dream Catcher":0,"counters":[8,42],"obtain_stats":[{"Dream Catcher":10,"Pear":7,"Vajra":9,"Burning Blood":0},{"Dream Catcher":6,"Pear":5,"Vajra":5,"Burning Blood":0},{"Dream Catcher":28,"Pear":24,"Vajra":24,"Burning Blood":0}],"Burning Blood":33},"card_choices":[{"not_picked":["Panache","Sadistic Nature"],"picked":"Apotheosis","floor":0.0},{"not_picked":["Armaments","Iron Wave"],"picked":"Shrug It Off","floor":1.0},{"not_picked":["Ghostly Armor","Combust"],"picked":"Disarm","floor":2},{"not_picked":["Warcry","Clash"],"picked":"Uppercut","floor":3},{"not_picked":["Thunderclap","Entrench"],"picked":"Second Wind","floor":4},{"not_picked":["Perfected Strike","Clothesline","Cleave"],"picked":"SKIP","floor":7},{"not_picked":["Demon Form","Headbutt"],"picked":"Burning Pact","floor":10},{"not_picked":["Heavy Blade","Clothesline"],"picked":"Flame Barrier","floor":11}],"player_experience":3160244,"relics_obtained":[{"floor":7,"key":"Pear"},{"floor":9,"key":"Vajra"},{"floor":10,"key":"Dream Catcher"}],"event_choices":[{"damage_healed":0,"gold_gain":0,"player_choice":"Donut","damage_taken":0,"max_hp_gain":5,"max_hp_loss":0,"event_name":"Big Fish","floor":5,"gold_loss":0}],"is_beta":false,"boss_relics":[],"items_purged_floors":[],"is_endless":false,"potions_floor_spawned":[1,3,10,11],"killed_by":"3 Sentries","ascension_level":20}}