{"host":"ow9msrs9p2ctkx99","time":1607919242,"event":{"mods":["AchievementEnabler","BaseMod","Colored Map","Colored Powertips","Minty Spire (QoL Compilation)","Permanent Neow","Quick Restart","SuperFastMode"],"gold_per_floor":[110,124,124,124,14,14,14,31,31,44,55,55,55,85,85,159,159,178,189,189,189,205,205,205,205,205,205,205],"floor_reached":27,"playtime":495,"items_purged":["Regret"],"score":369,"play_id":"acc3617c-87da-46b0-9501-6c11653aa1cc","local_time":"20201214051402","is_ascension_mode":true,"campfire_choices":[{"floor":6.0,"key":"RECALL"},{"floor":13,"key":"REST"},{"floor":15,"key":"REST"},{"floor":23,"key":"REST"}],"circlet_count":0,"master_deck":["AscendersBane","Strike_G","Strike_G","Strike_G","Defend_G","Defend_G","Defend_G","Defend_G","Defend_G","Survivor","Neutralize","Poisoned Stab","Infinite Blades","Leg Sweep+1","PiercingWail+1","Phantasmal Killer+1","Predator","Wraith Form v2","Acrobatics+1","Escape Plan+1","Crippling Poison+1","Expertise+1"],"relics":["Fusion Hammer","Toxic Egg 2","Strawberry","Toy Ornithopter","Darkstone Periapt","HoveringKite","Bronze Scales"],"acts_visited":["Exordium","TheCity"],"potions_floor_usage":[14,19],"damage_taken":[{"damage":1.0,"enemies":"Cultist","floor":1.0,"turns":5.0},{"damage":0.0,"enemies":"2 Louse","floor":2.0,"turns":3.0},{"damage":0.0,"enemies":"Jaw Worm","floor":8.0,"turns":4.0},{"damage":21,"enemies":"Exordium Thugs","floor":10,"turns":6},{"damage":8,"enemies":"Large Slime","floor":11,"turns":7},{"damage":25,"enemies":"3 Sentries","floor":14,"turns":6},{"damage":43,"enemies":"The Guardian","floor":16,"turns":13},{"damage":10,"enemies":"Shell Parasite","floor":18,"turns":7},{"damage":5,"enemies":"2 Thieves","floor":19,"turns":5},{"damage":8,"enemies":"Centurion and Healer","floor":22,"turns":6}],"seed_played":"-6915813988923252592","potions_obtained":[{"floor":2.0,"key":"Regen Potion"},{"floor":11,"key":"SpeedPotion"},{"floor":16,"key":"GamblersBrew"},{"floor":18,"key":"ColorlessPotion"},{"floor":19,"key":"Energy Potion"}],"is_trial":false,"path_per_floor":["M","M","?","?","$","R","$","M","T","M","M","?","R","E","R","B",null,"M","M","?","?","M","R","?","?","T","$"],"character_chosen":"THE_SILENT","items_purchased":["Leg Sweep+1"],"campfire_rested":3,"item_purchase_floors":[5],"current_hp_per_floor":[58,58,58,58,58,58,58,58,65,44,36,36,57,52,73,30,62,52,52,58,58,50,73,73,73,73,73,73],"gold":205,"neow_bonus":"BOSS_RELIC","is_daily":false,"chose_seed":false,"campfire_upgraded":0,"win_rate":0.0,"timestamp":1607919242,"path_taken":["M","M","?","?","$","R","$","M","T","M","M","?","R","E","R","BOSS","M","M","?","?","?","R","?","?","T","$"],"items_purchased_type":["Card"],"build_version":"2020-12-13","purchased_purges":1,"victory":false,"max_hp_per_floor":[66,66,66,66,66,66,66,66,73,73,73,73,73,73,73,73,73,73,73,79,79,79,79,79,79,79,79,79],"card_choices":[{"not_picked":["Deadly Poison","Flying Knee"],"picked":"Poisoned Stab","floor":1.0},{"not_picked":["Acrobatics","Quick Slash"],"picked":"Infinite Blades","floor":2.0},{"not_picked":["Riddle With Holes","Outmaneuver+1"],"picked":"PiercingWail+1","floor":8.0},{"not_picked":["Bane","Slice"],"picked":"Phantasmal Killer+1","floor":10},{"not_picked":["Catalyst+1","Dagger Throw"],"picked":"Predator","floor":11},{"not_picked":["Riddle With Holes","Underhanded Strike","Phantasmal Killer+1"],"picked":"SKIP","floor":14},{"not_picked":["Phantasmal Killer+1","A Thousand Cuts"],"picked":"Wraith Form v2","floor":16},{"not_picked":["Dagger Spray","Deadly Poison+1"],"picked":"Acrobatics+1","floor":18},{"not_picked":["Finisher","Outmaneuver+1"],"picked":"Escape Plan+1","floor":19},{"not_picked":["Heel Hook","Underhanded Strike","Dagger Throw+1"],"picked":"SKIP","floor":22}],"player_experience":1058810,"relics_obtained":[{"floor":9.0,"key":"Strawberry"},{"floor":14,"key":"Darkstone Periapt"}],"event_choices":[{"damage_healed":0.0,"max_hp_gain":0.0,"max_hp_loss":0.0,"gold_gain":0.0,"event_name":"The Cleric","player_choice":"Leave","floor":3.0,"gold_loss":0.0,"damage_taken":0.0},{"damage_healed":0.0,"max_hp_gain":0.0,"max_hp_loss":0.0,"gold_gain":0.0,"event_name":"Big Fish","player_choice":"Box","floor":4.0,"gold_loss":0.0,"damage_taken":0.0,"relics_obtained":["Toxic Egg 2"],"cards_obtained":["Regret"]},{"damage_healed":0,"gold_gain":0,"player_choice":"Gave Potion","damage_taken":0,"relics_obtained":["Toy Ornithopter"],"max_hp_gain":0,"max_hp_loss":0,"event_name":"WeMeetAgain","floor":12,"gold_loss":0},{"damage_healed":0,"gold_gain":0,"player_choice":"Opened","damage_taken":0,"relics_obtained":["Bronze Scales"],"max_hp_gain":0,"max_hp_loss":0,"event_name":"The Mausoleum","floor":20,"gold_loss":0,"cards_obtained":["Writhe"]},{"cards_removed":["Writhe"],"damage_healed":0,"gold_gain":0,"player_choice":"Elegance","damage_taken":0,"max_hp_gain":0,"max_hp_loss":0,"event_name":"Back to Basics","floor":21,"gold_loss":0},{"damage_healed":0,"gold_gain":0,"cards_transformed":["Strike_G","Strike_G"],"player_choice":"Became Test Subject","damage_taken":0,"max_hp_gain":0,"max_hp_loss":0,"event_name":"Drug Dealer","floor":24,"gold_loss":0,"cards_obtained":["Crippling Poison","Expertise"]},{"damage_healed":0,"gold_gain":0,"player_choice":"Ignored","damage_taken":0,"max_hp_gain":0,"max_hp_loss":0,"event_name":"Ghosts","floor":25,"gold_loss":0}],"is_beta":false,"boss_relics":[{"not_picked":["SacredBark","Runic Pyramid"],"picked":"HoveringKite"}],"items_purged_floors":[5],"is_endless":false,"potions_floor_spawned":[2,11,16,18,19],"ascension_level":15}}