{"host":"p9t7qd83igtcp2bh","time":1607926245,"event":{"mods":["2.2 Compatiblity","AchievementEnabler","BaseMod","Colored Map","Colored Powertips","Custom Start","DeckTracker","Keyboard Shortcuts","Minty Spire (QoL Compilation)","Permanent Neow","Spicy Shops","StSLib","SuperFastMode","everything is the same but u backflip on backflip"],"gold_per_floor":[119,152,152,186,243,243,302,343,367,367,404,404,473,76,76,76,76],"floor_reached":16,"playtime":319,"items_purged":[],"score":109,"play_id":"25868f40-1628-4fc8-9357-8a46577dbb11","local_time":"20201214151045","is_ascension_mode":true,"campfire_choices":[{"data":"HandOfGreed","floor":6.0,"key":"SMITH"},{"data":"Inflame","floor":10.0,"key":"SMITH"},{"data":"Fire Breathing","floor":12.0,"key":"SMITH"},{"data":"1","floor":15.0,"key":"LIFT"}],"circlet_count":0,"master_deck":["Strike_R","Strike_R","Strike_R","Strike_R","Strike_R","Defend_R","Defend_R","Defend_R","Defend_R","Bash","HandOfGreed+1","Whirlwind","Ghostly Armor","Carnage","Inflame+1","Fire Breathing+1","Dual Wield"],"relics":["Burning Blood","Lantern","Anchor","Boot","Girya","Peace Pipe"],"acts_visited":["Exordium"],"potions_floor_usage":[16,16],"damage_taken":[{"damage":0.0,"enemies":"Small Slimes","floor":1.0,"turns":3.0},{"damage":1.0,"enemies":"Cultist","floor":2.0,"turns":3.0},{"damage":6.0,"enemies":"Jaw Worm","floor":4.0,"turns":3.0},{"damage":4.0,"enemies":"Gremlin Gang","floor":5.0,"turns":4.0},{"damage":25.0,"enemies":"Lagavulin","floor":7.0,"turns":7.0},{"damage":7.0,"enemies":"Looter","floor":8.0,"turns":4.0},{"damage":16.0,"enemies":"Blue Slaver","floor":11.0,"turns":5.0},{"damage":16.0,"enemies":"Exordium Thugs","floor":13.0,"turns":5.0},{"damage":32,"enemies":"Hexaghost","floor":16,"turns":7}],"seed_played":"-2947446057600408537","potions_obtained":[{"floor":1.0,"key":"Ancient Potion"},{"floor":4.0,"key":"Weak Potion"},{"floor":7.0,"key":"Strength Potion"},{"floor":11.0,"key":"ColorlessPotion"}],"is_trial":false,"path_per_floor":["M","M","?","M","M","R","E","M","T","R","M","R","M","$","R","B"],"character_chosen":"IRONCLAD","items_purchased":["Girya","Peace Pipe"],"campfire_rested":0,"item_purchase_floors":[14,14],"current_hp_per_floor":[72,72,72,72,72,72,53,52,52,52,42,42,32,32,32,0,0],"gold":76,"neow_bonus":"RANDOM_COLORLESS_2","is_daily":false,"chose_seed":false,"campfire_upgraded":3,"win_rate":0.0,"timestamp":1607926245,"path_taken":["M","M","?","M","M","R","E","M","T","R","?","R","M","$","R","BOSS"],"items_purchased_type":["Relic","Relic"],"build_version":"2020-12-13","purchased_purges":0,"victory":false,"max_hp_per_floor":[72,72,72,72,72,72,72,72,72,72,72,72,72,72,72,72,72],"card_choices":[{"not_picked":["Magnetism","Panache"],"picked":"HandOfGreed","floor":0.0},{"not_picked":["Warcry","Clothesline"],"picked":"Whirlwind","floor":1.0},{"not_picked":["Iron Wave","Clash"],"picked":"Ghostly Armor","floor":2.0},{"not_picked":["Pommel Strike","Perfected Strike"],"picked":"Carnage","floor":4.0},{"not_picked":["True Grit","Pommel Strike","Iron Wave"],"picked":"SKIP","floor":5.0},{"not_picked":["Iron Wave","Heavy Blade"],"picked":"Inflame","floor":7.0},{"not_picked":["Cleave","Iron Wave","True Grit"],"picked":"SKIP","floor":8.0},{"not_picked":["Bloodletting","Clash"],"picked":"Fire Breathing","floor":11.0},{"not_picked":["Thunderclap","Iron Wave"],"picked":"Dual Wield","floor":13.0}],"player_experience":549088,"relics_obtained":[{"floor":7.0,"key":"Anchor"},{"floor":9.0,"key":"Boot"}],"event_choices":[{"damage_healed":0.0,"max_hp_gain":0.0,"max_hp_loss":0.0,"gold_gain":0.0,"event_name":"WeMeetAgain","player_choice":"Gave Potion","floor":3.0,"gold_loss":0.0,"damage_taken":0.0,"relics_obtained":["Lantern"]}],"is_beta":false,"boss_relics":[],"items_purged_floors":[],"is_endless":false,"potions_floor_spawned":[1,4,7,11],"killed_by":"Hexaghost","ascension_level":1}}