{"host":"ueef25wtkg2eer3h","time":1607985908,"event":{"mods":["AchievementEnabler","BaseMod","Colored Map","Colored Powertips","DeckTracker","Displayed Cursed Tome","Googly Eyes","Highlight Path","Minty Spire (QoL Compilation)","Slay the Relics Exporter","StSLib"],"gold_per_floor":[215,165,180,199,213,213,213,249,249,200,43,43,43],"floor_reached":12,"playtime":420,"items_purged":["Injury"],"score":121,"play_id":"7cc390ea-3c22-4e51-aa6b-d3202d6382ae","local_time":"20201214234508","is_ascension_mode":true,"campfire_choices":[{"data":"Defragment","floor":6,"key":"SMITH"}],"circlet_count":0,"master_deck":["AscendersBane","Strike_B","Strike_B","Strike_B","Defend_B","Defend_B","Defend_B","Defend_B","Zap","Dualcast","Rebound","Chill","Reinforced Body","Defragment+1","Go for the Eyes","Sunder"],"relics":["Cracked Core","Golden Idol","Oddly Smooth Stone","Bronze Scales"],"acts_visited":["Exordium"],"potions_floor_usage":[8,8,8],"damage_taken":[{"damage":0,"enemies":"Small Slimes","floor":1,"turns":2},{"damage":8,"enemies":"2 Louse","floor":3,"turns":2},{"damage":9,"enemies":"Jaw Worm","floor":4,"turns":4},{"damage":7,"enemies":"2 Fungi Beasts","floor":5,"turns":3},{"damage":57,"enemies":"3 Sentries","floor":8,"turns":10},{"damage":21,"enemies":"Gremlin Nob","floor":12,"turns":3}],"seed_played":"9075647760439464006","potions_obtained":[{"floor":4,"key":"Regen Potion"},{"floor":5,"key":"Fire Potion"},{"floor":8,"key":"Fruit Juice"}],"is_trial":false,"path_per_floor":["M","?","M","M","M","R","?","E","T","?","$","E"],"character_chosen":"DEFECT","items_purchased":["Sunder"],"campfire_rested":0,"item_purchase_floors":[11],"current_hp_per_floor":[68,68,60,51,44,44,44,7,7,7,7,0,0],"gold":43,"neow_bonus":"HUNDRED_GOLD","is_daily":false,"chose_seed":false,"campfire_upgraded":1,"win_rate":0.0,"timestamp":1607985908,"path_taken":["M","?","M","M","M","R","?","E","T","?","$","E"],"items_purchased_type":["Card"],"build_version":"2020-12-13","purchased_purges":1,"victory":false,"max_hp_per_floor":[75,75,75,75,75,75,75,80,80,80,80,80,80],"card_choices":[{"not_picked":["Steam Power","FTL"],"picked":"Rebound","floor":1},{"not_picked":["Consume","Turbo"],"picked":"Chill","floor":3},{"not_picked":["Turbo","Reprogram"],"picked":"Reinforced Body","floor":4},{"not_picked":["Go for the Eyes","Sweeping Beam"],"picked":"Defragment","floor":5},{"not_picked":["Turbo","Darkness"],"picked":"Go for the Eyes","floor":8}],"player_experience":257099,"relics_obtained":[{"floor":8,"key":"Oddly Smooth Stone"},{"floor":9,"key":"Bronze Scales"}],"event_choices":[{"cards_removed":["Strike_B"],"damage_healed":0,"gold_gain":0,"player_choice":"Card Removal","damage_taken":0,"max_hp_gain":0,"max_hp_loss":0,"event_name":"The Cleric","floor":2,"gold_loss":50},{"damage_healed":0,"gold_gain":0,"player_choice":"Take Wound","damage_taken":0,"relics_obtained":["Golden Idol"],"max_hp_gain":0,"max_hp_loss":0,"event_name":"Golden Idol","floor":7,"gold_loss":0,"cards_obtained":["Injury"]},{"damage_healed":0,"gold_gain":0,"player_choice":"Left Gold","damage_taken":0,"max_hp_gain":0,"max_hp_loss":0,"event_name":"World of Goop","floor":10,"gold_loss":49}],"is_beta":false,"boss_relics":[],"items_purged_floors":[11],"is_endless":false,"potions_floor_spawned":[4,5,8],"killed_by":"Gremlin Nob","ascension_level":11}}