{"host":"m4fnx6uo9ridxuy8","time":1607943863,"event":{"mods":["BaseMod","KOR Keyword Fix","Minty Spire (QoL Compilation)","StSLib"],"gold_per_floor":[99999,100017,99974,99985,99985,100011,100011,100045,100045,98912,98912,98945,98232,98251,98251,98346,98346,98362,98378,98303,98326,98338,98365,98365,97354,97404,97404,97432,97432,97464,97483,97483,97578,97578,97597,97650,96653,96673,95925,95925,95925,95950,95999,96009,96009,96040,96052,96081,96093,96105,96117,96129,95018,95050,95050],"floor_reached":56,"playtime":3494,"items_purged":["Strike_R","Strike_R","Defend_R","Defend_R","Defend_R","Defend_R+1"],"score":1508,"play_id":"69550b2f-136e-46f6-b19d-7e7882f4c333","local_time":"20201214200423","is_ascension_mode":true,"campfire_choices":[{"data":"Reckless Charge","floor":7,"key":"SMITH"},{"data":"Apotheosis","floor":15,"key":"SMITH"},{"floor":24,"key":"RECALL"},{"floor":27,"key":"REST"},{"data":"Warcry","floor":29,"key":"SMITH"},{"data":"Dark Embrace","floor":32,"key":"SMITH"},{"floor":40,"key":"REST"},{"floor":47,"key":"REST"},{"floor":49,"key":"REST"},{"floor":52,"key":"REST"}],"circlet_count":0,"master_deck":["Bash","Infernal Blade","Reckless Charge+1","Dual Wield+1","Body Slam","Feed","Apotheosis+1","Dark Embrace+1","Warcry+1","Clash","Spot Weakness","True Grit","Sever Soul","Berserk","Entrench+1","Juggernaut","Flame Barrier","Warcry","Madness","Dropkick+1","Reaper+1","Warcry","Limit Break","Pommel Strike+1","Finesse","Master of Strategy","Impatience","Feel No Pain","Master of Strategy","Seeing Red+1","Secret Weapon","Inflame","Impervious"],"relics":["Black Blood","Bag of Marbles","Pen Nib","Ornamental Fan","Brimstone","Question Card","Gremlin Horn","Juzu Bracelet","OrangePellets","PreservedInsect","Ancient Tea Set","Potion Belt","Matryoshka","Frozen Eye","Pear","War Paint","MealTicket","Centennial Puzzle","Molten Egg 2","Nunchaku","Busted Crown","CaptainsWheel","Self Forming Clay","Bottled Lightning","Blood Vial","Strawberry","DollysMirror","Anchor","Boot","Vajra","MawBank","Lee\u0027s Waffle","Eternal Feather","Mummified Hand","Charon\u0027s Ashes"],"acts_visited":["Exordium","TheCity","TheBeyond","TheEnding"],"potions_floor_usage":[6,8,16,22,22,28,31,31,44,50,55,55,55,55,55,55,55,55,55,55],"damage_taken":[{"damage":8,"enemies":"Jaw Worm","floor":1,"turns":4},{"damage":2,"enemies":"Small Slimes","floor":2,"turns":3},{"damage":5,"enemies":"2 Louse","floor":4,"turns":2},{"damage":26,"enemies":"Lagavulin","floor":6,"turns":6},{"damage":2,"enemies":"Gremlin Nob","floor":8,"turns":3},{"damage":17,"enemies":"Lagavulin","floor":12,"turns":6},{"damage":0,"enemies":"Exordium Wildlife","floor":14,"turns":2},{"damage":37,"enemies":"Hexaghost","floor":16,"turns":5},{"damage":1,"enemies":"Chosen","floor":18,"turns":4},{"damage":2,"enemies":"Shell Parasite","floor":19,"turns":2},{"damage":18,"enemies":"Cultist and Chosen","floor":22,"turns":4},{"damage":30,"enemies":"Book of Stabbing","floor":23,"turns":3},{"damage":17,"enemies":"Slavers","floor":28,"turns":3},{"damage":0,"enemies":"Gremlin Leader","floor":30,"turns":2},{"damage":0,"enemies":"3 Cultists","floor":31,"turns":4},{"damage":12,"enemies":"Collector","floor":33,"turns":6},{"damage":22,"enemies":"Orb Walker","floor":35,"turns":3},{"damage":77,"enemies":"2 Orb Walkers","floor":36,"turns":4},{"damage":3,"enemies":"3 Shapes","floor":38,"turns":3},{"damage":0,"enemies":"Reptomancer","floor":42,"turns":1},{"damage":0,"enemies":"Sphere and 2 Shapes","floor":44,"turns":3},{"damage":7,"enemies":"Giant Head","floor":46,"turns":3},{"damage":0,"enemies":"Spire Growth","floor":48,"turns":2},{"damage":14,"enemies":"Time Eater","floor":50,"turns":5},{"damage":0,"enemies":"Shield and Spear","floor":54,"turns":2},{"damage":3,"enemies":"The Heart","floor":55,"turns":3}],"seed_played":"8850360387100481753","potions_obtained":[{"floor":1,"key":"Strength Potion"},{"floor":4,"key":"SpeedPotion"},{"floor":6,"key":"Block Potion"},{"floor":8,"key":"GamblersBrew"},{"floor":19,"key":"Explosive Potion"},{"floor":23,"key":"Explosive Potion"},{"floor":28,"key":"ColorlessPotion"},{"floor":33,"key":"LiquidMemories"},{"floor":35,"key":"DuplicationPotion"},{"floor":44,"key":"AttackPotion"}],"is_trial":false,"path_per_floor":["M","M","?","M","?","E","R","E","T","$","?","E","$","M","R","B",null,"M","M","?","T","M","E","R","$","T","R","E","R","E","M","R","B",null,"M","?","$","M","$","R","?","E","T","M","?","E","R","M","R","B",null,"R","$","E","B",null],"character_chosen":"IRONCLAD","items_purchased":["Brimstone","Question Card","Gremlin Horn","Apotheosis","Dark Embrace","Warcry","Energy Potion","EssenceOfSteel","OrangePellets","PreservedInsect","Ancient Tea Set","Spot Weakness","True Grit","Sever Soul","Frozen Eye","Pear","Warcry","War Paint","Madness","LiquidBronze","DistilledChaos","BlessingOfTheForge","Self Forming Clay","Finesse","Master of Strategy","Bottled Lightning","EntropicBrew","Blood Vial","Strawberry","Impatience","Feel No Pain","DollysMirror","Lee\u0027s Waffle","Eternal Feather","Mummified Hand","Secret Weapon","Inflame","ColorlessPotion"],"campfire_rested":5,"item_purchase_floors":[10,10,10,10,10,10,10,10,13,13,13,13,13,13,25,25,25,25,25,25,25,25,37,37,37,37,37,39,39,39,39,39,53,53,53,53,53,53],"current_hp_per_floor":[78,80,80,80,73,53,53,57,57,57,57,50,50,56,56,25,84,84,84,84,84,82,64,64,74,74,98,96,96,101,101,101,101,101,91,36,51,64,86,112,106,106,106,110,110,110,110,114,114,112,114,114,121,125,125],"gold":95050,"neow_bonus":"RANDOM_COMMON_RELIC","is_daily":false,"chose_seed":false,"campfire_upgraded":4,"win_rate":0.0,"timestamp":1607943863,"path_taken":["M","M","?","M","?","E","R","E","T","$","?","E","$","M","R","BOSS","M","M","?","?","M","E","R","$","T","R","E","R","E","M","R","BOSS","M","?","?","M","$","R","?","E","T","M","?","E","R","M","R","BOSS","R","$","E","BOSS"],"items_purchased_type":["Relic","Relic","Relic","Card","Card","Card","Potion","Potion","Relic","Relic","Relic","Card","Card","Card","Relic","Relic","Card","Relic","Card","Potion","Potion","Potion","Relic","Card","Card","Relic","Potion","Relic","Relic","Card","Card","Relic","Relic","Relic","Relic","Card","Card","Potion"],"build_version":"2020-12-13","purchased_purges":6,"victory":true,"max_hp_per_floor":[80,80,80,80,80,80,80,80,80,80,80,84,84,84,84,84,84,84,84,84,84,88,88,88,98,98,98,101,101,101,101,101,101,101,101,101,101,105,112,112,106,106,106,110,110,110,110,114,114,114,114,114,121,125,125],"card_choices":[{"not_picked":["Pummel","Sword Boomerang"],"picked":"Infernal Blade","floor":1},{"not_picked":["Anger","Iron Wave"],"picked":"Reckless Charge","floor":2},{"not_picked":["Inflame","Flame Barrier"],"picked":"Dual Wield","floor":4},{"not_picked":["Rampage","Clash"],"picked":"Body Slam","floor":6},{"not_picked":["Second Wind","Headbutt"],"picked":"Feed","floor":8},{"not_picked":["Clothesline","Armaments","Cleave"],"picked":"Clash","floor":12},{"not_picked":["Twin Strike","Iron Wave","Clothesline","True Grit"],"picked":"SKIP","floor":14},{"not_picked":["Impervious","Barricade","Bludgeon"],"picked":"Berserk","floor":16},{"not_picked":["Rage","Thunderclap","Shrug It Off"],"picked":"Entrench+1","floor":18},{"not_picked":["Pommel Strike+1","Body Slam+1","Clash"],"picked":"Juggernaut","floor":19},{"not_picked":["Carnage+1","Body Slam","Perfected Strike"],"picked":"Flame Barrier","floor":22},{"not_picked":["Sword Boomerang+1","Blood for Blood","Body Slam","Searing Blow"],"picked":"SKIP","floor":23},{"not_picked":["Flex","Headbutt+1","Cleave+1"],"picked":"Dropkick+1","floor":28},{"not_picked":["Second Wind","Warcry","Entrench"],"picked":"Reaper+1","floor":30},{"not_picked":["Headbutt+1","Shrug It Off+1","Clash+1"],"picked":"Warcry","floor":31},{"not_picked":["Fiend Fire+1","Corruption","Berserk"],"picked":"Limit Break","floor":33},{"not_picked":["Clothesline+1"],"picked":"Pommel Strike+1","floor":35},{"not_picked":["Clash+1","Rampage+1"],"picked":"SKIP","floor":38},{"not_picked":["Bludgeon+1","Clothesline+1"],"picked":"SKIP","floor":42},{"not_picked":["Headbutt+1","Rupture"],"picked":"SKIP","floor":44},{"not_picked":["Clash+1"],"picked":"Seeing Red+1","floor":46},{"not_picked":["Clothesline+1","Infernal Blade"],"picked":"SKIP","floor":48},{"not_picked":["Bloodletting"],"picked":"Impervious","floor":54}],"player_experience":8571,"relics_obtained":[{"floor":6,"key":"Pen Nib"},{"floor":8,"key":"Ornamental Fan"},{"floor":12,"key":"Juzu Bracelet"},{"floor":21,"key":"Potion Belt"},{"floor":23,"key":"Matryoshka"},{"floor":26,"key":"MealTicket"},{"floor":26,"key":"Centennial Puzzle"},{"floor":28,"key":"Molten Egg 2"},{"floor":30,"key":"Nunchaku"},{"floor":36,"key":"CaptainsWheel"},{"floor":42,"key":"Anchor"},{"floor":43,"key":"Boot"},{"floor":43,"key":"Vajra"},{"floor":46,"key":"MawBank"},{"floor":54,"key":"Charon\u0027s Ashes"}],"event_choices":[{"damage_healed":0,"gold_gain":0,"player_choice":"Left Gold","damage_taken":0,"max_hp_gain":0,"max_hp_loss":0,"event_name":"World of Goop","floor":3,"gold_loss":43},{"cards_removed":["Strike_R"],"damage_healed":0,"gold_gain":0,"player_choice":"Card Removal","damage_taken":7,"max_hp_gain":0,"max_hp_loss":0,"event_name":"Golden Wing","floor":5,"gold_loss":0},{"cards_removed":["Strike_R"],"damage_healed":0,"gold_gain":0,"player_choice":"Forget","damage_taken":0,"max_hp_gain":0,"max_hp_loss":0,"event_name":"Living Wall","floor":11,"gold_loss":0},{"cards_removed":["Strike_R"],"damage_healed":0,"gold_gain":0,"player_choice":"Gave Gold","damage_taken":0,"max_hp_gain":0,"max_hp_loss":0,"event_name":"Beggar","floor":20,"gold_loss":75},{"damage_healed":0,"gold_gain":0,"player_choice":"Fight","damage_taken":0,"max_hp_gain":0,"max_hp_loss":0,"event_name":"Mysterious Sphere","floor":36,"gold_loss":0},{"damage_healed":0,"gold_gain":0,"player_choice":"Max HP","damage_taken":0,"max_hp_gain":0,"max_hp_loss":6,"event_name":"Winding Halls","floor":41,"gold_loss":0},{"damage_healed":0,"gold_gain":0,"player_choice":"Memory 1","damage_taken":0,"max_hp_gain":0,"max_hp_loss":0,"event_name":"SensoryStone","floor":45,"gold_loss":0}],"is_beta":false,"boss_relics":[{"not_picked":["Sozu","Velvet Choker"],"picked":"Black Blood"},{"not_picked":["Tiny House","Snecko Eye"],"picked":"Busted Crown"}],"items_purged_floors":[10,13,25,37,39,53],"is_endless":false,"potions_floor_spawned":[1,4,6,8,19,23,28,33,35,44],"ascension_level":1}}