{"host":"szp1d6dso4pv7ddl","time":1607924252,"event":{"mods":["AchievementEnabler","Alarm Clock","BaseMod","Bestiary","Block Reminder","Colored Map","Colored Powertips","Curses Come First","Displayed Cursed Tome","Highlight Path","Minty Spire (QoL Compilation)","Permanent Neow","Quick Restart","Relic Stats","StSLib"],"gold_per_floor":[18,32,48,13,13,13,24,24,24,52,52,65,85,95,95,95,95],"floor_reached":16,"playtime":763,"items_purged":[],"score":156,"play_id":"c17a6268-a3a2-4ac8-98aa-8e545c2c1b37","local_time":"20201213213732","is_ascension_mode":true,"campfire_choices":[{"data":"Searing Blow","floor":6,"key":"SMITH"},{"data":"Searing Blow+1","floor":15,"key":"SMITH"}],"circlet_count":0,"master_deck":["AscendersBane","Strike_R","Strike_R","Strike_R","Strike_R","Strike_R","Defend_R","Defend_R","Defend_R","Searing Blow+2","Sentinel","Shrug It Off","Sever Soul","Double Tap","Dark Embrace"],"relics":["Burning Blood","Self Forming Clay","HornCleat"],"acts_visited":["Exordium"],"potions_floor_usage":[16,16],"damage_taken":[{"damage":14,"enemies":"Cultist","floor":1,"turns":5},{"damage":15,"enemies":"Small Slimes","floor":2,"turns":6},{"damage":2,"enemies":"2 Louse","floor":3,"turns":4},{"damage":12,"enemies":"2 Fungi Beasts","floor":7,"turns":4},{"damage":38,"enemies":"3 Sentries","floor":10,"turns":13},{"damage":11,"enemies":"Blue Slaver","floor":12,"turns":4},{"damage":1,"enemies":"3 Louse","floor":13,"turns":4},{"damage":11,"enemies":"Looter","floor":14,"turns":3},{"damage":72,"enemies":"The Guardian","floor":16,"turns":9}],"seed_played":"8574713500445818724","potions_obtained":[{"floor":1,"key":"Explosive Potion"},{"floor":10,"key":"Swift Potion"}],"is_trial":false,"path_per_floor":["M","M","M","?","$","R","M","?","T","E","$","M","M","M","R","B"],"character_chosen":"IRONCLAD","items_purchased":[],"campfire_rested":0,"item_purchase_floors":[],"current_hp_per_floor":[64,55,59,79,79,79,73,78,78,46,46,41,46,41,41,0,0],"gold":95,"neow_bonus":"TRANSFORM_TWO_CARDS","is_daily":false,"chose_seed":false,"campfire_upgraded":2,"win_rate":0.0,"timestamp":1607924252,"path_taken":["M","M","?","?","$","R","M","?","T","E","$","M","M","M","R","BOSS"],"items_purchased_type":[],"build_version":"2020-12-13","purchased_purges":0,"victory":false,"max_hp_per_floor":[80,80,80,80,80,80,80,85,85,85,85,85,85,85,85,85,85],"relic_stats":{"counters":[9,52],"Self Forming Clay":[51],"obtain_stats":[{"HornCleat":10,"Self Forming Clay":9,"Burning Blood":0},{"HornCleat":5,"Self Forming Clay":4,"Burning Blood":0},{"HornCleat":32,"Self Forming Clay":19,"Burning Blood":0}],"Burning Blood":48},"card_choices":[{"not_picked":["Whirlwind","Iron Wave","Cleave"],"picked":"SKIP","floor":1},{"not_picked":["Perfected Strike","Pommel Strike"],"picked":"Shrug It Off","floor":2},{"not_picked":["Flex","Twin Strike","Clothesline"],"picked":"SKIP","floor":3},{"not_picked":["Rupture","Second Wind"],"picked":"Sever Soul","floor":7},{"not_picked":["Iron Wave","Sword Boomerang","Combust"],"picked":"SKIP","floor":10},{"not_picked":["Shrug It Off","Headbutt"],"picked":"Double Tap","floor":12},{"not_picked":["Dual Wield","Iron Wave"],"picked":"Dark Embrace","floor":13},{"not_picked":["Entrench","Evolve","Clothesline"],"picked":"SKIP","floor":14}],"player_experience":937696,"relics_obtained":[{"floor":9,"key":"Self Forming Clay"},{"floor":10,"key":"HornCleat"}],"event_choices":[{"damage_healed":20,"gold_gain":0,"player_choice":"Healed","damage_taken":0,"max_hp_gain":0,"max_hp_loss":0,"event_name":"The Cleric","floor":4,"gold_loss":35},{"damage_healed":0,"gold_gain":0,"player_choice":"Donut","damage_taken":0,"max_hp_gain":5,"max_hp_loss":0,"event_name":"Big Fish","floor":8,"gold_loss":0}],"is_beta":false,"boss_relics":[],"items_purged_floors":[],"is_endless":false,"potions_floor_spawned":[1,10],"killed_by":"The Guardian","ascension_level":10}}