{"host":"kda2p2afd6bvz6qo","time":1607915303,"event":{"mods":["BaseMod","Colored Map","Minty Spire (QoL Compilation)","Relic Stats"],"gold_per_floor":[112,130,130,130,153,193,193,229,229,229,179,179,179,149,149,274,274,297,311,410,435,11,11,47,2,2,42,67,67,67,67,67,186,186,211,1,22,22,41,72,72,111,137,180,180,180,0,15,15,15],"floor_reached":51,"playtime":3040,"items_purged":["Strike_G"],"score":1146,"play_id":"dbe17e49-ae2a-49a7-b594-644f51fe1d2f","local_time":"20201214030823","is_ascension_mode":true,"campfire_choices":[{"data":"Noxious Fumes","floor":7,"key":"SMITH"},{"data":"Dagger Spray","floor":10,"key":"SMITH"},{"data":"Malaise","floor":12,"key":"SMITH"},{"data":"Neutralize","floor":15,"key":"SMITH"},{"data":"Well Laid Plans","floor":23,"key":"SMITH"},{"data":"Quick Slash","floor":30,"key":"SMITH"},{"data":"Survivor","floor":32,"key":"SMITH"},{"data":"Sadistic Nature","floor":46,"key":"SMITH"},{"floor":49,"key":"REST"}],"circlet_count":0,"master_deck":["Strike_G+1","Strike_G+1","Strike_G+1","Defend_G+1","Defend_G+1","Defend_G+1","Defend_G+1","Defend_G+1","Survivor+1","Neutralize+1","Noxious Fumes+1","Quick Slash+1","Injury","Malaise+1","Dagger Spray+1","Crippling Poison+1","Deflect+1","Phantasmal Killer+1","CurseOfTheBell","Blade Dance+1","Deadly Poison+1","Terror+1","Prepared+1","Well Laid Plans+1","Leg Sweep+1","Backflip+1","Outmaneuver+1","Distraction+1","Burst+1","Blur+1","Sadistic Nature+1","Prepared+1","Blade Dance+1","Escape Plan+1","Dash+1","Dark Shackles+1","PiercingWail+1"],"relics":["SacredBark","InkBottle","Golden Idol","StoneCalendar","Toxic Egg 2","Du-Vu Doll","Calling Bell","Blood Vial","Question Card","Ginger","Eternal Feather","Bottled Tornado","TungstenRod","White Beast Statue","Kunai","Philosopher\u0027s Stone","Juzu Bracelet","Bird Faced Urn","Snake Skull","The Specimen","Red Mask"],"acts_visited":["Exordium","TheCity","TheBeyond"],"potions_floor_usage":[6,8,19,21,24,37,39,40,42,50,50,50],"damage_taken":[{"damage":0,"enemies":"Small Slimes","floor":1,"turns":3},{"damage":7,"enemies":"Jaw Worm","floor":2,"turns":6},{"damage":17,"enemies":"2 Louse","floor":5,"turns":2},{"damage":4,"enemies":"3 Sentries","floor":6,"turns":8},{"damage":22,"enemies":"Lagavulin","floor":8,"turns":7},{"damage":1,"enemies":"Looter","floor":14,"turns":4},{"damage":0,"enemies":"Hexaghost","floor":16,"turns":9},{"damage":6,"enemies":"Shell Parasite","floor":18,"turns":6},{"damage":20,"enemies":"2 Thieves","floor":19,"turns":4},{"damage":24,"enemies":"Shelled Parasite and Fungi","floor":21,"turns":5},{"damage":0,"enemies":"Slavers","floor":24,"turns":4},{"damage":4,"enemies":"Book of Stabbing","floor":27,"turns":4},{"damage":0,"enemies":"Sentry and Sphere","floor":28,"turns":4},{"damage":18,"enemies":"Collector","floor":33,"turns":7},{"damage":0,"enemies":"3 Shapes","floor":35,"turns":3},{"damage":6,"enemies":"3 Darklings","floor":37,"turns":5},{"damage":0,"enemies":"4 Shapes","floor":39,"turns":5},{"damage":0,"enemies":"Giant Head","floor":40,"turns":6},{"damage":7,"enemies":"Reptomancer","floor":42,"turns":5},{"damage":0,"enemies":"Nemesis","floor":44,"turns":5},{"damage":0,"enemies":"Sphere and 2 Shapes","floor":48,"turns":4},{"damage":48,"enemies":"Time Eater","floor":50,"turns":9}],"seed_played":"-1421573707476500419","potions_obtained":[{"floor":1,"key":"Fire Potion"},{"floor":2,"key":"Regen Potion"},{"floor":8,"key":"DistilledChaos"},{"floor":16,"key":"Weak Potion"},{"floor":18,"key":"SneckoOil"},{"floor":19,"key":"SkillPotion"},{"floor":24,"key":"Swift Potion"},{"floor":28,"key":"LiquidMemories"},{"floor":33,"key":"LiquidBronze"},{"floor":35,"key":"Explosive Potion"},{"floor":37,"key":"FearPotion"},{"floor":39,"key":"GamblersBrew"},{"floor":40,"key":"DuplicationPotion"},{"floor":42,"key":"SteroidPotion"}],"is_trial":false,"path_per_floor":["M","M","?","?","M","E","R","E","T","R","?","R","?","M","R","B",null,"M","M","?","M","$","R","E","$","T","E","M","T","R","?","R","B",null,"M","$","M","?","M","E","$","E","T","E","?","R","?","M","R","B",null],"character_chosen":"THE_SILENT","items_purchased":["Eternal Feather","Prepared+1","Well Laid Plans","Backflip+1","Sadistic Nature","Prepared+1"],"campfire_rested":1,"item_purchase_floors":[22,22,22,25,36,36],"current_hp_per_floor":[70,63,63,63,46,42,42,60,60,60,60,60,60,59,59,59,67,63,45,45,23,23,35,37,37,37,35,37,37,52,52,67,51,65,67,67,63,63,65,67,67,62,62,70,70,70,70,70,70,24],"gold":15,"neow_bonus":"BOSS_RELIC","is_daily":false,"chose_seed":false,"campfire_upgraded":8,"win_rate":0.0,"timestamp":1607915303,"path_taken":["M","M","?","?","M","E","R","E","T","R","?","R","?","M","R","BOSS","M","M","?","M","$","R","E","$","T","E","M","?","R","?","R","BOSS","M","$","M","?","M","E","$","E","T","E","?","R","?","M","R","BOSS"],"items_purchased_type":["Relic","Card","Card","Card","Card","Card"],"build_version":"2020-12-13","purchased_purges":1,"victory":true,"max_hp_per_floor":[70,70,70,70,70,70,70,70,70,70,70,70,70,70,70,70,70,70,70,70,70,70,70,70,70,70,70,70,70,70,70,70,70,70,70,70,70,70,70,70,70,70,70,70,70,70,70,70,70,70],"relic_stats":{"counters":[22,115],"Golden Idol":166,"StoneCalendar":[182],"Eternal Feather":42,"Snake Skull":[11],"Juzu Bracelet":1,"Ginger":[7],"Question Card":15,"Blood Vial":26,"Bird Faced Urn":[8],"Kunai":[23],"obtain_stats":[{"The Specimen":44,"Golden Idol":4,"SacredBark":0,"StoneCalendar":6,"Eternal Feather":22,"Snake Skull":43,"Juzu Bracelet":40,"Ginger":17,"Bottled Tornado":24,"Question Card":17,"White Beast Statue":27,"Du-Vu Doll":9,"Calling Bell":17,"Blood Vial":17,"Bird Faced Urn":42,"Philosopher\u0027s Stone":34,"Red Mask":47,"Kunai":29,"Toxic Egg 2":8,"InkBottle":3,"TungstenRod":26,"Ring of the Snake":0},{"The Specimen":20,"Golden Idol":2,"SacredBark":0,"StoneCalendar":4,"Eternal Feather":10,"Snake Skull":19,"Juzu Bracelet":18,"Ginger":7,"Bottled Tornado":11,"Question Card":7,"White Beast Statue":12,"Du-Vu Doll":5,"Calling Bell":7,"Blood Vial":7,"Bird Faced Urn":19,"Philosopher\u0027s Stone":14,"Red Mask":20,"Kunai":13,"Toxic Egg 2":5,"InkBottle":2,"TungstenRod":11,"Ring of the Snake":0},{"The Specimen":102,"Golden Idol":9,"SacredBark":0,"StoneCalendar":19,"Eternal Feather":54,"Snake Skull":97,"Juzu Bracelet":92,"Ginger":39,"Bottled Tornado":58,"Question Card":39,"White Beast Statue":62,"Du-Vu Doll":26,"Calling Bell":39,"Blood Vial":39,"Bird Faced Urn":97,"Philosopher\u0027s Stone":73,"Red Mask":102,"Kunai":66,"Toxic Egg 2":26,"InkBottle":9,"TungstenRod":58,"Ring of the Snake":0}],"InkBottle":[50],"TungstenRod":15},"card_choices":[{"not_picked":["Setup","Sucker Punch"],"picked":"Noxious Fumes","floor":1},{"not_picked":["Deadly Poison","Sucker Punch"],"picked":"Quick Slash","floor":2},{"not_picked":["Blade Dance","Dodge and Roll"],"picked":"Malaise","floor":5},{"not_picked":["Endless Agony","Bane"],"picked":"Dagger Spray","floor":6},{"not_picked":["Dagger Throw","Sucker Punch","Underhanded Strike"],"picked":"SKIP","floor":8},{"not_picked":["Calculated Gamble+1","Well Laid Plans"],"picked":"Deflect+1","floor":14},{"not_picked":["Glass Knife","A Thousand Cuts"],"picked":"Phantasmal Killer+1","floor":16},{"not_picked":["Caltrops","Endless Agony","Riddle With Holes"],"picked":"Blade Dance+1","floor":18},{"not_picked":["Tactician+1","Blade Dance+1","Sucker Punch"],"picked":"Deadly Poison+1","floor":19},{"not_picked":["Deflect+1","Prepared+1","Distraction+1"],"picked":"Terror+1","floor":21},{"not_picked":["Bane","Phantasmal Killer+1","Slice+1"],"picked":"Leg Sweep+1","floor":24},{"not_picked":["Leg Sweep+1","Footwork","Backstab"],"picked":"Outmaneuver+1","floor":27},{"not_picked":["Deflect+1","Backstab","Quick Slash"],"picked":"Distraction+1","floor":28},{"not_picked":["Storm of Steel+1","Unload","Envenom"],"picked":"Burst+1","floor":33},{"not_picked":["Outmaneuver+1","Deadly Poison+1","Bane+1"],"picked":"Blur+1","floor":35},{"not_picked":["Poisoned Stab+1","Deflect+1","Heel Hook+1"],"picked":"Blade Dance+1","floor":37},{"not_picked":["Dodge and Roll+1","Choke+1","Escape Plan+1","Masterful Stab"],"picked":"SKIP","floor":39},{"not_picked":["Caltrops","Well Laid Plans","Deflect+1"],"picked":"Escape Plan+1","floor":40},{"not_picked":["Poisoned Stab+1","Leg Sweep+1","Bane","Eviscerate+1"],"picked":"SKIP","floor":42},{"not_picked":["Deflect+1","Malaise+1","Calculated Gamble+1"],"picked":"Dash+1","floor":44},{"not_picked":["Mayhem","Dramatic Entrance","Metamorphosis+1"],"picked":"Dark Shackles+1","floor":45},{"not_picked":["Heel Hook","Quick Slash","Eviscerate+1"],"picked":"PiercingWail+1","floor":48}],"player_experience":40556,"relics_obtained":[{"floor":6,"key":"StoneCalendar"},{"floor":8,"key":"Toxic Egg 2"},{"floor":9,"key":"Du-Vu Doll"},{"floor":17,"key":"Blood Vial"},{"floor":17,"key":"Question Card"},{"floor":17,"key":"Ginger"},{"floor":24,"key":"Bottled Tornado"},{"floor":26,"key":"TungstenRod"},{"floor":27,"key":"White Beast Statue"},{"floor":29,"key":"Kunai"},{"floor":40,"key":"Juzu Bracelet"},{"floor":42,"key":"Bird Faced Urn"},{"floor":43,"key":"Snake Skull"},{"floor":44,"key":"The Specimen"}],"event_choices":[{"damage_healed":0,"gold_gain":0,"player_choice":"Box","damage_taken":0,"relics_obtained":["InkBottle"],"max_hp_gain":0,"max_hp_loss":0,"event_name":"Big Fish","floor":3,"gold_loss":0,"cards_obtained":["Regret"]},{"damage_healed":0,"gold_gain":0,"player_choice":"Take Wound","damage_taken":0,"relics_obtained":["Golden Idol"],"max_hp_gain":0,"max_hp_loss":0,"event_name":"Golden Idol","floor":4,"gold_loss":0,"cards_obtained":["Injury"]},{"cards_removed":["Regret"],"damage_healed":0,"gold_gain":0,"player_choice":"Card Removal","damage_taken":0,"max_hp_gain":0,"max_hp_loss":0,"event_name":"The Cleric","floor":11,"gold_loss":50},{"damage_healed":0,"gold_gain":0,"cards_transformed":["Strike_G"],"player_choice":"Change","damage_taken":0,"max_hp_gain":0,"max_hp_loss":0,"event_name":"Living Wall","floor":13,"gold_loss":0,"cards_obtained":["Crippling Poison"]},{"damage_healed":0,"gold_gain":99,"player_choice":"Stole From Cult","damage_taken":0,"max_hp_gain":0,"max_hp_loss":0,"event_name":"Nest","floor":20,"gold_loss":0},{"damage_healed":0,"gold_gain":0,"player_choice":"Simplicity","damage_taken":0,"max_hp_gain":0,"max_hp_loss":0,"event_name":"Back to Basics","floor":31,"gold_loss":0,"cards_upgraded":["Strike_G","Strike_G","Strike_G","Defend_G","Defend_G","Defend_G","Defend_G","Defend_G"]},{"damage_healed":0,"gold_gain":0,"player_choice":"Ignored","damage_taken":0,"max_hp_gain":0,"max_hp_loss":0,"event_name":"Fountain of Cleansing","floor":38,"gold_loss":0},{"damage_healed":0,"gold_gain":0,"player_choice":"Memory 1","damage_taken":0,"max_hp_gain":0,"max_hp_loss":0,"event_name":"SensoryStone","floor":45,"gold_loss":0},{"damage_healed":0,"gold_gain":0,"player_choice":"Paid","damage_taken":0,"relics_obtained":["Red Mask"],"max_hp_gain":0,"max_hp_loss":0,"event_name":"Tomb of Lord Red Mask","floor":47,"gold_loss":180}],"is_beta":false,"boss_relics":[{"not_picked":["Cursed Key","Black Star"],"picked":"Calling Bell"},{"not_picked":["Runic Dome","Tiny House"],"picked":"Philosopher\u0027s Stone"}],"items_purged_floors":[22],"is_endless":false,"potions_floor_spawned":[1,2,8,16,18,19,24,28,33,35,37,39,40,42,44,48],"ascension_level":5}}