{"host":"ndqkyrxelzss439h","time":1607982306,"event":{"mods":["2.2 Compatiblity","Act Like it!","BaseMod","Better Third Choice","Colored Map","Colored Powertips","Downfall","Highlight Path","Infinite Spire","Minty Spire (QoL Compilation)","Permanent Neow","Quick Restart","Replay The Spire","StSLib","Steal the Spire"],"gold_per_floor":[99,115,290,290,215,315,315,328,354,204,217,18,28,46,56,56,56],"floor_reached":16,"playtime":917,"items_purged":[],"score":102,"play_id":"36c82d3f-d7ca-492e-96ac-f233a8fe8c5d","local_time":"20201214164506","is_ascension_mode":false,"campfire_choices":[{"floor":1,"key":"RECALL"},{"data":"champ:DefensiveShout","floor":5,"key":"SMITH"},{"floor":10,"key":"REST"}],"circlet_count":0,"master_deck":["champ:Strike","champ:Strike","champ:Strike","champ:Strike","champ:Defend","champ:Defend+1","champ:Defend","champ:Defend","champ:Execute","champ:Taunt","champ:DefensiveShout+1","Doubt","champ:FanOfKnives","champ:Encircle","champ:IronFortress","champ:Backstep","Apotheosis","champ:EndlessRage","champ:DefensiveShout","champ:CrookedStrike"],"relics":["Ring of Chaos","downfall:HeartBlessingRed","Tiny Chest","downfall:HeartBlessingBlue","downfall:HeartBlessingGreen"],"acts_visited":["Exordium"],"potions_floor_usage":[9,13],"damage_taken":[{"damage":13,"enemies":"Jaw Worm","floor":2,"turns":6},{"damage":11,"enemies":"Small Slimes","floor":8,"turns":2},{"damage":69,"enemies":"3 Sentries","floor":9,"turns":13},{"damage":2,"enemies":"Cultist","floor":11,"turns":3},{"damage":10,"enemies":"downfall:FleeingMerchant","floor":12,"turns":4},{"damage":20,"enemies":"Gremlin Gang","floor":13,"turns":5},{"damage":17,"enemies":"3 Louse","floor":14,"turns":4},{"damage":8,"enemies":"2 Fungi Beasts","floor":15,"turns":3},{"damage":48,"enemies":"downfall:Silent","floor":16,"turns":12}],"seed_played":"5891264193321268221","potions_obtained":[{"floor":8,"key":"ColorlessPotion"},{"floor":11,"key":"Fire Potion"},{"floor":13,"key":"Swift Potion"}],"is_trial":false,"path_per_floor":["R","M","?","?","R","?","T","M","E","R","M","$","M","M","M","B"],"character_chosen":"THE_CHAMP","items_purchased":["Apotheosis"],"campfire_rested":1,"item_purchase_floors":[12],"current_hp_per_floor":[90,87,87,87,87,87,87,81,36,76,76,76,63,48,42,0,0],"gold":56,"neow_bonus":"BOSS_RELIC","is_daily":false,"chose_seed":false,"campfire_upgraded":1,"win_rate":0.0,"timestamp":1607982306,"path_taken":["R","M","?","?","R","?","T","M","E","R","M","$","?","M","M","BOSS"],"items_purchased_type":["Card"],"build_version":"2020-12-13","purchased_purges":0,"victory":false,"max_hp_per_floor":[90,90,90,90,90,90,90,90,90,100,100,100,100,100,100,100,100],"card_choices":[{"not_picked":["champ:AdrenalArmor","champ:GladiatorsShout"],"picked":"champ:DefensiveShout","floor":2},{"not_picked":["champ:CrookedStrike","champ:Aggression"],"picked":"champ:FanOfKnives","floor":8},{"not_picked":["champ:Balance","champ:SwordThrow"],"picked":"champ:Encircle","floor":9},{"not_picked":["champ:BerserkersShout","champ:FightOn"],"picked":"champ:IronFortress","floor":11},{"not_picked":["champ:RisingSlash","champ:Lariat"],"picked":"champ:Backstep","floor":12},{"not_picked":["champ:FanOfKnives","champ:StanceDance"],"picked":"champ:EndlessRage","floor":13},{"not_picked":["champ:ArenaPreparation","champ:Haymaker"],"picked":"champ:DefensiveShout","floor":14},{"not_picked":["champ:Encircle","champ:EndlessRage"],"picked":"champ:CrookedStrike","floor":15}],"player_experience":164535,"relics_obtained":[{"floor":9,"key":"Tiny Chest"}],"event_choices":[],"is_beta":false,"boss_relics":[],"items_purged_floors":[],"is_endless":false,"potions_floor_spawned":[8,11,13],"killed_by":"downfall:Silent","ascension_level":0}}