{"host":"121m0oxswv9tg9hk","time":1607959692,"event":{"mods":["AchievementEnabler","BaseMod","Better Third Choice","Downfall","Hermit","Hubris","Infinite Spire","MarisaÅiñ∂âJÅ@ñÇóùçπÅj","Minty Spire (QoL Compilation)","Replay The Spire","Shade Mod","StSLib","The Construct","The Cursed","The Gatherer","The Hierophant","The Mystic"],"gold_per_floor":[17,17,117,117,136,162,162,196,220,220,233,233,268,268,268,367,367,335,10,20,20,20,20],"floor_reached":22,"playtime":1488,"items_purged":["mysticmod:Defend_Mystic"],"score":260,"play_id":"ab903964-129f-46e1-a4d2-ec445e15f116","local_time":"20201214162812","is_ascension_mode":true,"campfire_choices":[{"floor":7,"key":"REST"},{"floor":12,"key":"REST"},{"data":"hubris:DuctTapeCard","floor":15,"key":"SMITH"}],"circlet_count":0,"master_deck":["mysticmod:Strike_Mystic","mysticmod:Strike_Mystic","mysticmod:Strike_Mystic","mysticmod:Strike_Mystic","mysticmod:Defend_Mystic","mysticmod:Defend_Mystic","mysticmod:Defend_Mystic","mysticmod:ArcaneDodge","mysticmod:ShockingGrasp","mysticmod:ComponentsPouch","mysticmod:Feint","mysticmod:Fly","mysticmod:SpellCombat","Pot Of Greed","Spot Weakness","mysticmod:PunishingArmor","hubris:DuctTapeCard+2","mysticmod:TomeOfSpells","Double Tap","mysticmod:HeavyStrike","mysticmod:BulkUp","mysticmod:BulkUp","mysticmod:FiveFootStep","Pot Of Greed","mysticmod:CureLightWounds+1","infinitespire:Execution"],"relics":["m_GuardianBlood","construct:BoolHorns","Dream Catcher","Darkstone Periapt","Grinning Jar","infinitespire:Cubic Diamond","hubris:DuctTape","Ring of Chaos","Bag of Preparation"],"acts_visited":["Exordium","TheCity"],"potions_floor_usage":[6,20],"damage_taken":[{"damage":7,"enemies":"Small Slimes","floor":1,"turns":4},{"damage":0,"enemies":"Cultist","floor":5,"turns":2},{"damage":30,"enemies":"3 Sentries","floor":6,"turns":10},{"damage":27,"enemies":"Gremlin Nob","floor":8,"turns":4},{"damage":1,"enemies":"Jaw Worm","floor":11,"turns":2},{"damage":10,"enemies":"Replay:BlueRogue","floor":13,"turns":7},{"damage":1,"enemies":"Fading Forest","floor":16,"turns":11},{"damage":22,"enemies":"2 Thieves","floor":18,"turns":5},{"damage":17,"enemies":"3 Byrds","floor":20,"turns":4},{"damage":33,"enemies":"3 Cultists","floor":22,"turns":4}],"seed_played":"2082381212214349353","potions_obtained":[{"floor":1,"key":"SpeedPotion"},{"floor":16,"key":"SpeedPotion"},{"floor":18,"key":"champ:CounterPotion"}],"is_trial":false,"path_per_floor":["M","$","?","$","M","E","R","E","T","?","M","R","E","?","R","B",null,"M","$","M","?","M"],"character_chosen":"MYSTIC_CLASS","items_purchased":["mysticmod:BulkUp","Bag of Preparation","mysticmod:FiveFootStep"],"campfire_rested":2,"item_purchase_floors":[19,19,19],"current_hp_per_floor":[62,62,62,62,62,32,55,28,28,28,33,56,52,52,52,57,72,56,56,45,26,0,0],"gold":20,"neow_bonus":"ONE_RARE_RELIC","is_daily":false,"chose_seed":false,"campfire_upgraded":1,"win_rate":0.0,"timestamp":1607959692,"path_taken":["M","$","?","$","?","E","R","E","T","?","M","R","E","?","R","BOSS","M","$","M","?","M"],"items_purchased_type":["Card","Relic","Card"],"build_version":"2020-12-13","purchased_purges":1,"victory":false,"max_hp_per_floor":[77,77,77,77,77,77,77,77,77,77,77,77,77,77,77,77,77,77,77,77,77,77,77],"card_choices":[{"not_picked":["mysticmod:Sideswipe","mysticmod:HunkerDown"],"picked":"mysticmod:ComponentsPouch","floor":1},{"not_picked":["mysticmod:Riposte","mysticmod:DiviningBlow"],"picked":"mysticmod:Feint","floor":5},{"not_picked":["mysticmod:Flourish","mysticmod:Spellstrike"],"picked":"mysticmod:Fly","floor":6},{"not_picked":["mysticmod:KeenEdge","mysticmod:HeavyStrike"],"picked":"mysticmod:SpellCombat","floor":7},{"not_picked":["mysticmod:PowerSlash","mysticmod:ComponentsPouch"],"picked":"mysticmod:MagicMissile","floor":8},{"not_picked":["mysticmod:Riposte","mysticmod:SpellCombat"],"picked":"Spot Weakness","floor":11},{"not_picked":["Guardian:Gem_Red","mysticmod:Flurry"],"picked":"mysticmod:PunishingArmor","floor":12},{"not_picked":["mysticmod:Dedication","mysticmod:MagicWeapon"],"picked":"mysticmod:TomeOfSpells","floor":13},{"not_picked":["mysticmod:Natural20","mysticmod:GeminiForm"],"picked":"Double Tap","floor":16},{"not_picked":["mysticmod:TomeOfSpells","mysticmod:PureInstinct"],"picked":"mysticmod:HeavyStrike","floor":18},{"not_picked":["mysticmod:ComboCaster","mysticmod:Sideswipe+1"],"picked":"mysticmod:CureLightWounds+1","floor":20},{"not_picked":["infinitespire:DeathsTouch","infinitespire:Starlight"],"picked":"infinitespire:Execution","floor":21}],"player_experience":2834134,"relics_obtained":[{"floor":6,"key":"Dream Catcher"},{"floor":8,"key":"Darkstone Periapt"},{"floor":9,"key":"Grinning Jar"},{"floor":13,"key":"hubris:DuctTape"}],"event_choices":[{"damage_healed":0,"gold_gain":100,"player_choice":"Pray","damage_taken":0,"max_hp_gain":0,"max_hp_loss":0,"event_name":"Golden Shrine","floor":3,"gold_loss":0},{"damage_healed":0,"gold_gain":0,"player_choice":"Ignored","damage_taken":268,"max_hp_gain":0,"max_hp_loss":0,"event_name":"betterThird:BetterSerpent","floor":14,"gold_loss":0}],"is_beta":false,"boss_relics":[{"not_picked":["Snecko Heart","Abe\u0027s Treasure"],"picked":"Ring of Chaos"}],"items_purged_floors":[19],"is_endless":false,"potions_floor_spawned":[1,16,18],"killed_by":"3 Cultists","ascension_level":6}}