{"host":"nug5xkek4sujf8as","time":1607980017,"event":{"mods":["Act Like it!","Aspiration","BaseMod","Booster Modes","CapriCore","Colored Powertips","Conspire","Gensokyo","Minty Spire (QoL Compilation)","Permanent Neow","Quick Restart","Replay The Spire","Shop Mod","Spicy Shops","StSLib","vexMod","【功能Mod】混沌之环修复补丁","【遗物卡牌】REMEMod","篝火指南"],"gold_per_floor":[110,110,110,129,140,140,140,165,218,218,235,255,276,276,276,353,353,373,323,22,72,89,89,89],"floor_reached":23,"playtime":700,"items_purged":["Strike_G"],"score":457,"play_id":"d6a87a6a-6001-442e-8f86-a23b21b86f55","local_time":"20201215050657","is_ascension_mode":true,"campfire_choices":[{"floor":6.0,"key":"REST"},{"data":"REME_ProfessionalPlagiarism","floor":10.0,"key":"SMITH"},{"floor":15.0,"key":"REST"}],"circlet_count":0,"master_deck":["AscendersBane","Strike_G","Defend_G","Defend_G","Defend_G","Defend_G","Defend_G","Survivor","Neutralize","REME_ProfessionalPlagiarism+1","Quick Slash","Backflip","PiercingWail","Terror","Poisoned Stab","Adrenaline","Concentrate","conspire:SpireCoStock","Bouncing Flask"],"relics":["REME_ComplimentaryCards","Vajra","Torii","Happy Flower","conspire:RoyalGoblet","MerchantsRug","aspiration:Nostalgia","Burning Blood"],"acts_visited":["Gensokyo:Gensokyo","TheCity"],"potions_floor_usage":[22,22],"damage_taken":[{"damage":12.0,"enemies":"Gensokyo:Gryphon","floor":1.0,"turns":3.0},{"damage":0.0,"enemies":"Gensokyo:Python","floor":4.0,"turns":5.0},{"damage":0.0,"enemies":"Gensokyo:3_Fairies","floor":5.0,"turns":5.0},{"damage":0.0,"enemies":"Gensokyo:Python_and_Kodama","floor":11.0,"turns":2.0},{"damage":0.0,"enemies":"Gensokyo:Gryphon_and_Rabbit","floor":12.0,"turns":1.0},{"damage":0.0,"enemies":"Gensokyo:Yukari","floor":16.0,"turns":1.0},{"damage":0.0,"enemies":"2 Thieves","floor":18.0,"turns":5.0},{"damage":11,"enemies":"Spheric Guardian","floor":22,"turns":6},{"damage":50,"enemies":"REME_1_Revenger","floor":23,"turns":7}],"seed_played":"-6061150517461749415","potions_obtained":[{"floor":1.0,"key":"ColorlessPotion"},{"floor":12.0,"key":"Block Potion"},{"floor":16.0,"key":"Toxic Potion"}],"is_trial":false,"path_per_floor":["M","?","?","M","M","R","$","T","T","R","M","M","?","?","R","B",null,"M","?","$","?","M","E"],"character_chosen":"THE_SILENT","items_purchased":["MerchantsRug","aspiration:Nostalgia"],"campfire_rested":2,"item_purchase_floors":[20,20],"current_hp_per_floor":[47,15,15,15,15,34,34,34,34,34,34,34,8,8,27,27,56,56,56,56,56,51,1,1],"gold":89,"neow_bonus":"BOSS_RELIC","is_daily":false,"chose_seed":false,"campfire_upgraded":1,"win_rate":0.0,"timestamp":1607980017,"path_taken":["M","?","?","M","M","R","$","?","T","R","?","M","?","?","R","BOSS","M","?","$","?","M","E"],"items_purchased_type":["Relic","Relic"],"build_version":"2020-12-13","purchased_purges":1,"victory":false,"max_hp_per_floor":[66,66,66,66,66,66,66,66,66,66,66,66,66,66,66,66,66,66,66,66,66,66,66,66],"card_choices":[{"not_picked":["Masterful Stab","Sucker Punch","Deflect"],"picked":"Quick Slash","floor":1.0},{"not_picked":["Bane","Draining Mist","Dagger Throw"],"picked":"Backflip","floor":4.0},{"not_picked":["Toxin Wave","Quick Slash","Choke"],"picked":"aspiration:Lunge","floor":5.0},{"not_picked":["All Out Attack","Slice","Poisoned Stab"],"picked":"PiercingWail","floor":11.0},{"not_picked":["Hidden Blade","conspire:PoisonWeapons","Distraction"],"picked":"Terror","floor":12.0},{"not_picked":["Underhanded Strike","Sucker Punch","Dodge and Roll"],"picked":"Poisoned Stab","floor":13.0},{"not_picked":["aspiration:Lunge","REME_GrazeFinale","Venomology"],"picked":"Adrenaline","floor":16.0},{"not_picked":["Backstab","PiercingWail","Infinite Blades"],"picked":"Concentrate","floor":18.0},{"not_picked":["Distraction","Flying Knee"],"picked":"Bouncing Flask","floor":22}],"player_experience":678740,"relics_obtained":[{"floor":8.0,"key":"Vajra"},{"floor":13.0,"key":"Torii"}],"event_choices":[{"damage_healed":0.0,"max_hp_gain":0.0,"max_hp_loss":0.0,"gold_gain":0.0,"event_name":"conspire:Investor","player_choice":"Invest 1","floor":19.0,"gold_loss":0.0,"damage_taken":0.0},{"damage_healed":0,"gold_gain":50,"player_choice":"Pray","damage_taken":0,"max_hp_gain":0,"max_hp_loss":0,"event_name":"Golden Shrine","floor":21,"gold_loss":0}],"is_beta":false,"boss_relics":[{"not_picked":["aspiration:WatcherSkillbook","Black Star"],"picked":"conspire:RoyalGoblet"}],"items_purged_floors":[20],"is_endless":false,"potions_floor_spawned":[1,12,16],"killed_by":"REME_1_Revenger","ascension_level":16}}