{"host":"7gewg82ormp6yt4e","time":1607955805,"event":{"mods":["BaseMod","Block Reminder","Colored Map","Colored Powertips","DeckTracker","Highlight Path","Minty Spire (QoL Compilation)","Relic Stats","StSLib"],"gold_per_floor":[112,128,128,145,162,162,193,193,193,193,193,224,224,274,274,348,348,348,365,365,365,384,384,399,399,399,417,417,417],"floor_reached":28,"playtime":1575,"items_purged":[],"score":456,"play_id":"fc08cabf-fe63-47e1-b8cc-6e78d75bdff7","local_time":"20201214232325","is_ascension_mode":true,"campfire_choices":[{"data":"Bouncing Flask","floor":6,"key":"SMITH"},{"floor":8,"key":"REST"},{"data":"Forethought","floor":10,"key":"SMITH"},{"floor":13,"key":"REST"},{"data":"Well Laid Plans","floor":15,"key":"SMITH"},{"data":"Deadly Poison","floor":23,"key":"SMITH"},{"data":"Prepared","floor":25,"key":"SMITH"}],"circlet_count":0,"master_deck":["AscendersBane","Strike_G+1","Strike_G+1","Strike_G+1","Strike_G+1","Defend_G+1","Defend_G+1","Defend_G+1","Defend_G+1","Defend_G+1","Survivor","Neutralize","Forethought+1","Bouncing Flask+1","Deadly Poison+1","Dagger Throw","Terror","Well Laid Plans+1","PiercingWail","Venomology","Cloak And Dagger+1","Neutralize","Prepared+1","Outmaneuver"],"relics":["Ring of the Snake","Happy Flower","Kunai","Bird Faced Urn","Runic Pyramid","Oddly Smooth Stone"],"acts_visited":["Exordium","TheCity"],"potions_floor_usage":[7,7,18,22,24,24,27,28,28],"damage_taken":[{"damage":0,"enemies":"Small Slimes","floor":1,"turns":5},{"damage":3,"enemies":"Cultist","floor":2,"turns":4},{"damage":2,"enemies":"Jaw Worm","floor":4,"turns":6},{"damage":22,"enemies":"Large Slime","floor":5,"turns":9},{"damage":15,"enemies":"Lagavulin","floor":7,"turns":6},{"damage":27,"enemies":"Gremlin Nob","floor":12,"turns":4},{"damage":20,"enemies":"Hexaghost","floor":16,"turns":9},{"damage":0,"enemies":"Shell Parasite","floor":18,"turns":1},{"damage":13,"enemies":"Spheric Guardian","floor":19,"turns":5},{"damage":0,"enemies":"Centurion and Healer","floor":22,"turns":8},{"damage":8,"enemies":"Snecko","floor":24,"turns":6},{"damage":4,"enemies":"Chosen and Byrds","floor":27,"turns":8},{"damage":42,"enemies":"3 Cultists","floor":28,"turns":6}],"seed_played":"521243480456887493","potions_obtained":[{"floor":1,"key":"Fire Potion"},{"floor":2,"key":"Swift Potion"},{"floor":12,"key":"SmokeBomb"},{"floor":24,"key":"ColorlessPotion"},{"floor":27,"key":"Ancient Potion"}],"is_trial":false,"path_per_floor":["M","M","?","M","M","R","E","R","T","R","?","E","R","?","R","B",null,"M","M","?","?","M","R","M","R","T","M","M"],"character_chosen":"THE_SILENT","items_purchased":[],"campfire_rested":2,"item_purchase_floors":[],"current_hp_per_floor":[59,56,56,54,32,32,17,36,36,36,36,9,28,28,28,10,52,52,41,41,41,43,43,35,35,35,33,0,0],"gold":417,"neow_bonus":"RANDOM_COLORLESS","is_daily":false,"chose_seed":false,"campfire_upgraded":5,"win_rate":0.0,"timestamp":1607955805,"path_taken":["M","M","?","?","M","R","E","R","T","R","?","E","R","?","R","BOSS","M","?","?","?","?","R","?","R","T","M","M"],"items_purchased_type":[],"build_version":"2020-12-13","purchased_purges":0,"victory":false,"max_hp_per_floor":[66,66,66,66,66,66,66,66,66,66,66,66,66,66,66,66,66,66,66,66,66,66,66,66,66,66,66,66,66],"relic_stats":{"Happy Flower":[15],"counters":[13,77],"Bird Faced Urn":[10],"Kunai":[13],"obtain_stats":[{"Happy Flower":7,"Bird Faced Urn":12,"Oddly Smooth Stone":26,"Kunai":9,"Ring of the Snake":0,"Runic Pyramid":17},{"Happy Flower":5,"Bird Faced Urn":6,"Oddly Smooth Stone":11,"Kunai":5,"Ring of the Snake":0,"Runic Pyramid":7},{"Happy Flower":30,"Bird Faced Urn":34,"Oddly Smooth Stone":63,"Kunai":30,"Ring of the Snake":0,"Runic Pyramid":43}],"Ring of the Snake":[26]},"card_choices":[{"not_picked":["Madness","Finesse"],"picked":"Forethought","floor":0},{"not_picked":["Accuracy","Distraction"],"picked":"Bouncing Flask","floor":1},{"not_picked":["Masterful Stab","Setup"],"picked":"Deadly Poison","floor":2},{"not_picked":["Expertise","Flying Knee"],"picked":"Dagger Throw","floor":4},{"not_picked":["Concentrate","Masterful Stab"],"picked":"Terror","floor":5},{"not_picked":["Terror","Envenom"],"picked":"Well Laid Plans","floor":7},{"not_picked":["Crippling Poison","Underhanded Strike"],"picked":"PiercingWail","floor":12},{"not_picked":["Night Terror","Die Die Die"],"picked":"Venomology","floor":16},{"not_picked":["Blade Dance","Deadly Poison"],"picked":"Cloak And Dagger+1","floor":19},{"not_picked":["Setup","Poisoned Stab","Eviscerate"],"picked":"SKIP","floor":22},{"not_picked":["Well Laid Plans","Bane"],"picked":"Prepared","floor":24},{"not_picked":["Distraction","Deflect"],"picked":"Outmaneuver","floor":27}],"player_experience":2355708,"relics_obtained":[{"floor":7,"key":"Happy Flower"},{"floor":9,"key":"Kunai"},{"floor":12,"key":"Bird Faced Urn"},{"floor":26,"key":"Oddly Smooth Stone"}],"event_choices":[{"cards_removed":["Strike_G"],"damage_healed":0,"gold_gain":0,"player_choice":"Offered Basic","damage_taken":0,"max_hp_gain":0,"max_hp_loss":0,"event_name":"Bonfire Elementals","floor":3,"gold_loss":0},{"damage_healed":0,"gold_gain":0,"player_choice":"Ignored","damage_taken":0,"max_hp_gain":0,"max_hp_loss":0,"event_name":"Liars Game","floor":11,"gold_loss":0},{"damage_healed":0,"gold_gain":50,"player_choice":"Pray","damage_taken":0,"max_hp_gain":0,"max_hp_loss":0,"event_name":"Golden Shrine","floor":14,"gold_loss":0},{"damage_healed":0,"gold_gain":0,"player_choice":"Simplicity","damage_taken":0,"max_hp_gain":0,"max_hp_loss":0,"event_name":"Back to Basics","floor":20,"gold_loss":0,"cards_upgraded":["Strike_G","Strike_G","Strike_G","Strike_G","Defend_G","Defend_G","Defend_G","Defend_G","Defend_G"]},{"damage_healed":0,"gold_gain":0,"player_choice":"1 cards matched","damage_taken":0,"max_hp_gain":0,"max_hp_loss":0,"event_name":"Match and Keep!","floor":21,"gold_loss":0,"cards_obtained":["Neutralize"]}],"is_beta":false,"boss_relics":[{"not_picked":["Snecko Eye","Coffee Dripper"],"picked":"Runic Pyramid"}],"items_purged_floors":[],"is_endless":false,"potions_floor_spawned":[1,2,5,12,24,27],"killed_by":"3 Cultists","ascension_level":20}}