{"host":"7t8rqoeeopyy0nh0","time":1607943297,"event":{"mods":["AchievementEnabler","BaseMod","Better Third Choice","BetterRewards","Colored Map","Colored Powertips","Downfall","Hubris","Infinite Spire","Minty Spire (QoL Compilation)","Replay The Spire","StSLib"],"gold_per_floor":[116,134,149,167,183,183,60,92,138,138,138,172,172,190,190,286,286,304,316,331,40,86,86,102,102,129,143,143,143,143,143,143,249,249,282,282,332,161,189,189,211,211,211,47,65,80,80,99,99,99],"floor_reached":51,"playtime":4321,"items_purged":["Strike_P","Strike_P","Strike_P","Languid"],"score":1003,"play_id":"095d69b0-2496-444c-8408-2b5310d1438b","local_time":"20201214055457","is_ascension_mode":true,"campfire_choices":[{"data":"BattleHymn","floor":6,"key":"SMITH"},{"data":"Eruption","floor":10,"key":"SMITH"},{"floor":13,"key":"REST"},{"data":"Wish","floor":15,"key":"SMITH"},{"floor":23,"key":"REST"},{"floor":25,"key":"REST"},{"floor":32,"key":"REST"},{"data":"Omniscience","floor":40,"key":"SMITH"},{"data":"Replay:ManipulateFuture","floor":42,"key":"SMITH"},{"data":"infinitespire:Gouge","floor":47,"key":"SMITH"},{"data":"Establishment","floor":49,"key":"SMITH"}],"circlet_count":0,"master_deck":["Defend_P","Defend_P","Defend_P","Defend_P","Eruption+1","Vigilance","BattleHymn+1","ThirdEye","ThirdEye","Wish+1","Establishment+1","EmptyFist","Tantrum","Indignation","ClearTheMind+1","Perseverance","infinitespire:Gouge+1","infinitespire:Starlight","Omniscience+1","Nirvana+1","Replay:ManipulateFuture+1","FollowUp+1","CutThroughFate+1","Wallop+1"],"relics":["hubris:HollowSoul","Pondfish Scales","Centennial Puzzle","Onion Ring","hubris:TerracottaHorce","hubris:SlimyHat","Cursed Key","hubris:Towel","infinitespire:EvilPickle","CloakClasp","Bag of Marbles","Shuriken"],"acts_visited":["Exordium","TheCity","TheBeyond"],"potions_floor_usage":[8,8,8,20,22,27,33,37,50],"damage_taken":[{"damage":7,"enemies":"Cultist","floor":1,"turns":3},{"damage":3,"enemies":"Jaw Worm","floor":2,"turns":5},{"damage":2,"enemies":"Small Slimes","floor":3,"turns":3},{"damage":0,"enemies":"3 Louse","floor":4,"turns":3},{"damage":3,"enemies":"Blue Slaver","floor":5,"turns":4},{"damage":0,"enemies":"Gremlin Nob","floor":8,"turns":2},{"damage":33,"enemies":"Lagavulin","floor":12,"turns":4},{"damage":0,"enemies":"Exordium Wildlife","floor":14,"turns":3},{"damage":24,"enemies":"The Guardian","floor":16,"turns":11},{"damage":3,"enemies":"Spheric Guardian","floor":18,"turns":4},{"damage":6,"enemies":"Shell Parasite","floor":19,"turns":4},{"damage":43,"enemies":"Snake Plant","floor":20,"turns":7},{"damage":8,"enemies":"Centurion and Healer","floor":22,"turns":5},{"damage":4,"enemies":"Sentry and Sphere","floor":24,"turns":3},{"damage":14,"enemies":"Snake Plant","floor":27,"turns":3},{"damage":4,"enemies":"Pondfish","floor":33,"turns":5},{"damage":5,"enemies":"Orb Walker","floor":35,"turns":3},{"damage":19,"enemies":"2 Orb Walkers","floor":37,"turns":6},{"damage":0,"enemies":"3 Shapes","floor":39,"turns":5},{"damage":12,"enemies":"Spire Growth","floor":41,"turns":5},{"damage":0,"enemies":"Maw","floor":45,"turns":5},{"damage":6,"enemies":"Writhing Mass","floor":46,"turns":8},{"damage":5,"enemies":"Sphere and 2 Shapes","floor":48,"turns":6},{"damage":18,"enemies":"Donu and Deca","floor":50,"turns":7}],"seed_played":"-7265250393652162603","potions_obtained":[{"floor":3,"key":"Explosive Potion"},{"floor":5,"key":"Toxic Potion"},{"floor":8,"key":"Languid Potion"},{"floor":14,"key":"Venom Potion"},{"floor":19,"key":"Fruit Juice"},{"floor":24,"key":"SneckoOil"},{"floor":35,"key":"Strength Potion"},{"floor":45,"key":"ColorlessPotion"}],"is_trial":false,"path_per_floor":["M","M","M","M","M","R","$","E","T","R","?","E","R","M","R","B",null,"M","M","M","$","M","R","M","R","T","M","AVR","?","?","?","R","B",null,"M","?","?","$","M","R","M","R","T","$","M","M","R","M","R","B",null],"character_chosen":"WATCHER","items_purchased":["AttackPotion","Tantrum","Indignation","LiquidBronze","Bag of Marbles","Replay:ManipulateFuture","FollowUp+1"],"campfire_rested":4,"item_purchase_floors":[7,21,21,21,38,38,44],"current_hp_per_floor":[65,62,60,60,57,57,57,57,57,57,57,24,45,45,45,21,59,56,50,7,7,4,27,23,46,46,32,32,32,32,32,55,61,73,77,77,68,68,68,68,56,56,56,56,66,70,70,65,65,57],"gold":99,"neow_bonus":"BOSS_RELIC","is_daily":false,"chose_seed":false,"campfire_upgraded":7,"win_rate":0.0,"timestamp":1607943297,"path_taken":["M","M","M","M","M","R","$","E","T","R","?","E","R","M","R","BOSS","M","M","M","$","M","R","M","R","T","M","AVR","?","?","?","R","BOSS","M","?","?","?","M","R","?","R","T","$","M","M","R","M","R","BOSS"],"items_purchased_type":["Potion","Card","Card","Potion","Relic","Card","Card"],"build_version":"2020-12-13","purchased_purges":4,"victory":true,"max_hp_per_floor":[72,72,72,72,72,72,72,72,72,72,72,72,72,72,72,72,72,72,72,72,72,77,77,77,77,77,77,77,77,77,77,77,77,77,77,77,77,77,77,77,77,77,77,77,77,77,77,77,77,77],"card_choices":[{"not_picked":["Prostrate","WaveOfTheHand","FollowUp"],"picked":"SKIP","floor":1},{"not_picked":["Protect","Replay:ManipulateFuture"],"picked":"BattleHymn","floor":2},{"not_picked":["DeceiveReality","ClearTheMind","Replay:DivineShield"],"picked":"SKIP","floor":3},{"not_picked":["WindmillStrike","Vengeance","Replay:AtTheReady"],"picked":"SKIP","floor":4},{"not_picked":["Replay:Vibes","SashWhip"],"picked":"ThirdEye","floor":5},{"not_picked":["DeceiveReality","Evaluate"],"picked":"BowlingBash","floor":8},{"not_picked":["WaveOfTheHand","WindmillStrike","FollowUp"],"picked":"SKIP","floor":12},{"not_picked":["ThirdEye","Replay:AtTheReady"],"picked":"Wish","floor":14},{"not_picked":["Replay:AllIn","Wish"],"picked":"Establishment","floor":16},{"not_picked":["LikeWater","WreathOfFlame","ThirdEye"],"picked":"SKIP","floor":18},{"not_picked":["FlyingSleeves","Adaptation","Replay:DivineShield"],"picked":"SKIP","floor":19},{"not_picked":["EmptyBody","Protect+1"],"picked":"EmptyFist","floor":20},{"not_picked":["PathToVictory+1","Conclude"],"picked":"ClearTheMind+1","floor":22},{"not_picked":["Replay:DivineShield+1","Sanctity","Consecrate"],"picked":"SKIP","floor":24},{"not_picked":["MentalFortress","Protect+1"],"picked":"Perseverance","floor":27},{"not_picked":["Judgement","Scrawl"],"picked":"Omniscience","floor":33},{"not_picked":["EmptyFist","FlyingSleeves","BowlingBash+1"],"picked":"SKIP","floor":35},{"not_picked":["EmptyFist+1","Replay:AtTheReady+1"],"picked":"Nirvana+1","floor":37},{"not_picked":["WaveOfTheHand","Prostrate","EmptyFist+1"],"picked":"SKIP","floor":39},{"not_picked":["BowlingBash+1","SashWhip","FollowUp+1"],"picked":"SKIP","floor":41},{"not_picked":["ThirdEye+1","FlurryOfBlows","WaveOfTheHand"],"picked":"SKIP","floor":45},{"not_picked":["Replay:AtTheReady","JustLucky+1"],"picked":"CutThroughFate+1","floor":46},{"not_picked":["Protect","EmptyFist+1"],"picked":"Wallop+1","floor":48}],"player_experience":319041,"relics_obtained":[{"floor":8,"key":"Pondfish Scales"},{"floor":9,"key":"Centennial Puzzle"},{"floor":12,"key":"Onion Ring"},{"floor":26,"key":"hubris:SlimyHat"},{"floor":37,"key":"CloakClasp"},{"floor":43,"key":"Shuriken"}],"event_choices":[{"damage_healed":0,"gold_gain":0,"cards_transformed":["Strike_P"],"player_choice":"Transformed","damage_taken":0,"max_hp_gain":0,"max_hp_loss":0,"event_name":"Transmorgrifier","floor":11,"gold_loss":0,"cards_obtained":["ThirdEye"]},{"damage_healed":0,"gold_gain":0,"player_choice":"Ignored","damage_taken":0,"max_hp_gain":0,"max_hp_loss":0,"event_name":"Cursed Tome","floor":31,"gold_loss":0},{"cards_removed":["BowlingBash"],"damage_healed":0,"gold_gain":0,"player_choice":"Removed Attack","damage_taken":0,"max_hp_gain":0,"max_hp_loss":0,"event_name":"Falling","floor":36,"gold_loss":0},{"damage_healed":0,"gold_gain":0,"player_choice":"Fight","damage_taken":0,"max_hp_gain":0,"max_hp_loss":0,"event_name":"Mysterious Sphere","floor":37,"gold_loss":0}],"is_beta":false,"boss_relics":[{"not_picked":["Ring of Chaos","Painkiller Herb"],"picked":"hubris:TerracottaHorce"},{"not_picked":["Velvet Choker","Runic Dome","Replay:Drink Me"]}],"items_purged_floors":[7,21,28,44],"is_endless":false,"potions_floor_spawned":[3,5,8,14,19,24,35,45],"ascension_level":4}}