{"host":"zr590xw2unlz0wv7","time":1607963334,"event":{"mods":["BaseMod","Minty Spire (QoL Compilation)","READ ME - Guardian Mod","StSLib"],"gold_per_floor":[111,111,111,29,49,80,80,97,122,147,147,173,185,217,229,345,357,381,412,523,445,475,521,533,573,585,610,642,613,625,671,671,776,776,788,838,838,857,857,857,877,891,891,891,941,957,972,992,992,992],"floor_reached":51,"playtime":2592,"items_purged":[],"score":977,"play_id":"c4d1c996-11c3-46dd-abfc-ddba2193846b","local_time":"20201215002854","is_ascension_mode":true,"campfire_choices":[{"data":"Buffer","floor":7.0,"key":"SMITH"},{"data":"Go for the Eyes","floor":13.0,"key":"SMITH"},{"data":"Echo Form","floor":15.0,"key":"SMITH"},{"data":"Thunder Strike","floor":24.0,"key":"SMITH"},{"floor":32.0,"key":"REST"},{"data":"Defragment","floor":40.0,"key":"SMITH"},{"floor":49,"key":"REST"}],"circlet_count":0,"master_deck":["Strike_B","Strike_B","Defend_B+1","Defend_B+1","Defend_B","Zap+1","Dualcast+1","Lockon","Buffer+1","Redo","Go for the Eyes+1","Glacier+1","Echo Form+1","Electrodynamics+1","CurseOfTheBell","Storm","Beam Cell","Thunder Strike+1","Auto Shields+1","Defragment+1","FTL","Creative AI","Ball Lightning","Coolheaded+1","Writhe","Discovery","Panache","Parasite","Redo+1","White Noise+1","Core Surge"],"relics":["Cracked Core","Tiny Chest","Happy Flower","Anchor","CultistMask","MawBank","Calling Bell","War Paint","Sundial","Thread and Needle","Potion Belt","Vajra","Darkstone Periapt","Centennial Puzzle","Empty Cage","Emotion Chip","Meat on the Bone","Pantograph","Mango"],"acts_visited":["Exordium","TheCity","TheBeyond"],"potions_floor_usage":[45,50],"damage_taken":[{"damage":1.0,"enemies":"Cultist","floor":1.0,"turns":3.0},{"damage":0.0,"enemies":"2 Louse","floor":5.0,"turns":2.0},{"damage":17.0,"enemies":"3 Sentries","floor":6.0,"turns":6.0},{"damage":0.0,"enemies":"Jaw Worm","floor":8.0,"turns":2.0},{"damage":0.0,"enemies":"2 Fungi Beasts","floor":14.0,"turns":3.0},{"damage":0.0,"enemies":"Slime Boss","floor":16.0,"turns":11.0},{"damage":0.0,"enemies":"Chosen","floor":18.0,"turns":5.0},{"damage":0.0,"enemies":"Shell Parasite","floor":19.0,"turns":6.0},{"damage":0.0,"enemies":"Snake Plant","floor":22.0,"turns":4.0},{"damage":17.0,"enemies":"Gremlin Leader","floor":23.0,"turns":5.0},{"damage":13.0,"enemies":"Slavers","floor":25.0,"turns":5.0},{"damage":19.0,"enemies":"Chosen and Byrds","floor":27.0,"turns":7.0},{"damage":15.0,"enemies":"Centurion and Healer","floor":28.0,"turns":4.0},{"damage":18.0,"enemies":"3 Cultists","floor":30.0,"turns":4.0},{"damage":32.0,"enemies":"Champ","floor":33.0,"turns":12.0},{"damage":2.0,"enemies":"Orb Walker","floor":35.0,"turns":4.0},{"damage":13.0,"enemies":"Mind Bloom Boss Battle","floor":36.0,"turns":7.0},{"damage":5.0,"enemies":"3 Shapes","floor":38.0,"turns":4.0},{"damage":9,"enemies":"Spire Growth","floor":41,"turns":4},{"damage":20,"enemies":"Writhing Mass","floor":42,"turns":5},{"damage":30,"enemies":"2 Orb Walkers","floor":45,"turns":3},{"damage":21,"enemies":"Transient","floor":46,"turns":5},{"damage":7,"enemies":"Spire Growth","floor":47,"turns":6},{"damage":8,"enemies":"3 Darklings","floor":48,"turns":3},{"damage":39,"enemies":"Time Eater","floor":50,"turns":8}],"seed_played":"665432098909359489","potions_obtained":[{"floor":1.0,"key":"SneckoOil"},{"floor":5.0,"key":"DistilledChaos"},{"floor":14.0,"key":"Block Potion"},{"floor":18.0,"key":"FairyPotion"},{"floor":22.0,"key":"LiquidBronze"},{"floor":25.0,"key":"LiquidBronze"},{"floor":27.0,"key":"EssenceOfSteel"},{"floor":35.0,"key":"Explosive Potion"},{"floor":38.0,"key":"SmokeBomb"},{"floor":42,"key":"AttackPotion"},{"floor":48,"key":"LiquidBronze"}],"is_trial":false,"path_per_floor":["M","?","?","$","M","E","R","M","T","T","?","T","R","M","R","B",null,"M","M","?","?","M","E","R","E","T","M","M","$","M","T","R","B",null,"M","?","?","M","?","R","M","M","T","T","?","M","M","M","R","B",null],"character_chosen":"DEFECT","items_purchased":["Buffer","Defragment"],"campfire_rested":2,"item_purchase_floors":[4,29],"current_hp_per_floor":[81,65,65,65,65,48,48,48,48,48,48,48,48,48,48,48,82,82,82,82,82,82,65,65,52,52,33,18,18,24,24,48,16,82,80,67,88,83,78,78,69,55,55,55,51,42,47,51,83,69],"gold":992,"neow_bonus":"TEN_PERCENT_HP_BONUS","is_daily":false,"chose_seed":false,"campfire_upgraded":5,"win_rate":0.0,"timestamp":1607963334,"path_taken":["M","?","?","$","M","E","R","?","T","?","?","?","R","M","R","BOSS","M","M","?","?","M","E","R","E","T","M","M","$","?","?","R","BOSS","M","?","?","M","?","R","M","M","T","?","?","M","M","M","R","BOSS"],"items_purchased_type":["Card","Card"],"build_version":"2020-12-13","purchased_purges":0,"victory":true,"max_hp_per_floor":[82,82,82,82,82,82,82,82,82,82,82,82,82,82,82,82,82,82,82,82,82,82,82,82,82,82,82,82,82,82,82,82,82,82,82,82,88,88,88,88,88,94,94,94,108,108,108,108,108,108],"card_choices":[{"not_picked":["Turbo","Static Discharge"],"picked":"Lockon","floor":1.0},{"not_picked":["Rip and Tear","Blizzard"],"picked":"Redo","floor":5.0},{"not_picked":["Stack","Sunder"],"picked":"Go for the Eyes","floor":6.0},{"not_picked":["Hologram","Turbo"],"picked":"Glacier","floor":8.0},{"not_picked":["Coolheaded","Skim"],"picked":"Echo Form","floor":14.0},{"not_picked":["Meteor Strike","Fission"],"picked":"Electrodynamics","floor":16.0},{"not_picked":["Skim","Ball Lightning"],"picked":"Storm","floor":18.0},{"not_picked":["Coolheaded","Compile Driver"],"picked":"Beam Cell","floor":19.0},{"not_picked":["Gash+1","Compile Driver"],"picked":"Thunder Strike","floor":22.0},{"not_picked":["Melter","Gash","Rip and Tear"],"picked":"SKIP","floor":23.0},{"not_picked":["Coolheaded","Aggregate","Auto Shields"],"picked":"SKIP","floor":25.0},{"not_picked":["Barrage","Blizzard"],"picked":"Auto Shields+1","floor":27.0},{"not_picked":["Chill","Leap","Steam"],"picked":"SKIP","floor":28.0},{"not_picked":["Barrage","Steam"],"picked":"FTL","floor":30.0},{"not_picked":["Machine Learning","Reboot"],"picked":"Creative AI","floor":33.0},{"not_picked":["Glacier+1","Stack+1"],"picked":"Ball Lightning","floor":35.0},{"not_picked":["Gash","Sweeping Beam"],"picked":"Coolheaded+1","floor":36.0},{"not_picked":["Streamline","Gash","Doom and Gloom"],"picked":"SKIP","floor":38.0},{"not_picked":["Bandage Up","Purity"],"picked":"Discovery","floor":39.0},{"not_picked":["Secret Technique","Bandage Up"],"picked":"Panache","floor":39.0},{"not_picked":["Compile Driver","Beam Cell","Stack"],"picked":"SKIP","floor":41},{"not_picked":["Redo","Sweeping Beam","Aggregate+1"],"picked":"SKIP","floor":42},{"not_picked":["Sweeping Beam+1","Stack"],"picked":"Redo+1","floor":45},{"not_picked":["Compile Driver","Rebound"],"picked":"White Noise+1","floor":46},{"not_picked":["Turbo+1","Go for the Eyes+1"],"picked":"Core Surge","floor":47},{"not_picked":["Glacier","Coolheaded","Go for the Eyes"],"picked":"SKIP","floor":48}],"player_experience":471088,"relics_obtained":[{"floor":6.0,"key":"Tiny Chest"},{"floor":9.0,"key":"Happy Flower"},{"floor":10.0,"key":"Anchor"},{"floor":12.0,"key":"MawBank"},{"floor":17.0,"key":"War Paint"},{"floor":17.0,"key":"Sundial"},{"floor":17.0,"key":"Thread and Needle"},{"floor":23.0,"key":"Potion Belt"},{"floor":25.0,"key":"Vajra"},{"floor":26.0,"key":"Darkstone Periapt"},{"floor":31.0,"key":"Centennial Puzzle"},{"floor":36.0,"key":"Emotion Chip"},{"floor":43,"key":"Meat on the Bone"},{"floor":44,"key":"Pantograph"},{"floor":45,"key":"Mango"}],"event_choices":[{"damage_healed":0.0,"max_hp_gain":0.0,"max_hp_loss":0.0,"gold_gain":0.0,"event_name":"Shining Light","player_choice":"Entered Light","floor":2.0,"gold_loss":0.0,"damage_taken":16.0,"cards_upgraded":["Zap","Defend_B"]},{"damage_healed":0.0,"max_hp_gain":0.0,"max_hp_loss":0.0,"gold_gain":0.0,"event_name":"Upgrade Shrine","player_choice":"Upgraded","floor":3.0,"gold_loss":0.0,"damage_taken":0.0,"cards_upgraded":["Dualcast"]},{"damage_healed":0.0,"max_hp_gain":0.0,"max_hp_loss":0.0,"gold_gain":0.0,"event_name":"FaceTrader","player_choice":"Trade","floor":11.0,"gold_loss":0.0,"damage_taken":0.0,"relics_obtained":["CultistMask"]},{"damage_healed":0.0,"max_hp_gain":0.0,"max_hp_loss":0.0,"gold_gain":99.0,"event_name":"Nest","player_choice":"Stole From Cult","floor":20.0,"gold_loss":0.0,"damage_taken":0.0},{"cards_removed":["Strike_B"],"damage_healed":0.0,"max_hp_gain":0.0,"max_hp_loss":0.0,"gold_gain":0.0,"event_name":"Designer","player_choice":"Upgrade and Remove","floor":21.0,"gold_loss":90.0,"damage_taken":0.0,"cards_upgraded":["Electrodynamics"]},{"damage_healed":0.0,"max_hp_gain":0.0,"max_hp_loss":0.0,"gold_gain":0.0,"event_name":"MindBloom","player_choice":"Fight","floor":36.0,"gold_loss":0.0,"damage_taken":0.0},{"damage_healed":21.0,"max_hp_gain":0.0,"max_hp_loss":0.0,"gold_gain":0.0,"event_name":"Winding Halls","player_choice":"Writhe","floor":37.0,"gold_loss":0.0,"damage_taken":0.0,"cards_obtained":["Writhe"]},{"damage_healed":0.0,"max_hp_gain":0.0,"max_hp_loss":0.0,"gold_gain":0.0,"event_name":"SensoryStone","player_choice":"Memory 2","floor":39.0,"gold_loss":0.0,"damage_taken":5.0},{"damage_healed":0,"gold_gain":0,"player_choice":"Fight","damage_taken":0,"max_hp_gain":0,"max_hp_loss":0,"event_name":"Mysterious Sphere","floor":45,"gold_loss":0}],"is_beta":false,"boss_relics":[{"not_picked":["Fusion Hammer","Busted Crown"],"picked":"Calling Bell"},{"not_picked":["Cursed Key","SacredBark"],"picked":"Empty Cage"}],"items_purged_floors":[],"is_endless":false,"potions_floor_spawned":[1,5,14,18,22,25,27,35,38,42,48],"ascension_level":4}}