{"host":"28p8ce41sjwa6lzf","time":1607974796,"event":{"mods":["BaseMod","Colored Map","Colored Powertips","Highlight Path","Minty Spire (QoL Compilation)","Permanent Neow","Quick Restart","Random Character Button","Rare Cards Sparkle","Relic Stats","StSLib","Unceasing Turn Reminder"],"gold_per_floor":[119,136,155,170,170,170,202,202,228,228,259,259,278,292,292,363,363,341,266,266,278,278,278,309,309,309,309,342,342,342],"floor_reached":29,"playtime":1173,"items_purged":[],"score":542,"play_id":"9506d22d-bee0-4e4f-8541-172748add02c","local_time":"20201214133956","is_ascension_mode":true,"campfire_choices":[{"floor":6.0,"key":"REST"},{"data":"The Bomb","floor":8.0,"key":"SMITH"},{"data":"Hologram","floor":12.0,"key":"SMITH"},{"data":"Chaos","floor":15.0,"key":"SMITH"},{"floor":23.0,"key":"REST"},{"floor":25.0,"key":"REST"},{"data":"Hologram","floor":27.0,"key":"SMITH"}],"circlet_count":0,"master_deck":["AscendersBane","Strike_B","Strike_B","Defend_B","Defend_B","Defend_B","Defend_B+1","Zap+1","Dualcast","The Bomb+1","Hologram+1","Gash","Hologram+1","Self Repair","Cold Snap","Core Surge","Chaos+1","Echo Form","Cold Snap","Writhe","Injury"],"relics":["Cracked Core","Vajra","Regal Pillow","MealTicket","Cursed Key","TungstenRod","Centennial Puzzle","Calipers","Frozen Egg 2"],"acts_visited":["Exordium","TheCity"],"potions_floor_usage":[],"damage_taken":[{"damage":4.0,"enemies":"Small Slimes","floor":1.0,"turns":4.0},{"damage":9.0,"enemies":"2 Louse","floor":2.0,"turns":3.0},{"damage":2.0,"enemies":"Jaw Worm","floor":3.0,"turns":3.0},{"damage":1.0,"enemies":"2 Fungi Beasts","floor":4.0,"turns":3.0},{"damage":4.0,"enemies":"Gremlin Nob","floor":7.0,"turns":3.0},{"damage":22.0,"enemies":"Lagavulin","floor":11.0,"turns":5.0},{"damage":8.0,"enemies":"Large Slime","floor":13.0,"turns":4.0},{"damage":3.0,"enemies":"Looter","floor":14.0,"turns":3.0},{"damage":15.0,"enemies":"The Guardian","floor":16.0,"turns":9.0},{"damage":20.0,"enemies":"2 Thieves","floor":18.0,"turns":4.0},{"damage":26.0,"enemies":"3 Byrds","floor":21.0,"turns":3.0},{"damage":49.0,"enemies":"Slavers","floor":24.0,"turns":5.0},{"damage":31.0,"enemies":"Gremlin Leader","floor":28.0,"turns":6.0},{"damage":33,"enemies":"Cultist and Chosen","floor":29,"turns":5}],"seed_played":"-500424767848246491","potions_obtained":[{"floor":2.0,"key":"PotionOfCapacity"},{"floor":4.0,"key":"DuplicationPotion"},{"floor":13.0,"key":"BlessingOfTheForge"},{"floor":14.0,"key":"Fire Potion"},{"floor":18.0,"key":"Dexterity Potion"}],"is_trial":false,"path_per_floor":["M","M","M","M","?","R","E","R","T","?","E","R","M","M","R","B",null,"M","?","?","M","?","R","E","R","T","R","E","M"],"character_chosen":"DEFECT","items_purchased":[],"campfire_rested":3,"item_purchase_floors":[],"current_hp_per_floor":[60,51,49,48,29,48,51,51,51,44,29,29,28,32,32,24,54,41,41,41,22,22,56,14,48,48,48,24,0,0],"gold":342,"neow_bonus":"RANDOM_COLORLESS_2","is_daily":false,"chose_seed":false,"campfire_upgraded":4,"win_rate":0.0,"timestamp":1607974796,"path_taken":["M","M","M","M","?","R","E","R","T","?","E","R","M","M","R","BOSS","M","?","?","M","?","R","E","R","T","R","E","M"],"items_purchased_type":[],"build_version":"2020-12-13","purchased_purges":0,"victory":false,"max_hp_per_floor":[64,64,64,64,64,64,64,64,64,64,64,64,64,64,64,64,64,64,64,64,64,64,64,64,64,64,64,64,64,64],"relic_stats":{"Regal Pillow":30,"Centennial Puzzle":[6],"counters":[14,60],"MealTicket":0,"Cursed Key":1,"obtain_stats":[{"Regal Pillow":9,"Centennial Puzzle":24,"Calipers":26,"Vajra":7,"MealTicket":11,"Frozen Egg 2":28,"Cracked Core":0,"Cursed Key":17,"TungstenRod":22},{"Regal Pillow":5,"Centennial Puzzle":12,"Calipers":12,"Vajra":5,"MealTicket":6,"Frozen Egg 2":13,"Cracked Core":0,"Cursed Key":9,"TungstenRod":11},{"Regal Pillow":16,"Centennial Puzzle":49,"Calipers":49,"Vajra":16,"MealTicket":21,"Frozen Egg 2":55,"Cracked Core":0,"Cursed Key":37,"TungstenRod":44}],"TungstenRod":18},"card_choices":[{"not_picked":["Master of Strategy","Violence"],"picked":"The Bomb","floor":0.0},{"not_picked":["Auto Shields","Steam"],"picked":"Hologram","floor":1.0},{"not_picked":["Conserve Battery","Stack"],"picked":"Gash","floor":2.0},{"not_picked":["Stack","Coolheaded"],"picked":"Hologram","floor":3.0},{"not_picked":["Force Field","Sweeping Beam"],"picked":"Self Repair","floor":4.0},{"not_picked":["Turbo","Static Discharge"],"picked":"Cold Snap","floor":7.0},{"not_picked":["Hello World","Self Repair"],"picked":"Core Surge","floor":11.0},{"not_picked":["Turbo","Barrage","Streamline"],"picked":"SKIP","floor":13.0},{"not_picked":["Stack","Coolheaded"],"picked":"Chaos","floor":14.0},{"not_picked":["Hyperbeam","Biased Cognition"],"picked":"Echo Form","floor":16.0},{"not_picked":["Darkness","Leap","Compile Driver"],"picked":"SKIP","floor":18.0},{"not_picked":["Steam Power","Lockon"],"picked":"Cold Snap","floor":21.0},{"not_picked":["Redo","Echo Form","Stack"],"picked":"SKIP","floor":24.0},{"not_picked":["Storm+1","Redo","Streamline+1"],"picked":"SKIP","floor":28.0}],"player_experience":988630,"relics_obtained":[{"floor":7.0,"key":"Vajra"},{"floor":9.0,"key":"Regal Pillow"},{"floor":11.0,"key":"MealTicket"},{"floor":24.0,"key":"Centennial Puzzle"},{"floor":26.0,"key":"Calipers"},{"floor":28.0,"key":"Frozen Egg 2"}],"event_choices":[{"damage_healed":0.0,"max_hp_gain":0.0,"max_hp_loss":0.0,"gold_gain":0.0,"event_name":"Shining Light","player_choice":"Entered Light","floor":5.0,"gold_loss":0.0,"damage_taken":19.0,"cards_upgraded":["Defend_B","Zap"]},{"cards_removed":["Strike_B"],"damage_healed":0.0,"max_hp_gain":0.0,"max_hp_loss":0.0,"gold_gain":0.0,"event_name":"Golden Wing","player_choice":"Card Removal","floor":10.0,"gold_loss":0.0,"damage_taken":7.0},{"cards_removed":["Strike_B"],"damage_healed":0.0,"max_hp_gain":0.0,"max_hp_loss":0.0,"gold_gain":0.0,"event_name":"Beggar","player_choice":"Gave Gold","floor":19.0,"gold_loss":75.0,"damage_taken":0.0},{"damage_healed":0.0,"max_hp_gain":0.0,"max_hp_loss":0.0,"gold_gain":0.0,"event_name":"Vampires","player_choice":"Ignored","floor":20.0,"gold_loss":0.0,"damage_taken":0.0},{"damage_healed":0.0,"max_hp_gain":0.0,"max_hp_loss":0.0,"gold_gain":0.0,"event_name":"The Mausoleum","player_choice":"Opened","floor":22.0,"gold_loss":0.0,"damage_taken":0.0,"relics_obtained":["TungstenRod"],"cards_obtained":["Writhe"]}],"is_beta":false,"boss_relics":[{"not_picked":["FrozenCore","Ectoplasm"],"picked":"Cursed Key"}],"items_purged_floors":[],"is_endless":false,"potions_floor_spawned":[2,4,13,14,18,21],"killed_by":"Cultist and Chosen","ascension_level":20}}