{"host":"gt2xw11t93hs94eb","time":1607905900,"event":{"mods":["Act Like it!","Aspiration","BaseMod","Colored Map","Colored Powertips","Conspire","Minty Spire (QoL Compilation)","Pale of the Ancients","Quick Restart","Replay The Spire","Shop Mod","Spicy Shops","StSLib","The Gatherer","篝火指南"],"gold_per_floor":[99,99,113,113,113,113,129,129,129,129,153,187,262,78,78,174,174,190,1,1,1,1,129,147,147,201,201,220,220,270,270,145,243,343,343,343,343],"floor_reached":35,"playtime":2131,"items_purged":["Injury","Doubt"],"score":749,"play_id":"95119b0a-1d90-4b53-9bcf-ef348459b133","local_time":"20201214013140","daily_mods":["Draft","Specialized","Vintage","Allstar","Diverse","Colorless Cards","Heirloom","Flight"],"is_ascension_mode":true,"metric_token":981,"campfire_choices":[{"data":"conspire:PoisonWeapons","floor":6.0,"key":"SMITH"},{"floor":10.0,"key":"REST"},{"data":"Gatherer:FlowerBeam","floor":15.0,"key":"SMITH"}],"circlet_count":0,"master_deck":["Demon Form","Echo Form","DevaForm","Gatherer:BomberForm","AscendersBane","ReplayTheSpireMod:Omega Cannon+1","ReplayTheSpireMod:Omega Cannon","ReplayTheSpireMod:Omega Cannon","ReplayTheSpireMod:Omega Cannon","ReplayTheSpireMod:Omega Cannon+1","Bandage Up","Crippling Poison","Cleave","Armaments","Gatherer:AromaProtection","conspire:PoisonWeapons+1","Heavy Blade","Gatherer:DrugPower","Iron Wave","Battle Trance","Leap","Replay:Undeath\u0027s Touch","Gatherer:FragileHammer","Gatherer:FlowerBeam+1","Toxin Wave+1","Burst","Pummel+1","Reaper+1","Carnage+1","CommonCold","Gatherer:ScherryThrow+1","RitualDagger+1","Gatherer:SaveValuables","Gatherer:LuckyClover"],"relics":["Gatherer:AlchemyBag","Counterbalance","Meat on the Bone","Golden Idol","Molten Egg 2","Lantern","MerchantsRug","Medical Kit","Membership Card","Juzu Bracelet","Tiny Chest","Frozen Eye","Ring of Peace","MutagenicStrength","Replay:Wax Seal","MealTicket","conspire:BottledYoYo","ReplayTheSpireMod:Lightbulb","Bag of Marbles","Lee\u0027s Waffle","Gatherer:MistGenerator","Replay:Wanted Poster"],"acts_visited":["Exordium","TheCity","TheBeyond"],"potions_floor_usage":[33],"damage_taken":[{"damage":0.0,"enemies":"Cultist","floor":3.0,"turns":2.0},{"damage":0.0,"enemies":"2 Louse","floor":7.0,"turns":1.0},{"damage":0.0,"enemies":"Jaw Worm","floor":11.0,"turns":2.0},{"damage":0.0,"enemies":"The Mushroom Lair","floor":12.0,"turns":1.0},{"damage":43.0,"enemies":"Hexaghost","floor":16.0,"turns":6.0},{"damage":0.0,"enemies":"Chosen","floor":18.0,"turns":3.0},{"damage":24.0,"enemies":"Shell Parasite","floor":24.0,"turns":4.0},{"damage":23.0,"enemies":"conspire:HollyBat","floor":28.0,"turns":7.0},{"damage":54,"enemies":"conspire:MysteriousRune","floor":33,"turns":7}],"seed_played":"9219845877007323166","potions_obtained":[{"floor":16.0,"key":"BlessingOfTheForge"},{"floor":18.0,"key":"DistilledChaos"},{"floor":29.0,"key":"Energy Potion"}],"is_trial":true,"path_per_floor":["?","?","M","?","?","R","M","?","T","R","M","?","?","$","R","B",null,"M","$","?","?","?","R","M","T","T","?","M","?","?","T","R_BF","B",null,"M"],"character_chosen":"THE_GATHERER","items_purchased":["MerchantsRug","Medical Kit","Carnage+1","Membership Card","Juzu Bracelet","Tiny Chest","Frozen Eye","Old Coin","Replay:Wax Seal","MealTicket","Gatherer:ScherryThrow+1","Lee\u0027s Waffle","Gatherer:MistGenerator","Gatherer:SaveValuables"],"campfire_rested":1,"item_purchase_floors":[14,14,19,19,19,19,19,23,23,23,23,32,32,32],"current_hp_per_floor":[60,60,60,37,37,37,37,37,37,57,57,57,46,46,46,19,55,59,59,59,59,59,59,39,39,39,33,26,26,26,26,74,41,66,0,0,0],"gold":343,"neow_bonus":"","is_daily":false,"chose_seed":false,"campfire_upgraded":2,"win_rate":0.0,"timestamp":1607905900,"path_taken":["?","?","?","?","?","R","?","?","T","R","M","?","?","?","R","BOSS","M","$","?","?","?","R","M","?","T","?","M","?","?","?","R_BF","BOSS","M"],"items_purchased_type":["Relic","Relic","Card","Relic","Relic","Relic","Relic","Relic","Relic","Relic","Card","Relic","Relic","Card"],"build_version":"2020-12-13","purchased_purges":2,"victory":false,"max_hp_per_floor":[67,67,67,67,67,67,67,67,67,67,67,67,67,67,67,67,67,67,67,67,67,67,67,67,67,67,67,67,67,67,67,74,74,74,74,74,74],"card_choices":[{"not_picked":["Gatherer:BigPouch","Defragment"],"picked":"Bandage Up","floor":0.0},{"not_picked":["Gatherer:AcidicSpray","Coolheaded"],"picked":"Crippling Poison","floor":0.0},{"not_picked":["Flechettes","Clash"],"picked":"Cleave","floor":0.0},{"not_picked":["Replay:Poison Smokescreen","Shrug It Off"],"picked":"Armaments","floor":0.0},{"not_picked":["ReplayTheSpireMod:Exploit Weakness","Clothesline"],"picked":"Gatherer:AromaProtection","floor":0.0},{"not_picked":["Burning Pact","Finesse"],"picked":"conspire:PoisonWeapons","floor":0.0},{"not_picked":["Anger","Body Slam"],"picked":"Heavy Blade","floor":0.0},{"not_picked":["Endless Agony","Redo"],"picked":"Gatherer:DrugPower","floor":0.0},{"not_picked":["Gatherer:Frenzy","Acrobatics"],"picked":"Iron Wave","floor":0.0},{"not_picked":["conspire:PoisonWeapons","Storm"],"picked":"Battle Trance","floor":0.0},{"not_picked":["Wild Strike","Bane"],"picked":"Leap","floor":0.0},{"not_picked":["Escape Plan","Stack"],"picked":"Infinite Blades","floor":0.0},{"not_picked":["Cleave","Conserve Battery"],"picked":"Replay:Undeath\u0027s Touch","floor":0.0},{"not_picked":["Cold Snap","Gatherer:TacticalStrike"],"picked":"Gatherer:FragileHammer","floor":0.0},{"not_picked":["ReplayTheSpireMod:Strike From Hell","Streamline"],"picked":"Gatherer:FlowerBeam","floor":0.0},{"not_picked":["Twin Strike+1","Flechettes+1"],"picked":"Pummel+1","floor":12.0},{"not_picked":["Buffer","Electrodynamics"],"picked":"Reaper+1","floor":16.0},{"not_picked":["Gatherer:ColorfulGarden","Grand Finale+1"],"picked":"Gatherer:LuckyClover","floor":33}],"player_experience":245114,"relics_obtained":[{"floor":3.0,"key":"Meat on the Bone"},{"floor":7.0,"key":"Bottled Lightning"},{"floor":9.0,"key":"conspire:DecoderRing"},{"floor":11.0,"key":"Lantern"},{"floor":12.0,"key":"Odd Mushroom"},{"floor":18.0,"key":"Centennial Puzzle"},{"floor":20.0,"key":"Ring of Peace"},{"floor":24.0,"key":"Whetstone"},{"floor":25.0,"key":"conspire:BottledYoYo"},{"floor":26.0,"key":"Dream Catcher"},{"floor":28.0,"key":"ReplayTheSpireMod:Lightbulb"},{"floor":31,"key":"Bag of Marbles"}],"event_choices":[{"damage_healed":0.0,"max_hp_gain":0.0,"max_hp_loss":0.0,"gold_gain":0.0,"cards_transformed":["Wraith Form v2"],"event_name":"Transmorgrifier","player_choice":"Transformed","floor":2.0,"gold_loss":0.0,"damage_taken":0.0,"cards_obtained":["Burst"]},{"damage_healed":0.0,"max_hp_gain":0.0,"max_hp_loss":0.0,"gold_gain":0.0,"event_name":"Golden Idol","player_choice":"Take Damage","floor":4.0,"gold_loss":0.0,"damage_taken":23.0,"relics_obtained":["Golden Idol"]},{"damage_healed":0.0,"max_hp_gain":0.0,"max_hp_loss":0.0,"gold_gain":0.0,"event_name":"Gatherer:BottleCollector","player_choice":"Ignored","floor":5.0,"gold_loss":0.0,"damage_taken":0.0},{"damage_healed":0.0,"max_hp_gain":0.0,"max_hp_loss":0.0,"gold_gain":0.0,"event_name":"Mushrooms","player_choice":"Fought Mushrooms","floor":12.0,"gold_loss":0.0,"damage_taken":0.0},{"damage_healed":0.0,"max_hp_gain":0.0,"max_hp_loss":0.0,"gold_gain":75.0,"event_name":"World of Goop","player_choice":"Gather Gold","floor":13.0,"gold_loss":0.0,"damage_taken":11.0},{"damage_healed":0.0,"max_hp_gain":0.0,"max_hp_loss":0.0,"gold_gain":0.0,"event_name":"Drug Dealer","player_choice":"Inject Mutagens","floor":21.0,"gold_loss":0.0,"damage_taken":0.0,"relics_obtained":["MutagenicStrength"]},{"damage_healed":0.0,"max_hp_gain":0.0,"max_hp_loss":0.0,"gold_gain":0.0,"event_name":"Ghosts","player_choice":"Ignored","floor":22.0,"gold_loss":0.0,"damage_taken":0.0},{"damage_healed":0.0,"max_hp_gain":0.0,"max_hp_loss":0.0,"gold_gain":0.0,"event_name":"Nest","player_choice":"Joined the Cult","floor":27.0,"gold_loss":0.0,"damage_taken":6.0,"cards_obtained":["RitualDagger"]},{"damage_healed":0.0,"max_hp_gain":0.0,"max_hp_loss":0.0,"gold_gain":0.0,"event_name":"Lab","player_choice":"Got Potions","floor":29.0,"gold_loss":0.0,"damage_taken":0.0},{"damage_healed":0,"gold_gain":100,"player_choice":"Bet on Murderer","damage_taken":0,"max_hp_gain":0,"max_hp_loss":0,"event_name":"The Joust","floor":30,"gold_loss":50}],"is_beta":false,"boss_relics":[{"not_picked":["Replay:Drink Me","aspiration:PoetsPen_weak"],"picked":"aspiration:SecretTechniqueScroll"},{"not_picked":["Kintsugi","Gatherer:MiracleBag"],"picked":"Replay:Wanted Poster"}],"items_purged_floors":[23,32],"is_endless":true,"potions_floor_spawned":[16,18],"killed_by":"3 Shapes","ascension_level":20}}