{"host":"1hv1kueuvc4r3rdp","time":1607972553,"event":{"mods":["AchievementEnabler","BaseMod","DeckTracker","Highlight Path","Minty Spire (QoL Compilation)","Permanent Neow","StSLib"],"gold_per_floor":[99,99,99,99,99,99,99,99,99,99,99,99,99,99,99,99,99,99,99,99,99,99,99,99,99,99,99,99,99,99,99,99,99,99,99,99,99,24,24,0,0,0,0,0,0,0,0,0,0,0],"floor_reached":51,"playtime":8691,"items_purged":["Infinite Blades"],"score":974,"play_id":"5d54ad8b-7648-4f72-8f26-944adf646a4a","local_time":"20201214130233","is_ascension_mode":true,"campfire_choices":[{"data":"Poisoned Stab","floor":6,"key":"SMITH"},{"floor":8,"key":"REST"},{"data":"Dash","floor":15,"key":"SMITH"},{"data":"Bullet Time","floor":23,"key":"SMITH"},{"data":"Concentrate","floor":27,"key":"SMITH"},{"floor":32,"key":"REST"},{"floor":45,"key":"REST"},{"data":"Expertise","floor":47,"key":"SMITH"},{"data":"Skewer","floor":49,"key":"SMITH"}],"circlet_count":0,"master_deck":["Survivor","Neutralize","Dagger Spray+1","Well Laid Plans","Poisoned Stab+1","Predator","Leg Sweep","Dash+1","Die Die Die","Underhanded Strike","Sucker Punch","Skewer+1","Distraction+1","Masterful Stab","Sucker Punch","Endless Agony","Expertise+1","Bullet Time+1","Backflip+1","Necronomicurse","Concentrate+1","Caltrops+1","Tools of the Trade","CurseOfTheBell","Bullet Time+1"],"relics":["Ectoplasm","Regal Pillow","Ornamental Fan","Torii","Pandora\u0027s Box","Necronomicon","Happy Flower","White Beast Statue","Potion Belt","Calling Bell","CeramicFish","Molten Egg 2","Ice Cream","Red Mask","Akabeko","The Courier"],"acts_visited":["Exordium","TheCity","TheBeyond"],"potions_floor_usage":[19,24,33,39,44,48,50,50,50,50,50],"damage_taken":[{"damage":0,"enemies":"Small Slimes","floor":1,"turns":4},{"damage":9,"enemies":"2 Louse","floor":2,"turns":5},{"damage":0,"enemies":"Jaw Worm","floor":4,"turns":3},{"damage":42,"enemies":"Gremlin Nob","floor":7,"turns":5},{"damage":6,"enemies":"3 Sentries","floor":10,"turns":7},{"damage":1,"enemies":"3 Louse","floor":11,"turns":2},{"damage":10,"enemies":"Red Slaver","floor":12,"turns":3},{"damage":0,"enemies":"Exordium Thugs","floor":13,"turns":4},{"damage":0,"enemies":"Gremlin Gang","floor":14,"turns":4},{"damage":0,"enemies":"The Guardian","floor":16,"turns":14},{"damage":0,"enemies":"Chosen","floor":18,"turns":3},{"damage":0,"enemies":"3 Byrds","floor":19,"turns":3},{"damage":0,"enemies":"Slavers","floor":24,"turns":4},{"damage":17,"enemies":"Snake Plant","floor":25,"turns":4},{"damage":0,"enemies":"Shelled Parasite and Fungi","floor":28,"turns":3},{"damage":0,"enemies":"Gremlin Leader","floor":29,"turns":3},{"damage":0,"enemies":"Sentry and Sphere","floor":30,"turns":3},{"damage":20,"enemies":"Champ","floor":33,"turns":7},{"damage":8,"enemies":"Orb Walker","floor":35,"turns":3},{"damage":6,"enemies":"3 Shapes","floor":37,"turns":3},{"damage":2,"enemies":"Spire Growth","floor":39,"turns":4},{"damage":27,"enemies":"Nemesis","floor":41,"turns":7},{"damage":0,"enemies":"Transient","floor":44,"turns":5},{"damage":0,"enemies":"3 Darklings","floor":48,"turns":4},{"damage":41,"enemies":"Time Eater","floor":50,"turns":5}],"seed_played":"1843391351098374514","potions_obtained":[{"floor":7,"key":"GhostInAJar"},{"floor":10,"key":"ColorlessPotion"},{"floor":12,"key":"LiquidMemories"},{"floor":19,"key":"CultistPotion"},{"floor":22,"key":"Dexterity Potion"},{"floor":25,"key":"Swift Potion"},{"floor":29,"key":"DistilledChaos"},{"floor":30,"key":"Ancient Potion"},{"floor":33,"key":"Strength Potion"},{"floor":35,"key":"GhostInAJar"},{"floor":39,"key":"SpeedPotion"},{"floor":41,"key":"Dexterity Potion"},{"floor":44,"key":"Poison Potion"},{"floor":48,"key":"SteroidPotion"}],"is_trial":false,"path_per_floor":["M","M","?","M","?","R","E","R","T","E","M","M","M","M","R","B",null,"M","M","?","?","?","R","E","M","T","R","M","E","M","?","R","B",null,"M","?","M","$","M","?","E","?","T","M","R","?","R","M","R","B",null],"character_chosen":"THE_SILENT","items_purchased":[],"campfire_rested":3,"item_purchase_floors":[],"current_hp_per_floor":[70,61,61,61,61,61,19,55,55,49,48,38,38,38,38,38,62,62,62,46,46,46,46,46,29,29,29,29,29,29,29,65,45,64,56,56,50,50,48,48,21,21,21,21,57,57,57,57,57,16],"gold":0,"neow_bonus":"BOSS_RELIC","is_daily":false,"chose_seed":false,"campfire_upgraded":6,"win_rate":0.0,"timestamp":1607972553,"path_taken":["M","M","?","M","?","R","E","R","T","E","M","M","M","M","R","BOSS","M","M","?","?","?","R","E","?","T","R","M","E","M","?","R","BOSS","M","?","?","$","M","?","E","?","T","M","R","?","R","M","R","BOSS"],"items_purchased_type":[],"build_version":"2020-12-13","purchased_purges":1,"victory":true,"max_hp_per_floor":[70,70,70,70,70,70,70,70,70,70,70,70,70,70,70,70,70,70,70,70,70,70,70,70,70,70,70,70,70,70,70,70,70,70,70,70,70,70,70,70,70,70,70,70,70,70,70,70,70,70],"card_choices":[{"not_picked":["Cloak And Dagger","Underhanded Strike"],"picked":"Dagger Spray","floor":1},{"not_picked":["Caltrops","PiercingWail"],"picked":"Well Laid Plans","floor":2},{"not_picked":["Quick Slash","Slice"],"picked":"Poisoned Stab","floor":4},{"not_picked":["Outmaneuver","PiercingWail","Masterful Stab"],"picked":"SKIP","floor":7},{"not_picked":["Dagger Throw","Concentrate"],"picked":"Predator","floor":10},{"not_picked":["Poisoned Stab","Sucker Punch","Die Die Die"],"picked":"SKIP","floor":11},{"not_picked":["Acrobatics","Reflex","Cloak And Dagger"],"picked":"SKIP","floor":12},{"not_picked":["Slice","Catalyst"],"picked":"Leg Sweep","floor":13},{"not_picked":["Bane","Poisoned Stab"],"picked":"Dash","floor":14},{"not_picked":["Tools of the Trade","Night Terror"],"picked":"Die Die Die","floor":16},{"not_picked":["Distraction","Prepared+1"],"picked":"Backflip+1","floor":18},{"not_picked":["Well Laid Plans+1","Poisoned Stab","Underhanded Strike+1"],"picked":"SKIP","floor":19},{"not_picked":["Well Laid Plans+1","Poisoned Stab","Underhanded Strike+1"],"picked":"SKIP","floor":19},{"not_picked":["Dodge and Roll+1","Leg Sweep","Deflect"],"picked":"SKIP","floor":24},{"not_picked":["Dagger Throw+1","Deadly Poison"],"picked":"Concentrate","floor":25},{"not_picked":["Underhanded Strike","Deflect+1","Outmaneuver"],"picked":"SKIP","floor":28},{"not_picked":["Sucker Punch","Unload"],"picked":"Caltrops+1","floor":29},{"not_picked":["Bane","Slice+1","Flying Knee"],"picked":"SKIP","floor":30},{"not_picked":["Unload","Venomology"],"picked":"Tools of the Trade","floor":33},{"not_picked":["Crippling Poison","Riddle With Holes+1","Terror+1"],"picked":"SKIP","floor":35},{"not_picked":["Flechettes+1","Poisoned Stab+1","Endless Agony+1"],"picked":"SKIP","floor":37},{"not_picked":["Predator+1","Prepared","Dagger Throw+1"],"picked":"SKIP","floor":39},{"not_picked":["Grand Finale+1","Infinite Blades","Glass Knife+1"],"picked":"SKIP","floor":41},{"not_picked":["Flying Knee+1","PiercingWail","Cloak And Dagger+1"],"picked":"SKIP","floor":44},{"not_picked":["Bane+1","Backflip+1","Expertise"],"picked":"SKIP","floor":48}],"player_experience":999320,"relics_obtained":[{"floor":7,"key":"Regal Pillow"},{"floor":9,"key":"Ornamental Fan"},{"floor":10,"key":"Torii"},{"floor":20,"key":"Necronomicon"},{"floor":24,"key":"Happy Flower"},{"floor":26,"key":"White Beast Statue"},{"floor":29,"key":"Potion Belt"},{"floor":34,"key":"CeramicFish"},{"floor":34,"key":"Molten Egg 2"},{"floor":34,"key":"Ice Cream"},{"floor":41,"key":"Akabeko"},{"floor":43,"key":"The Courier"}],"event_choices":[{"damage_healed":0,"gold_gain":0,"player_choice":"Grow","damage_taken":0,"max_hp_gain":0,"max_hp_loss":0,"event_name":"Living Wall","floor":3,"gold_loss":0,"cards_upgraded":["Dagger Spray"]},{"damage_healed":0,"gold_gain":0,"player_choice":"Ignored","damage_taken":0,"max_hp_gain":0,"max_hp_loss":0,"event_name":"Liars Game","floor":5,"gold_loss":0},{"damage_healed":0,"gold_gain":0,"player_choice":"Obtained Book","damage_taken":16,"max_hp_gain":0,"max_hp_loss":0,"event_name":"Cursed Tome","floor":20,"gold_loss":0},{"damage_healed":0,"gold_gain":99,"player_choice":"Stole From Cult","damage_taken":0,"max_hp_gain":0,"max_hp_loss":0,"event_name":"Nest","floor":21,"gold_loss":0},{"damage_healed":0,"gold_gain":0,"player_choice":"Got Potions","damage_taken":0,"max_hp_gain":0,"max_hp_loss":0,"event_name":"Lab","floor":22,"gold_loss":0},{"damage_healed":0,"gold_gain":0,"player_choice":"Upgraded","damage_taken":0,"max_hp_gain":0,"max_hp_loss":0,"event_name":"Upgrade Shrine","floor":31,"gold_loss":0,"cards_upgraded":["Distraction"]},{"damage_healed":0,"gold_gain":0,"player_choice":"Copied","damage_taken":0,"max_hp_gain":0,"max_hp_loss":0,"event_name":"Duplicator","floor":36,"gold_loss":0,"cards_obtained":["Bullet Time"]},{"damage_healed":0,"gold_gain":0,"player_choice":"Paid","damage_taken":0,"relics_obtained":["Red Mask"],"max_hp_gain":0,"max_hp_loss":0,"event_name":"Tomb of Lord Red Mask","floor":40,"gold_loss":24},{"damage_healed":0,"gold_gain":0,"player_choice":"Ignored","damage_taken":0,"max_hp_gain":0,"max_hp_loss":0,"event_name":"Mysterious Sphere","floor":42,"gold_loss":0},{"damage_healed":0,"gold_gain":300,"player_choice":"Gold","damage_taken":0,"max_hp_gain":0,"max_hp_loss":0,"event_name":"Wheel of Change","floor":46,"gold_loss":0}],"is_beta":false,"boss_relics":[{"not_picked":["SlaversCollar","SacredBark"],"picked":"Pandora\u0027s Box"},{"not_picked":["Cursed Key","Velvet Choker"],"picked":"Calling Bell"}],"items_purged_floors":[38],"is_endless":false,"potions_floor_spawned":[7,10,12,14,19,25,28,29,30,33,35,37,39,41,44,48],"ascension_level":5}}