{"host":"kntpungskobv1jqb","time":1607957397,"event":{"mods":["BaseMod","Minty Spire (QoL Compilation)","Replay The Spire","StSLib","SuperFastMode"],"gold_per_floor":[109,184,202,214,228,228,36,52,52,52,72,102,27,77,77,77,77],"floor_reached":16,"playtime":351,"items_purged":["Regret"],"score":173,"play_id":"456a38b7-de35-4351-a65a-9ec42de965fc","local_time":"20201214224957","is_ascension_mode":true,"campfire_choices":[{"floor":6,"key":"REST"},{"floor":10,"key":"REST"},{"floor":15,"key":"REST"}],"circlet_count":0,"master_deck":["AscendersBane","Strike_R","Strike_R","Strike_R","Strike_R","Strike_R","Defend_R","Defend_R","Defend_R","Defend_R","Bash","Whirlwind","Massacre","Replay:Undeath\u0027s Touch","Flex","Cleave","Heavy Blade","Hallucinations"],"relics":["Burning Blood","MealTicket","Red Skull","Eternal Feather","FossilizedHelix","Ring of Greed","Membership Card","Replay:Wax Seal","Ring of Fury"],"acts_visited":["Exordium"],"potions_floor_usage":[5],"damage_taken":[{"damage":14.0,"enemies":"Small Slimes","floor":1.0,"turns":5.0},{"damage":6,"enemies":"Cultist","floor":3,"turns":3},{"damage":15,"enemies":"Jaw Worm","floor":4,"turns":4},{"damage":40,"enemies":"Exordium Wildlife","floor":5,"turns":5},{"damage":44,"enemies":"Exordium Thugs","floor":8,"turns":4},{"damage":13,"enemies":"Red Slaver","floor":11,"turns":3},{"damage":17,"enemies":"3 Sentries","floor":12,"turns":3},{"damage":72,"enemies":"Hexaghost","floor":16,"turns":8}],"seed_played":"-9034230359096378187","potions_obtained":[{"floor":1.0,"key":"Elixir"},{"floor":4,"key":"AttackPotion"},{"floor":5,"key":"Explosive Potion"}],"is_trial":false,"path_per_floor":["M","?","M","M","M","R","$","M","T","R","M","E","$","?","R","B"],"character_chosen":"IRONCLAD","items_purchased":["Red Skull","Flex"],"campfire_rested":3,"item_purchase_floors":[7,7],"current_hp_per_floor":[60,53,53,44,10,32,47,9,9,40,33,22,37,37,68,0,0],"gold":77,"neow_bonus":"RANDOM_EVENT","is_daily":false,"chose_seed":false,"campfire_upgraded":0,"win_rate":0.0,"timestamp":1607957397,"path_taken":["M","?","?","M","M","R","$","M","T","R","M","E","?","?","R","BOSS"],"items_purchased_type":["Relic","Card"],"build_version":"2020-11-30","purchased_purges":1,"victory":false,"max_hp_per_floor":[75,75,75,75,75,75,75,75,75,75,75,75,75,75,75,75,75],"card_choices":[{"not_picked":["Anger","Body Slam"],"picked":"Whirlwind","floor":1.0},{"not_picked":["Rampage","Pommel Strike"],"picked":"Massacre","floor":3},{"not_picked":["Shrug It Off","Havoc","Warcry"],"picked":"SKIP","floor":4},{"not_picked":["Clash","Run Through"],"picked":"Replay:Undeath\u0027s Touch","floor":5},{"not_picked":["Juggernaut","Bloodletting"],"picked":"Cleave","floor":8},{"not_picked":["Armaments","Anger","Havoc"],"picked":"SKIP","floor":11},{"not_picked":["Havoc","Impervious"],"picked":"Heavy Blade","floor":12}],"player_experience":461218,"relics_obtained":[{"floor":9,"key":"Eternal Feather"},{"floor":12,"key":"FossilizedHelix"},{"floor":14,"key":"Ring of Greed"},{"floor":14,"key":"Membership Card"},{"floor":14,"key":"Replay:Wax Seal"},{"floor":14,"key":"Ring of Fury"}],"event_choices":[{"damage_healed":0.0,"max_hp_gain":0.0,"max_hp_loss":0.0,"gold_gain":0.0,"event_name":"Big Fish","player_choice":"Box","floor":0.0,"gold_loss":0.0,"damage_taken":0.0,"relics_obtained":["MealTicket"],"cards_obtained":["Regret"]},{"damage_healed":0,"gold_gain":75,"player_choice":"Touch","damage_taken":7,"max_hp_gain":0,"max_hp_loss":0,"event_name":"FaceTrader","floor":2,"gold_loss":0}],"is_beta":false,"boss_relics":[],"items_purged_floors":[13],"is_endless":false,"potions_floor_spawned":[1,4,5],"killed_by":"Hexaghost","ascension_level":14}}