{"host":"3jhxjeq8h3mqaq9s","time":1607917928,"event":{"mods":["BaseMod","Bestiary","Colored Map","Highlight Path","Minty Spire (QoL Compilation)","Rare Cards Sparkle","Relic Stats","StSLib","everything is the same but u backflip on backflip","slay the spire mod where everything is the same but ironclad has a cowboy hat"],"gold_per_floor":[119,134,134,153,169,169,194,206,233,259,276,276,304,323,323,427,427,427,427,427,352,352,352,352,352,352,352,6,6,6,6,6,6,6,6,6,6,6,6,6,6,6,6,6,6,6,6,6,6,6,6,6,6,6,6,6],"floor_reached":55,"playtime":3826,"items_purged":["Zap","Dualcast"],"score":1136,"play_id":"8bb39fe1-f1ea-4010-8ce6-ee438f69fbc2","local_time":"20201213225208","is_ascension_mode":true,"campfire_choices":[{"data":"Reprogram","floor":6.0,"key":"SMITH"},{"floor":12.0,"key":"REST"},{"data":"Streamline","floor":15,"key":"SMITH"},{"data":"Sweeping Beam","floor":24,"key":"SMITH"},{"floor":29,"key":"REST"},{"data":"Beam Cell","floor":32,"key":"SMITH"},{"floor":41,"key":"RECALL"},{"data":"Reinforced Body","floor":49,"key":"SMITH"},{"data":"Rebound","floor":52,"key":"SMITH"}],"circlet_count":0,"master_deck":["Strike_B","Strike_B","Strike_B","Strike_B","Defend_B","Defend_B","Defend_B","Defend_B","Conserve Battery","Sweeping Beam+1","Reprogram+1","Reinforced Body+1","Seek","Sweeping Beam","Streamline+1","Conserve Battery","Rebound+1","Core Surge","Conserve Battery","Conserve Battery","Reprogram+1","Go for the Eyes+1","Compile Driver","Beam Cell+1","Rebound+1","Cold Snap+1","Hyperbeam","Core Surge","Rip and Tear+1","Hologram+1"],"relics":["Cracked Core","PreservedInsect","TungstenRod","Oddly Smooth Stone","Regal Pillow","Bronze Scales","Ectoplasm","Lantern","Shuriken","CeramicFish","Pantograph","MealTicket","SlaversCollar","Anchor","Blue Candle","Calipers","Nunchaku"],"acts_visited":["Exordium","TheCity","TheBeyond","TheEnding"],"potions_floor_usage":[55,55],"damage_taken":[{"damage":0.0,"enemies":"Small Slimes","floor":1.0,"turns":3.0},{"damage":1.0,"enemies":"Cultist","floor":2.0,"turns":4.0},{"damage":2.0,"enemies":"Jaw Worm","floor":4.0,"turns":4.0},{"damage":25.0,"enemies":"Exordium Thugs","floor":5.0,"turns":5.0},{"damage":11.0,"enemies":"Lagavulin","floor":7.0,"turns":13.0},{"damage":0.0,"enemies":"Red Slaver","floor":8.0,"turns":5.0},{"damage":7.0,"enemies":"Gremlin Nob","floor":10.0,"turns":4.0},{"damage":0.0,"enemies":"3 Louse","floor":11.0,"turns":3.0},{"damage":15.0,"enemies":"Lagavulin","floor":13.0,"turns":6.0},{"damage":0.0,"enemies":"Exordium Wildlife","floor":14.0,"turns":3.0},{"damage":6,"enemies":"The Guardian","floor":16,"turns":12},{"damage":0,"enemies":"Spheric Guardian","floor":18,"turns":3},{"damage":0,"enemies":"Chosen","floor":19,"turns":4},{"damage":15,"enemies":"Centurion and Healer","floor":22,"turns":7},{"damage":0,"enemies":"Gremlin Leader","floor":23,"turns":5},{"damage":14,"enemies":"Snecko","floor":25,"turns":5},{"damage":11,"enemies":"Slavers","floor":27,"turns":4},{"damage":7,"enemies":"Book of Stabbing","floor":30,"turns":4},{"damage":12,"enemies":"Shelled Parasite and Fungi","floor":31,"turns":4},{"damage":2,"enemies":"Automaton","floor":33,"turns":9},{"damage":13,"enemies":"3 Darklings","floor":35,"turns":5},{"damage":0,"enemies":"Orb Walker","floor":36,"turns":3},{"damage":18,"enemies":"Sphere and 2 Shapes","floor":39,"turns":4},{"damage":0,"enemies":"Nemesis","floor":40,"turns":5},{"damage":6,"enemies":"4 Shapes","floor":42,"turns":3},{"damage":7,"enemies":"3 Darklings","floor":45,"turns":4},{"damage":0,"enemies":"Reptomancer","floor":46,"turns":5},{"damage":0,"enemies":"Nemesis","floor":48,"turns":5},{"damage":26,"enemies":"Awakened One","floor":50,"turns":12},{"damage":57,"enemies":"Shield and Spear","floor":54,"turns":7},{"damage":44,"enemies":"The Heart","floor":55,"turns":2}],"seed_played":"-4907941045843986988","potions_obtained":[{"floor":5.0,"key":"PowerPotion"},{"floor":7.0,"key":"BlessingOfTheForge"},{"floor":8.0,"key":"SpeedPotion"},{"floor":39,"key":"Fire Potion"}],"is_trial":false,"path_per_floor":["M","M","?","M","M","R","E","M","T","E","M","R","E","M","R","B",null,"M","M","?","$","M","E","R","M","T","E","$","R","E","M","R","B",null,"M","M","?","$","M","E","R","M","T","?","M","E","?","E","R","B",null,"R","$","E","B"],"character_chosen":"DEFECT","items_purchased":["Pantograph"],"campfire_rested":2,"item_purchase_floors":[28],"current_hp_per_floor":[75,74,74,72,47,47,36,36,36,29,29,66,51,51,51,45,68,68,68,68,68,53,53,53,39,39,28,28,65,58,46,46,69,74,61,61,61,75,57,57,57,51,51,51,44,44,44,44,44,43,67,67,75,18,0,0],"gold":6,"neow_bonus":"RANDOM_COMMON_RELIC","is_daily":false,"chose_seed":false,"campfire_upgraded":6,"win_rate":0.0,"timestamp":1607917928,"path_taken":["M","M","?","M","M","R","E","M","T","E","M","R","E","M","R","BOSS","M","M","?","?","M","E","R","M","T","E","?","R","E","M","R","BOSS","M","M","?","$","?","E","R","M","T","?","?","E","?","E","R","BOSS","R","$","E","BOSS"],"items_purchased_type":["Relic"],"build_version":"2020-12-13","purchased_purges":2,"victory":false,"max_hp_per_floor":[75,75,75,75,75,75,75,75,75,75,75,75,75,75,75,75,75,75,75,75,75,75,75,75,75,75,75,75,75,75,75,75,75,75,75,75,75,75,75,75,75,75,75,75,75,75,75,75,75,75,75,75,75,75,75,75],"relic_stats":{"Regal Pillow":30,"counters":[31,162],"CeramicFish":0,"Blue Candle":[0],"PreservedInsect":425,"Nunchaku":[0],"Shuriken":[36],"Bronze Scales":[336],"Pantograph":75,"MealTicket":22,"Ectoplasm":593,"obtain_stats":[{"Regal Pillow":10,"Lantern":23,"Calipers":48,"CeramicFish":27,"Blue Candle":46,"Oddly Smooth Stone":9,"PreservedInsect":0,"SlaversCollar":34,"Anchor":40,"Nunchaku":54,"Shuriken":26,"Bronze Scales":13,"Pantograph":28,"MealTicket":30,"Ectoplasm":17,"Cracked Core":0,"TungstenRod":7},{"Regal Pillow":7,"Lantern":15,"Calipers":28,"CeramicFish":17,"Blue Candle":27,"Oddly Smooth Stone":6,"PreservedInsect":0,"SlaversCollar":20,"Anchor":24,"Nunchaku":30,"Shuriken":16,"Bronze Scales":9,"Pantograph":17,"MealTicket":18,"Ectoplasm":11,"Cracked Core":0,"TungstenRod":5},{"Regal Pillow":38,"Lantern":81,"Calipers":141,"CeramicFish":90,"Blue Candle":136,"Oddly Smooth Stone":34,"PreservedInsect":0,"SlaversCollar":107,"Anchor":124,"Nunchaku":160,"Shuriken":86,"Bronze Scales":47,"Pantograph":90,"MealTicket":94,"Ectoplasm":62,"Cracked Core":0,"TungstenRod":29}],"TungstenRod":43},"card_choices":[{"not_picked":["Beam Cell","Gash"],"picked":"Conserve Battery","floor":1.0},{"not_picked":["Capacitor","Steam"],"picked":"Sweeping Beam","floor":2.0},{"not_picked":["Hologram","Steam"],"picked":"Reprogram","floor":4.0},{"not_picked":["Go for the Eyes","Gash"],"picked":"Reinforced Body","floor":5.0},{"not_picked":["Conserve Battery","Sweeping Beam"],"picked":"Seek","floor":7.0},{"not_picked":["Auto Shields","Gash"],"picked":"Sweeping Beam","floor":8.0},{"not_picked":["Recycle","Auto Shields"],"picked":"Streamline","floor":10.0},{"not_picked":["Static Discharge","Aggregate","Chaos"],"picked":"SKIP","floor":11.0},{"not_picked":["Steam","White Noise"],"picked":"Conserve Battery","floor":13.0},{"not_picked":["Compile Driver","Redo"],"picked":"Rebound","floor":14},{"not_picked":["Reboot","Multi-Cast"],"picked":"Core Surge","floor":16},{"not_picked":["Ball Lightning+1","Static Discharge+1"],"picked":"Conserve Battery","floor":18},{"not_picked":["Darkness","Steam"],"picked":"Conserve Battery","floor":19},{"not_picked":["Leap+1","White Noise+1"],"picked":"Go for the Eyes+1","floor":22},{"not_picked":["Doom and Gloom","Double Energy"],"picked":"Compile Driver","floor":23},{"not_picked":["Steam Power","Rebound"],"picked":"Beam Cell","floor":25},{"not_picked":["Static Discharge","Beam Cell"],"picked":"Rebound+1","floor":27},{"not_picked":["Streamline","Glacier+1"],"picked":"Cold Snap+1","floor":30},{"not_picked":["Fusion","Reinforced Body"],"picked":"Hyperbeam","floor":31},{"not_picked":["Fission","Machine Learning"],"picked":"Core Surge","floor":33},{"not_picked":["Chaos+1","Steam Power+1"],"picked":"Rip and Tear+1","floor":35},{"not_picked":["Loop","Gash","Streamline+1"],"picked":"SKIP","floor":36},{"not_picked":["Steam+1","Sweeping Beam+1","Barrage+1"],"picked":"SKIP","floor":39},{"not_picked":["Barrage","Beam Cell+1"],"picked":"Hologram+1","floor":40},{"not_picked":["All For One","Hologram","Consume+1"],"picked":"SKIP","floor":42},{"not_picked":["Sunder+1","Rebound+1","Streamline+1"],"picked":"SKIP","floor":45},{"not_picked":["Scrape+1","Aggregate","Streamline"],"picked":"SKIP","floor":46},{"not_picked":["Hello World+1","Redo+1","Chaos"],"picked":"SKIP","floor":48},{"not_picked":["Stack","Cold Snap","White Noise+1"],"picked":"SKIP","floor":54}],"player_experience":2430398,"relics_obtained":[{"floor":7.0,"key":"TungstenRod"},{"floor":9.0,"key":"Oddly Smooth Stone"},{"floor":10.0,"key":"Regal Pillow"},{"floor":13.0,"key":"Bronze Scales"},{"floor":23,"key":"Lantern"},{"floor":26,"key":"Shuriken"},{"floor":27,"key":"CeramicFish"},{"floor":30,"key":"MealTicket"},{"floor":40,"key":"Anchor"},{"floor":46,"key":"Blue Candle"},{"floor":48,"key":"Calipers"},{"floor":54,"key":"Nunchaku"}],"event_choices":[{"damage_healed":0.0,"max_hp_gain":0.0,"max_hp_loss":0.0,"gold_gain":0.0,"event_name":"NoteForYourself","player_choice":"Ignored","floor":3.0,"gold_loss":0.0,"damage_taken":0.0},{"damage_healed":0,"gold_gain":0,"player_choice":"Copied","damage_taken":0,"max_hp_gain":0,"max_hp_loss":0,"event_name":"Duplicator","floor":20,"gold_loss":0,"cards_obtained":["Reprogram"]},{"damage_healed":0,"gold_gain":0,"player_choice":"Ignored","damage_taken":0,"max_hp_gain":0,"max_hp_loss":0,"event_name":"Transmorgrifier","floor":37,"gold_loss":0},{"damage_healed":0,"gold_gain":0,"player_choice":"Ignored","damage_taken":0,"max_hp_gain":0,"max_hp_loss":0,"event_name":"Golden Shrine","floor":44,"gold_loss":0},{"damage_healed":0,"gold_gain":0,"player_choice":"Memory 1","damage_taken":0,"max_hp_gain":0,"max_hp_loss":0,"event_name":"SensoryStone","floor":47,"gold_loss":0}],"is_beta":false,"boss_relics":[{"not_picked":["Busted Crown","Empty Cage"],"picked":"Ectoplasm"},{"not_picked":["Runic Dome","Coffee Dripper"],"picked":"SlaversCollar"}],"items_purged_floors":[21,28],"is_endless":false,"potions_floor_spawned":[5,7,8,10,16,18,23,25,27,39,42,46,48],"killed_by":"The Heart","ascension_level":5}}