{"host":"5gc11emcm5chfr5t","time":1607979326,"event":{"mods":["2.2 Compatiblity","AchievementEnabler","BaseMod","Bestiary","Better Note","Colored Map","Colored Powertips","Downfall","Googly Eyes","Minty Spire (QoL Compilation)","Rare Cards Sparkle","Say the Spire","StSLib"],"gold_per_floor":[112,112,123,123,148,148,182,182,182,517,517,119,143,177,177,310,310,329,329,414,11,28,28,28],"floor_reached":23,"playtime":977,"items_purged":[],"score":219,"play_id":"df7ec2ad-afc1-4876-97c5-9d5c2866f92b","local_time":"20201214155526","is_ascension_mode":true,"campfire_choices":[{"floor":6,"key":"RECALL"},{"data":"sneckomod:GlitteringGambit","floor":11,"key":"SMITH"},{"floor":15,"key":"REST"}],"circlet_count":0,"master_deck":["sneckomod:Strike","sneckomod:Strike","sneckomod:Strike","sneckomod:Defend","sneckomod:Defend","sneckomod:Defend","sneckomod:TailWhip+1","sneckomod:SnekBite","sneckomod:Unknown","sneckomod:Unknown","sneckomod:WideSting+1","sneckomod:UnknownCommonSkill","sneckomod:GlitteringGambit+1","sneckomod:UnknownWeak+1","sneckomod:MixItUp","sneckomod:PureSnecko","sneckomod:Restock","sneckomod:UnlimitedRolls","sneckomod:SoulExchange","sneckomod:UnknownDexterity+1","sneckomod:Unknown2Cost+1","sneckomod:UnknownRareSkill+1","CurseOfTheBell","sneckomod:SnakeSap+1","sneckomod:QuickMove+1","The Bomb","sneckomod:MasterEye","sneckomod:SoulDraw+1"],"relics":["sneckomod:SneckoSoul","Bag of Marbles","sneckomod:UnknownEgg","Strawberry","Nunchaku","Old Coin","Question Card","Orrery","Calling Bell","Regal Pillow","Molten Egg 2","FossilizedHelix","MutagenicStrength","Art of War"],"acts_visited":["Exordium","TheCity"],"potions_floor_usage":[7,7,18],"damage_taken":[{"damage":0,"enemies":"Small Slimes","floor":1,"turns":3},{"damage":4,"enemies":"Jaw Worm","floor":3,"turns":2},{"damage":9,"enemies":"Gremlin Nob","floor":7,"turns":4},{"damage":13,"enemies":"3 Sentries","floor":10,"turns":6},{"damage":0,"enemies":"2 Louse","floor":13,"turns":1},{"damage":15,"enemies":"Looter","floor":14,"turns":3},{"damage":54,"enemies":"The Guardian","floor":16,"turns":9},{"damage":21,"enemies":"3 Byrds","floor":18,"turns":5},{"damage":51,"enemies":"Shell Parasite","floor":20,"turns":8},{"damage":20,"enemies":"Snake Plant","floor":22,"turns":4},{"damage":12,"enemies":"3 Cultists","floor":23,"turns":2}],"seed_played":"-6593948454118653136","potions_obtained":[{"floor":1,"key":"DuplicationPotion"},{"floor":3,"key":"EssenceOfSteel"},{"floor":16,"key":"sneckomod:DiceRollPotion"},{"floor":22,"key":"Strength Potion"}],"is_trial":false,"path_per_floor":["M","?","M","?","T","R","E","$","T","E","R","$","M","M","R","B",null,"M","?","M","$","M","M"],"character_chosen":"THE_SNECKO","items_purchased":["Question Card","Orrery","Art of War","The Bomb","sneckomod:MasterEye"],"campfire_rested":1,"item_purchase_floors":[12,12,21,21,21],"current_hp_per_floor":[90,72,69,62,69,69,60,60,60,48,48,48,49,35,65,12,102,81,81,32,32,12,0,0],"gold":28,"neow_bonus":"RANDOM_COMMON_RELIC","is_daily":false,"chose_seed":false,"campfire_upgraded":1,"win_rate":0.0,"timestamp":1607979326,"path_taken":["M","?","M","?","?","R","E","$","T","E","R","$","M","?","R","BOSS","M","?","M","$","M","M"],"items_purchased_type":["Relic","Relic","Relic","Card","Card"],"build_version":"2020-12-13","purchased_purges":0,"victory":false,"max_hp_per_floor":[90,90,91,91,98,98,98,98,98,99,99,99,100,101,101,102,102,102,102,102,102,102,102,102],"card_choices":[{"not_picked":["sneckomod:UnknownClassSLIMEBOUND","sneckomod:UnknownUncommonAttack"],"picked":"sneckomod:WideSting","floor":1},{"not_picked":["sneckomod:QuickBite","sneckomod:WideSting"],"picked":"sneckomod:UnknownCommonSkill","floor":3},{"not_picked":["sneckomod:UnknownClassPURPLE+1","sneckomod:UnknownBlock+1"],"picked":"sneckomod:GlitteringGambit","floor":7},{"not_picked":["sneckomod:SoulRoll","sneckomod:UnknownClassPURPLE+1"],"picked":"sneckomod:UnknownWeak+1","floor":10},{"not_picked":["sneckomod:QuickMove","sneckomod:UnknownClassBLUE+1","sneckomod:Unknown1Cost+1"],"picked":"sneckomod:MixItUp","floor":12},{"not_picked":["sneckomod:DiceCrush","sneckomod:IronFang","sneckomod:UnknownWeak+1"],"picked":"sneckomod:PureSnecko","floor":12},{"not_picked":["sneckomod:SoulDraw","sneckomod:UnknownStrike+1","sneckomod:TrashToTreasure"],"picked":"sneckomod:Restock","floor":12},{"not_picked":["sneckomod:UnknownCommonAttack+1","sneckomod:UnknownWeak+1","sneckomod:UnknownBlock+1"],"picked":"sneckomod:UnlimitedRolls","floor":12},{"not_picked":["sneckomod:RainOfDice","sneckomod:TrashToTreasure","sneckomod:UnknownClassGUARDIAN+1"],"picked":"sneckomod:SoulExchange","floor":12},{"not_picked":["sneckomod:RainOfDice","sneckomod:Unknown1Cost+1","sneckomod:UnknownCommonSkill+1"],"picked":"sneckomod:UnknownDexterity+1","floor":13},{"not_picked":["sneckomod:UnknownClassHEXA_GHOST_PURPLE+1","sneckomod:IronFang","sneckomod:RainOfDice"],"picked":"sneckomod:Unknown2Cost+1","floor":14},{"not_picked":["sneckomod:Unknown3Cost+1","sneckomod:Mudshield","sneckomod:UnknownColorless+1"],"picked":"sneckomod:UnknownRareSkill+1","floor":16},{"not_picked":["sneckomod:UnknownCommonSkill+1","sneckomod:UnknownClassPURPLE+1","sneckomod:Nope+1"],"picked":"sneckomod:SnakeSap+1","floor":18},{"not_picked":["sneckomod:RainOfDice+1","sneckomod:UnknownClassSLIMEBOUND+1","sneckomod:PureSnecko"],"picked":"sneckomod:QuickMove+1","floor":20},{"not_picked":["sneckomod:Unknown1Cost+1","sneckomod:DiceCrush+1","sneckomod:PureSnecko"],"picked":"sneckomod:SoulDraw+1","floor":22}],"player_experience":360091,"relics_obtained":[{"floor":5,"key":"Strawberry"},{"floor":7,"key":"Nunchaku"},{"floor":10,"key":"Old Coin"},{"floor":17,"key":"Regal Pillow"},{"floor":17,"key":"Molten Egg 2"},{"floor":17,"key":"FossilizedHelix"}],"event_choices":[{"damage_healed":0,"gold_gain":0,"player_choice":"Entered Light","damage_taken":18,"max_hp_gain":0,"max_hp_loss":0,"event_name":"Shining Light","floor":2,"gold_loss":0,"cards_upgraded":["sneckomod:WideSting","sneckomod:TailWhip"]},{"damage_healed":0,"gold_gain":0,"player_choice":"Success","damage_taken":7,"relics_obtained":["sneckomod:UnknownEgg"],"max_hp_gain":0,"max_hp_loss":0,"event_name":"Scrap Ooze","floor":4,"gold_loss":0},{"damage_healed":0,"gold_gain":0,"player_choice":"Inject Mutagens","damage_taken":0,"relics_obtained":["MutagenicStrength"],"max_hp_gain":0,"max_hp_loss":0,"event_name":"Drug Dealer","floor":19,"gold_loss":0}],"is_beta":false,"boss_relics":[{"not_picked":["Philosopher\u0027s Stone","SlaversCollar"],"picked":"Calling Bell"}],"items_purged_floors":[],"is_endless":false,"potions_floor_spawned":[1,3,16,22],"killed_by":"3 Cultists","ascension_level":2}}