{"host":"cr9rpoy6dx9riis3","time":1607958992,"event":{"mods":["AchievementEnabler","BaseMod","Better Altar","Better Note","Better Sensory Stone","Better Skull","Better Third Choice","Better-Laid Plans","BetterRewards","Block Reminder","Curses Come First","Displayed Cursed Tome","Emptier Cage","Marked Mod","Minty Spire (QoL Compilation)","Permanent Neow","Relic Sorter","StSLib","The Blue Laboratory","Transform Curses"],"gold_per_floor":[117,136,136,154,164,164,189,189,216,216,232,252,271,302,302,405,405,424,443,443,443,193,219,230,230,230,230,83,83,96,96,96,191,191,210,225,225,225],"floor_reached":37,"playtime":2125,"items_purged":["Bash","Strike_R"],"score":634,"play_id":"1afe803f-8697-45ea-9298-8ba674e75549","local_time":"20201214161632","is_ascension_mode":true,"campfire_choices":[{"data":"Seeing Red","floor":6,"key":"SMITH"},{"data":"Uppercut","floor":8,"key":"SMITH"},{"data":"Rampage","floor":10,"key":"SMITH"},{"data":"Uppercut","floor":15,"key":"SMITH"},{"data":"Demon Form","floor":25,"key":"SMITH"},{"data":"Immolate","floor":29,"key":"SMITH"},{"data":"Metallicize","floor":32,"key":"SMITH"}],"circlet_count":0,"master_deck":["Strike_R","Strike_R","Strike_R","Defend_R","Defend_R","Defend_R","Defend_R","Uppercut+1","Seeing Red+1","Metallicize+1","Rampage+1","Disarm","Uppercut+1","Demon Form+1","CurseOfTheBell","Metallicize","Disarm","Berserk","Immolate+1","Inflame+1","Bandage Up+1","Ghostly Armor","Feed","Flame Barrier"],"relics":["Burning Blood","Sozu","MealTicket","Ancient Tea Set","Oddly Smooth Stone","ClockworkSouvenir","Incense Burner","Happy Flower","Kunai"],"acts_visited":["Exordium","TheCity","TheBeyond"],"potions_floor_usage":[7,13,14,14,16,23,23,23,33,37],"damage_taken":[{"damage":0,"enemies":"Small Slimes","floor":1,"turns":3},{"damage":0,"enemies":"Jaw Worm","floor":2,"turns":4},{"damage":0,"enemies":"Cultist","floor":4,"turns":4},{"damage":17,"enemies":"Gremlin Gang","floor":5,"turns":6},{"damage":29,"enemies":"Lagavulin","floor":7,"turns":8},{"damage":11,"enemies":"Red Slaver","floor":11,"turns":3},{"damage":3,"enemies":"Exordium Thugs","floor":12,"turns":5},{"damage":0,"enemies":"Large Slime","floor":13,"turns":3},{"damage":0,"enemies":"Gremlin Nob","floor":14,"turns":4},{"damage":3,"enemies":"Hexaghost","floor":16,"turns":10},{"damage":8,"enemies":"Shell Parasite","floor":18,"turns":8},{"damage":18,"enemies":"Spheric Guardian","floor":19,"turns":6},{"damage":25,"enemies":"Gremlin Leader","floor":23,"turns":12},{"damage":33,"enemies":"3 Cultists","floor":24,"turns":5},{"damage":17,"enemies":"Shelled Parasite and Fungi","floor":30,"turns":5},{"damage":32,"enemies":"Champ","floor":33,"turns":11},{"damage":42,"enemies":"3 Shapes","floor":35,"turns":5},{"damage":57,"enemies":"3 Darklings","floor":36,"turns":6},{"damage":15,"enemies":"Jaw Worm Horde","floor":37,"turns":1}],"seed_played":"8529343053178371455","potions_obtained":[{"floor":2,"key":"BlessingOfTheForge"},{"floor":11,"key":"blueLaboratory:EntrenchedPotion"},{"floor":12,"key":"DuplicationPotion"},{"floor":13,"key":"EssenceOfSteel"},{"floor":14,"key":"Dexterity Potion"},{"floor":19,"key":"Block Potion"},{"floor":20,"key":"blueLaboratory:FrostheartPotion"},{"floor":20,"key":"blueLaboratory:IronCompound"},{"floor":24,"key":"blueLaboratory:BottleOfRum"},{"floor":33,"key":"DuplicationPotion"}],"is_trial":false,"path_per_floor":["M","M","?","M","M","R","E","R","T","R","M","M","M","E","R","B",null,"M","M","?","?","$","E","M","R","T","?","$","R","M","?","R","B",null,"M","M","M"],"character_chosen":"IRONCLAD","items_purchased":["Uppercut","Seeing Red","Berserk","ClockworkSouvenir"],"campfire_rested":0,"item_purchase_floors":[0,0,22,28],"current_hp_per_floor":[74,80,80,80,69,69,46,46,46,46,41,44,50,56,56,59,80,78,66,66,66,80,61,34,34,48,48,63,63,58,58,58,38,94,58,13,0,0],"gold":225,"neow_bonus":"","is_daily":false,"chose_seed":false,"campfire_upgraded":7,"win_rate":0.0,"timestamp":1607958992,"path_taken":["M","M","?","M","M","R","E","R","T","R","M","M","M","E","R","BOSS","M","M","?","?","$","E","M","R","T","?","$","R","M","?","R","BOSS","M","?","?"],"items_purchased_type":["Card","Card","Card","Relic"],"build_version":"2020-12-13","purchased_purges":2,"victory":false,"max_hp_per_floor":[80,80,80,80,80,80,80,80,80,80,80,80,80,80,80,80,80,80,80,80,80,80,80,80,80,94,94,94,94,94,94,94,94,94,94,94,94,94],"card_choices":[{"not_picked":["Pommel Strike","Heavy Blade"],"picked":"Metallicize","floor":1},{"not_picked":["Thunderclap","Iron Wave","Body Slam"],"picked":"SKIP","floor":2},{"not_picked":["Headbutt","Shockwave","Thunderclap"],"picked":"SKIP","floor":4},{"not_picked":["Clash","Evolve"],"picked":"Rampage","floor":5},{"not_picked":["Combust","Sever Soul"],"picked":"Disarm","floor":7},{"not_picked":["Shrug It Off","Havoc","Flex"],"picked":"SKIP","floor":11},{"not_picked":["Flex","Warcry"],"picked":"Uppercut","floor":12},{"not_picked":["Warcry","Wild Strike","Dark Embrace"],"picked":"SKIP","floor":13},{"not_picked":["Anger","Headbutt","Armaments"],"picked":"SKIP","floor":14},{"not_picked":["Juggernaut","Exhume"],"picked":"Demon Form","floor":16},{"not_picked":["Sword Boomerang","Evolve"],"picked":"Metallicize","floor":18},{"not_picked":["Iron Wave","Second Wind"],"picked":"Disarm","floor":19},{"not_picked":["Havoc","Rupture"],"picked":"Immolate","floor":23},{"not_picked":["Iron Wave","Whirlwind"],"picked":"Inflame+1","floor":24},{"not_picked":["Warcry","Headbutt"],"picked":"Ghostly Armor","floor":30},{"not_picked":["Exhume","Reaper"],"picked":"Feed","floor":33},{"not_picked":["Warcry+1","Cleave"],"picked":"Flame Barrier","floor":35},{"not_picked":["Headbutt","Cleave","Second Wind+1"],"picked":"SKIP","floor":36}],"player_experience":692292,"relics_obtained":[{"floor":7,"key":"Happy Flower"},{"floor":9,"key":"Oddly Smooth Stone"},{"floor":14,"key":"Ancient Tea Set"},{"floor":17,"key":"Kunai"},{"floor":17,"key":"MealTicket"},{"floor":17,"key":"Incense Burner"},{"floor":26,"key":"Mango"}],"event_choices":[{"cards_removed":["Strike_R"],"damage_healed":0,"gold_gain":0,"player_choice":"Forget","damage_taken":0,"max_hp_gain":0,"max_hp_loss":0,"event_name":"Living Wall","floor":3,"gold_loss":0},{"damage_healed":0,"gold_gain":0,"player_choice":"Got Potions","damage_taken":0,"max_hp_gain":0,"max_hp_loss":0,"event_name":"Lab","floor":20,"gold_loss":0},{"damage_healed":0,"gold_gain":0,"player_choice":"Ignored","damage_taken":0,"max_hp_gain":0,"max_hp_loss":0,"event_name":"WeMeetAgain","floor":21,"gold_loss":0},{"cards_removed":["Immolate"],"damage_healed":0,"gold_gain":0,"player_choice":"Take \u0026 Give","damage_taken":0,"max_hp_gain":0,"max_hp_loss":0,"event_name":"betterNote:BetterNote","floor":27,"gold_loss":0,"cards_obtained":["Bandage Up"]},{"damage_healed":0,"gold_gain":0,"player_choice":"Bought 0 Potions","damage_taken":0,"max_hp_gain":0,"max_hp_loss":0,"event_name":"The Woman in Blue","floor":31,"gold_loss":0}],"is_beta":false,"boss_relics":[{"not_picked":["Snecko Eye","Runic Dome"],"picked":"Calling Bell"},{"not_picked":["Empty Cage","Black Star"],"picked":"Sozu"}],"items_purged_floors":[0,22],"is_endless":false,"potions_floor_spawned":[2,11,12,13,14,19,24,33],"killed_by":"Jaw Worm Horde","ascension_level":2}}