{"host":"1tl36azeqm6yhdgj","time":1607954054,"event":{"mods":["AchievementEnabler","BaseMod","Minty Spire (QoL Compilation)","StSLib","The IronCluck","everything is the same but u backflip on backflip"],"gold_per_floor":[117,117,136,136,152,190,190,231,256,299,324,359,359,375,375,501,501,522,522,80,93,117,161,175,194,244,280,280,4,4,25,25,145,145,164,177,177,177,240,271,271,271,271,271,302,1,1,19,19,19,19],"floor_reached":50,"playtime":2399,"items_purged":["Writhe"],"score":944,"play_id":"e8cb2be5-b101-42e7-9299-d2ad4d5c7a14","local_time":"20201214085414","is_ascension_mode":true,"campfire_choices":[{"floor":7.0,"key":"REST"},{"floor":13.0,"key":"REST"},{"data":"Shrug It Off","floor":15.0,"key":"SMITH"},{"floor":28,"key":"REST"},{"floor":32,"key":"REST"},{"floor":41,"key":"REST"},{"floor":44,"key":"RECALL"},{"floor":47,"key":"REST"},{"data":"Uppercut","floor":49,"key":"SMITH"}],"circlet_count":0,"master_deck":["AscendersBane","Bash+1","Cleave+1","Anger","Thunderclap","Clash+1","Shrug It Off+1","Demon Form","Warcry","Flex","Bludgeon","Clothesline","Offering","Rage","Rupture","Evolve","Seeing Red","Burning Pact","Uppercut+1","Inflame","Battle Trance","Dark Shackles","Feel No Pain","Inflame+1","Infernal Blade","Warcry+1","Spot Weakness","Armaments","Immolate","Dark Embrace","Writhe","Fire Breathing","Exhume","CurseOfTheBell","Dropkick","True Grit+1","Battle Trance+1","Flex+1","Ghostly Armor","Good Instincts","Heavy Blade+1"],"relics":["Burning Blood","Boot","Golden Idol","Red Skull","Nunchaku","Bronze Scales","Mango","Centennial Puzzle","Pandora\u0027s Box","Whetstone","HandDrill","Orichalcum","Blood Vial","Bottled Tornado","Shuriken","Regal Pillow","Calling Bell","Art of War","Frozen Egg 2","WingedGreaves","Torii","Dream Catcher","Sundial","Strawberry"],"acts_visited":["Exordium","TheCity","TheBeyond"],"potions_floor_usage":[23,27,27,35,46,48,50],"damage_taken":[{"damage":14.0,"enemies":"Jaw Worm","floor":1.0,"turns":3.0},{"damage":2.0,"enemies":"2 Louse","floor":3.0,"turns":3.0},{"damage":0.0,"enemies":"Small Slimes","floor":5.0,"turns":2.0},{"damage":15.0,"enemies":"3 Sentries","floor":6.0,"turns":4.0},{"damage":25.0,"enemies":"Lagavulin","floor":8.0,"turns":5.0},{"damage":20.0,"enemies":"Gremlin Nob","floor":10.0,"turns":4.0},{"damage":4.0,"enemies":"2 Fungi Beasts","floor":11.0,"turns":2.0},{"damage":15.0,"enemies":"3 Sentries","floor":12.0,"turns":4.0},{"damage":11.0,"enemies":"3 Louse","floor":14.0,"turns":3.0},{"damage":32.0,"enemies":"Hexaghost","floor":16.0,"turns":6.0},{"damage":15.0,"enemies":"Shell Parasite","floor":18.0,"turns":2.0},{"damage":14.0,"enemies":"Spheric Guardian","floor":21.0,"turns":3.0},{"damage":26.0,"enemies":"3 Cultists","floor":22.0,"turns":4.0},{"damage":11,"enemies":"Slavers","floor":23,"turns":4},{"damage":21,"enemies":"Snake Plant","floor":24,"turns":2},{"damage":0,"enemies":"Cultist and Chosen","floor":25,"turns":6},{"damage":23,"enemies":"Gremlin Leader","floor":27,"turns":5},{"damage":26,"enemies":"Sentry and Sphere","floor":31,"turns":4},{"damage":61,"enemies":"Champ","floor":33,"turns":9},{"damage":12,"enemies":"Orb Walker","floor":35,"turns":4},{"damage":44,"enemies":"3 Darklings","floor":36,"turns":5},{"damage":0,"enemies":"Mind Bloom Boss Battle","floor":39,"turns":6},{"damage":53,"enemies":"Reptomancer","floor":40,"turns":5},{"damage":37,"enemies":"Giant Head","floor":45,"turns":6},{"damage":13,"enemies":"Sphere and 2 Shapes","floor":48,"turns":3},{"damage":95,"enemies":"Time Eater","floor":50,"turns":7}],"seed_played":"-4183678710329738422","potions_obtained":[{"floor":1.0,"key":"PowerPotion"},{"floor":5.0,"key":"Strength Potion"},{"floor":11.0,"key":"Swift Potion"},{"floor":16.0,"key":"Strength Potion"},{"floor":22.0,"key":"Weak Potion"},{"floor":24,"key":"Weak Potion"},{"floor":31,"key":"SpeedPotion"},{"floor":33,"key":"AttackPotion"},{"floor":39,"key":"ElixirPotion"},{"floor":45,"key":"LiquidBronze"},{"floor":48,"key":"Fire Potion"}],"is_trial":false,"path_per_floor":["M","?","M","?","M","E","R","E","T","E","M","E","R","M","R","B",null,"M","?","$","M","M","E","M","M","T","E","R","$","?","M","R","B",null,"M","M","?","?","?","E","R","T","T","R","E","$","R","M","R","B"],"character_chosen":"IRONCLAD","items_purchased":["Whetstone","Dark Shackles","Feel No Pain","HandDrill","Shuriken","Dark Embrace","Good Instincts","Fruit Juice","Energy Potion"],"campfire_rested":6,"item_purchase_floors":[20,20,20,20,29,29,46,46,46],"current_hp_per_floor":[64,44,48,32,38,29,53,34,34,34,36,27,55,50,50,24,77,68,68,68,60,40,35,20,26,26,11,39,39,39,21,64,11,73,69,33,57,82,82,35,74,74,74,74,52,57,94,87,87,0,0],"gold":19,"neow_bonus":"RANDOM_COMMON_RELIC","is_daily":false,"chose_seed":false,"campfire_upgraded":2,"win_rate":0.0,"timestamp":1607954054,"path_taken":["M","?","M","?","M","E","R","E","T","E","M","E","R","M","R","BOSS","M","?","$","M","M","E","M","M","T","E","R","$","?","M","R","BOSS","M","M","?","?","?","E","R","?","T","R","E","?","R","M","R","BOSS"],"items_purchased_type":["Relic","Card","Card","Relic","Relic","Card","Card","Potion","Potion"],"build_version":"2020-12-13","purchased_purges":1,"victory":false,"max_hp_per_floor":[80,80,80,80,80,80,80,80,80,94,94,94,94,94,94,94,94,94,94,94,94,94,94,94,94,94,94,94,94,94,94,94,94,94,94,94,94,82,82,82,82,82,82,82,89,94,94,94,94,94,94],"card_choices":[{"not_picked":["Sword Boomerang","Dual Wield"],"picked":"Cleave","floor":1.0},{"not_picked":["Bloodletting","Ghostly Armor"],"picked":"Anger","floor":3.0},{"not_picked":["Warcry","Anger"],"picked":"Thunderclap","floor":5.0},{"not_picked":["Sever Soul","Entrench"],"picked":"Clash","floor":6.0},{"not_picked":["Thunderclap","Rupture"],"picked":"Shrug It Off","floor":8.0},{"not_picked":["Shrug It Off","Dual Wield"],"picked":"Demon Form","floor":10.0},{"not_picked":["Shrug It Off","Reckless Charge"],"picked":"Warcry","floor":11.0},{"not_picked":["Sword Boomerang","Anger"],"picked":"Flex","floor":12.0},{"not_picked":["Heavy Blade","Twin Strike","Anger"],"picked":"SKIP","floor":14.0},{"not_picked":["Fiend Fire","Berserk"],"picked":"Bludgeon","floor":16.0},{"not_picked":["Anger","Evolve"],"picked":"Battle Trance","floor":18.0},{"not_picked":["Clothesline+1","Havoc"],"picked":"Inflame+1","floor":21.0},{"not_picked":["Pommel Strike+1","Anger+1"],"picked":"Infernal Blade","floor":22.0},{"not_picked":["Infernal Blade","Cleave"],"picked":"Warcry+1","floor":23},{"not_picked":["Battle Trance","Pummel"],"picked":"Spot Weakness","floor":24},{"not_picked":["Wild Strike","Iron Wave"],"picked":"Armaments","floor":25},{"not_picked":["Rupture","Reckless Charge","Immolate"],"picked":"SKIP","floor":27},{"not_picked":["Rupture","Reckless Charge"],"picked":"Immolate","floor":27},{"not_picked":["Cleave+1","Anger"],"picked":"Fire Breathing","floor":31},{"not_picked":["Immolate","Fiend Fire"],"picked":"Exhume","floor":33},{"not_picked":["Clothesline+1","Iron Wave"],"picked":"Dropkick","floor":35},{"not_picked":["Heavy Blade+1","Reckless Charge"],"picked":"True Grit+1","floor":36},{"not_picked":["Carnage+1","Warcry"],"picked":"Battle Trance+1","floor":39},{"not_picked":["True Grit+1","Burning Pact"],"picked":"Flex+1","floor":40},{"not_picked":["Clothesline+1","Pummel+1"],"picked":"Ghostly Armor","floor":45},{"not_picked":["Dark Embrace+1","Warcry+1"],"picked":"Heavy Blade+1","floor":48}],"player_experience":1925497,"relics_obtained":[{"floor":6.0,"key":"Red Skull"},{"floor":8.0,"key":"Nunchaku"},{"floor":9.0,"key":"Bronze Scales"},{"floor":10.0,"key":"Mango"},{"floor":12.0,"key":"Centennial Puzzle"},{"floor":23,"key":"Orichalcum"},{"floor":26,"key":"Blood Vial"},{"floor":27,"key":"Bottled Tornado"},{"floor":34,"key":"Art of War"},{"floor":34,"key":"Frozen Egg 2"},{"floor":34,"key":"WingedGreaves"},{"floor":39,"key":"Torii"},{"floor":40,"key":"Dream Catcher"},{"floor":43,"key":"Sundial"},{"floor":45,"key":"Strawberry"}],"event_choices":[{"damage_healed":0.0,"max_hp_gain":0.0,"max_hp_loss":0.0,"gold_gain":0.0,"event_name":"Golden Idol","player_choice":"Take Damage","floor":2.0,"gold_loss":0.0,"damage_taken":20.0,"relics_obtained":["Golden Idol"]},{"damage_healed":0.0,"max_hp_gain":0.0,"max_hp_loss":0.0,"gold_gain":0.0,"event_name":"Shining Light","player_choice":"Entered Light","floor":4.0,"gold_loss":0.0,"damage_taken":16.0,"cards_upgraded":["Strike_R","Bash"]},{"damage_healed":0.0,"max_hp_gain":0.0,"max_hp_loss":0.0,"gold_gain":0.0,"event_name":"Vampires","player_choice":"Ignored","floor":19.0,"gold_loss":0.0,"damage_taken":0.0},{"damage_healed":0,"gold_gain":0,"player_choice":"Opened","damage_taken":0,"relics_obtained":["Regal Pillow"],"max_hp_gain":0,"max_hp_loss":0,"event_name":"The Mausoleum","floor":30,"gold_loss":0,"cards_obtained":["Writhe"]},{"damage_healed":24,"gold_gain":0,"player_choice":"Writhe","damage_taken":0,"max_hp_gain":0,"max_hp_loss":0,"event_name":"Winding Halls","floor":37,"gold_loss":0,"cards_obtained":["Writhe"]},{"damage_healed":82,"gold_gain":0,"player_choice":"Heal","damage_taken":0,"max_hp_gain":0,"max_hp_loss":12,"event_name":"The Moai Head","floor":38,"gold_loss":0},{"damage_healed":0,"gold_gain":0,"player_choice":"Fight","damage_taken":0,"max_hp_gain":0,"max_hp_loss":0,"event_name":"MindBloom","floor":39,"gold_loss":0}],"is_beta":false,"boss_relics":[{"not_picked":["SacredBark","Mark of Pain"],"picked":"Pandora\u0027s Box"},{"not_picked":["Sozu","Philosopher\u0027s Stone"],"picked":"Calling Bell"}],"items_purged_floors":[46],"is_endless":false,"potions_floor_spawned":[1,5,11,16,22,24,31,33,39,45,48],"killed_by":"Time Eater","ascension_level":11}}