{"host":"0cnf9zf1gia27zti","time":1607954745,"event":{"mods":["BaseMod","BetterRewards","Card Forge","Colored Map","Colored Powertips","Conspire","Downfall","Minty Spire (QoL Compilation)","Quick Restart","Replay The Spire","Shade Mod","Spicy Shops","StSLib"],"gold_per_floor":[115,126,76,93,18,53,133,30,30,30,49,63,63,83,83,179,179,199,213,31,31,31,64,64,64,119,136,147,147,219,42,42,143,143,161,177,138,152,152,152,169,219,243,256,32,51,67,77,77,77,77],"floor_reached":50,"playtime":41106,"items_purged":["Defend_P","Strike_P","Strike_P"],"score":1052,"play_id":"02b58841-3e57-4831-93b4-860c76862286","local_time":"20201214140545","is_ascension_mode":true,"campfire_choices":[{"floor":13,"key":"REST"},{"data":"PathToVictory","floor":15,"key":"SMITH"},{"data":"LikeWater","floor":24,"key":"SMITH"},{"floor":29,"key":"REST"},{"data":"MasterReality","floor":32,"key":"SMITH"},{"data":"Defend_P","floor":40,"key":"SMITH"},{"data":"LikeWater","floor":49,"key":"SMITH"}],"circlet_count":0,"master_deck":["Defend_P+1","Defend_P","Defend_P+1","Vigilance","PathToVictory+1","Evaluate+1","Evaluate+1","PathToVictory+1","PathToVictory+1","Evaluate+1","PathToVictory+1","EmptyMind+1","MasterReality+1","LikeWater+1","Perseverance+1","PathToVictory+1","Vault+1","Evaluate+1","Evaluate+1","Evaluate+1","Pot Of Greed+1","Pot Of Greed+1","SpiritShield+1","Study+1","LikeWater+1"],"relics":["PureWater","Hammer of Thor","Seething Fire","Anvil of the Gods","Lee\u0027s Waffle","Toxic Egg 2","Orichalcum","Eternal Feather","Juzu Bracelet","Blue Candle","Philosopher\u0027s Stone","ReplayFunnel","PreservedInsect","ReplayTheSpireMod:Ninjato","Replay:Kaleidoscope","Grinning Jar","Guide Book"],"acts_visited":["Exordium","TheCity","TheBeyond"],"potions_floor_usage":[6,6,11,16,23,23,33,35,46,46,48],"damage_taken":[{"damage":0,"enemies":"2 Louse","floor":1,"turns":3},{"damage":0,"enemies":"Small Slimes","floor":2,"turns":3},{"damage":2,"enemies":"Jaw Worm","floor":4,"turns":4},{"damage":7,"enemies":"Lagavulin","floor":6,"turns":7},{"damage":2,"enemies":"Exordium Thugs","floor":11,"turns":3},{"damage":4,"enemies":"3 Louse","floor":12,"turns":2},{"damage":5,"enemies":"Gremlin Gang","floor":14,"turns":4},{"damage":0,"enemies":"The Guardian","floor":16,"turns":5},{"damage":26,"enemies":"3 Byrds","floor":18,"turns":5},{"damage":0,"enemies":"Spheric Guardian","floor":19,"turns":3},{"damage":11,"enemies":"conspire:Head Lice","floor":23,"turns":5},{"damage":18,"enemies":"Shelled Parasite and Fungi","floor":27,"turns":3},{"damage":14,"enemies":"Snake Plant","floor":28,"turns":3},{"damage":4,"enemies":"conspire:MysteriousRune","floor":33,"turns":5},{"damage":0,"enemies":"3 Shapes","floor":35,"turns":3},{"damage":0,"enemies":"Orb Walker","floor":36,"turns":3},{"damage":9,"enemies":"Jaw Worm Horde","floor":38,"turns":3},{"damage":11,"enemies":"Spire Growth","floor":41,"turns":5},{"damage":0,"enemies":"Mind Bloom Boss Battle","floor":42,"turns":3},{"damage":0,"enemies":"Writhing Mass","floor":44,"turns":3},{"damage":0,"enemies":"3 Darklings","floor":46,"turns":4},{"damage":0,"enemies":"Transient","floor":47,"turns":6},{"damage":0,"enemies":"Maw","floor":48,"turns":4},{"damage":94,"enemies":"conspire:OrnateMirror","floor":50,"turns":6}],"seed_played":"5126241924832726989","potions_obtained":[{"floor":2,"key":"Explosive Potion"},{"floor":4,"key":"Fire Potion"},{"floor":6,"key":"Fire Potion"},{"floor":14,"key":"DuplicationPotion"},{"floor":18,"key":"conspire:TimeTravelPotion"},{"floor":19,"key":"BlessingOfTheForge"},{"floor":33,"key":"Fire Potion"},{"floor":38,"key":"Explosive Potion"},{"floor":41,"key":"Explosive Potion"},{"floor":46,"key":"FearPotion"},{"floor":47,"key":"champ:CounterPotion"}],"is_trial":false,"path_per_floor":["M","M","?","M","$","E","?","$","T","$","M","M","R","M","R","B",null,"M","M","$","?","?","E","R","?","T","M","M","R","T","$","R","B",null,"M","M","$","M","?","R","M","?","T","M","$","M","M","M","R","B"],"character_chosen":"WATCHER","items_purchased":["Lee\u0027s Waffle","PathToVictory","Toxic Egg 2","Orichalcum","PathToVictory+1","Evaluate+1","LikeWater","PowerPotion","Evaluate+1","Study","Guide Book"],"campfire_rested":2,"item_purchase_floors":[0,0,0,0,8,8,20,31,37,45,45],"current_hp_per_floor":[79,79,79,77,77,70,39,39,39,39,37,33,65,60,69,69,77,51,51,51,51,56,56,65,65,65,47,33,65,65,65,74,70,77,77,77,77,68,68,77,66,66,66,66,66,66,66,66,79,0,0],"gold":77,"neow_bonus":"","is_daily":false,"chose_seed":false,"campfire_upgraded":5,"win_rate":0.0,"timestamp":1607954745,"path_taken":["M","M","?","M","$","E","?","?","T","$","M","M","R","M","R","BOSS","M","M","$","?","?","E","R","?","T","M","M","R","?","$","R","BOSS","M","M","$","M","?","R","M","?","T","M","$","M","M","M","R","BOSS"],"items_purchased_type":["Relic","Card","Relic","Relic","Card","Card","Card","Potion","Card","Card","Relic"],"build_version":"2020-11-30","purchased_purges":3,"victory":false,"max_hp_per_floor":[79,79,79,79,79,79,79,79,79,79,79,79,79,79,79,79,79,79,79,79,79,79,79,79,79,79,79,79,79,79,79,79,79,79,79,79,79,79,79,79,79,79,79,79,79,79,79,79,79,79,79],"card_choices":[{"not_picked":["CutThroughFate","SandsOfTime"],"picked":"Evaluate+1","floor":1},{"not_picked":["FollowUp","CarveReality","CrushJoints"],"picked":"SKIP","floor":2},{"not_picked":["EmptyMind+1","CrushJoints"],"picked":"Evaluate+1","floor":4},{"not_picked":["Replay:Vibes+1","ClearTheMind+1"],"picked":"EmptyFist","floor":6},{"not_picked":["FlurryOfBlows","Protect+1"],"picked":"PathToVictory+1","floor":11},{"not_picked":["Crescendo+1","FearNoEvil"],"picked":"EmptyMind+1","floor":12},{"not_picked":["FlurryOfBlows","WreathOfFlame+1","FollowUp"],"picked":"SKIP","floor":14},{"not_picked":["ConjureBlade+1","Scrawl+1"],"picked":"MasterReality","floor":16},{"not_picked":["Replay:Battleflow+1","EmptyFist","ClearTheMind+1"],"picked":"SKIP","floor":18},{"not_picked":["Replay:Battleflow+1","CarveReality","ClearTheMind+1"],"picked":"SKIP","floor":19},{"not_picked":["Protect+1","EmptyBody+1","Crescendo+1"],"picked":"SKIP","floor":23},{"not_picked":["CarveReality","Tantrum"],"picked":"PathToVictory+1","floor":27},{"not_picked":["CutThroughFate","SashWhip","JustLucky+1"],"picked":"SKIP","floor":28},{"not_picked":["Replay:AllIn+1","Judgement+1"],"picked":"Vault+1","floor":33},{"not_picked":["WaveOfTheHand+1","Halt+1","FlurryOfBlows+1"],"picked":"SKIP","floor":35},{"not_picked":["BowlingBash","Replay:BluntJabs","Replay:Hum+1"],"picked":"SKIP","floor":36},{"not_picked":["FlyingSleeves","WindmillStrike+1","PathToVictory+1"],"picked":"SKIP","floor":38},{"not_picked":["Halt+1","EmptyBody+1","FlurryOfBlows"],"picked":"SKIP","floor":41},{"not_picked":["TalkToTheHand","EmptyFist"],"picked":"Evaluate+1","floor":42},{"not_picked":["Study","Protect+1"],"picked":"SpiritShield+1","floor":44},{"not_picked":["Halt+1","CutThroughFate"],"picked":"LikeWater","floor":46},{"not_picked":["CrushJoints","Crescendo+1","ForeignInfluence+1"],"picked":"SKIP","floor":47},{"not_picked":["CrushJoints","Crescendo+1","ForeignInfluence+1"],"picked":"SKIP","floor":47},{"not_picked":["Tantrum","CutThroughFate+1","SignatureMove+1"],"picked":"SKIP","floor":48}],"player_experience":2001589,"relics_obtained":[{"floor":6,"key":"Eternal Feather"},{"floor":7,"key":"Juzu Bracelet"},{"floor":9,"key":"Blue Candle"},{"floor":23,"key":"ReplayFunnel"},{"floor":26,"key":"PreservedInsect"},{"floor":30,"key":"ReplayTheSpireMod:Ninjato"},{"floor":42,"key":"Replay:Kaleidoscope"},{"floor":43,"key":"Grinning Jar"}],"event_choices":[{"cards_removed":["Eruption"],"damage_healed":0,"gold_gain":0,"player_choice":"Card Removal","damage_taken":0,"max_hp_gain":0,"max_hp_loss":0,"event_name":"The Cleric","floor":3,"gold_loss":50},{"cards_removed":["EmptyFist"],"damage_healed":5,"gold_gain":0,"player_choice":"Offered Common","damage_taken":0,"max_hp_gain":0,"max_hp_loss":0,"event_name":"Bonfire Elementals","floor":22,"gold_loss":0},{"cards_removed":["EmptyFist"],"damage_healed":5,"gold_gain":0,"player_choice":"Offered Special","damage_taken":0,"max_hp_gain":0,"max_hp_loss":0,"event_name":"Bonfire Elementals","floor":22,"gold_loss":0},{"damage_healed":0,"gold_gain":0,"cards_transformed":["Strike_P"],"player_choice":"Transformed","damage_taken":0,"max_hp_gain":0,"max_hp_loss":0,"event_name":"Transmorgrifier","floor":25,"gold_loss":0,"cards_obtained":["Perseverance"]},{"cards_removed":["Strike_P"],"damage_healed":0,"gold_gain":0,"player_choice":"Removed Attack","damage_taken":0,"max_hp_gain":0,"max_hp_loss":0,"event_name":"Falling","floor":39,"gold_loss":0},{"damage_healed":0,"gold_gain":0,"player_choice":"Fight","damage_taken":0,"max_hp_gain":0,"max_hp_loss":0,"event_name":"MindBloom","floor":42,"gold_loss":0}],"is_beta":false,"boss_relics":[{"not_picked":["Snecko Eye","Runic Dome"],"picked":"Philosopher\u0027s Stone"},{"not_picked":["Replay:Wanted Poster","Replay:Ancient Bell","conspire:RunicOctahedron"]}],"items_purged_floors":[5,20,31],"is_endless":false,"potions_floor_spawned":[2,4,6,14,18,19,33,38,41,46,47],"killed_by":"conspire:OrnateMirror","ascension_level":9}}