{"host":"etmsduvleanb5j7c","time":1607958439,"event":{"mods":["2.2 Compatiblity","BaseMod","Downfall","Minty Spire (QoL Compilation)","StSLib"],"gold_per_floor":[99,109,119,139,151,166,166,176,192,223,243,133,133,147,157,157,157],"floor_reached":16,"playtime":863,"items_purged":[],"score":110,"play_id":"f591860f-8b55-420b-b92e-8f4a71908878","local_time":"20201214160719","is_ascension_mode":false,"campfire_choices":[{"floor":1,"key":"RECALL"}],"circlet_count":0,"master_deck":["sneckomod:Strike","sneckomod:Strike","sneckomod:Strike","sneckomod:Defend","sneckomod:Defend","sneckomod:Defend","sneckomod:TailWhip","sneckomod:SnekBite","sneckomod:Unknown","sneckomod:Unknown","sneckomod:QuickBite","sneckomod:UnknownStrike","sneckomod:SnakeSap","sneckomod:QuickBite","sneckomod:IronFang","sneckomod:ImprovisedGuard","sneckomod:QuickMove+1","sneckomod:UnlimitedRolls+1","sneckomod:DiceBlock","sneckomod:SoulDraw","sneckomod:SnekBeam","sneckomod:Unknown1Cost","sneckomod:Unknown0Cost","sneckomod:UnknownVulnerable"],"relics":["sneckomod:SneckoSoul","Oddly Smooth Stone","MealTicket"],"acts_visited":["Exordium"],"potions_floor_usage":[],"damage_taken":[{"damage":3,"enemies":"Small Slimes","floor":2,"turns":4},{"damage":1,"enemies":"Cultist","floor":3,"turns":3},{"damage":0,"enemies":"2 Louse","floor":4,"turns":2},{"damage":30,"enemies":"Exordium Thugs","floor":5,"turns":6},{"damage":0,"enemies":"2 Fungi Beasts","floor":6,"turns":1},{"damage":0,"enemies":"Blue Slaver","floor":8,"turns":3},{"damage":20,"enemies":"Lots of Slimes","floor":9,"turns":4},{"damage":18,"enemies":"Gremlin Nob","floor":10,"turns":5},{"damage":26,"enemies":"Gremlin Gang","floor":11,"turns":5},{"damage":0,"enemies":"downfall:FleeingMerchant","floor":12,"turns":4},{"damage":12,"enemies":"2 Fungi Beasts","floor":14,"turns":3},{"damage":12,"enemies":"Blue Slaver","floor":15,"turns":4},{"damage":10,"enemies":"downfall:Watcher","floor":16,"turns":4}],"seed_played":"5539855167663008143","potions_obtained":[{"floor":2,"key":"EssenceOfSteel"},{"floor":3,"key":"sneckomod:CheatPotion"},{"floor":5,"key":"sneckomod:MuddlingPotion"}],"is_trial":false,"path_per_floor":["R","M","M","M","M","M","T","M","M","E","M","$","?","M","M","B"],"character_chosen":"THE_SNECKO","items_purchased":["sneckomod:SnekBeam","sneckomod:Unknown1Cost"],"campfire_rested":0,"item_purchase_floors":[12,12],"current_hp_per_floor":[99,96,96,96,66,66,66,66,46,28,2,18,18,17,6,0,0],"gold":157,"neow_bonus":"TEN_PERCENT_HP_BONUS","is_daily":false,"chose_seed":false,"campfire_upgraded":0,"win_rate":0.0,"timestamp":1607958439,"path_taken":["R","M","M","M","M","M","T","M","M","E","M","$","?","?","M","BOSS"],"items_purchased_type":["Card","Card"],"build_version":"2020-12-13","purchased_purges":0,"victory":false,"max_hp_per_floor":[99,99,100,100,100,100,100,100,100,100,100,101,101,102,103,103,103],"card_choices":[{"not_picked":["sneckomod:UnknownVulnerable","sneckomod:UnknownCommonAttack"],"picked":"sneckomod:QuickBite","floor":2},{"not_picked":["sneckomod:DiceBoulder","sneckomod:UnknownEthereal"],"picked":"sneckomod:UnknownStrike","floor":3},{"not_picked":["sneckomod:UnknownClassGUARDIAN","sneckomod:UnknownEthereal"],"picked":"sneckomod:SnakeSap","floor":4},{"not_picked":["sneckomod:DiceBoulder","sneckomod:SoulRoll"],"picked":"sneckomod:QuickBite","floor":5},{"not_picked":["sneckomod:UnknownWeak","sneckomod:UnknownClassGREEN"],"picked":"sneckomod:IronFang","floor":6},{"not_picked":["sneckomod:UnknownClassHEXA_GHOST_PURPLE","sneckomod:QuickBite"],"picked":"sneckomod:ImprovisedGuard","floor":8},{"not_picked":["sneckomod:UnknownCommonSkill","sneckomod:MasterEye"],"picked":"sneckomod:QuickMove","floor":9},{"not_picked":["sneckomod:MasterEye","sneckomod:DiceBlock"],"picked":"sneckomod:UnlimitedRolls","floor":10},{"not_picked":["sneckomod:UnknownClassBLUE","sneckomod:UnknownVulnerable"],"picked":"sneckomod:DiceBlock","floor":11},{"not_picked":["sneckomod:UnknownUncommonSkill","sneckomod:ImprovisedAttack"],"picked":"sneckomod:SoulDraw","floor":12},{"not_picked":["sneckomod:Nope","sneckomod:UnknownCommonAttack"],"picked":"sneckomod:Unknown0Cost","floor":14},{"not_picked":["sneckomod:MasterEye","sneckomod:QuickMove"],"picked":"sneckomod:UnknownVulnerable","floor":15}],"player_experience":105619,"relics_obtained":[{"floor":7,"key":"Oddly Smooth Stone"},{"floor":10,"key":"MealTicket"}],"event_choices":[{"damage_healed":0,"gold_gain":0,"player_choice":"Upgraded","damage_taken":0,"max_hp_gain":0,"max_hp_loss":0,"event_name":"Upgrade Shrine","floor":13,"gold_loss":0,"cards_upgraded":["sneckomod:UnlimitedRolls"]}],"is_beta":false,"boss_relics":[],"items_purged_floors":[],"is_endless":false,"potions_floor_spawned":[2,3,5,8,14,15],"killed_by":"downfall:Watcher","ascension_level":0}}