{"host":"dntw6kil9p09eemm","time":1607904995,"event":{"mods":["BaseMod","Colored Powertips","Downfall","Hermit","Minty Spire (QoL Compilation)","Shop Mod","StSLib","The Alterego","The Runesmith"],"gold_per_floor":[212,289,36,53,12,12,42,42,114,128,143,169,197,217,217,314,314,333,349,349,15,15,15,27,27,27,44,69,69,95,110,110,212,212,226,276,276,296,196,196,223,240,240,240,252,270,270,287,287,287],"floor_reached":51,"playtime":3543,"items_purged":["hermit:Defend_Hermit","hermit:Strike_Hermit"],"score":682,"play_id":"41a04d0a-c9f0-4f38-98f5-23fe4ba1370c","local_time":"20201214091635","is_ascension_mode":false,"campfire_choices":[{"data":"hermit:Snapshot","floor":6,"key":"SMITH"},{"floor":8,"key":"REST"},{"data":"hermit:Headshot","floor":15,"key":"SMITH"},{"data":"hermit:Glare","floor":23,"key":"SMITH"},{"floor":25,"key":"REST"},{"floor":32,"key":"REST"},{"data":"hermit:EternalForm","floor":40,"key":"SMITH"},{"floor":47,"key":"REST"},{"floor":49,"key":"REST"}],"circlet_count":0,"master_deck":["hermit:Strike_Hermit","hermit:Defend_Hermit","hermit:Defend_Hermit","hermit:Defend_Hermit","hermit:Snapshot+1","hermit:Covet","hermit:Determination","hermit:Malice","hermit:Deadeye","hermit:GhostlyPresence","hermit:HoleUp","hermit:Glare+1","hermit:Headshot+1","hermit:Reprieve","hermit:Quickdraw","hermit:TrackingShot","hermit:Headshot","hermit:EternalForm+1","hermit:GoldenBullet+1","hermit:FatalDesire","hermit:Roulette+1","hermit:BlackWind","Decay","hermit:Quickdraw","hermit:Quickdraw+1","hermit:Glare","hermit:Headshot+1","hermit:TakeAim+1","hermit:RoundhouseKick"],"relics":["hermit:ClaspedLocket","MerchantsRug","Anchor","Matryoshka","Prayer Wheel","Odd Mushroom","Black Star","alterego_mod:FleetingLove","Ice Cream","HornCleat","Pantograph","Gremlin Horn","Blood Vial","Happy Flower","Vajra","hermit:RedScarf","Sundial","Dream Catcher","Mummified Hand"],"acts_visited":["Exordium","TheCity","TheBeyond"],"potions_floor_usage":[12,12,16,28,33,41,42,42,42,45,50],"damage_taken":[{"damage":0,"enemies":"Cultist","floor":1,"turns":3},{"damage":0,"enemies":"2 Louse","floor":4,"turns":2},{"damage":26,"enemies":"3 Sentries","floor":7,"turns":6},{"damage":0,"enemies":"Jaw Worm","floor":10,"turns":2},{"damage":1,"enemies":"2 Fungi Beasts","floor":11,"turns":4},{"damage":19,"enemies":"Lagavulin","floor":12,"turns":7},{"damage":9,"enemies":"The Mushroom Lair","floor":13,"turns":4},{"damage":0,"enemies":"Exordium Wildlife","floor":14,"turns":4},{"damage":42,"enemies":"The Guardian","floor":16,"turns":8},{"damage":4,"enemies":"Chosen","floor":18,"turns":5},{"damage":16,"enemies":"Shell Parasite","floor":19,"turns":6},{"damage":17,"enemies":"3 Cultists","floor":24,"turns":5},{"damage":16,"enemies":"Chosen and Byrds","floor":27,"turns":5},{"damage":34,"enemies":"Slavers","floor":28,"turns":6},{"damage":1,"enemies":"Snake Plant","floor":31,"turns":3},{"damage":67,"enemies":"Champ","floor":33,"turns":9},{"damage":15,"enemies":"3 Darklings","floor":35,"turns":5},{"damage":0,"enemies":"Mind Bloom Boss Battle","floor":36,"turns":5},{"damage":0,"enemies":"Orb Walker","floor":38,"turns":2},{"damage":43,"enemies":"Giant Head","floor":41,"turns":8},{"damage":5,"enemies":"Transient","floor":42,"turns":5},{"damage":9,"enemies":"3 Darklings","floor":45,"turns":3},{"damage":25,"enemies":"Maw","floor":46,"turns":6},{"damage":4,"enemies":"Jaw Worm Horde","floor":48,"turns":3},{"damage":71,"enemies":"Time Eater","floor":50,"turns":9}],"seed_played":"-6841301026022526141","potions_obtained":[{"floor":4,"key":"sneckomod:MuddlingPotion"},{"floor":7,"key":"SkillPotion"},{"floor":10,"key":"Block Potion"},{"floor":13,"key":"FearPotion"},{"floor":14,"key":"Strength Potion"},{"floor":24,"key":"Dexterity Potion"},{"floor":28,"key":"Weak Potion"},{"floor":31,"key":"SkillPotion"},{"floor":41,"key":"EntropicBrew"},{"floor":42,"key":"Explosive Potion"},{"floor":46,"key":"PowerPotion"}],"is_trial":false,"path_per_floor":["M","T","$","M","$","R","E","R","T","M","M","E","?","M","R","B",null,"M","M","?","$","?","R","M","R","T","M","E","?","T","M","R","B",null,"M","?","?","M","$","R","E","M","T","?","M","M","R","M","R","B",null],"character_chosen":"HERMIT","items_purchased":["MerchantsRug","hermit:Determination","hermit:Deadeye","Ice Cream","hermit:EternalForm"],"campfire_rested":5,"item_purchase_floors":[3,3,5,21,21],"current_hp_per_floor":[75,85,85,85,85,85,59,84,84,84,83,64,55,55,55,13,85,81,65,65,65,65,65,48,73,73,61,27,27,27,28,53,17,85,71,85,85,85,85,85,42,43,43,43,40,18,43,41,66,23],"gold":287,"neow_bonus":"HUNDRED_GOLD","is_daily":false,"chose_seed":false,"campfire_upgraded":4,"win_rate":0.0,"timestamp":1607904995,"path_taken":["M","?","$","M","$","R","E","R","T","M","M","E","?","M","R","BOSS","M","M","?","$","?","R","?","R","T","M","E","?","?","M","R","BOSS","M","?","?","M","$","R","E","?","T","?","M","M","R","?","R","BOSS"],"items_purchased_type":["Relic","Card","Card","Relic","Card"],"build_version":"2020-11-30","purchased_purges":2,"victory":true,"max_hp_per_floor":[75,85,85,85,85,85,85,85,85,85,85,85,85,85,85,85,85,85,85,85,85,85,85,85,85,85,85,85,85,85,85,85,85,85,85,85,85,85,85,85,85,85,85,85,85,85,85,85,85,85],"card_choices":[{"not_picked":["hermit:WideOpen","hermit:Dive","hermit:Roulette"],"picked":"SKIP","floor":1},{"not_picked":["hermit:HighCaliber","hermit:Showdown"],"picked":"hermit:Malice","floor":4},{"not_picked":["hermit:Enervate","hermit:Coalescence"],"picked":"hermit:GhostlyPresence","floor":7},{"not_picked":["hermit:Horror","hermit:Gestalt"],"picked":"hermit:HoleUp","floor":10},{"not_picked":["hermit:Maintenance","hermit:Coalescence","hermit:FlashPowder"],"picked":"SKIP","floor":11},{"not_picked":["hermit:FullyLoaded","hermit:DeadMansHand"],"picked":"hermit:Glare","floor":12},{"not_picked":["hermit:LowProfile","hermit:Purgatory"],"picked":"hermit:Headshot","floor":14},{"not_picked":["hermit:ItchyTrigger","hermit:FlashPowder","hermit:Showdown"],"picked":"SKIP","floor":14},{"not_picked":["hermit:FromBeyond","hermit:Purgatory"],"picked":"hermit:Reprieve","floor":16},{"not_picked":["hermit:Desperado","hermit:Manifest+1"],"picked":"hermit:Quickdraw","floor":18},{"not_picked":["hermit:Gestalt+1","hermit:Showdown","hermit:Combo+1"],"picked":"SKIP","floor":18},{"not_picked":["hermit:CalledShot","hermit:NoHoldsBarred"],"picked":"hermit:TrackingShot","floor":19},{"not_picked":["hermit:HighCaliber","hermit:WideOpen"],"picked":"hermit:Headshot","floor":19},{"not_picked":["hermit:TakeCover","hermit:LoneWolf"],"picked":"hermit:GoldenBullet+1","floor":24},{"not_picked":["hermit:Midnight","hermit:ShadowCloak","hermit:Showdown"],"picked":"SKIP","floor":24},{"not_picked":["hermit:Spite","hermit:Coalescence"],"picked":"hermit:FatalDesire","floor":27},{"not_picked":["hermit:CalledShot","hermit:ShadowCloak"],"picked":"hermit:Roulette+1","floor":27},{"not_picked":["hermit:LowProfile+1","hermit:Ricochet"],"picked":"hermit:BlackWind","floor":28},{"not_picked":["hermit:Manifest","hermit:Dive+1"],"picked":"hermit:Quickdraw","floor":31},{"not_picked":["hermit:Horror","hermit:BodyArmor","hermit:Ricochet"],"picked":"SKIP","floor":31},{"not_picked":["hermit:Coalescence","hermit:EyeOfTheStorm"],"picked":"hermit:Quickdraw+1","floor":35},{"not_picked":["hermit:Misfire","hermit:HoleUp","hermit:TrackingShot"],"picked":"SKIP","floor":35},{"not_picked":["hermit:Scavenge+1","hermit:GhostlyPresence+1","hermit:ItchyTrigger"],"picked":"SKIP","floor":38},{"not_picked":["hermit:Virtue","hermit:NoHoldsBarred+1","hermit:TrackingShot"],"picked":"SKIP","floor":38},{"not_picked":["hermit:Gestalt+1","hermit:Maintenance"],"picked":"hermit:Glare","floor":41},{"not_picked":["hermit:Vantage+1","hermit:Ricochet+1"],"picked":"hermit:Headshot+1","floor":42},{"not_picked":["hermit:Misfire","hermit:Desperado+1"],"picked":"hermit:TakeAim+1","floor":42},{"not_picked":["hermit:Maintenance+1","hermit:Ricochet"],"picked":"hermit:RoundhouseKick","floor":45},{"not_picked":["hermit:Coalescence+1","hermit:Desperado+1","hermit:FlashPowder"],"picked":"SKIP","floor":45},{"not_picked":["hermit:LowProfile+1","hermit:Vantage+1","hermit:Maintenance+1"],"picked":"SKIP","floor":46},{"not_picked":["hermit:LuckOfTheDraw","hermit:Vantage","hermit:RoundhouseKick"],"picked":"SKIP","floor":46},{"not_picked":["hermit:Shortfuse+1","hermit:TrackingShot","hermit:LoneWolf+1"],"picked":"SKIP","floor":48},{"not_picked":["hermit:CursedWeapon+1","hermit:Spite+1","hermit:LoneWolf+1"],"picked":"SKIP","floor":48}],"player_experience":364171,"relics_obtained":[{"floor":2,"key":"Pear"},{"floor":7,"key":"Anchor"},{"floor":9,"key":"Matryoshka"},{"floor":12,"key":"Prayer Wheel"},{"floor":13,"key":"Odd Mushroom"},{"floor":26,"key":"HornCleat"},{"floor":26,"key":"Pantograph"},{"floor":28,"key":"Gremlin Horn"},{"floor":28,"key":"Blood Vial"},{"floor":30,"key":"Happy Flower"},{"floor":30,"key":"Vajra"},{"floor":36,"key":"hermit:RedScarf"},{"floor":41,"key":"Sundial"},{"floor":41,"key":"Dream Catcher"},{"floor":43,"key":"Mummified Hand"}],"event_choices":[{"damage_healed":0,"gold_gain":0,"player_choice":"Fought Mushrooms","damage_taken":0,"max_hp_gain":0,"max_hp_loss":0,"event_name":"Mushrooms","floor":13,"gold_loss":0},{"damage_healed":0,"gold_gain":0,"player_choice":"Choice 1","damage_taken":0,"relics_obtained":["alterego_mod:FleetingLove"],"max_hp_gain":0,"max_hp_loss":0,"event_name":"Secret Garden","floor":20,"gold_loss":0},{"damage_healed":0,"gold_gain":0,"player_choice":"0 cards matched","damage_taken":0,"max_hp_gain":0,"max_hp_loss":0,"event_name":"Match and Keep!","floor":22,"gold_loss":0,"cards_obtained":[]},{"damage_healed":0,"gold_gain":0,"player_choice":"Smashed Altar","damage_taken":0,"max_hp_gain":0,"max_hp_loss":0,"event_name":"Forgotten Altar","floor":29,"gold_loss":0,"cards_obtained":["Decay"]},{"damage_healed":0,"gold_gain":0,"player_choice":"Fight","damage_taken":0,"max_hp_gain":0,"max_hp_loss":0,"event_name":"MindBloom","floor":36,"gold_loss":0},{"cards_removed":["hermit:Strike_Hermit"],"damage_healed":0,"gold_gain":0,"player_choice":"Offered Basic","damage_taken":0,"max_hp_gain":0,"max_hp_loss":0,"event_name":"Bonfire Elementals","floor":37,"gold_loss":0},{"cards_removed":["hermit:Strike_Hermit"],"damage_healed":0,"gold_gain":0,"player_choice":"Purged","damage_taken":0,"max_hp_gain":0,"max_hp_loss":0,"event_name":"Purifier","floor":44,"gold_loss":0}],"is_beta":false,"boss_relics":[{"not_picked":["Philosopher\u0027s Stone","Snecko Eye"],"picked":"Black Star"},{"not_picked":["Tiny House","Velvet Choker"],"picked":"hermit:ClaspedLocket"}],"items_purged_floors":[3,39],"is_endless":false,"potions_floor_spawned":[4,7,10,13,14,24,28,31,41,42,46],"ascension_level":0}}