{"host":"fflyk188z5ncxlup","time":1607917976,"event":{"mods":["AchievementEnabler","BaseMod","Bestiary","Better Third Choice","Block Reminder","Colored Map","Colored Powertips","DeckTracker","Googly Eyes","Minty Spire (QoL Compilation)","StSLib","SuperFastMode"],"gold_per_floor":[117,117,267,283,283,313,313,77,77,88,88,101,101,75,75,173,173,193,208,13,34,58,58,99,99,122,122,37,87,103,128,162,162,255,255,268,268,287,287,166,166,199,199,225,256,188,188,211,74,74,74],"floor_reached":52,"playtime":1910,"items_purged":["Doubt"],"score":1429,"play_id":"929cd941-952c-44f3-a6df-805117c0ab8f","local_time":"20201214125256","is_ascension_mode":true,"campfire_choices":[{"data":"Uppercut","floor":7.0,"key":"SMITH"},{"data":"Immolate","floor":11.0,"key":"SMITH"},{"data":"Wallop","floor":15.0,"key":"SMITH"},{"data":"The Bomb","floor":23.0,"key":"SMITH"},{"data":"Shockwave","floor":25.0,"key":"SMITH"},{"floor":33.0,"key":"REST"},{"data":"Limit Break","floor":41,"key":"SMITH"},{"floor":47,"key":"REST"},{"data":"Metallicize","floor":50,"key":"SMITH"}],"circlet_count":0,"master_deck":["AscendersBane","Strike_R","Strike_R+1","Strike_R","Strike_R","Strike_R","Defend_R","Defend_R","Defend_R+1","Defend_R","Bash","Uppercut+1","Metallicize+1","Wallop+1","Immolate+1","Shockwave+1","Shrug It Off","Demon Form+1","Flame Barrier+1","The Bomb+1","Spot Weakness","Limit Break+1","Demon Form+1","Flame Barrier+1","Metallicize+1"],"relics":["Burning Blood","NeowsBlessing","Orichalcum","InkBottle","Frozen Egg 2","Golden Idol","Snecko Eye","The Courier","Boot","Ancient Tea Set","Regal Pillow","Anchor","Velvet Choker","Spirit Poop","Bag of Marbles","Paper Frog","Nunchaku","StoneCalendar","Strawberry"],"acts_visited":["Exordium","TheCity","TheBeyond"],"potions_floor_usage":[51],"damage_taken":[{"damage":0.0,"enemies":"Jaw Worm","floor":1.0,"turns":1.0},{"damage":0.0,"enemies":"Small Slimes","floor":4.0,"turns":1.0},{"damage":0.0,"enemies":"3 Sentries","floor":6.0,"turns":2.0},{"damage":0.0,"enemies":"2 Louse","floor":10.0,"turns":3.0},{"damage":2.0,"enemies":"Red Slaver","floor":12.0,"turns":3.0},{"damage":13.0,"enemies":"Slime Boss","floor":16.0,"turns":6.0},{"damage":0.0,"enemies":"Spheric Guardian","floor":18.0,"turns":2.0},{"damage":9.0,"enemies":"2 Thieves","floor":19.0,"turns":4.0},{"damage":0.0,"enemies":"Centurion and Healer","floor":21.0,"turns":3.0},{"damage":0.0,"enemies":"Snake Plant","floor":22.0,"turns":2.0},{"damage":13.0,"enemies":"Gremlin Leader","floor":24.0,"turns":4.0},{"damage":0.0,"enemies":"Snecko","floor":30.0,"turns":4.0},{"damage":6.0,"enemies":"Chosen and Byrds","floor":31.0,"turns":4.0},{"damage":43.0,"enemies":"Slavers","floor":32.0,"turns":5.0},{"damage":2.0,"enemies":"Champ","floor":34.0,"turns":10.0},{"damage":0,"enemies":"3 Darklings","floor":36,"turns":3},{"damage":0,"enemies":"Orb Walker","floor":38,"turns":3},{"damage":19,"enemies":"Nemesis","floor":42,"turns":5},{"damage":22,"enemies":"Reptomancer","floor":45,"turns":4},{"damage":4,"enemies":"Writhing Mass","floor":48,"turns":5},{"damage":19,"enemies":"Awakened One","floor":51,"turns":10}],"seed_played":"-1880711778555204424","potions_obtained":[{"floor":1.0,"key":"Energy Potion"},{"floor":10.0,"key":"DuplicationPotion"},{"floor":16.0,"key":"SmokeBomb"},{"floor":18.0,"key":"SpeedPotion"},{"floor":31.0,"key":"HeartOfIron"},{"floor":36,"key":"DuplicationPotion"}],"is_trial":false,"path_per_floor":["M","?","?","M","?","E","R","$","T","M","R","M","?","$","R","B",null,"M","M","$","M","M","R","E","R","T","T","?","?","M","M","E","R","B",null,"M","?","M","?","$","R","E","T","T","E","$","R","M","$","R","B",null],"character_chosen":"IRONCLAD","items_purchased":["Immolate","Shrug It Off","The Bomb","Demon Form+1","Metallicize+1","Strawberry"],"campfire_rested":2,"item_purchase_floors":[8,14,20,40,46,49],"current_hp_per_floor":[74,51,51,57,39,45,45,45,45,51,51,55,55,55,55,48,68,74,71,71,75,75,75,68,68,68,68,68,68,74,74,37,74,75,75,75,75,75,71,71,71,58,58,58,42,42,71,71,78,78,65],"gold":74,"neow_bonus":"THREE_ENEMY_KILL","is_daily":false,"chose_seed":false,"campfire_upgraded":7,"win_rate":0.0,"timestamp":1607917976,"path_taken":["M","?","?","?","?","E","R","?","T","M","R","M","?","$","R","BOSS","M","M","$","M","M","R","E","R","T","T","?","?","M","M","E","R","BOSS","M","?","?","?","?","R","E","?","T","E","$","R","M","$","R","BOSS"],"items_purchased_type":["Card","Card","Card","Card","Card","Relic"],"build_version":"2020-12-13","purchased_purges":1,"victory":true,"max_hp_per_floor":[75,75,75,75,75,75,75,75,75,75,75,75,75,75,75,75,75,75,75,75,75,75,75,75,75,75,75,75,75,75,75,75,75,75,75,75,75,75,71,71,71,71,71,71,71,71,71,71,78,78,78],"card_choices":[{"not_picked":["Bloodletting","Armaments"],"picked":"Uppercut","floor":1.0},{"not_picked":["Rage","Twin Strike"],"picked":"Metallicize","floor":4.0},{"not_picked":["Heavy Blade","Body Slam","Sever Soul"],"picked":"SKIP","floor":6.0},{"not_picked":["Heavy Blade","Body Slam","Sever Soul"],"picked":"SKIP","floor":6.0},{"not_picked":["Rupture+1","Shockwave","Twin Strike"],"picked":"SKIP","floor":10.0},{"not_picked":["Rupture+1","Twin Strike"],"picked":"Shockwave","floor":10.0},{"not_picked":["Pummel","Sentinel","Anger"],"picked":"SKIP","floor":12.0},{"not_picked":["Pummel","Sentinel","Anger"],"picked":"SKIP","floor":12.0},{"not_picked":["Corruption+1","Bludgeon"],"picked":"Demon Form+1","floor":16.0},{"not_picked":["Headbutt","Clothesline","Twin Strike"],"picked":"SKIP","floor":18.0},{"not_picked":["Rampage","Havoc"],"picked":"Flame Barrier+1","floor":19.0},{"not_picked":["True Grit","Clothesline","Havoc"],"picked":"SKIP","floor":21.0},{"not_picked":["Sever Soul","Power Through+1","Perfected Strike"],"picked":"SKIP","floor":22.0},{"not_picked":["Body Slam","Headbutt","Rage"],"picked":"SKIP","floor":24.0},{"not_picked":["Anger","Feel No Pain+1"],"picked":"Spot Weakness","floor":30.0},{"not_picked":["Evolve+1","Body Slam","Pummel"],"picked":"SKIP","floor":31.0},{"not_picked":["Sword Boomerang","Flex","Wild Strike"],"picked":"SKIP","floor":32.0},{"not_picked":["Fiend Fire","Impervious"],"picked":"Limit Break","floor":34.0},{"not_picked":["Flex","Havoc","Battle Trance+1"],"picked":"SKIP","floor":36},{"not_picked":["Headbutt","Body Slam","Intimidate"],"picked":"SKIP","floor":38},{"not_picked":["Sword Boomerang","Shrug It Off+1"],"picked":"Flame Barrier+1","floor":42},{"not_picked":["Clash+1","Iron Wave","Twin Strike+1"],"picked":"SKIP","floor":45},{"not_picked":["Headbutt","Iron Wave+1","Sever Soul+1"],"picked":"SKIP","floor":48}],"player_experience":354305,"relics_obtained":[{"floor":6.0,"key":"InkBottle"},{"floor":9.0,"key":"Frozen Egg 2"},{"floor":24.0,"key":"The Courier"},{"floor":26.0,"key":"Boot"},{"floor":27.0,"key":"Ancient Tea Set"},{"floor":32.0,"key":"Anchor"},{"floor":42,"key":"Bag of Marbles"},{"floor":43,"key":"Paper Frog"},{"floor":44,"key":"Nunchaku"},{"floor":45,"key":"StoneCalendar"}],"event_choices":[{"damage_healed":74.0,"max_hp_gain":0.0,"max_hp_loss":75.0,"gold_gain":0.0,"event_name":"betterThird:BetterShining","player_choice":"Upgrade","floor":2.0,"gold_loss":0.0,"damage_taken":23.0,"cards_upgraded":["Strike_R","Defend_R"]},{"damage_healed":0.0,"max_hp_gain":0.0,"max_hp_loss":0.0,"gold_gain":150.0,"event_name":"betterThird:BetterSerpent","player_choice":"AGREE","floor":3.0,"gold_loss":0.0,"damage_taken":117.0},{"damage_healed":0.0,"max_hp_gain":0.0,"max_hp_loss":0.0,"gold_gain":0.0,"event_name":"Golden Idol","player_choice":"Take Wound","floor":13.0,"gold_loss":0.0,"damage_taken":0.0,"relics_obtained":["Golden Idol"],"cards_obtained":["Injury"]},{"damage_healed":0.0,"max_hp_gain":0.0,"max_hp_loss":0.0,"gold_gain":0.0,"event_name":"Addict","player_choice":"Obtained Relic","floor":28.0,"gold_loss":85.0,"damage_taken":0.0,"relics_obtained":["Regal Pillow"]},{"damage_healed":0.0,"max_hp_gain":0.0,"max_hp_loss":0.0,"gold_gain":50.0,"event_name":"betterThird:BetterNest","player_choice":"Steal","floor":29.0,"gold_loss":0.0,"damage_taken":0.0},{"cards_removed":["Injury"],"damage_healed":0,"gold_gain":0,"player_choice":"Offered Curse","damage_taken":0,"relics_obtained":["Spirit Poop"],"max_hp_gain":0,"max_hp_loss":0,"event_name":"Bonfire Elementals","floor":37,"gold_loss":0},{"damage_healed":0,"gold_gain":0,"player_choice":"Max HP","damage_taken":0,"max_hp_gain":0,"max_hp_loss":4,"event_name":"Winding Halls","floor":39,"gold_loss":0}],"is_beta":false,"boss_relics":[{"not_picked":["Pandora\u0027s Box","Ectoplasm"],"picked":"Snecko Eye"},{"not_picked":["Sozu","SacredBark"],"picked":"Velvet Choker"}],"items_purged_floors":[8],"is_endless":false,"potions_floor_spawned":[1,10,16,18,19,31,34,36,42,45],"ascension_level":17}}