{"host":"qn9jmys3bzrfa36a","time":1607942044,"event":{"mods":["Act Like it!","BaseMod","Decade(王小明)","Downfall","HololiveMod","Minty Spire (QoL Compilation)","MostiFishMod","Replay The Spire","Robot Space Explorer","StSLib","The Cursed","[地精首领爬塔]The Maniac"],"gold_per_floor":[99,99,124,109,127,52,77,94,194,119,184,13,13,30,41,137,137,137,148,167,179,54,139,163,163,183,211,229,297,310,324,334,438,438,363,393,404,418,437,456,456,456,498,498,498,521,535,535,595,311,311,369],"floor_reached":53,"playtime":4637,"items_purged":["maniac:Defend"],"score":6339,"play_id":"16ae191b-a7ee-4bfd-b075-d0201782f410","local_time":"20201214183403","is_ascension_mode":false,"campfire_choices":[{"floor":1.0,"key":"RECALL"},{"data":"maniac:TimeForm","floor":6.0,"key":"SMITH"},{"data":"maniac:Quickdraw","floor":10.0,"key":"SMITH"},{"floor":18,"key":"DIG"},{"floor":25,"key":"DIG"},{"floor":35,"key":"DIG"},{"floor":42,"key":"DIG"},{"floor":44,"key":"DIG"},{"floor":51,"key":"DIG"}],"circlet_count":0,"master_deck":["maniac:Strike","maniac:Strike","maniac:Defend","maniac:Defend","maniac:BurnBlood+1","maniac:AbyssShackle","maniac:TwistedEddies","maniac:SeeingDetails","maniac:SpectralKnives","maniac:TimeForm+1","maniac:Confront","maniac:ShelteringEdge","maniac:Blastwave","maniac:Quickdraw+1","maniac:ManipulatedFaith","maniac:Refine","maniac:Refine+1","maniac:ExpectedMoves","maniac:UntravelledPath","maniac:StormOfTime","maniac:Assassinate+1","maniac:Refine+1","Pot Of Greed","Pot Of Greed","Clumsy","Pot Of Greed","maniac:HammerDown","maniac:Exterminator","maniac:ShelteringEdge","maniac:SeekerKnife+1","maniac:ObscuredAttack","maniac:Collecting","maniac:Confront","maniac:DashForward","maniac:StormOfTime","maniac:HammerDown"],"relics":["maniac:DamagedAnvil","maniac:BrokenHorn","DaveBox","Transparent","Snack Pack","downfall:HeartBlessingRed","downfall:HeartBlessingBlue","Replay:Baseball","Shovel","Strange Spoon","maniac:MarkerPen","ImportantClient","PatriotShield","Du-Vu Doll","Grinning Jar","ReplayTheSpireMod:CursedCoin","Bronze Scales","Orichalcum","Gremlin Horn","Mirror","Replay:Grab Bag","Runic Dome","Philosopher\u0027s Stone","Ring of Chaos","Black Star","downfall:HeartBlessingGreen","Toxic Egg 2","Sundial","Bag of Marbles","Mercury Hourglass","Replay:Bandana","maniac:SmartDetector","Replay:Mystery Machine","Gambling Chip","downfall:TeleportStone","Membership Card","ReplayFunnel","Nunchaku","maniac:VisionEye","Sling","White Beast Statue"],"acts_visited":["Exordium","TheCity","TheBeyond","TheEnding"],"potions_floor_usage":[],"damage_taken":[{"damage":19.0,"enemies":"Gremlin Nob","floor":3.0,"turns":2.0},{"damage":45.0,"enemies":"downfall:FleeingMerchant","floor":4.0,"turns":4.0},{"damage":19.0,"enemies":"Small Slimes","floor":5.0,"turns":2.0},{"damage":8.0,"enemies":"Cultist","floor":8.0,"turns":1.0},{"damage":39.0,"enemies":"downfall:Heads","floor":9.0,"turns":4.0},{"damage":21.0,"enemies":"Lagavulin Event","floor":11.0,"turns":2.0},{"damage":49.0,"enemies":"downfall:FleeingMerchant","floor":12.0,"turns":4.0},{"damage":12.0,"enemies":"2 Louse","floor":14.0,"turns":1.0},{"damage":30.0,"enemies":"Large Slime","floor":15.0,"turns":3.0},{"damage":45.0,"enemies":"downfall:Defect","floor":16.0,"turns":4.0},{"damage":12,"enemies":"3 Byrds","floor":19,"turns":1},{"damage":12,"enemies":"Shelled Parasite and Fungi","floor":20,"turns":1},{"damage":21,"enemies":"Cultist and Chosen","floor":21,"turns":2},{"damage":39,"enemies":"Centurion and Healer","floor":26,"turns":3},{"damage":21,"enemies":"Slavers","floor":27,"turns":2},{"damage":18,"enemies":"Shelled Parasite and Fungi","floor":28,"turns":2},{"damage":9,"enemies":"Snake Plant","floor":30,"turns":1},{"damage":9,"enemies":"Centurion and Healer","floor":31,"turns":1},{"damage":18,"enemies":"Sentry and Sphere","floor":32,"turns":2},{"damage":21,"enemies":"downfall:Silent","floor":33,"turns":2},{"damage":18,"enemies":"Reptomancer","floor":36,"turns":2},{"damage":9,"enemies":"3 Darklings","floor":37,"turns":1},{"damage":12,"enemies":"3 Shapes","floor":38,"turns":1},{"damage":21,"enemies":"Transient","floor":39,"turns":2},{"damage":12,"enemies":"Spire Growth","floor":40,"turns":1},{"damage":9,"enemies":"Nemesis","floor":43,"turns":1},{"damage":18,"enemies":"Writhing Mass","floor":46,"turns":2},{"damage":12,"enemies":"downfall:Ironclad","floor":47,"turns":1},{"damage":12,"enemies":"downfall:CharBossMerchant","floor":49,"turns":1},{"damage":96,"enemies":"downfall:NeowBoss","floor":52,"turns":10}],"seed_played":"-2324363018379574007","potions_obtained":[{"floor":8.0,"key":"Swift Potion"},{"floor":11.0,"key":"Block Potion"},{"floor":14.0,"key":"Guardian:BlockOnCardUsePotion"},{"floor":19,"key":"EntropicBrew"}],"is_trial":false,"path_per_floor":["R","?","E","$","M","R","T","M","?","R","?","$","T","M","M","B",null,"R","M","M","M","$","$","T","R","M","E","M","T","M","M","M","B",null,"R","E","M","M","M","M","T","R","E","R","?","M","B",null,"E","$","R","B",null],"character_chosen":"THE_MANIAC","items_purchased":["Shovel","Strange Spoon","maniac:Refine+1","Grinning Jar","ReplayTheSpireMod:CursedCoin","maniac:HammerDown","maniac:VisionEye","Sling","maniac:HammerDown"],"campfire_rested":0,"item_purchase_floors":[12,12,12,22,23,23,50,50,50],"current_hp_per_floor":[56,56,80,80,80,80,80,80,80,90,90,90,90,90,90,90,90,90,90,90,90,90,90,90,90,90,90,90,90,90,90,90,90,90,90,90,90,90,90,90,90,90,90,90,90,90,90,90,90,90,90,90],"gold":369,"neow_bonus":"TRANSFORM_TWO_CARDS","is_daily":false,"chose_seed":false,"campfire_upgraded":2,"win_rate":0.0,"timestamp":1607942043,"path_taken":["R","?","E","?","M","R","T","M","?","R","?","?","?","M","M","BOSS","R","M","M","?","?","$","T","R","M","E","?","?","M","?","M","BOSS","R","E","M","M","M","M","T","R","E","R","?","M","BOSS","E","$","R","BOSS"],"items_purchased_type":["Relic","Relic","Card","Relic","Relic","Card","Relic","Relic","Card"],"build_version":"2020-12-13","purchased_purges":1,"victory":true,"max_hp_per_floor":[80,80,80,80,80,80,80,80,80,90,90,90,90,90,90,90,90,90,90,90,90,90,90,90,90,90,90,90,90,90,90,90,90,90,90,90,90,90,90,90,90,90,90,90,90,90,90,90,90,90,90,90],"card_choices":[{"not_picked":["maniac:Hasten","maniac:BladesInCloak"],"picked":"maniac:SpectralKnives","floor":3.0},{"not_picked":["maniac:LootBarrage","maniac:SpectralKnives"],"picked":"maniac:TimeForm","floor":4.0},{"not_picked":["maniac:SpectralKnives","maniac:MeleeStrike"],"picked":"maniac:Confront","floor":5.0},{"not_picked":["maniac:UntravelledPath","maniac:FindAShortcut"],"picked":"maniac:ShelteringEdge","floor":8.0},{"not_picked":["maniac:MortalSteel","maniac:UntravelledPath"],"picked":"maniac:Quickdraw","floor":9.0},{"not_picked":["maniac:SpectralKnives","maniac:WardAndDefend"],"picked":"maniac:ManipulatedFaith","floor":11.0},{"not_picked":["maniac:ListenToNone","maniac:SeeingDetails"],"picked":"maniac:Refine","floor":12.0},{"not_picked":["maniac:Infuriate","maniac:UndyingDesire"],"picked":"maniac:ExpectedMoves","floor":14.0},{"not_picked":["maniac:Confront","maniac:Infuriate"],"picked":"maniac:UntravelledPath","floor":15.0},{"not_picked":["maniac:RallyToMe","maniac:TimeForm"],"picked":"maniac:StormOfTime","floor":16.0},{"not_picked":["maniac:SeeingDetails+1","maniac:Blastwave","maniac:MortalSteel"],"picked":"SKIP","floor":19},{"not_picked":["maniac:PanickyParry","maniac:BladeShoot"],"picked":"maniac:Assassinate+1","floor":20},{"not_picked":["maniac:MortalSteel","maniac:WardAndDefend"],"picked":"maniac:Refine+1","floor":21},{"not_picked":["maniac:Refine","maniac:PanickyParry"],"picked":"maniac:Exterminator","floor":26},{"not_picked":["maniac:Refine","maniac:Exterminator+1","maniac:WardAndDefend"],"picked":"SKIP","floor":27},{"not_picked":["maniac:Precision+1","maniac:SecretBackups+1"],"picked":"maniac:ShelteringEdge","floor":28},{"not_picked":["maniac:Infuriate","maniac:WardAndDefend","maniac:Feint"],"picked":"SKIP","floor":30},{"not_picked":["maniac:WardAndDefend","maniac:BladesInCloak"],"picked":"maniac:SeekerKnife+1","floor":31},{"not_picked":["maniac:Quickdraw","maniac:ExpectedMoves+1"],"picked":"maniac:ObscuredAttack","floor":32},{"not_picked":["maniac:TimeForm","maniac:UniversalPerception"],"picked":"maniac:Collecting","floor":33},{"not_picked":["maniac:WardAndDefend+1","maniac:MeleeStrike+1"],"picked":"maniac:Confront","floor":36},{"not_picked":["maniac:Blastwave+1","maniac:Traceback+1"],"picked":"maniac:DashForward","floor":37},{"not_picked":["maniac:Refine+1","maniac:FindAShortcut+1","maniac:GlassScratch+1"],"picked":"SKIP","floor":38},{"not_picked":["maniac:FindAShortcut+1","maniac:DashForward+1"],"picked":"maniac:StormOfTime","floor":39},{"not_picked":["maniac:DashForward+1","maniac:Refine+1","maniac:SpectralKnives+1"],"picked":"SKIP","floor":40},{"not_picked":["maniac:Infuriate+1","maniac:WardAndDefend+1","maniac:AlleviatingSorcery+1"],"picked":"SKIP","floor":43},{"not_picked":["maniac:ListenToNone+1","maniac:Retrospect+1","maniac:BladeShoot"],"picked":"SKIP","floor":46},{"not_picked":["maniac:Intimidate+1","maniac:SeeingDetails+1","maniac:BladeShoot"],"picked":"SKIP","floor":49}],"player_experience":88322,"relics_obtained":[{"floor":3.0,"key":"Snack Pack"},{"floor":13.0,"key":"maniac:MarkerPen"},{"floor":16.0,"key":"ImportantClient"},{"floor":18,"key":"Du-Vu Doll"},{"floor":24,"key":"Bronze Scales"},{"floor":25,"key":"Orichalcum"},{"floor":27,"key":"Gremlin Horn"},{"floor":29,"key":"Mirror"},{"floor":35,"key":"Toxic Egg 2"},{"floor":36,"key":"Sundial"},{"floor":36,"key":"Bag of Marbles"},{"floor":41,"key":"Mercury Hourglass"},{"floor":42,"key":"Replay:Bandana"},{"floor":43,"key":"maniac:SmartDetector"},{"floor":43,"key":"Replay:Mystery Machine"},{"floor":44,"key":"Gambling Chip"},{"floor":49,"key":"Membership Card"},{"floor":49,"key":"ReplayFunnel"},{"floor":49,"key":"Nunchaku"},{"floor":51,"key":"White Beast Statue"}],"event_choices":[{"damage_healed":0.0,"max_hp_gain":0.0,"max_hp_loss":0.0,"gold_gain":0.0,"event_name":"NoteForYourself","player_choice":"Ignored","floor":2.0,"gold_loss":0.0,"damage_taken":0.0}],"is_beta":false,"boss_relics":[{"not_picked":["SlaversCollar","DiscerningMonocle"],"picked":"PatriotShield"},{"not_picked":["NightmareShop","ChiXiaoBlade"],"picked":"Replay:Grab Bag"},{"not_picked":["ChewingGum","Cursed Key"],"picked":"Runic Dome"},{"not_picked":["Fusion Hammer","Coffee Dripper"],"picked":"Philosopher\u0027s Stone"},{"not_picked":["TakeMeEscape","Hololive_TopUpMoneyS"],"picked":"Ring of Chaos"},{"not_picked":["Honey Jar","Snecko Eye"],"picked":"Black Star"}],"items_purged_floors":[50],"is_endless":false,"potions_floor_spawned":[8,11,14,19,20,21,32,36,39,43],"ascension_level":0}}