{"host":"w01vs80f19dvf8rn","time":1607952766,"event":{"mods":["BaseMod","Better Note","Colored Map","Colored Powertips","DeckTracker","Friendly Minions","Googly Eyes","Minty Spire (QoL Compilation)","Rare Cards Sparkle","StSLib","SuperFastMode","The Bug Knight","The Jungle"],"gold_per_floor":[110,129,304,175,190,215,243,243,266,266,304,254,270,289,289,403,403,424,499,522,545,79,79,79,79],"floor_reached":24,"playtime":1493,"items_purged":["Doubt","HollowMod:QuickDashStart"],"score":227,"play_id":"9052239e-060c-481a-aa68-462139f97b60","local_time":"20201214223246","is_ascension_mode":true,"campfire_choices":[{"data":"HollowMod:LifebloodCocoon","floor":8.0,"key":"SMITH"},{"floor":15.0,"key":"REST"},{"data":"HollowMod:Hiveblood","floor":23,"key":"SMITH"}],"circlet_count":0,"master_deck":["HollowMod:NailStrikeStart","HollowMod:NailStrikeStart","HollowMod:NailStrikeStart","HollowMod:QuickDashStart","HollowMod:QuickDashStart","HollowMod:FocusHealStart","HollowMod:PogoStrike","HollowMod:DungDefenderAura","HollowMod:InfectedCysts","HollowMod:CloakDash","HollowMod:DoubleDash","HollowMod:CrystalDash","HollowMod:CycloneSlash","HollowMod:LifebloodCocoon+1","HollowMod:HowlingWraiths","HollowMod:Hiveblood+1","HollowMod:MonarchWings","HollowMod:SoulStrike+1","HollowMod:CycloneSlash","HollowMod:Hiveblood","Secret Technique"],"relics":["HollowMod:VesselMask","Toy Ornithopter","Odd Mushroom","Potion Belt","CeramicFish","Nunchaku","Coffee Dripper"],"acts_visited":["Exordium","TheCity"],"potions_floor_usage":[21],"damage_taken":[{"damage":2.0,"enemies":"Jaw Worm","floor":1.0,"turns":3.0},{"damage":4.0,"enemies":"2 Louse","floor":2.0,"turns":2.0},{"damage":6.0,"enemies":"Small Slimes","floor":5.0,"turns":2.0},{"damage":51.0,"enemies":"Lagavulin","floor":6.0,"turns":12.0},{"damage":2.0,"enemies":"The Mushroom Lair","floor":7.0,"turns":3.0},{"damage":21.0,"enemies":"HollowMod:MossKnight","floor":11.0,"turns":16.0},{"damage":4.0,"enemies":"Exordium Wildlife","floor":13.0,"turns":3.0},{"damage":2.0,"enemies":"Large Slime","floor":14.0,"turns":6.0},{"damage":33.0,"enemies":"The Guardian","floor":16.0,"turns":15.0},{"damage":34.0,"enemies":"Shell Parasite","floor":18.0,"turns":9.0},{"damage":16,"enemies":"2 Thieves","floor":20,"turns":4},{"damage":55,"enemies":"3 Cultists","floor":21,"turns":5},{"damage":10,"enemies":"Snake Plant","floor":24,"turns":2}],"seed_played":"-1412859513059584192","potions_obtained":[{"floor":1.0,"key":"Weak Potion"},{"floor":7.0,"key":"Weak Potion"},{"floor":11.0,"key":"Regen Potion"},{"floor":18.0,"key":"SteroidPotion"}],"is_trial":false,"path_per_floor":["M","M","?","$","M","E","?","R","T","?","E","?","M","M","R","B",null,"M","?","M","M","$","R","M"],"character_chosen":"THE_BUGKNIGHT","items_purchased":["HollowMod:DoubleDash","HollowMod:Hiveblood","AttackPotion","Secret Technique","Explosive Potion","ColorlessPotion"],"campfire_rested":1,"item_purchase_floors":[4,22,22,22,22,22],"current_hp_per_floor":[75,75,75,75,73,34,38,38,38,31,22,22,18,16,38,22,75,56,49,39,4,4,4,0,0],"gold":79,"neow_bonus":"TRANSFORM_CARD","is_daily":false,"chose_seed":false,"campfire_upgraded":2,"win_rate":0.0,"timestamp":1607952766,"path_taken":["M","M","?","$","M","E","?","R","T","?","E","?","M","?","R","BOSS","M","?","M","M","$","R","M"],"items_purchased_type":["Card","Card","Potion","Card","Potion","Potion"],"build_version":"2020-12-13","purchased_purges":2,"victory":false,"max_hp_per_floor":[75,75,75,75,75,75,75,75,75,75,75,75,75,75,75,75,75,75,75,75,75,75,75,75,75],"card_choices":[{"not_picked":["HollowMod:HuntersJournal","HollowMod:VengefulVoid"],"picked":"HollowMod:InfectedCysts","floor":1.0},{"not_picked":["HollowMod:SoulSplash","HollowMod:NewLittleFool"],"picked":"HollowMod:CloakDash","floor":2.0},{"not_picked":["HollowMod:SoulSplash","HollowMod:SharpenedNail","HollowMod:CrystalDash"],"picked":"SKIP","floor":5.0},{"not_picked":["HollowMod:SoulSplash","HollowMod:SharpenedNail"],"picked":"HollowMod:CrystalDash","floor":5.0},{"not_picked":["HollowMod:DescendingDark","HollowMod:BlackTendrils"],"picked":"HollowMod:CycloneSlash","floor":6.0},{"not_picked":["HollowMod:CycloneSlash","HollowMod:ChannelNail"],"picked":"HollowMod:LifebloodCocoon","floor":7.0},{"not_picked":["HollowMod:GoodIntentions","HollowMod:MidwifesHunger"],"picked":"HollowMod:HowlingWraiths","floor":11.0},{"not_picked":["HollowMod:ShadowDash","HollowMod:ChannelNail","HollowMod:InfectedCysts"],"picked":"SKIP","floor":13.0},{"not_picked":["HollowMod:DungDefenderAura","HollowMod:CornifersMapStart","HollowMod:DescendingDark"],"picked":"SKIP","floor":14.0},{"not_picked":["HollowMod:theNailsmith","HollowMod:SlysStrikes"],"picked":"HollowMod:Hiveblood","floor":16.0},{"not_picked":["HollowMod:VengefulSpirit","HollowMod:CloakDash"],"picked":"HollowMod:MonarchWings","floor":18.0},{"not_picked":["HollowMod:ShadowDash","HollowMod:TaintedHusks"],"picked":"HollowMod:SoulStrike+1","floor":20},{"not_picked":["HollowMod:SiblingsShadow","HollowMod:GreatSlash"],"picked":"HollowMod:CycloneSlash","floor":21}],"player_experience":641634,"relics_obtained":[{"floor":6.0,"key":"Toy Ornithopter"},{"floor":7.0,"key":"Odd Mushroom"},{"floor":9.0,"key":"Potion Belt"},{"floor":11.0,"key":"Nunchaku"}],"event_choices":[{"damage_healed":0.0,"max_hp_gain":0.0,"max_hp_loss":0.0,"gold_gain":175.0,"event_name":"Liars Game","player_choice":"AGREE","floor":3.0,"gold_loss":0.0,"damage_taken":0.0,"cards_obtained":["Doubt"]},{"damage_healed":0.0,"max_hp_gain":0.0,"max_hp_loss":0.0,"gold_gain":0.0,"event_name":"Mushrooms","player_choice":"Fought Mushrooms","floor":7.0,"gold_loss":0.0,"damage_taken":0.0},{"damage_healed":0.0,"max_hp_gain":0.0,"max_hp_loss":0.0,"gold_gain":0.0,"event_name":"Scrap Ooze","player_choice":"Success","floor":10.0,"gold_loss":0.0,"damage_taken":7.0,"relics_obtained":["CeramicFish"]},{"cards_removed":["HollowMod:NailStrikeStart"],"damage_healed":0.0,"max_hp_gain":0.0,"max_hp_loss":0.0,"gold_gain":0.0,"event_name":"The Cleric","player_choice":"Card Removal","floor":12.0,"gold_loss":50.0,"damage_taken":0.0},{"damage_healed":0,"gold_gain":75,"player_choice":"Touch","damage_taken":7,"max_hp_gain":0,"max_hp_loss":0,"event_name":"FaceTrader","floor":19,"gold_loss":0}],"is_beta":false,"boss_relics":[{"not_picked":["Cursed Key","Sozu"],"picked":"Coffee Dripper"}],"items_purged_floors":[4,22],"is_endless":false,"potions_floor_spawned":[1,7,11,18],"killed_by":"Snake Plant","ascension_level":2}}