{"host":"y9jgkjnf95sujozk","time":1607983507,"event":{"mods":["2.2 Compatiblity","AchievementEnabler","BaseMod","Block Reminder","Colored Map","Colored Powertips","Downfall","Friendly Minions","GifTheSpireLib","Hermit","Highlight Path","MarisaÅiñ∂âJÅ@ñÇóùçπÅj","Minty Spire (QoL Compilation)","Random Character Button","Rare Cards Sparkle","Replay The Spire","StSLib","SuperFastMode","The Animator","The Bug Knight","The Cursed","The Servant 0.9.4"],"gold_per_floor":[99,199,199,199,212,212,236,336,336,37,137,56,56,2,2,2,2],"floor_reached":16,"playtime":483,"items_purged":[],"score":84,"play_id":"9b9b4c40-5ec0-4ba9-8494-3c5ef6e5cbcb","local_time":"20201214230507","is_ascension_mode":false,"campfire_choices":[{"floor":6,"key":"REST"},{"floor":9,"key":"REST"},{"floor":13,"key":"REST"},{"floor":15,"key":"REST"}],"circlet_count":0,"master_deck":["sneckomod:Strike","sneckomod:Defend","sneckomod:Defend","sneckomod:Defend","sneckomod:TailWhip","sneckomod:SnekBite","sneckomod:Unknown","sneckomod:Unknown","sneckomod:UnknownClassTHE_CURSED_PURPLE","sneckomod:UnknownUncommonAttack","sneckomod:UnknownRareSkill","sneckomod:Unknown1Cost","sneckomod:UnknownClassBUGKNIGHT_GRAY_COLOR","sneckomod:UnknownCommonAttack","sneckomod:UnknownBlock","sneckomod:UnknownClassRED","Panache","Enlightenment+1","sneckomod:DiceCrush","sneckomod:UnknownBlock","sneckomod:UnknownRareAttack","sneckomod:UnknownUncommonAttack","sneckomod:UnknownCommonAttack","sneckomod:UnknownCommonAttack"],"relics":["sneckomod:SneckoSoul","downfall:HeartsMalice","Anchor","ReplayTheSpireMod:CursedCoin"],"acts_visited":["Exordium"],"potions_floor_usage":[14],"damage_taken":[{"damage":0,"enemies":"Small Slimes","floor":1,"turns":1},{"damage":0,"enemies":"Jaw Worm","floor":3,"turns":1},{"damage":0,"enemies":"2 Louse","floor":4,"turns":1},{"damage":31,"enemies":"Large Slime","floor":5,"turns":5},{"damage":0,"enemies":"downfall:FleeingMerchant","floor":10,"turns":4},{"damage":56,"enemies":"downfall:Heads","floor":11,"turns":8},{"damage":5,"enemies":"3 Louse","floor":12,"turns":3},{"damage":19,"enemies":"downfall:FleeingMerchant","floor":14,"turns":4},{"damage":84,"enemies":"downfall:Silent","floor":16,"turns":12}],"seed_played":"5859205421302173755","potions_obtained":[{"floor":12,"key":"Explosive Potion"}],"is_trial":false,"path_per_floor":["M","?","M","M","M","R","T","?","R","$","?","M","R","$","R","B"],"character_chosen":"THE_SNECKO","items_purchased":["sneckomod:UnknownCommonAttack","sneckomod:UnknownBlock","sneckomod:UnknownClassRED","ReplayTheSpireMod:CursedCoin","Panache","Enlightenment","sneckomod:UnknownCommonAttack"],"campfire_rested":4,"item_purchase_floors":[10,10,10,10,10,10,14],"current_hp_per_floor":[91,91,92,93,63,91,91,91,94,98,43,39,69,53,83,0,0],"gold":2,"neow_bonus":"THREE_ENEMY_KILL","is_daily":false,"chose_seed":false,"campfire_upgraded":0,"win_rate":0.0,"timestamp":1607983507,"path_taken":["M","?","M","M","M","R","T","?","R","$","?","?","R","$","R","BOSS"],"items_purchased_type":["Card","Card","Card","Relic","Card","Card","Card"],"build_version":"2020-12-13","purchased_purges":0,"victory":false,"max_hp_per_floor":[91,91,92,93,94,94,94,94,94,98,99,100,100,103,103,103,103],"card_choices":[{"not_picked":["sneckomod:RainOfDice","sneckomod:UnknownStrike"],"picked":"sneckomod:UnknownClassTHE_CURSED_PURPLE","floor":1},{"not_picked":["sneckomod:UnknownWeak","sneckomod:Unknown0Cost"],"picked":"sneckomod:UnknownUncommonAttack","floor":3},{"not_picked":["sneckomod:SoulRoll","sneckomod:ImprovisedGuard"],"picked":"sneckomod:UnknownRareSkill","floor":4},{"not_picked":["sneckomod:SlitherStrike","sneckomod:UnknownClassBUGKNIGHT_GRAY_COLOR"],"picked":"sneckomod:Unknown1Cost","floor":5},{"not_picked":["sneckomod:UnknownClassSILVER","sneckomod:SoulRoll"],"picked":"sneckomod:UnknownClassBUGKNIGHT_GRAY_COLOR","floor":10},{"not_picked":["sneckomod:UnknownVulnerable","sneckomod:Nope"],"picked":"sneckomod:UnknownBlock","floor":11},{"not_picked":["sneckomod:QuickBite","sneckomod:UnknownClassTHE_CHAMP_GRAY"],"picked":"sneckomod:UnknownRareAttack","floor":12},{"not_picked":["sneckomod:WideSting","sneckomod:UnknownCommonAttack"],"picked":"sneckomod:UnknownUncommonAttack","floor":14}],"player_experience":93142,"relics_obtained":[{"floor":7,"key":"Anchor"}],"event_choices":[],"is_beta":false,"boss_relics":[],"items_purged_floors":[],"is_endless":false,"potions_floor_spawned":[12],"killed_by":"downfall:Silent","ascension_level":0}}