{"host":"63jn9lre6xij8k68","time":1607955624,"event":{"mods":["AchievementEnabler","BaseMod","Colored Map","DeckTracker","Minty Spire (QoL Compilation)","StSLib","SuperFastMode"],"gold_per_floor":[115,115,129,129,143,143,173,173,173,173,123,138,167,186,186,186,186],"floor_reached":16,"playtime":272,"items_purged":[],"score":149,"play_id":"7df56300-ccbe-4cef-b107-e9e1505699f1","local_time":"20201214232024","is_ascension_mode":true,"campfire_choices":[{"data":"Clothesline","floor":6,"key":"SMITH"},{"data":"Shockwave","floor":8,"key":"SMITH"},{"floor":15,"key":"REST"}],"circlet_count":0,"master_deck":["Strike_R","Strike_R","Strike_R","Defend_R","Defend_R","Defend_R","Defend_R","Bash+1","Cleave","Clothesline+1","Shockwave+1","Battle Trance","Pommel Strike+1","Sever Soul+1"],"relics":["Burning Blood","Toy Ornithopter","Blue Candle","Molten Egg 2"],"acts_visited":["Exordium"],"potions_floor_usage":[16],"damage_taken":[{"damage":6,"enemies":"Cultist","floor":1,"turns":3},{"damage":0,"enemies":"Small Slimes","floor":3,"turns":2},{"damage":7,"enemies":"Jaw Worm","floor":5,"turns":3},{"damage":30,"enemies":"Lagavulin","floor":7,"turns":6},{"damage":16,"enemies":"3 Louse","floor":12,"turns":3},{"damage":40,"enemies":"3 Sentries","floor":13,"turns":4},{"damage":6,"enemies":"Looter","floor":14,"turns":4},{"damage":44,"enemies":"The Guardian","floor":16,"turns":8}],"seed_played":"-5593696131769393597","potions_obtained":[{"floor":7,"key":"Ancient Potion"},{"floor":13,"key":"SteroidPotion"},{"floor":14,"key":"Strength Potion"}],"is_trial":false,"path_per_floor":["M","?","M","?","M","R","E","R","T","?","?","M","E","M","R","B"],"character_chosen":"IRONCLAD","items_purchased":[],"campfire_rested":1,"item_purchase_floors":[],"current_hp_per_floor":[72,72,78,78,77,77,53,53,53,58,58,48,14,14,39,0,0],"gold":186,"neow_bonus":"UPGRADE_CARD","is_daily":false,"chose_seed":false,"campfire_upgraded":2,"win_rate":0.0,"timestamp":1607955624,"path_taken":["M","?","M","?","M","R","E","R","T","?","?","M","E","M","R","BOSS"],"items_purchased_type":[],"build_version":"2020-12-13","purchased_purges":0,"victory":false,"max_hp_per_floor":[80,80,80,80,80,80,80,80,80,85,85,85,85,85,85,85,85],"card_choices":[{"not_picked":["Warcry","Anger"],"picked":"Cleave","floor":1},{"not_picked":["Anger","Thunderclap","Blood for Blood"],"picked":"SKIP","floor":3},{"not_picked":["Iron Wave","Searing Blow"],"picked":"Clothesline","floor":5},{"not_picked":["Heavy Blade","Wild Strike"],"picked":"Shockwave","floor":7},{"not_picked":["Headbutt","Hemokinesis"],"picked":"Battle Trance","floor":12},{"not_picked":["Brutality","Thunderclap+1"],"picked":"Pommel Strike+1","floor":13},{"not_picked":["Wild Strike+1","Infernal Blade"],"picked":"Sever Soul+1","floor":14}],"player_experience":93483,"relics_obtained":[{"floor":7,"key":"Toy Ornithopter"},{"floor":9,"key":"Blue Candle"},{"floor":13,"key":"Molten Egg 2"}],"event_choices":[{"cards_removed":["Strike_R"],"damage_healed":0,"gold_gain":0,"player_choice":"Forget","damage_taken":0,"max_hp_gain":0,"max_hp_loss":0,"event_name":"Living Wall","floor":2,"gold_loss":0},{"damage_healed":0,"gold_gain":0,"player_choice":"Ignored","damage_taken":0,"max_hp_gain":0,"max_hp_loss":0,"event_name":"Liars Game","floor":4,"gold_loss":0},{"damage_healed":0,"gold_gain":0,"player_choice":"Donut","damage_taken":0,"max_hp_gain":5,"max_hp_loss":0,"event_name":"Big Fish","floor":10,"gold_loss":0},{"cards_removed":["Strike_R"],"damage_healed":0,"gold_gain":0,"player_choice":"Card Removal","damage_taken":0,"max_hp_gain":0,"max_hp_loss":0,"event_name":"The Cleric","floor":11,"gold_loss":50}],"is_beta":false,"boss_relics":[],"items_purged_floors":[],"is_endless":false,"potions_floor_spawned":[7,13,14],"killed_by":"The Guardian","ascension_level":7}}