{"host":"ks12kfi5c4d9hdxy","time":1607979131,"event":{"mods":["BaseMod","Conspire","GifTheSpireLib","Koishi","LagranYue(拉格朗・月)","Marisa（F雨　魔理沙）","Minty Spire (QoL Compilation)","Reimu（博丽灵梦）","Remilia（蕾米莉亚）","Replay The Spire","RumiaBox-露米娅的神秘盒子","StSLib","SuperFastMode","The Administrix","The Servant 0.9.4","Youmu（魂魄妖梦）","Yuyuko","【功能Mod】混沌之环修复补丁","【功能Mod】聪明的最终Boss","篝火指南"],"gold_per_floor":[115,115,115,129,17,46,46,64,64,91,91,102,130,146,146,224,224,235,160,210,220,220,220,220],"floor_reached":23,"playtime":610,"items_purged":[],"score":445,"play_id":"5def57fa-1784-4f20-85ad-d019fbce3505","local_time":"20201215045211","is_ascension_mode":true,"campfire_choices":[{"data":"UpSweep","floor":7,"key":"SMITH"},{"floor":15,"key":"REST"}],"circlet_count":0,"master_deck":["AscendersBane","Strike_MRS","Strike_MRS","Strike_MRS","Strike_MRS","Defend_MRS","Defend_MRS","Defend_MRS","Defend_MRS","MasterSpark","UpSweep+1","MilkyWay","ReplayTheSpireMod:IOU","MilkyWay","Orbital","ShootingEcho","UnstableBomb","PowerUp","Acceleration"],"relics":["MiniHakkero","LagranYue:RandomDrawCardRelic","NeowsBlessing","ReplayTheSpireMod:Ring of Exchange","Ring of Fury","ReplayTheSpireMod:CursedCoin","LagranYue:MagicReflectiveArmorRelic","Centennial Puzzle","GodSword1","Strawberry","Medical Kit","Nloth\u0027s Gift"],"acts_visited":["Exordium","TheCity"],"potions_floor_usage":[10,13,21],"damage_taken":[{"damage":0,"enemies":"Small Slimes","floor":1,"turns":1},{"damage":0,"enemies":"Jaw Worm","floor":4,"turns":1},{"damage":0,"enemies":"Gremlin Nob","floor":6,"turns":1},{"damage":0,"enemies":"2 Louse","floor":8,"turns":3},{"damage":22,"enemies":"3 Sentries","floor":10,"turns":8},{"damage":9,"enemies":"Exordium Wildlife","floor":12,"turns":2},{"damage":20,"enemies":"Lagavulin","floor":13,"turns":6},{"damage":2,"enemies":"Red Slaver","floor":14,"turns":2},{"damage":30,"enemies":"The Guardian","floor":16,"turns":12},{"damage":14,"enemies":"Spheric Guardian","floor":18,"turns":4},{"damage":16,"enemies":"3 Byrds","floor":21,"turns":4},{"damage":43,"enemies":"Slavers","floor":23,"turns":3}],"seed_played":"4355473748255785160","potions_obtained":[{"floor":1,"key":"Reflective Coating"},{"floor":8,"key":"Toxic Potion"},{"floor":10,"key":"Swift Potion"}],"is_trial":false,"path_per_floor":["M","?","?","M","$","E","R","M","T","E","?","M","E","M","R","B",null,"M","?","?","M","?","E"],"character_chosen":"MARISA","items_purchased":["ReplayTheSpireMod:CursedCoin","LagranYue:MagicReflectiveArmorRelic","MilkyWay","Orbital"],"campfire_rested":1,"item_purchase_floors":[5,5,5,5],"current_hp_per_floor":[63,68,68,68,68,68,68,68,68,46,46,37,24,22,46,16,66,52,52,52,36,36,0,0],"gold":220,"neow_bonus":"THREE_ENEMY_KILL","is_daily":false,"chose_seed":false,"campfire_upgraded":1,"win_rate":0.0,"timestamp":1607979131,"path_taken":["M","?","?","M","$","E","R","M","T","E","?","?","E","M","R","BOSS","M","?","?","M","?","E"],"items_purchased_type":["Relic","Relic","Card","Card"],"build_version":"2020-12-13","purchased_purges":0,"victory":false,"max_hp_per_floor":[70,75,75,75,75,75,75,75,75,75,75,75,82,82,82,82,82,82,82,82,82,82,82,82],"card_choices":[{"not_picked":["DragonMeteor","PulseMagic"],"picked":"MilkyWay","floor":1},{"not_picked":["MagicChant","WitchOfGreed","OpenUniverse"],"picked":"SKIP","floor":4},{"not_picked":["LuminesStrike","ChargeUpSpray","StarlightTyphoon"],"picked":"SKIP","floor":6},{"not_picked":["PowerUp","LuminesStrike"],"picked":"ShootingEcho","floor":8},{"not_picked":["BigCrunch","GalacticHalo","AsteroidBelt","DoubleSpark"],"picked":"SKIP","floor":10},{"not_picked":["GasGiant","PowerUp","EventHorizon"],"picked":"UnstableBomb","floor":12},{"not_picked":["TreasureHunter","StarBarrage","UnstableBomb"],"picked":"PowerUp","floor":13},{"not_picked":["GrandCross","EventHorizon","GravityBeat"],"picked":"Acceleration","floor":14},{"not_picked":["WitchOfGreed","GrandCross","UnstableBomb","EnergyRecoil"],"picked":"SKIP","floor":18},{"not_picked":["AsteroidBelt","EventHorizon","IllusionStar","DeepEcoloBomb"],"picked":"SKIP","floor":21},{"not_picked":["AsteroidBelt","EventHorizon","IllusionStar","DeepEcoloBomb"],"picked":"SKIP","floor":21}],"player_experience":490358,"relics_obtained":[{"floor":3,"key":"ReplayTheSpireMod:Ring of Exchange"},{"floor":3,"key":"Ring of Fury"},{"floor":6,"key":"Centennial Puzzle"},{"floor":9,"key":"Question Card"},{"floor":10,"key":"GodSword1"},{"floor":13,"key":"Strawberry"}],"event_choices":[{"damage_healed":0,"gold_gain":0,"player_choice":"Donut","damage_taken":0,"max_hp_gain":5,"max_hp_loss":0,"event_name":"Big Fish","floor":2,"gold_loss":0},{"damage_healed":0,"gold_gain":0,"player_choice":"Ignored","damage_taken":0,"max_hp_gain":0,"max_hp_loss":0,"event_name":"Shining Light","floor":11,"gold_loss":0},{"cards_removed":["Languid"],"damage_healed":0,"gold_gain":0,"player_choice":"Gave Gold","damage_taken":0,"max_hp_gain":0,"max_hp_loss":0,"event_name":"Beggar","floor":19,"gold_loss":75},{"damage_healed":0,"gold_gain":50,"player_choice":"Stole From Cult","damage_taken":0,"max_hp_gain":0,"max_hp_loss":0,"event_name":"Nest","floor":20,"gold_loss":0},{"damage_healed":0,"gold_gain":0,"player_choice":"Traded Relic","damage_taken":0,"relics_obtained":["Nloth\u0027s Gift"],"max_hp_gain":0,"max_hp_loss":0,"event_name":"N\u0027loth","floor":22,"relics_lost":["Question Card"],"gold_loss":0}],"is_beta":false,"boss_relics":[{"not_picked":["ReplayTheSpireMod:DimensionalGlitch","conspire:SeveredTorchhead"],"picked":"Medical Kit"}],"items_purged_floors":[],"is_endless":false,"potions_floor_spawned":[1,8,10,12],"killed_by":"Slavers","ascension_level":18}}