{"host":"g0kvl32a5uvdvg3r","time":1607953510,"event":{"mods":["BaseMod","Hermit","Minty Spire (QoL Compilation)","Replay The Spire","Shop Mod","StSLib"],"gold_per_floor":[114,114,114,76,91,121,121,136,161,191,206,206,206,221,221,321,321,336,351,351,366,338,338,368,20,45,81,114,239,294,328,328,452,552,594,634,661,584,626,677,677,726,735,735,796,796,530,589,601,434],"floor_reached":51,"playtime":3519,"items_purged":["Spreading Infection","ReplayTheSpireMod:Doomed","Replay:Hysterical Blindness"],"score":952,"play_id":"02cf9527-c88e-4939-b16f-d87c05c886e9","local_time":"20201214134510","daily_mods":["Cursed Run","Diverse","DeadlyEvents"],"is_ascension_mode":false,"campfire_choices":[{"floor":7,"key":"REST"},{"data":"Zap","floor":12,"key":"SMITH"},{"floor":15,"key":"DIG"},{"data":"After Image","floor":23,"key":"SMITH"},{"data":"Dualcast","floor":32,"key":"SMITH"},{"data":"Apotheosis","floor":41,"key":"SMITH"},{"data":"Infernal Blade","floor":46,"key":"SMITH"},{"data":"ReplayTheSpireMod:Private Reserves","floor":49,"key":"SMITH"}],"circlet_count":0,"master_deck":["Strike_B+1","Strike_B+1","Strike_B+1","Defend_B+1","Defend_B+1","Defend_B","Zap+1","Dualcast+1","hermit:Quickdraw","Draining Mist","Sneak Up","hermit:FlashPowder","Seeing Red","Footwork","WaveOfTheHand","After Image+1","CommonCold","MasterReality","Anger+1","PiercingWail","Riddle With Holes","ReplayTheSpireMod:IOU","ReplayTheSpireMod:IOU","Reaper","hermit:Deadeye","Ball Lightning","ReplayTheSpireMod:Restless Dread","Sword Boomerang","ReplayTheSpireMod:IOU","Loop+1","ReplayTheSpireMod:IOU","Injury","hermit:Reprieve","ReplayTheSpireMod:Exploit Weakness+1","hermit:Determination+1","ReplayUltimateDefense","ReplayTheSpireMod:Private Reserves+1","Apotheosis+1","Juggernaut","Infernal Blade+1","hermit:Dive","FollowUp+1","Writhe","Replay:Hysterical Blindness"],"relics":["Cursed Key","Darkstone Periapt","Du-Vu Doll","ReplayTheSpireMod:Lightbulb","Happy Flower","Replay:Baseball","Toy Ornithopter","Bag of Preparation","Empty Cage","Replay:Wax Seal","Symbiotic Virus","Oddly Smooth Stone","Replay:Bandana","Strawberry","Replay:Bottled Eggs","CeramicFish","Centennial Puzzle","Replay:Wanted Poster","ReplayTheSpireMod:CursedCoin","Simple Rune","Bag of Marbles","DataDisk","ReplayFunnel","Potion Belt","Bottled Lightning","MawBank"],"acts_visited":["Exordium","TheCity","TheBeyond"],"potions_floor_usage":[6,10,16,33,45,50,50],"damage_taken":[{"damage":6,"enemies":"Cultist","floor":1,"turns":3},{"damage":2,"enemies":"Small Slimes","floor":5,"turns":3},{"damage":29,"enemies":"Gremlin Nob","floor":6,"turns":5},{"damage":0,"enemies":"2 Louse","floor":8,"turns":2},{"damage":13,"enemies":"Lagavulin","floor":10,"turns":7},{"damage":6,"enemies":"Gremlin Gang","floor":11,"turns":6},{"damage":0,"enemies":"2 Fungi Beasts","floor":14,"turns":4},{"damage":4,"enemies":"The Guardian","floor":16,"turns":12},{"damage":2,"enemies":"Shell Parasite","floor":18,"turns":9},{"damage":6,"enemies":"Spheric Guardian","floor":19,"turns":5},{"damage":9,"enemies":"Shelled Parasite and Fungi","floor":21,"turns":7},{"damage":23,"enemies":"Replay:Snechameleon","floor":24,"turns":7},{"damage":9,"enemies":"Slavers","floor":27,"turns":6},{"damage":6,"enemies":"Snecko","floor":28,"turns":3},{"damage":6,"enemies":"Book of Stabbing","floor":30,"turns":4},{"damage":54,"enemies":"Collector","floor":33,"turns":7},{"damage":3,"enemies":"3 Darklings","floor":35,"turns":4},{"damage":13,"enemies":"Orb Walker","floor":36,"turns":3},{"damage":48,"enemies":"Reptomancer","floor":39,"turns":6},{"damage":12,"enemies":"R_Hoarder","floor":40,"turns":6},{"damage":4,"enemies":"Giant Head","floor":42,"turns":5},{"damage":19,"enemies":"R_Hoarder","floor":45,"turns":5},{"damage":0,"enemies":"Replay:Hell Engine","floor":50,"turns":7}],"seed_played":"1880613833527945180","potions_obtained":[{"floor":5,"key":"AttackPotion"},{"floor":8,"key":"FearPotion"},{"floor":10,"key":"Regen Potion"},{"floor":11,"key":"BlessingOfTheForge"},{"floor":18,"key":"Regen Potion"},{"floor":30,"key":"Languid Potion"},{"floor":40,"key":"SteroidPotion"}],"is_trial":false,"path_per_floor":["M","$","?","$","M","E","R","M","T","E","M","R","T","M","R","B",null,"M","M","?","M","$","R","E","$","T","E","M","$","E","T","R","B",null,"M","M","?","$","E","E","R","E","T","?","E","R","$","T","R","B",null],"character_chosen":"DEFECT","items_purchased":["Sneak Up","Replay:Wax Seal","Reaper","Oddly Smooth Stone","Replay:Bandana","Ball Lightning","ReplayTheSpireMod:CursedCoin","Juggernaut","Bottled Lightning"],"campfire_rested":1,"item_purchase_floors":[4,22,22,25,25,25,38,38,47],"current_hp_per_floor":[69,69,69,69,67,38,60,60,66,53,47,47,53,53,53,60,93,91,85,85,76,88,88,73,73,86,91,85,97,96,102,102,81,142,142,129,119,125,95,104,104,100,106,106,136,136,142,148,148,172],"gold":446,"neow_bonus":"","is_daily":true,"chose_seed":false,"campfire_upgraded":6,"win_rate":0.0,"timestamp":1607953510,"path_taken":["M","?","?","$","M","E","R","?","T","E","M","R","?","M","R","BOSS","M","?","?","?","$","R","E","$","T","E","M","$","E","?","R","BOSS","M","?","?","?","?","E","R","E","T","?","?","R","$","?","R","BOSS"],"items_purchased_type":["Card","Relic","Card","Relic","Relic","Card","Relic","Card","Relic"],"build_version":"2020-12-13","purchased_purges":3,"victory":true,"max_hp_per_floor":[75,75,75,75,75,75,75,75,81,81,81,81,87,87,87,93,93,93,93,93,93,105,105,105,105,118,118,118,130,130,136,136,142,142,142,142,142,148,148,148,148,148,154,154,154,154,160,166,166,172],"card_choices":[{"not_picked":["hermit:ItchyTrigger","Hidden Blade"],"picked":"hermit:Quickdraw","floor":1},{"not_picked":["hermit:Ricochet","Eviscerate"],"picked":"hermit:FlashPowder","floor":5},{"not_picked":["Glass Knife","hermit:HoleUp"],"picked":"Seeing Red","floor":6},{"not_picked":["Quick Slash","Outmaneuver"],"picked":"Footwork","floor":8},{"not_picked":["Protect","Dagger Throw"],"picked":"WaveOfTheHand","floor":10},{"not_picked":["Static Discharge","hermit:HighCaliber","Prostrate"],"picked":"SKIP","floor":11},{"not_picked":["Ball Lightning","hermit:Snipe"],"picked":"After Image","floor":14},{"not_picked":["Multi-Cast","Exhume"],"picked":"MasterReality","floor":16},{"not_picked":["FlurryOfBlows+1","hermit:Vantage"],"picked":"Anger+1","floor":18},{"not_picked":["Collect","Sucker Punch"],"picked":"PiercingWail","floor":19},{"not_picked":["Heavy Blade","Prepared"],"picked":"Riddle With Holes","floor":21},{"not_picked":["Eclipse","Sever Soul+1"],"picked":"hermit:Deadeye","floor":24},{"not_picked":["hermit:HoleUp","Thunderclap","Infinite Blades"],"picked":"SKIP","floor":27},{"not_picked":["ReachHeaven+1","BattleHymn+1"],"picked":"Sword Boomerang","floor":28},{"not_picked":["Life Link+1","Prostrate"],"picked":"Loop+1","floor":30},{"not_picked":["Thunder Strike","Mirror Shield"],"picked":"hermit:Reprieve","floor":33},{"not_picked":["Inflame+1","Tantrum"],"picked":"ReplayTheSpireMod:Exploit Weakness+1","floor":35},{"not_picked":["Setup+1","hermit:Misfire+1"],"picked":"hermit:Determination+1","floor":36},{"not_picked":["Specialist","Replay:BasicMightCard"],"picked":"ReplayUltimateDefense","floor":37},{"not_picked":["Impatience","Poisoned Strike"],"picked":"ReplayTheSpireMod:Private Reserves","floor":37},{"not_picked":["Replay:Sssssssssstrike","ReplayTheSpireMod:Uncanny Aura"],"picked":"Apotheosis","floor":37},{"not_picked":["Poisoned Stab","CutThroughFate","Hemokinesis+1"],"picked":"SKIP","floor":39},{"not_picked":["Streamline+1","Seeing Red"],"picked":"Infernal Blade","floor":40},{"not_picked":["Conserve Battery","EmptyBody"],"picked":"hermit:Dive","floor":42},{"not_picked":["Carnage+1","Poisoned Stab"],"picked":"FollowUp+1","floor":45}],"player_experience":1123663,"relics_obtained":[{"floor":6,"key":"ReplayTheSpireMod:Lightbulb"},{"floor":9,"key":"Happy Flower"},{"floor":10,"key":"Replay:Baseball"},{"floor":13,"key":"Toy Ornithopter"},{"floor":15,"key":"Bag of Preparation"},{"floor":24,"key":"Symbiotic Virus"},{"floor":26,"key":"Strawberry"},{"floor":27,"key":"Replay:Bottled Eggs"},{"floor":30,"key":"CeramicFish"},{"floor":31,"key":"Centennial Puzzle"},{"floor":39,"key":"Simple Rune"},{"floor":40,"key":"Bag of Marbles"},{"floor":42,"key":"DataDisk"},{"floor":43,"key":"ReplayFunnel"},{"floor":45,"key":"Potion Belt"},{"floor":48,"key":"MawBank"}],"event_choices":[{"damage_healed":0,"gold_gain":0,"cards_transformed":["Strike_B"],"player_choice":"Change","damage_taken":0,"max_hp_gain":0,"max_hp_loss":0,"event_name":"Living Wall","floor":3,"gold_loss":0,"cards_obtained":["Draining Mist"]},{"damage_healed":0,"gold_gain":0,"player_choice":"Ignored","damage_taken":0,"max_hp_gain":0,"max_hp_loss":0,"event_name":"Vampires","floor":20,"gold_loss":0},{"damage_healed":0,"gold_gain":0,"player_choice":"Memory 3","damage_taken":10,"max_hp_gain":0,"max_hp_loss":0,"event_name":"SensoryStone","floor":37,"gold_loss":0},{"damage_healed":0,"gold_gain":0,"player_choice":"Ignored","damage_taken":0,"max_hp_gain":0,"max_hp_loss":0,"event_name":"SecretPortal","floor":44,"gold_loss":0}],"is_beta":false,"boss_relics":[{"not_picked":["Busted Crown","Velvet Choker"],"picked":"Empty Cage"},{"not_picked":["ChewingGum","Tiny House"],"picked":"Replay:Wanted Poster"}],"items_purged_floors":[29,38,47],"is_endless":false,"potions_floor_spawned":[5,8,10,11,18,27,30,40],"ascension_level":0}}