{"host":"h3lcturju8jctp44","time":1607978062,"event":{"mods":["BaseMod","Bestiary","Better Third Choice","Downfall","Highlight Path","Minty Spire (QoL Compilation)","Replay The Spire","StSLib"],"gold_per_floor":[99,133,133,133,179,9,9,29,29,59,76,76,96,107,122,223,223,223,250,350,364,289,304,304,329,340,384,404,424,424,338,351,454,454,304,314,426,467,476,507,534,557,557,593,620,633,331,331,371,383,395,432,135,135,135],"floor_reached":56,"playtime":5282,"items_purged":["champ:Strike","champ:Strike","champ:Defend","champ:Defend"],"score":1460,"play_id":"e3c77db8-5326-49df-af42-b7d58ab9cd89","local_time":"20201214213421","is_ascension_mode":false,"campfire_choices":[{"data":"champ:Taunt","floor":1.0,"key":"SMITH"},{"data":"champ:EnGarde","floor":9,"key":"SMITH"},{"floor":18,"key":"RECALL"},{"data":"champ:DefensiveStyle","floor":22,"key":"SMITH"},{"data":"champ:Circumvent","floor":35,"key":"SMITH"},{"data":"champ:DefensiveShout","floor":43,"key":"SMITH"},{"data":"champ:EnGarde","floor":54,"key":"SMITH"}],"circlet_count":0,"master_deck":["champ:Defend+1","champ:Defend","champ:Execute","champ:Taunt+1","champ:CrownThrow","champ:Duel","champ:Circumvent","champ:DefensiveStyle+1","champ:EnGarde+1","champ:FalseCounter","champ:Circumvent+1","champ:RisingSlash","champ:Improvising","champ:DefensiveShout+1","champ:FocusedGladiator+1","champ:ShieldWall","champ:DeathBlow","champ:FalseCounter","champ:IronFortress+1","champ:StanceDance+1","champ:DefensiveStyle+1","Defend_R","champ:Circumvent+1","champ:EnGarde+1","champ:SteelEdge","champ:PerfectForm+1"],"relics":["champ:ChampionCrown","Smiling Mask","Ring of Peace","Ring of Hypnosis","Art of War","Bag of Preparation","champ:GladiatorsBookOfMartialProwess","Tiny Chest","sneckomod:SneckoTalon","Oddly Smooth Stone","downfall:HeartBlessingRed","CeramicFish","ReplayTheSpireMod:Shallot","Nilry\u0027s Codex","Coffee Dripper","downfall:HeartBlessingBlue","downfall:HeartBlessingGreen","champ:BerserkersGuideToSlaughter","Gremlin Horn","PreservedInsect","War Paint","Garlic","Replay:Wax Seal","InkBottle","MawBank","Medical Kit","Mummified Hand","Lee\u0027s Waffle"],"acts_visited":["Exordium","TheCity","TheBeyond","TheEnding"],"potions_floor_usage":[19,31,37],"damage_taken":[{"damage":53.0,"enemies":"3 Sentries","floor":2.0,"turns":9.0},{"damage":0,"enemies":"downfall:FleeingMerchant","floor":6,"turns":4},{"damage":5,"enemies":"Jaw Worm","floor":8,"turns":5},{"damage":1,"enemies":"Lagavulin","floor":10,"turns":5},{"damage":4,"enemies":"Small Slimes","floor":11,"turns":3},{"damage":0,"enemies":"2 Louse","floor":13,"turns":2},{"damage":0,"enemies":"2 Fungi Beasts","floor":14,"turns":3},{"damage":0,"enemies":"Blue Slaver","floor":15,"turns":3},{"damage":4,"enemies":"downfall:Defect","floor":16,"turns":6},{"damage":0,"enemies":"Book of Stabbing","floor":19,"turns":6},{"damage":7,"enemies":"Shell Parasite","floor":21,"turns":5},{"damage":2,"enemies":"Snecko","floor":23,"turns":5},{"damage":0,"enemies":"Snake Plant","floor":26,"turns":3},{"damage":6,"enemies":"Gremlin Leader","floor":27,"turns":5},{"damage":0,"enemies":"Centurion and Healer","floor":28,"turns":5},{"damage":6,"enemies":"Chosen and Byrds","floor":29,"turns":6},{"damage":32,"enemies":"downfall:FleeingMerchant","floor":31,"turns":5},{"damage":0,"enemies":"Shelled Parasite and Fungi","floor":32,"turns":2},{"damage":0,"enemies":"downfall:Ironclad","floor":33,"turns":5},{"damage":0,"enemies":"Orb Walker","floor":36,"turns":3},{"damage":0,"enemies":"downfall:FleeingMerchant","floor":37,"turns":2},{"damage":36,"enemies":"Giant Head","floor":38,"turns":6},{"damage":0,"enemies":"Nemesis","floor":40,"turns":5},{"damage":56,"enemies":"3 Darklings","floor":42,"turns":6},{"damage":25,"enemies":"R_Hoarder","floor":44,"turns":4},{"damage":20,"enemies":"Jaw Worm Horde","floor":46,"turns":5},{"damage":3,"enemies":"Writhing Mass","floor":49,"turns":3},{"damage":37,"enemies":"downfall:Silent","floor":50,"turns":4},{"damage":32,"enemies":"downfall:CharBossMerchant","floor":52,"turns":5},{"damage":94,"enemies":"downfall:NeowBoss","floor":55,"turns":21}],"seed_played":"6915868590791004161","potions_obtained":[{"floor":2.0,"key":"LifebloodPotion"},{"floor":5,"key":"Flashbang"},{"floor":10,"key":"Explosive Potion"},{"floor":14,"key":"Flashbang"},{"floor":15,"key":"champ:CounterPotion"},{"floor":19,"key":"Guardian:BlockOnCardUsePotion"},{"floor":32,"key":"Elixir"},{"floor":36,"key":"LiquidMemories"},{"floor":42,"key":"Weak Potion"},{"floor":44,"key":"Strength Potion"}],"is_trial":false,"path_per_floor":["R","E","?","?","?","$","T","M","R","E","M","?","M","M","M","B",null,"R","E","?","M","R","M","T","T","M","E","M","M","?","$","M","B",null,"R","M","$","E","?","E","T","M","R","E","T","M","$","?","M","B",null,"E","$","R","B",null],"character_chosen":"THE_CHAMP","items_purchased":["Bag of Preparation","champ:FalseCounter","champ:StanceDance+1","champ:BerserkersGuideToSlaughter","InkBottle","champ:PerfectForm+1","Lee\u0027s Waffle"],"campfire_rested":0,"item_purchase_floors":[6,31,37,37,47,53,53],"current_hp_per_floor":[99,61,61,61,37,42,42,42,42,46,42,42,42,42,42,38,99,99,99,99,97,97,99,99,99,99,93,93,92,76,70,70,70,99,109,109,109,109,109,109,109,108,108,109,109,109,109,109,109,92,109,77,116,116,105],"gold":135,"neow_bonus":"TEN_PERCENT_HP_BONUS","is_daily":false,"chose_seed":false,"campfire_upgraded":6,"win_rate":0.0,"timestamp":1607978061,"path_taken":["R","E","?","?","?","?","T","?","R","E","M","?","M","M","M","BOSS","R","E","?","?","R","M","T","?","M","E","M","?","?","$","M","BOSS","R","M","$","E","?","E","T","M","R","E","?","M","$","?","M","BOSS","E","$","R","BOSS"],"items_purchased_type":["Relic","Card","Card","Relic","Relic","Card","Relic"],"build_version":"2020-12-13","purchased_purges":4,"victory":true,"max_hp_per_floor":[99,99,99,99,99,99,99,99,99,99,99,99,99,99,99,99,99,99,99,99,99,99,99,99,99,99,99,99,99,99,99,99,99,99,109,109,109,109,109,109,109,109,109,109,109,109,109,109,109,109,109,109,116,116,116],"card_choices":[{"not_picked":["champ:FalseCounter","champ:BerserkerStyle"],"picked":"champ:CrownThrow","floor":2.0},{"not_picked":["champ:EnragedBash","champ:Backstep"],"picked":"champ:Duel","floor":5},{"not_picked":["champ:DefensiveShout","champ:EnragedBash"],"picked":"champ:Circumvent","floor":5},{"not_picked":["champ:FocusedDefense","champ:BerserkersShout"],"picked":"champ:DefensiveStyle","floor":6},{"not_picked":["champ:DefensiveShout","champ:CrookedStrike"],"picked":"champ:EnGarde","floor":8},{"not_picked":["champ:DeathBlow","champ:GutPunch"],"picked":"champ:FalseCounter","floor":10},{"not_picked":["champ:Haymaker","champ:FocusedBerserking","champ:BerserkersShout"],"picked":"SKIP","floor":11},{"not_picked":["champ:PerfectedStrike","champ:AdrenalArmor"],"picked":"champ:Circumvent","floor":13},{"not_picked":["champ:FanOfKnives","champ:BringItOn","champ:CrookedStrike"],"picked":"SKIP","floor":14},{"not_picked":["champ:GladiatorsShout","champ:FanOfKnives"],"picked":"champ:RisingSlash","floor":15},{"not_picked":["champ:LastStand","champ:ShieldThrow"],"picked":"champ:Improvising","floor":16},{"not_picked":["champ:FaceSlap","champ:Encircle+1","champ:FanOfKnives"],"picked":"SKIP","floor":19},{"not_picked":["champ:FaceSlap","champ:FlashCut+1"],"picked":"champ:DefensiveShout","floor":21},{"not_picked":["champ:CalledShot","champ:FightOn"],"picked":"champ:FocusedGladiator","floor":23},{"not_picked":["champ:FlashCut","champ:Encircle","champ:TornadoPunch"],"picked":"SKIP","floor":26},{"not_picked":["champ:VampiricStrike","champ:BringItOn"],"picked":"champ:ShieldWall","floor":27},{"not_picked":["champ:ViciousMockery","champ:RisingSlash","champ:FaceSlap+1"],"picked":"SKIP","floor":28},{"not_picked":["champ:CrookedStrike+1","champ:RapidStrikes+1","champ:DefensiveShout"],"picked":"SKIP","floor":29},{"not_picked":["champ:HeavySlash","champ:PerfectedStrike"],"picked":"champ:DeathBlow","floor":31},{"not_picked":["champ:TornadoPunch","champ:AdrenalArmor","champ:RisingSlash"],"picked":"SKIP","floor":32},{"not_picked":["champ:GutPunch+1","champ:Riposte","champ:FocusedGladiator"],"picked":"SKIP","floor":36},{"not_picked":["champ:ShieldWall","champ:PerfectedStrike"],"picked":"champ:IronFortress+1","floor":37},{"not_picked":["champ:FlashCut+1","champ:HeartStrike+1"],"picked":"champ:DefensiveStyle+1","floor":38},{"not_picked":["champ:BladeFlurry+1","champ:PerfectedStrike","champ:FlashCut"],"picked":"SKIP","floor":40},{"not_picked":["champ:TornadoPunch","champ:ShieldWall"],"picked":"champ:Circumvent+1","floor":42},{"not_picked":["champ:DefensiveShout","champ:AdrenalArmor"],"picked":"champ:EnGarde","floor":44},{"not_picked":["champ:GutPunch","champ:Haymaker","champ:Circumvent"],"picked":"SKIP","floor":46},{"not_picked":["champ:Circumvent+1","champ:FanOfKnives+1"],"picked":"champ:SteelEdge","floor":49},{"not_picked":["champ:BringItOn+1","champ:PerfectedStrike+1","champ:FocusedBerserking"],"picked":"SKIP","floor":52}],"player_experience":657311,"relics_obtained":[{"floor":2.0,"key":"Smiling Mask"},{"floor":3.0,"key":"Ring of Peace"},{"floor":3.0,"key":"Ring of Hypnosis"},{"floor":5,"key":"Art of War"},{"floor":7,"key":"champ:GladiatorsBookOfMartialProwess"},{"floor":10,"key":"Tiny Chest"},{"floor":19,"key":"Oddly Smooth Stone"},{"floor":25,"key":"CeramicFish"},{"floor":27,"key":"ReplayTheSpireMod:Shallot"},{"floor":30,"key":"Nilry\u0027s Codex"},{"floor":38,"key":"Gremlin Horn"},{"floor":40,"key":"PreservedInsect"},{"floor":41,"key":"War Paint"},{"floor":44,"key":"Garlic"},{"floor":45,"key":"Replay:Wax Seal"},{"floor":48,"key":"MawBank"},{"floor":52,"key":"Medical Kit"},{"floor":52,"key":"Mummified Hand"}],"event_choices":[{"cards_removed":["champ:Strike"],"damage_healed":0,"gold_gain":0,"player_choice":"Took Card","damage_taken":0,"max_hp_gain":0,"max_hp_loss":0,"event_name":"NoteForYourself","floor":39,"gold_loss":0,"cards_obtained":["Defend_R"]}],"is_beta":false,"boss_relics":[{"not_picked":["expansioncontent:StudyCardRelic","Kintsugi"],"picked":"sneckomod:SneckoTalon"},{"not_picked":["Honey Jar","Tiny House"],"picked":"Coffee Dripper"}],"items_purged_floors":[31,37,47,53],"is_endless":false,"potions_floor_spawned":[2,10,13,14,15,19,23,27,32,36,42,44,46,49],"ascension_level":0}}