{"host":"6wux4armhsntp4yb","time":1607933692,"event":{"mods":["BaseMod","Colored Map","DeckTracker","Minty Spire (QoL Compilation)","Relic Stats"],"gold_per_floor":[116,132,132,132,132,132,166,116,191,191,191,207,207,11,11,85,85,99,99,49,59,59,78,104,104,104,104,19,48,48,48,48,48,48],"floor_reached":33,"playtime":1313,"items_purged":["Strike_G","Strike_G"],"score":704,"play_id":"369b4ddf-3455-4163-b540-f5d6144dadf4","local_time":"20201214171452","is_ascension_mode":true,"campfire_choices":[{"data":"Neutralize","floor":6.0,"key":"SMITH"},{"data":"Footwork","floor":10.0,"key":"SMITH"},{"data":"Caltrops","floor":13.0,"key":"SMITH"},{"data":"Apotheosis","floor":15.0,"key":"SMITH"},{"floor":25,"key":"REST"},{"floor":27,"key":"REST"},{"floor":32,"key":"REST"}],"circlet_count":0,"master_deck":["AscendersBane","Strike_G+1","Strike_G+1","Defend_G","Defend_G","Defend_G","Defend_G","Defend_G","Survivor","Neutralize+1","Footwork+1","Caltrops+1","Backstab","Leg Sweep","Flechettes","Apotheosis+1","Corpse Explosion","CurseOfTheBell","Die Die Die"],"relics":["Ring of the Snake","NeowsBlessing","Smiling Mask","Akabeko","Paper Crane","Calling Bell","MealTicket","Letter Opener","Lizard Tail","Art of War","Centennial Puzzle","Tough Bandages","White Beast Statue"],"acts_visited":["Exordium","TheCity"],"potions_floor_usage":[21,23,24],"damage_taken":[{"damage":0.0,"enemies":"Cultist","floor":1.0,"turns":1.0},{"damage":0.0,"enemies":"2 Louse","floor":2.0,"turns":1.0},{"damage":0.0,"enemies":"Gremlin Nob","floor":7.0,"turns":1.0},{"damage":0.0,"enemies":"Small Slimes","floor":12.0,"turns":4.0},{"damage":0.0,"enemies":"Hexaghost","floor":16.0,"turns":11.0},{"damage":3.0,"enemies":"Chosen","floor":18.0,"turns":7.0},{"damage":0,"enemies":"2 Thieves","floor":21,"turns":1},{"damage":4,"enemies":"Cultist and Chosen","floor":23,"turns":5},{"damage":34,"enemies":"Slavers","floor":24,"turns":2},{"damage":43,"enemies":"Gremlin Leader","floor":29,"turns":10},{"damage":92,"enemies":"Automaton","floor":33,"turns":20}],"seed_played":"2024747906074906599","potions_obtained":[{"floor":1.0,"key":"Swift Potion"},{"floor":7.0,"key":"Block Potion"},{"floor":12.0,"key":"PowerPotion"},{"floor":16.0,"key":"PowerPotion"},{"floor":18.0,"key":"Swift Potion"},{"floor":23,"key":"Poison Potion"}],"is_trial":false,"path_per_floor":["M","M","$","?","?","R","E","$","T","R","?","M","R","$","R","B",null,"M","?","$","M","?","M","E","R","T","R","?","E","?","$","R","B"],"character_chosen":"THE_SILENT","items_purchased":["Apotheosis"],"campfire_rested":3,"item_purchase_floors":[14],"current_hp_per_floor":[59,59,59,39,13,13,13,13,13,13,13,13,13,13,13,13,53,50,50,65,65,47,43,9,30,30,51,51,8,8,23,44,0,0],"gold":48,"neow_bonus":"THREE_ENEMY_KILL","is_daily":false,"chose_seed":false,"campfire_upgraded":4,"win_rate":0.0,"timestamp":1607933692,"path_taken":["M","M","?","?","?","R","E","$","T","R","?","M","R","$","R","BOSS","M","?","$","M","?","M","E","R","T","R","?","E","?","$","R","BOSS"],"items_purchased_type":["Card"],"build_version":"2020-12-13","purchased_purges":2,"victory":false,"max_hp_per_floor":[66,66,66,66,66,66,66,66,66,66,66,66,66,66,66,66,66,66,66,66,66,71,71,71,71,71,71,71,71,71,71,71,71,71],"relic_stats":{"Lizard Tail":35,"Centennial Puzzle":[6],"Tough Bandages":[24],"counters":[11,63],"MealTicket":30,"Art of War":[7],"Letter Opener":[35],"Smiling Mask":75,"obtain_stats":[{"NeowsBlessing":0,"Letter Opener":17,"Paper Crane":9,"Smiling Mask":5,"Akabeko":7,"White Beast Statue":29,"Calling Bell":17,"Lizard Tail":17,"Centennial Puzzle":26,"Tough Bandages":28,"MealTicket":17,"Art of War":24,"Ring of the Snake":0},{"NeowsBlessing":0,"Letter Opener":5,"Paper Crane":3,"Smiling Mask":2,"Akabeko":3,"White Beast Statue":10,"Calling Bell":5,"Lizard Tail":5,"Centennial Puzzle":9,"Tough Bandages":9,"MealTicket":5,"Art of War":9,"Ring of the Snake":0},{"NeowsBlessing":0,"Letter Opener":18,"Paper Crane":3,"Smiling Mask":2,"Akabeko":3,"White Beast Statue":43,"Calling Bell":18,"Lizard Tail":18,"Centennial Puzzle":33,"Tough Bandages":33,"MealTicket":18,"Art of War":33,"Ring of the Snake":0}],"Ring of the Snake":[22]},"card_choices":[{"not_picked":["Caltrops","Cloak And Dagger"],"picked":"Footwork","floor":1.0},{"not_picked":["Deflect","Accuracy"],"picked":"Caltrops","floor":2.0},{"not_picked":["Leg Sweep","Dodge and Roll"],"picked":"Backstab","floor":7.0},{"not_picked":["Terror","Backstab"],"picked":"Flechettes","floor":12.0},{"not_picked":["Tools of the Trade","Die Die Die"],"picked":"Corpse Explosion","floor":16.0},{"not_picked":["Heel Hook","Dash","Outmaneuver"],"picked":"SKIP","floor":18.0},{"not_picked":["Blade Dance","Backstab","Flying Knee"],"picked":"SKIP","floor":21},{"not_picked":["Outmaneuver","Heel Hook","Cloak And Dagger"],"picked":"SKIP","floor":23},{"not_picked":["Outmaneuver","Heel Hook","Cloak And Dagger"],"picked":"SKIP","floor":23},{"not_picked":["Choke","Tactician","Flying Knee"],"picked":"SKIP","floor":24},{"not_picked":["Caltrops","Riddle With Holes","Bane+1"],"picked":"SKIP","floor":29}],"player_experience":5622887,"relics_obtained":[{"floor":7.0,"key":"Akabeko"},{"floor":9.0,"key":"Paper Crane"},{"floor":17.0,"key":"MealTicket"},{"floor":17.0,"key":"Letter Opener"},{"floor":17.0,"key":"Lizard Tail"},{"floor":24,"key":"Art of War"},{"floor":26,"key":"Centennial Puzzle"},{"floor":29,"key":"White Beast Statue"}],"event_choices":[{"damage_healed":0.0,"max_hp_gain":0.0,"max_hp_loss":0.0,"gold_gain":0.0,"event_name":"Shining Light","player_choice":"Entered Light","floor":4.0,"gold_loss":0.0,"damage_taken":20.0,"cards_upgraded":["Strike_G","Strike_G"]},{"damage_healed":0.0,"max_hp_gain":0.0,"max_hp_loss":0.0,"gold_gain":0.0,"event_name":"Scrap Ooze","player_choice":"Success","floor":5.0,"gold_loss":0.0,"damage_taken":26.0,"relics_obtained":["Smiling Mask"]},{"damage_healed":0.0,"max_hp_gain":0.0,"max_hp_loss":0.0,"gold_gain":0.0,"cards_transformed":["Strike_G"],"event_name":"Living Wall","player_choice":"Change","floor":11.0,"gold_loss":0.0,"damage_taken":0.0,"cards_obtained":["Leg Sweep"]},{"damage_healed":0,"gold_gain":0,"player_choice":"Ignored","damage_taken":0,"max_hp_gain":0,"max_hp_loss":0,"event_name":"Cursed Tome","floor":19,"gold_loss":0},{"damage_healed":0,"gold_gain":0,"player_choice":"Shed Blood","damage_taken":23,"max_hp_gain":5,"max_hp_loss":0,"event_name":"Forgotten Altar","floor":22,"gold_loss":0},{"damage_healed":0,"gold_gain":0,"player_choice":"Obtained Relic","damage_taken":0,"relics_obtained":["Tough Bandages"],"max_hp_gain":0,"max_hp_loss":0,"event_name":"Addict","floor":28,"gold_loss":85},{"damage_healed":0,"gold_gain":0,"player_choice":"1 cards matched","damage_taken":0,"max_hp_gain":0,"max_hp_loss":0,"event_name":"Match and Keep!","floor":30,"gold_loss":0,"cards_obtained":["Die Die Die"]}],"is_beta":false,"boss_relics":[{"not_picked":["Astrolabe","Busted Crown"],"picked":"Calling Bell"}],"items_purged_floors":[8,20],"is_endless":false,"potions_floor_spawned":[1,7,12,16,18,23],"killed_by":"Automaton","ascension_level":20}}