{"host":"63yhhrjweyj22b0v","time":1607933132,"event":{"mods":["BaseMod","Minty Spire (QoL Compilation)","Quick Restart"],"gold_per_floor":[117,117,132,14,24,24,2,18,41,41,41,68,68,83,83,188,238,251,31,31,31,45,45,45,45,45,62,62,90,90,90],"floor_reached":30,"playtime":774,"items_purged":["Strike_B"],"score":279,"play_id":"c383bd02-73d1-48cb-b43d-d112d1f06d87","local_time":"20201214020532","is_ascension_mode":true,"campfire_choices":[{"data":"Static Discharge","floor":6,"key":"SMITH"},{"data":"Zap","floor":10,"key":"SMITH"},{"data":"Gash","floor":13,"key":"SMITH"},{"floor":15,"key":"REST"},{"data":"Loop","floor":23,"key":"SMITH"},{"floor":28,"key":"REST"}],"circlet_count":0,"master_deck":["Strike_B","Strike_B","Defend_B","Defend_B","Defend_B","Defend_B","Zap+1","Dualcast","Sweeping Beam","Sweeping Beam","Capacitor","Beam Cell","Static Discharge+1","Leap","Go for the Eyes+1","Gash+1","Beam Cell","Buffer","Double Energy","Loop+1","Gash+1","Electrodynamics"],"relics":["Cracked Core","NeowsBlessing","Bronze Scales","Pen Nib","Tiny House","Regal Pillow","Blue Candle","Ancient Tea Set","Letter Opener"],"acts_visited":["Exordium","TheCity"],"potions_floor_usage":[12,16,25,29,29,29,30],"damage_taken":[{"damage":0,"enemies":"Cultist","floor":1,"turns":1},{"damage":0,"enemies":"2 Louse","floor":3,"turns":1},{"damage":0,"enemies":"Jaw Worm","floor":5,"turns":1},{"damage":12,"enemies":"Red Slaver","floor":8,"turns":3},{"damage":25,"enemies":"Lagavulin","floor":12,"turns":5},{"damage":7,"enemies":"Blue Slaver","floor":14,"turns":3},{"damage":15,"enemies":"Slime Boss","floor":16,"turns":7},{"damage":16,"enemies":"Shell Parasite","floor":18,"turns":5},{"damage":4,"enemies":"3 Byrds","floor":22,"turns":3},{"damage":22,"enemies":"Gremlin Leader","floor":25,"turns":7},{"damage":18,"enemies":"Shelled Parasite and Fungi","floor":27,"turns":3},{"damage":32,"enemies":"Book of Stabbing","floor":29,"turns":4},{"damage":20,"enemies":"Sentry and Sphere","floor":30,"turns":4}],"seed_played":"4376002369567863787","potions_obtained":[{"floor":3,"key":"AttackPotion"},{"floor":5,"key":"LiquidMemories"},{"floor":14,"key":"Fire Potion"},{"floor":16,"key":"SmokeBomb"},{"floor":17,"key":"EntropicBrew"},{"floor":29,"key":"EssenceOfSteel"}],"is_trial":false,"path_per_floor":["M","$","M","$","M","R","$","M","T","R","?","E","R","M","R","B",null,"M","$","?","?","M","R","T","E","T","M","R","E","M"],"character_chosen":"DEFECT","items_purchased":["Capacitor","Beam Cell","Leap","Regal Pillow"],"campfire_rested":2,"item_purchase_floors":[4,4,7,19],"current_hp_per_floor":[75,75,75,75,75,75,75,63,63,63,56,31,31,24,46,31,80,64,64,64,56,52,52,52,30,30,12,51,19,0,0],"gold":90,"neow_bonus":"THREE_ENEMY_KILL","is_daily":false,"chose_seed":false,"campfire_upgraded":4,"win_rate":0.0,"timestamp":1607933132,"path_taken":["M","$","?","?","M","R","$","M","T","R","?","E","R","?","R","BOSS","M","$","?","?","?","R","?","E","T","M","R","E","M"],"items_purchased_type":["Card","Card","Card","Relic"],"build_version":"2020-12-13","purchased_purges":1,"victory":false,"max_hp_per_floor":[75,75,75,75,75,75,75,75,75,75,75,75,75,75,75,75,80,80,80,80,80,80,80,80,80,80,80,80,80,80,80],"card_choices":[{"not_picked":["Gash","Reprogram"],"picked":"Sweeping Beam","floor":1},{"not_picked":["Hologram","Biased Cognition"],"picked":"Sweeping Beam","floor":3},{"not_picked":["Melter","Cold Snap"],"picked":"Static Discharge","floor":5},{"not_picked":["Streamline","Steam"],"picked":"Go for the Eyes","floor":8},{"not_picked":["Rip and Tear","Go for the Eyes"],"picked":"Gash","floor":12},{"not_picked":["Steam","Hello World"],"picked":"Beam Cell","floor":14},{"not_picked":["Biased Cognition","Rainbow"],"picked":"Buffer","floor":16},{"not_picked":["Doom and Gloom","Compile Driver"],"picked":"Double Energy","floor":17},{"not_picked":["Cold Snap","Capacitor"],"picked":"Loop","floor":18},{"not_picked":["Hologram","Ball Lightning"],"picked":"Gash+1","floor":22},{"not_picked":["Aggregate","Barrage"],"picked":"Electrodynamics","floor":27},{"not_picked":["Steam","Heatsinks","Skim"],"picked":"SKIP","floor":29}],"player_experience":582017,"relics_obtained":[{"floor":9,"key":"Bronze Scales"},{"floor":12,"key":"Pen Nib"},{"floor":24,"key":"Blue Candle"},{"floor":26,"key":"Ancient Tea Set"},{"floor":29,"key":"Letter Opener"}],"event_choices":[{"cards_removed":["Strike_B"],"damage_healed":0,"gold_gain":0,"player_choice":"Card Removal","damage_taken":7,"max_hp_gain":0,"max_hp_loss":0,"event_name":"Golden Wing","floor":11,"gold_loss":0},{"damage_healed":0,"gold_gain":0,"player_choice":"Ignored","damage_taken":0,"max_hp_gain":0,"max_hp_loss":0,"event_name":"Vampires","floor":20,"gold_loss":0},{"damage_healed":0,"gold_gain":0,"player_choice":"Damaged","damage_taken":8,"max_hp_gain":0,"max_hp_loss":0,"event_name":"Wheel of Change","floor":21,"gold_loss":0}],"is_beta":false,"boss_relics":[{"not_picked":["Astrolabe","Velvet Choker"],"picked":"Tiny House"}],"items_purged_floors":[19],"is_endless":false,"potions_floor_spawned":[3,5,14,16,22,29],"killed_by":"Sentry and Sphere","ascension_level":1}}