{"host":"y76clbnovzmw9ubx","time":1607955461,"event":{"mods":["AchievementEnabler","BaseMod","Minty Spire (QoL Compilation)","Permanent Neow","Relic Stats"],"gold_per_floor":[114,125,135,153,168,168,168,168],"floor_reached":7,"playtime":368,"items_purged":[],"score":90,"play_id":"ae1b6b0f-6272-4387-9e57-54fe8e29d9d3","local_time":"20201214091741","is_ascension_mode":true,"campfire_choices":[{"floor":6,"key":"REST"}],"circlet_count":0,"master_deck":["AscendersBane","Strike_G","Strike_G","Strike_G","Strike_G","Strike_G","Defend_G","Defend_G","Defend_G","Defend_G","Defend_G","Survivor","Neutralize","Calculated Gamble","Deadly Poison","Slice","Deadly Poison"],"relics":["Ring of the Snake","Smiling Mask"],"acts_visited":["Exordium"],"potions_floor_usage":[4,5],"damage_taken":[{"damage":8,"enemies":"Small Slimes","floor":1,"turns":5},{"damage":1,"enemies":"2 Louse","floor":2,"turns":3},{"damage":1,"enemies":"Cultist","floor":3,"turns":4},{"damage":10,"enemies":"Large Slime","floor":4,"turns":8},{"damage":15,"enemies":"Gremlin Gang","floor":5,"turns":8},{"damage":0,"enemies":"Gremlin Nob","floor":7,"turns":1}],"seed_played":"-3103203544348243343","potions_obtained":[{"floor":1,"key":"Poison Potion"},{"floor":2,"key":"Explosive Potion"},{"floor":4,"key":"Fire Potion"}],"is_trial":false,"path_per_floor":["M","M","M","M","M","R","E"],"character_chosen":"THE_SILENT","items_purchased":[],"campfire_rested":1,"item_purchase_floors":[],"current_hp_per_floor":[51,50,49,39,24,43,43,43],"gold":168,"neow_bonus":"RANDOM_COMMON_RELIC","is_daily":false,"chose_seed":false,"campfire_upgraded":0,"win_rate":0.0,"timestamp":1607955461,"path_taken":["M","M","M","M","M","R","E"],"items_purchased_type":[],"build_version":"2020-12-13","purchased_purges":0,"victory":false,"max_hp_per_floor":[66,66,66,66,66,66,66,66],"relic_stats":{"counters":[6,29],"Smiling Mask":0,"obtain_stats":[{"Smiling Mask":0,"Ring of the Snake":0},{"Smiling Mask":0,"Ring of the Snake":0},{"Smiling Mask":0,"Ring of the Snake":0}],"Ring of the Snake":[12]},"card_choices":[{"not_picked":["Underhanded Strike","Caltrops"],"picked":"Calculated Gamble","floor":1},{"not_picked":["Prepared","Calculated Gamble"],"picked":"Deadly Poison","floor":2},{"not_picked":["Dodge and Roll","Cloak And Dagger"],"picked":"Slice","floor":3},{"not_picked":["PiercingWail","Outmaneuver","Blade Dance"],"picked":"SKIP","floor":4},{"not_picked":["Tactician","Calculated Gamble"],"picked":"Deadly Poison","floor":5}],"player_experience":2861279,"relics_obtained":[],"event_choices":[],"is_beta":false,"boss_relics":[],"items_purged_floors":[],"is_endless":false,"potions_floor_spawned":[1,2,4],"killed_by":"Gremlin Nob","ascension_level":20}}