{"host":"z2r87akzpwm9sj6o","time":1607913816,"event":{"mods":["A Magickal Journey","Act Like it!","BaseMod","Downfall","Duelist Mod","Gensokyo","Highlight Path","Infinite Spire","KinomotoSakuraMod(????)","Marisa????????","Minty Spire (QoL Compilation)","Quick Restart","READ ME - Guardian Mod","Reimu??????","StSLib","The Bug Knight","The Cursed","The Druid","The Forsaken","The Necromancer","The Servant 0.9.4","TheBandit"],"gold_per_floor":[99,113,113,130,130,34,34,34,46,77,62,62,62,75,85,181,181,181,181,195,195,227,115,115,115,115,115,115,128,146,161,174,174,174],"floor_reached":33,"playtime":2514,"items_purged":[],"score":315,"play_id":"fc5b8b2d-4ee1-461f-ad37-dd3455272e99","local_time":"20201214024336","is_ascension_mode":false,"campfire_choices":[{"data":"Guardian:TwinSlam","floor":1,"key":"SMITH"},{"data":"Guardian:Planning","floor":5,"key":"SMITH"},{"data":"Guardian:TemporalShield","floor":18,"key":"SMITH"},{"floor":25,"key":"REST"},{"floor":26,"key":"REST"},{"data":"Guardian:ArmoredProtocol","floor":27,"key":"SMITH"}],"circlet_count":0,"master_deck":["Guardian:Strike_Guardian","Guardian:Strike_Guardian","Guardian:Strike_Guardian","Guardian:Strike_Guardian","Guardian:Defend_Guardian","Guardian:Defend_Guardian","Guardian:Defend_Guardian","Guardian:Defend_Guardian","Guardian:CurlUp","Guardian:TwinSlam+1","Guardian:ChargeUp","Guardian:Planning+1","Guardian:PrimingBeam","Finesse","Guardian:FloatingOrbs","Guardian:Preprogram","Guardian:PiercingHide","Guardian:TemporalShield+1","Guardian:PolyBeam","Guardian:CrystalBeam","Guardian:StasisField","Guardian:SphericShield","Guardian:Planning","Guardian:CrystalBeam","Guardian:PrismaticBarrier","Guardian:RollAttack+1","Guardian:ArmoredProtocol+1","Guardian:Recover","Guardian:StasisStrike+1","Guardian:PolyBeam+1","Guardian:Repulse","Guardian:WalkerClaw+1","Guardian:Gem_Cyan","Guardian:RollAttack+1","Guardian:ArmoredProtocol","Guardian:ShieldCharger"],"relics":["Guardian:ModeShifter","Prayer Wheel","PreservedInsect","Busted Crown","Molten Egg 2","WingedGreaves"],"acts_visited":["Exordium","TheCity"],"potions_floor_usage":[16,33,33,33,33,33,33],"damage_taken":[{"damage":0,"enemies":"Small Slimes","floor":2,"turns":4},{"damage":0,"enemies":"Cultist","floor":4,"turns":4},{"damage":0,"enemies":"downfall:FleeingMerchant","floor":6,"turns":4},{"damage":1,"enemies":"Jaw Worm","floor":9,"turns":3},{"damage":19,"enemies":"Lagavulin","floor":10,"turns":7},{"damage":10,"enemies":"downfall:FleeingMerchant","floor":11,"turns":4},{"damage":6,"enemies":"3 Louse","floor":14,"turns":3},{"damage":13,"enemies":"Red Slaver","floor":15,"turns":3},{"damage":37,"enemies":"downfall:Defect","floor":16,"turns":10},{"damage":0,"enemies":"Chosen","floor":19,"turns":1},{"damage":9,"enemies":"Centurion and Healer","floor":20,"turns":8},{"damage":51,"enemies":"theDuelist:KaibaA2","floor":22,"turns":7},{"damage":0,"enemies":"downfall:FleeingMerchant","floor":23,"turns":4},{"damage":21,"enemies":"Snake Plant","floor":29,"turns":5},{"damage":4,"enemies":"Shelled Parasite and Fungi","floor":30,"turns":5},{"damage":11,"enemies":"Chosen and Byrds","floor":31,"turns":6},{"damage":6,"enemies":"Centurion and Healer","floor":32,"turns":6},{"damage":93,"enemies":"downfall:Ironclad","floor":33,"turns":11}],"seed_played":"4690612745677012709","potions_obtained":[{"floor":4,"key":"AttackPotion"},{"floor":14,"key":"SteroidPotion"},{"floor":15,"key":"hexamod:EctoCoolerPotion"},{"floor":16,"key":"hexamod:EctoCoolerPotion"},{"floor":20,"key":"EntropicBrew"}],"is_trial":false,"path_per_floor":["R","M","?","M","R","$","T","?","M","E","$","?","?","M","M","B",null,"R","M","M","?","E","$","T","R","R","R","?","M","M","M","M","B"],"character_chosen":"GUARDIAN","items_purchased":["Finesse","Guardian:ArmoredProtocol","Guardian:Recover"],"campfire_rested":2,"item_purchase_floors":[6,23,23],"current_hp_per_floor":[88,88,88,88,88,88,88,88,87,68,58,58,58,52,39,2,88,88,88,79,79,28,28,28,54,80,80,98,77,73,62,56,0,0],"gold":174,"neow_bonus":"TEN_PERCENT_HP_BONUS","is_daily":false,"chose_seed":false,"campfire_upgraded":4,"win_rate":0.0,"timestamp":1607913816,"path_taken":["R","M","?","?","R","?","T","?","M","E","$","?","?","M","M","BOSS","R","M","M","?","E","?","T","R","R","R","?","M","M","M","M","BOSS"],"items_purchased_type":["Card","Card","Card"],"build_version":"2020-12-13","purchased_purges":0,"victory":false,"max_hp_per_floor":[88,88,88,88,88,88,88,88,88,88,88,88,88,88,88,88,88,88,88,88,88,88,88,88,88,88,88,98,98,98,98,98,98,98],"card_choices":[{"not_picked":["Guardian:Incinerate","Guardian:FloatingOrbs"],"picked":"Guardian:ChargeUp","floor":2},{"not_picked":["Guardian:TimeCapacitor","Guardian:WalkerClaw"],"picked":"Guardian:Planning","floor":4},{"not_picked":["Guardian:PolyBeam","Guardian:DonusPower"],"picked":"Guardian:PrimingBeam","floor":6},{"not_picked":["Guardian:Incinerate","Guardian:Reroute"],"picked":"Guardian:Gem_Cyan","floor":9},{"not_picked":["Guardian:TimeCapacitor","Guardian:Planning"],"picked":"Guardian:FloatingOrbs","floor":9},{"not_picked":["Guardian:Planning","Guardian:Gem_Cyan"],"picked":"Guardian:Preprogram","floor":10},{"not_picked":["Guardian:Gem_Fragmented","Guardian:TemporalStrike"],"picked":"Guardian:PiercingHide","floor":11},{"not_picked":["Guardian:WalkerClaw","Guardian:PiercingHide"],"picked":"Guardian:TemporalShield","floor":14},{"not_picked":["Guardian:FloatingOrbs","Guardian:DecasProtection"],"picked":"Guardian:PolyBeam","floor":14},{"not_picked":["Guardian:Emergency","Guardian:VentSteam"],"picked":"Guardian:CrystalBeam","floor":15},{"not_picked":["Guardian:Gem_Lightblue","Guardian:WalkerClaw"],"picked":"Guardian:StasisField","floor":15},{"not_picked":["Guardian:Gem_Synthetic","Guardian:StasisField"],"picked":"Guardian:SphericShield","floor":16},{"not_picked":[],"picked":"Guardian:Gem_Green","floor":19},{"not_picked":[],"picked":"Guardian:Planning","floor":19},{"not_picked":[],"picked":"Guardian:Gem_Green","floor":20},{"not_picked":[],"picked":"Guardian:CrystalBeam","floor":20},{"not_picked":[],"picked":"Guardian:PrismaticBarrier","floor":22},{"not_picked":[],"picked":"Guardian:RollAttack+1","floor":23},{"not_picked":[],"picked":"Guardian:StasisStrike+1","floor":29},{"not_picked":[],"picked":"Guardian:PolyBeam+1","floor":29},{"not_picked":[],"picked":"Guardian:Repulse","floor":30},{"not_picked":[],"picked":"Guardian:WalkerClaw+1","floor":30},{"not_picked":[],"picked":"Guardian:Gem_Cyan","floor":31},{"not_picked":[],"picked":"Guardian:RollAttack+1","floor":31},{"not_picked":[],"picked":"Guardian:ArmoredProtocol","floor":32},{"not_picked":[],"picked":"Guardian:ShieldCharger","floor":32}],"player_experience":160309,"relics_obtained":[{"floor":7,"key":"Prayer Wheel"},{"floor":10,"key":"PreservedInsect"},{"floor":22,"key":"Molten Egg 2"},{"floor":24,"key":"WingedGreaves"}],"event_choices":[{"damage_healed":0,"gold_gain":0,"player_choice":"Copied","damage_taken":0,"max_hp_gain":0,"max_hp_loss":0,"event_name":"Duplicator","floor":21,"gold_loss":0,"cards_obtained":["Guardian:StasisField"]},{"cards_removed":["Guardian:StasisField"],"damage_healed":8,"gold_gain":0,"player_choice":"Offered Rare","damage_taken":0,"max_hp_gain":10,"max_hp_loss":0,"event_name":"Bonfire Elementals","floor":28,"gold_loss":0}],"is_beta":false,"boss_relics":[{"not_picked":["Snecko Eye","Empty Cage"],"picked":"Busted Crown"}],"items_purged_floors":[],"is_endless":false,"potions_floor_spawned":[4,14,15,16,20,29,30,31],"killed_by":"downfall:Ironclad","ascension_level":0}}