{"host":"w01vs80f19dvf8rn","time":1607954287,"event":{"mods":["BaseMod","Better Note","Colored Map","Colored Powertips","DeckTracker","Friendly Minions","Googly Eyes","Minty Spire (QoL Compilation)","Rare Cards Sparkle","StSLib","SuperFastMode","The Bug Knight","The Jungle"],"gold_per_floor":[118,135,145,145,160,189,189,221,247,265,279,9,9,9,9,108,108,127,138,153,153,169,169,169],"floor_reached":23,"playtime":1444,"items_purged":["HollowMod:NailStrikeStart"],"score":226,"play_id":"2767091c-dbb4-42c4-bb4f-cc7c1934a060","local_time":"20201214225807","is_ascension_mode":true,"campfire_choices":[{"data":"HollowMod:FocusHealStart","floor":7,"key":"SMITH"},{"data":"HollowMod:SoulSplash","floor":13,"key":"SMITH"},{"data":"Thinking Ahead","floor":15,"key":"SMITH"}],"circlet_count":0,"master_deck":["HollowMod:NailStrikeStart","HollowMod:NailStrikeStart","HollowMod:NailStrikeStart","HollowMod:QuickDashStart","HollowMod:QuickDashStart","HollowMod:QuickDashStart","HollowMod:FocusHealStart+1","HollowMod:PogoStrike","HollowMod:SoulMaster","HollowMod:CornifersMapStart","HollowMod:SoulSplash+1","HollowMod:GreatSlash","HollowMod:SoulStrike","HollowMod:SoulVessel","Thinking Ahead+1","HollowMod:AwokenDreamNail","HollowMod:PerfectDash","HollowMod:CornifersMapStart","HollowMod:SoulShaman"],"relics":["HollowMod:VesselMask","HornCleat","Lantern","Anchor","Membership Card","Sozu"],"acts_visited":["Exordium","TheCity"],"potions_floor_usage":[6,8,11],"damage_taken":[{"damage":0.0,"enemies":"Cultist","floor":1.0,"turns":4.0},{"damage":4.0,"enemies":"2 Louse","floor":2.0,"turns":4.0},{"damage":4.0,"enemies":"Small Slimes","floor":3.0,"turns":4.0},{"damage":2.0,"enemies":"Looter","floor":5.0,"turns":3.0},{"damage":16,"enemies":"Gremlin Nob","floor":6,"turns":3},{"damage":34,"enemies":"HollowMod:MossKnight","floor":8,"turns":13},{"damage":0,"enemies":"2 Fungi Beasts","floor":10,"turns":4},{"damage":0,"enemies":"Lots of Slimes","floor":11,"turns":2},{"damage":42,"enemies":"Slime Boss","floor":16,"turns":8},{"damage":12,"enemies":"2 Thieves","floor":18,"turns":3},{"damage":11,"enemies":"Spheric Guardian","floor":19,"turns":5},{"damage":31,"enemies":"Snake Plant","floor":20,"turns":5},{"damage":13,"enemies":"Snecko","floor":22,"turns":4},{"damage":48,"enemies":"Chosen and Byrds","floor":23,"turns":6}],"seed_played":"6641205603269123377","potions_obtained":[{"floor":2.0,"key":"Block Potion"},{"floor":3.0,"key":"DuplicationPotion"},{"floor":8,"key":"DistilledChaos"}],"is_trial":false,"path_per_floor":["M","M","M","?","M","E","R","E","T","M","M","$","R","?","R","B",null,"M","M","M","?","M","M"],"character_chosen":"THE_BUGKNIGHT","items_purchased":["Membership Card","Thinking Ahead"],"campfire_rested":0,"item_purchase_floors":[12,12],"current_hp_per_floor":[75,71,73,78,76,60,60,32,32,38,44,44,44,44,44,8,80,68,67,42,42,35,0,0],"gold":169,"neow_bonus":"ONE_RANDOM_RARE_CARD","is_daily":false,"chose_seed":false,"campfire_upgraded":3,"win_rate":0.0,"timestamp":1607954287,"path_taken":["M","M","M","?","M","E","R","E","T","M","M","$","R","?","R","BOSS","M","M","M","?","M","M"],"items_purchased_type":["Relic","Card"],"build_version":"2020-12-13","purchased_purges":1,"victory":false,"max_hp_per_floor":[75,75,75,80,80,80,80,80,80,80,80,80,80,80,80,80,80,80,80,80,80,80,80,80],"card_choices":[{"not_picked":["HollowMod:LifebloodCocoon","HollowMod:InfectedAttack","HollowMod:ShapeofUnn"],"picked":"SKIP","floor":1.0},{"not_picked":["HollowMod:CrystalDash","HollowMod:InfectedCysts"],"picked":"HollowMod:CornifersMapStart","floor":2.0},{"not_picked":["HollowMod:SiblingsSouls","HollowMod:NewJinnsSoul"],"picked":"HollowMod:SoulSplash","floor":3.0},{"not_picked":["HollowMod:InfectedCysts","HollowMod:TaintedHusks","HollowMod:GreatSlash"],"picked":"SKIP","floor":5.0},{"not_picked":["HollowMod:InfectedCysts","HollowMod:TaintedHusks"],"picked":"HollowMod:GreatSlash","floor":5.0},{"not_picked":["HollowMod:SharpenedShadows","HollowMod:PureVessel"],"picked":"HollowMod:SoulStrike","floor":6},{"not_picked":["HollowMod:CrystalDash","HollowMod:NewLittleFool"],"picked":"HollowMod:SoulVessel","floor":8},{"not_picked":["HollowMod:SoulStrike","HollowMod:CornifersMapStart","HollowMod:PureVessel"],"picked":"SKIP","floor":10},{"not_picked":["HollowMod:CycloneSlash","HollowMod:Grubsong","HollowMod:CornifersMapStart"],"picked":"SKIP","floor":11},{"not_picked":["HollowMod:HerrahsAnger","HollowMod:Hiveblood"],"picked":"HollowMod:AwokenDreamNail","floor":16},{"not_picked":["HollowMod:CycloneSlash","HollowMod:LuriensSpire"],"picked":"HollowMod:PerfectDash","floor":18},{"not_picked":["HollowMod:CoiledNail+1","HollowMod:HeavyBlow","HollowMod:DoubleDash"],"picked":"SKIP","floor":19},{"not_picked":["HollowMod:HeavyBlow","HollowMod:SharpenedShadows","HollowMod:GrimmsGift"],"picked":"SKIP","floor":20},{"not_picked":["HollowMod:InfectionAssault","HollowMod:MonarchWings"],"picked":"HollowMod:SoulShaman","floor":22}],"player_experience":643127,"relics_obtained":[{"floor":6,"key":"HornCleat"},{"floor":8,"key":"Lantern"},{"floor":9,"key":"Anchor"}],"event_choices":[{"damage_healed":0.0,"max_hp_gain":5.0,"max_hp_loss":0.0,"gold_gain":0.0,"event_name":"Big Fish","player_choice":"Donut","floor":4.0,"gold_loss":0.0,"damage_taken":0.0},{"cards_removed":["HollowMod:QuickDashStart"],"damage_healed":0,"gold_gain":0,"player_choice":"Forget","damage_taken":0,"max_hp_gain":0,"max_hp_loss":0,"event_name":"Living Wall","floor":14,"gold_loss":0},{"damage_healed":0,"gold_gain":0,"player_choice":"Read","damage_taken":0,"max_hp_gain":0,"max_hp_loss":0,"event_name":"The Library","floor":21,"gold_loss":0,"cards_obtained":["HollowMod:CornifersMapStart"]}],"is_beta":false,"boss_relics":[{"not_picked":["Empty Cage","Philosopher\u0027s Stone"],"picked":"Sozu"}],"items_purged_floors":[12],"is_endless":false,"potions_floor_spawned":[2,3,8,18],"killed_by":"Chosen and Byrds","ascension_level":2}}