{"host":"usrgk25etjl0nf5i","time":1607916664,"event":{"mods":["2.2 Compatiblity","BaseMod","Downfall","Hermit","Hubris","Minty Spire (QoL Compilation)","StSLib","SuperFastMode","The Disciple","The Hierophant"],"gold_per_floor":[12,12,12,12,30,55,55,67,67,67,93,25,300,331,331,426,426,437,437,437,126,141,170,170,190,217,217,237,262,55,88,88,187,187,200,250,300,575,587,587,614,614,614,626,167,167,187,200,200,200],"floor_reached":51,"playtime":2396,"items_purged":["Pain"],"score":1255,"play_id":"0b188a8e-6710-4010-a2b7-52d4e590b381","local_time":"20201213193104","is_ascension_mode":true,"campfire_choices":[{"data":"Fiend Fire","floor":7,"key":"SMITH"},{"floor":15,"key":"REST"},{"data":"Limit Break","floor":24,"key":"SMITH"},{"data":"Dark Embrace","floor":27,"key":"SMITH"},{"floor":32,"key":"REST"},{"floor":40,"key":"REST"},{"data":"Limit Break","floor":42,"key":"SMITH"},{"data":"Fiend Fire","floor":49,"key":"SMITH"}],"circlet_count":0,"master_deck":["AscendersBane","Strike_R+1","Strike_R+1","Strike_R+1","Strike_R+1","Strike_R+1","Defend_R+1","Defend_R+1","Defend_R+1","Defend_R+1","Bash+1","Fiend Fire+1","True Grit+1","Regret","Thunderclap","Anger","Pummel","Sentinel","Dark Embrace+1","Regret","Infernal Blade","Limit Break+1","RitualDagger","Secret Weapon","Flex","Burning Pact+1","Pummel","Reaper","expansioncontent:DashGenerateEvil","Pummel","Limit Break+1","Berserk","Heavy Blade+1","Sentinel","Intimidate+1","Regret","Fiend Fire+1","Berserk","Sentinel+1","Warcry","expansioncontent:QuickStudy","Flame Barrier"],"relics":["Burning Blood","White Beast Statue","hubris:Icosahedron","WarpedTongs","CaptainsWheel","Shuriken","Singing Bowl","Whetstone","expansioncontent:StudyCardRelic","Vajra","PreservedInsect","Pocketwatch","Red Mask","Black Star","hubris:Teleporter","hubris:Potato","Gremlin Horn","Centennial Puzzle","hubris:TinFlute","hubris:CrystalStatue","Toy Ornithopter"],"acts_visited":["Exordium","TheCity","TheBeyond"],"potions_floor_usage":[11,14,16,16,18,22,23,28,28,33,33,35,36,41,44,50,50],"damage_taken":[{"damage":1,"enemies":"Small Slimes","floor":1,"turns":4},{"damage":6,"enemies":"Jaw Worm","floor":5,"turns":4},{"damage":34,"enemies":"Lagavulin","floor":6,"turns":7},{"damage":0,"enemies":"Cultist","floor":8,"turns":2},{"damage":17,"enemies":"Gremlin Nob","floor":11,"turns":4},{"damage":39,"enemies":"Lagavulin","floor":14,"turns":8},{"damage":28,"enemies":"Hexaghost","floor":16,"turns":7},{"damage":11,"enemies":"3 Byrds","floor":18,"turns":4},{"damage":3,"enemies":"Chosen","floor":22,"turns":3},{"damage":10,"enemies":"Book of Stabbing","floor":23,"turns":2},{"damage":1,"enemies":"Snake Plant","floor":25,"turns":2},{"damage":14,"enemies":"Cultist and Chosen","floor":28,"turns":2},{"damage":23,"enemies":"Slavers","floor":29,"turns":3},{"damage":0,"enemies":"Masked Bandits","floor":31,"turns":2},{"damage":24,"enemies":"Automaton","floor":33,"turns":8},{"damage":7,"enemies":"Orb Walker","floor":35,"turns":3},{"damage":29,"enemies":"2 Orb Walkers","floor":36,"turns":4},{"damage":35,"enemies":"Mind Bloom Boss Battle","floor":37,"turns":3},{"damage":6,"enemies":"3 Shapes","floor":39,"turns":5},{"damage":0,"enemies":"Giant Head","floor":41,"turns":4},{"damage":13,"enemies":"Spire Growth","floor":44,"turns":4},{"damage":4,"enemies":"Transient","floor":47,"turns":5},{"damage":8,"enemies":"3 Darklings","floor":48,"turns":2},{"damage":76,"enemies":"Time Eater","floor":50,"turns":6}],"seed_played":"5589776213804784339","potions_obtained":[{"floor":5,"key":"Block Potion"},{"floor":6,"key":"Regen Potion"},{"floor":8,"key":"CultistPotion"},{"floor":11,"key":"Dexterity Potion"},{"floor":14,"key":"FearPotion"},{"floor":16,"key":"LiquidMemories"},{"floor":18,"key":"SteroidPotion"},{"floor":22,"key":"Slimebound:ThreeZeroPotion"},{"floor":23,"key":"Explosive Potion"},{"floor":25,"key":"champ:CounterPotion"},{"floor":28,"key":"ElixirPotion"},{"floor":29,"key":"Weak Potion"},{"floor":31,"key":"BlessingOfTheForge"},{"floor":33,"key":"AttackPotion"},{"floor":35,"key":"Fruit Juice"},{"floor":36,"key":"PowerPotion"},{"floor":37,"key":"Ancient Potion"},{"floor":39,"key":"BloodPotion"},{"floor":41,"key":"ColorlessPotion"},{"floor":44,"key":"BlessingOfTheForge"},{"floor":48,"key":"Energy Potion"}],"is_trial":false,"path_per_floor":["M","?","?","?","M","E","R","M","T","?","E","$","?","E","R","B",null,"M","?","?","$","M","E","R","M","T","R","M","E","$","?","R","B",null,"M","?","?","?","M","R","E","R","T","M","$","?","M","M","R","B",null],"character_chosen":"IRONCLAD","items_purchased":["Dark Embrace","Secret Weapon","Flex","expansioncontent:DashGenerateEvil","Pummel","hubris:CrystalStatue","Warcry","Toy Ornithopter"],"campfire_rested":3,"item_purchase_floors":[12,21,21,30,30,45,45,45],"current_hp_per_floor":[77,77,77,77,77,49,49,55,55,39,40,40,40,7,31,9,62,59,59,53,53,56,54,54,59,59,59,51,36,36,42,67,76,84,83,75,46,46,46,73,91,91,91,91,91,91,93,91,91,46],"gold":200,"neow_bonus":"THREE_RARE_CARDS","is_daily":false,"chose_seed":false,"campfire_upgraded":5,"win_rate":0.0,"timestamp":1607916664,"path_taken":["M","?","?","?","?","E","R","?","T","?","E","$","?","E","R","BOSS","M","?","?","$","M","E","R","M","T","R","M","E","$","?","R","BOSS","M","?","?","?","M","R","E","R","T","?","$","?","M","M","R","BOSS"],"items_purchased_type":["Card","Card","Card","Card","Card","Relic","Card","Relic"],"build_version":"2020-11-30","purchased_purges":1,"victory":true,"max_hp_per_floor":[80,80,80,80,80,80,80,80,80,80,80,80,80,80,80,80,80,82,82,82,82,82,84,84,84,84,84,84,86,86,86,86,86,86,86,91,91,91,91,91,91,91,91,91,91,91,93,93,93,93],"card_choices":[{"not_picked":["Double Tap","Bludgeon"],"picked":"Fiend Fire","floor":0},{"not_picked":["Clash","Cleave"],"picked":"True Grit","floor":1},{"not_picked":["Iron Wave","Combust"],"picked":"Thunderclap","floor":5},{"not_picked":["Hemokinesis","Heavy Blade"],"picked":"Anger","floor":6},{"not_picked":["Anger","Clash"],"picked":"Pummel","floor":8},{"not_picked":["Clothesline","Burning Pact"],"picked":"Sentinel","floor":11},{"not_picked":["Dropkick","Reckless Charge"],"picked":"Infernal Blade","floor":14},{"not_picked":["Feed","Bludgeon"],"picked":"Limit Break","floor":16},{"not_picked":["Searing Blow","Body Slam","Headbutt"],"picked":"Singing Bowl","floor":18},{"not_picked":["Body Slam","Armaments"],"picked":"Burning Pact+1","floor":22},{"not_picked":["Clothesline+1","Reckless Charge","Body Slam"],"picked":"Singing Bowl","floor":23},{"not_picked":["Body Slam","Rampage+1"],"picked":"Pummel","floor":25},{"not_picked":["Rampage+1","Warcry"],"picked":"Reaper","floor":28},{"not_picked":["Twin Strike+1","Clash","Evolve"],"picked":"Singing Bowl","floor":29},{"not_picked":["Armaments","Twin Strike"],"picked":"Limit Break","floor":31},{"not_picked":["Immolate","Impervious"],"picked":"Berserk","floor":33},{"not_picked":["Havoc+1","Flex+1"],"picked":"Heavy Blade+1","floor":35},{"not_picked":["Wild Strike+1","Flex"],"picked":"Sentinel","floor":36},{"not_picked":["Pommel Strike","Reckless Charge+1"],"picked":"Intimidate+1","floor":37},{"not_picked":["Pommel Strike","Havoc+1"],"picked":"Fiend Fire","floor":39},{"not_picked":["Clash+1","Flex"],"picked":"Berserk","floor":41},{"not_picked":["Spot Weakness","Rampage+1"],"picked":"Sentinel+1","floor":44},{"not_picked":["expansioncontent:DonusPower","Madness"],"picked":"expansioncontent:QuickStudy","floor":46},{"not_picked":["Clothesline+1","Perfected Strike","Shrug It Off"],"picked":"Singing Bowl","floor":47},{"not_picked":["Cleave","hubris:CleavingFinish+1"],"picked":"Flame Barrier","floor":48}],"player_experience":640213,"relics_obtained":[{"floor":6,"key":"CaptainsWheel"},{"floor":9,"key":"Shuriken"},{"floor":11,"key":"Singing Bowl"},{"floor":14,"key":"Whetstone"},{"floor":23,"key":"Vajra"},{"floor":26,"key":"PreservedInsect"},{"floor":29,"key":"Pocketwatch"},{"floor":31,"key":"Red Mask"},{"floor":36,"key":"hubris:Teleporter"},{"floor":37,"key":"hubris:Potato"},{"floor":41,"key":"Gremlin Horn"},{"floor":41,"key":"Centennial Puzzle"},{"floor":43,"key":"hubris:TinFlute"}],"event_choices":[{"damage_healed":0,"gold_gain":0,"player_choice":"Box","damage_taken":0,"relics_obtained":["White Beast Statue"],"max_hp_gain":0,"max_hp_loss":0,"event_name":"Big Fish","floor":2,"gold_loss":0,"cards_obtained":["Regret"]},{"damage_healed":0,"gold_gain":0,"player_choice":"Rummage","damage_taken":0,"relics_obtained":["WarpedTongs"],"max_hp_gain":0,"max_hp_loss":0,"event_name":"Accursed Blacksmith","floor":4,"gold_loss":0,"cards_obtained":["Pain"]},{"damage_healed":0,"gold_gain":0,"player_choice":"Entered Light","damage_taken":16,"max_hp_gain":0,"max_hp_loss":0,"event_name":"Shining Light","floor":10,"gold_loss":0,"cards_upgraded":["Defend_R","True Grit"]},{"damage_healed":0,"gold_gain":275,"player_choice":"Desecrate","damage_taken":0,"max_hp_gain":0,"max_hp_loss":0,"event_name":"Golden Shrine","floor":13,"gold_loss":0,"cards_obtained":["Regret"]},{"damage_healed":0,"gold_gain":0,"player_choice":"Simplicity","damage_taken":0,"max_hp_gain":0,"max_hp_loss":0,"event_name":"Back to Basics","floor":19,"gold_loss":0,"cards_upgraded":["Strike_R","Strike_R","Strike_R","Strike_R","Defend_R","Defend_R","Defend_R"]},{"damage_healed":0,"gold_gain":0,"player_choice":"Joined the Cult","damage_taken":6,"max_hp_gain":0,"max_hp_loss":0,"event_name":"Nest","floor":20,"gold_loss":0,"cards_obtained":["RitualDagger"]},{"damage_healed":0,"gold_gain":0,"player_choice":"Fought Bandits","damage_taken":0,"max_hp_gain":0,"max_hp_loss":0,"event_name":"Masked Bandits","floor":31,"gold_loss":0},{"damage_healed":0,"gold_gain":0,"player_choice":"Fight","damage_taken":0,"max_hp_gain":0,"max_hp_loss":0,"event_name":"Mysterious Sphere","floor":36,"gold_loss":0},{"damage_healed":0,"gold_gain":0,"player_choice":"Fight","damage_taken":0,"max_hp_gain":0,"max_hp_loss":0,"event_name":"MindBloom","floor":37,"gold_loss":0},{"damage_healed":0,"gold_gain":275,"player_choice":"Desecrate","damage_taken":0,"max_hp_gain":0,"max_hp_loss":0,"event_name":"Golden Shrine","floor":38,"gold_loss":0,"cards_obtained":["Regret"]},{"damage_healed":0,"gold_gain":0,"player_choice":"Memory 1","damage_taken":0,"max_hp_gain":0,"max_hp_loss":0,"event_name":"SensoryStone","floor":46,"gold_loss":0}],"is_beta":false,"boss_relics":[{"not_picked":["Velvet Choker","hubris:VirtuousBlindfold"],"picked":"expansioncontent:StudyCardRelic"},{"not_picked":["hubris:BlackHole","Empty Cage"],"picked":"Black Star"}],"items_purged_floors":[21],"is_endless":false,"potions_floor_spawned":[5,6,8,11,14,16,18,22,23,25,28,29,31,33,35,36,37,39,41,44,47,48],"ascension_level":11}}