{"host":"y89x8uui45kcjy42","time":1607941619,"event":{"mods":["2.2 Compatiblity","BaseMod","Colored Map","Colored Powertips","Friendly Minions","Hermit","Highlight Path","Keyboard Shortcuts","Minty Spire (QoL Compilation)","StSLib","SuperFastMode","Waifu the Spire"],"gold_per_floor":[16,16,33,45,45,45,220,145,145,172,172,201,201,219,219,219,219],"floor_reached":16,"playtime":623,"items_purged":["hermit:Strike_Hermit"],"score":140,"play_id":"bb0bfae5-d953-4885-9d53-32abbda067b1","local_time":"20201214192659","is_ascension_mode":true,"campfire_choices":[{"data":"hermit:Covet","floor":6,"key":"SMITH"},{"data":"hermit:ShadowCloak","floor":11,"key":"SMITH"},{"data":"hermit:Snipe","floor":13,"key":"SMITH"},{"data":"hermit:Deadeye","floor":15,"key":"SMITH"}],"circlet_count":0,"master_deck":["hermit:Strike_Hermit","hermit:Defend_Hermit","hermit:Defend_Hermit","hermit:Defend_Hermit","hermit:Snapshot","hermit:Covet+1","hermit:Deadeye+1","hermit:HighCaliber","hermit:Snipe+1","hermit:ShadowCloak+1","Doubt","hermit:Misfire","hermit:Gambit","hermit:SprayPray"],"relics":["hermit:Momento","Question Card","Du-Vu Doll","Pear","Shuriken"],"acts_visited":["Exordium"],"potions_floor_usage":[12],"damage_taken":[{"damage":2,"enemies":"2 Louse","floor":1,"turns":3},{"damage":0,"enemies":"Cultist","floor":3,"turns":4},{"damage":15,"enemies":"Small Slimes","floor":4,"turns":3},{"damage":22,"enemies":"3 Sentries","floor":10,"turns":10},{"damage":0,"enemies":"Lagavulin","floor":12,"turns":6},{"damage":13,"enemies":"Exordium Wildlife","floor":14,"turns":3},{"damage":25,"enemies":"Slime Boss","floor":16,"turns":8}],"seed_played":"9145455302694901868","potions_obtained":[{"floor":10,"key":"DistilledChaos"},{"floor":12,"key":"Swift Potion"}],"is_trial":false,"path_per_floor":["M","?","M","M","?","R","?","$","T","E","R","E","R","M","R","B"],"character_chosen":"HERMIT","items_purchased":[],"campfire_rested":0,"item_purchase_floors":[],"current_hp_per_floor":[73,73,73,58,46,46,46,46,46,34,34,34,34,21,21,0,0],"gold":219,"neow_bonus":"TRANSFORM_TWO_CARDS","is_daily":false,"chose_seed":false,"campfire_upgraded":4,"win_rate":0.0,"timestamp":1607941619,"path_taken":["M","?","?","M","?","R","?","?","T","E","R","E","R","M","R","BOSS"],"items_purchased_type":[],"build_version":"2020-12-13","purchased_purges":1,"victory":false,"max_hp_per_floor":[75,75,75,75,75,75,75,75,75,85,85,85,85,85,85,85,85],"card_choices":[{"not_picked":["hermit:Ricochet","hermit:HighCaliber"],"picked":"hermit:Snipe","floor":1},{"not_picked":["hermit:Roulette","hermit:Headshot","hermit:Ricochet"],"picked":"SKIP","floor":3},{"not_picked":["hermit:HeroicBravado","hermit:LowProfile","hermit:HighCaliber"],"picked":"SKIP","floor":4},{"not_picked":["hermit:BigShot","hermit:HighCaliber","hermit:Dive"],"picked":"hermit:Misfire","floor":10},{"not_picked":["hermit:Scavenge","hermit:Midnight","hermit:GoldenBullet"],"picked":"hermit:Gambit","floor":12},{"not_picked":["hermit:Gestalt","hermit:Snipe","hermit:Ricochet"],"picked":"hermit:SprayPray","floor":14}],"player_experience":494159,"relics_obtained":[{"floor":9,"key":"Du-Vu Doll"},{"floor":10,"key":"Pear"},{"floor":12,"key":"Shuriken"}],"event_choices":[{"damage_healed":0,"gold_gain":0,"cards_transformed":["hermit:Strike_Hermit"],"player_choice":"Transformed","damage_taken":0,"max_hp_gain":0,"max_hp_loss":0,"event_name":"Transmorgrifier","floor":2,"gold_loss":0,"cards_obtained":["hermit:ShadowCloak"]},{"damage_healed":0,"gold_gain":0,"player_choice":"Success","damage_taken":12,"relics_obtained":["Question Card"],"max_hp_gain":0,"max_hp_loss":0,"event_name":"Scrap Ooze","floor":5,"gold_loss":0},{"damage_healed":0,"gold_gain":175,"player_choice":"AGREE","damage_taken":0,"max_hp_gain":0,"max_hp_loss":0,"event_name":"Liars Game","floor":7,"gold_loss":0,"cards_obtained":["Doubt"]}],"is_beta":false,"boss_relics":[],"items_purged_floors":[8],"is_endless":false,"potions_floor_spawned":[10,12],"killed_by":"Slime Boss","ascension_level":1}}