{"host":"tthpht10oetb1q7t","time":1607946880,"event":{"mods":["AchievementEnabler","BaseMod","GifTheSpireLib","Hubris","Koishi","Minty Spire (QoL Compilation)","Permanent Neow","Quick Restart","Replay The Spire","StSLib","SuperFastMode","The Animator"],"gold_per_floor":[119,139,24,41,54,54,84,84,84,34,45,45,65,65,65,65,65],"floor_reached":16,"playtime":2741,"items_purged":["Koishi:BasicStrike"],"score":102,"play_id":"a0f6252c-00d9-49d4-bce6-cc21e7bdb969","local_time":"20201214125440","is_ascension_mode":false,"campfire_choices":[{"data":"Koishi:Untouchable","floor":6,"key":"SMITH"},{"data":"Koishi:ImGoingToCallYouNow","floor":8,"key":"SMITH"},{"data":"Koishi:BloodcurdlingScream","floor":12,"key":"SMITH"},{"data":"Koishi:StingingMind","floor":15,"key":"SMITH"}],"circlet_count":0,"master_deck":["Koishi:BasicStrike","Koishi:BasicStrike","Koishi:BasicDefend","Koishi:BasicDefend","Koishi:BasicDefend","Koishi:BasicDefend","Koishi:Provoke","Koishi:HauntingSlash+1","Koishi:BloodcurdlingScream+1","Koishi:SubconsciousSweep","Koishi:Untouchable+1","Koishi:ParalyzingFear","Koishi:ImGoingToCallYouNow+1","Koishi:DreadfulBlow","Koishi:StingingMind","Koishi:StingingMind+1"],"relics":["Koishi:ImaginaryFriend","Question Card","hubris:Icosahedron"],"acts_visited":["Exordium"],"potions_floor_usage":[5],"damage_taken":[{"damage":1,"enemies":"2 Louse","floor":1,"turns":3},{"damage":0,"enemies":"Small Slimes","floor":2,"turns":2},{"damage":11,"enemies":"Jaw Worm","floor":4,"turns":2},{"damage":0,"enemies":"Large Slime","floor":5,"turns":5},{"damage":37,"enemies":"Gremlin Nob","floor":7,"turns":6},{"damage":10,"enemies":"2 Fungi Beasts","floor":11,"turns":3},{"damage":5,"enemies":"3 Louse","floor":13,"turns":3},{"damage":34,"enemies":"The Guardian","floor":16,"turns":9}],"seed_played":"4835838087285804085","potions_obtained":[{"floor":2,"key":"AttackPotion"},{"floor":4,"key":"Toxic Potion"}],"is_trial":false,"path_per_floor":["M","M","$","M","M","R","E","R","T","?","M","R","M","?","R","B"],"character_chosen":"KOISHI","items_purchased":["Koishi:Untouchable"],"campfire_rested":0,"item_purchase_floors":[3],"current_hp_per_floor":[60,60,60,51,53,53,24,24,24,24,19,19,29,29,29,0,0],"gold":65,"neow_bonus":"UPGRADE_CARD","is_daily":false,"chose_seed":false,"campfire_upgraded":4,"win_rate":0.0,"timestamp":1607946880,"path_taken":["M","M","$","M","M","R","E","R","T","?","M","R","M","?","R","BOSS"],"items_purchased_type":["Card"],"build_version":"2020-12-13","purchased_purges":1,"victory":false,"max_hp_per_floor":[60,60,60,60,60,60,60,60,60,60,60,60,60,60,60,60,60],"card_choices":[{"not_picked":["Koishi:SubconsciousSweep","Koishi:Jaunt"],"picked":"Koishi:BloodcurdlingScream","floor":1},{"not_picked":["Koishi:UnconsciousUprising","Koishi:RorschachInDanmaku"],"picked":"Koishi:SubconsciousSweep","floor":2},{"not_picked":["Koishi:ApparitionsStalkTheNight","Koishi:StrangeCloudFist"],"picked":"Koishi:ParalyzingFear","floor":4},{"not_picked":["Koishi:StrangeCloudFist","Koishi:GeneticsOfTheUnconscious"],"picked":"Koishi:ImGoingToCallYouNow","floor":5},{"not_picked":["Koishi:FreudianInstinct","Koishi:Vanish"],"picked":"Koishi:DreadfulBlow","floor":7},{"not_picked":["Koishi:Possession","Koishi:MassHysteria","Koishi:SpiritedAway"],"picked":"Koishi:StingingMind","floor":11},{"not_picked":["Koishi:ReflexRadar","Koishi:ParalyzingFear","Koishi:VengefulSpirit"],"picked":"Koishi:StingingMind","floor":13}],"player_experience":64993,"relics_obtained":[{"floor":7,"key":"Question Card"}],"event_choices":[{"cards_removed":["Koishi:BasicStrike"],"damage_healed":0,"gold_gain":0,"player_choice":"Card Removal","damage_taken":0,"max_hp_gain":0,"max_hp_loss":0,"event_name":"The Cleric","floor":10,"gold_loss":50}],"is_beta":false,"boss_relics":[],"items_purged_floors":[3],"is_endless":false,"potions_floor_spawned":[2,4],"killed_by":"The Guardian","ascension_level":0}}