{"host":"utqe55yv0jihe4d6","time":1607918930,"event":{"mods":["2.2 Compatiblity","AchievementEnabler","BaseMod","Block Reminder","Colored Map","Colored Powertips","Minty Spire (QoL Compilation)","Quick Restart","Rare Cards Sparkle","Relic Stats","SuperFastMode"],"gold_per_floor":[115,40,57,57,68,103,123,157,184,184,215,233,248,248,248,248,248],"floor_reached":16,"playtime":507,"items_purged":["Injury"],"score":273,"play_id":"0fa3481d-979d-4abb-ae38-591c137e3db8","local_time":"20201213230850","is_ascension_mode":true,"campfire_choices":[{"floor":10,"key":"REST"},{"floor":15,"key":"REST"}],"circlet_count":0,"master_deck":["AscendersBane","Strike_R","Strike_R","Strike_R","Strike_R","Strike_R","Defend_R","Defend_R","Defend_R","Defend_R","Bash","Feed","Pommel Strike","Cleave","Thunderclap","Metallicize","Exhume","Intimidate"],"relics":["Burning Blood","Prayer Wheel","MealTicket","Bag of Preparation","Lantern"],"acts_visited":["Exordium"],"potions_floor_usage":[8,12,14],"damage_taken":[{"damage":4.0,"enemies":"Small Slimes","floor":1.0,"turns":4.0},{"damage":9.0,"enemies":"Jaw Worm","floor":3.0,"turns":6.0},{"damage":1.0,"enemies":"Cultist","floor":5.0,"turns":3.0},{"damage":20.0,"enemies":"3 Sentries","floor":6.0,"turns":7.0},{"damage":27.0,"enemies":"Exordium Wildlife","floor":7.0,"turns":6.0},{"damage":31,"enemies":"Gremlin Nob","floor":8,"turns":4},{"damage":60,"enemies":"Lagavulin","floor":11,"turns":9},{"damage":7,"enemies":"Blue Slaver","floor":12,"turns":3},{"damage":2,"enemies":"2 Fungi Beasts","floor":13,"turns":4},{"damage":0,"enemies":"Gremlin Gang","floor":14,"turns":1},{"damage":55,"enemies":"Slime Boss","floor":16,"turns":9}],"seed_played":"-7625677782746016685","potions_obtained":[{"floor":1.0,"key":"AttackPotion"},{"floor":6.0,"key":"BlessingOfTheForge"},{"floor":7.0,"key":"SmokeBomb"},{"floor":11,"key":"EssenceOfSteel"},{"floor":13,"key":"SmokeBomb"}],"is_trial":false,"path_per_floor":["M","$","M","?","M","E","M","E","T","R","E","M","M","M","R","B"],"character_chosen":"IRONCLAD","items_purchased":[],"campfire_rested":2,"item_purchase_floors":[],"current_hp_per_floor":[73,73,73,78,83,72,54,33,33,61,10,9,13,22,52,0,0],"gold":248,"neow_bonus":"THREE_RARE_CARDS","is_daily":false,"chose_seed":false,"campfire_upgraded":0,"win_rate":0.0,"timestamp":1607918930,"path_taken":["M","$","M","?","M","E","M","E","T","R","E","M","M","M","R","BOSS"],"items_purchased_type":[],"build_version":"2020-11-30","purchased_purges":1,"victory":false,"max_hp_per_floor":[78,78,81,86,86,89,92,96,96,96,99,99,99,102,102,102,102],"relic_stats":{"counters":[11,56],"Prayer Wheel":3,"MealTicket":0,"Bag of Preparation":[10],"obtain_stats":[{"Lantern":11,"Prayer Wheel":6,"MealTicket":8,"Bag of Preparation":9,"Burning Blood":0},{"Lantern":7,"Prayer Wheel":4,"MealTicket":6,"Bag of Preparation":6,"Burning Blood":0},{"Lantern":39,"Prayer Wheel":20,"MealTicket":30,"Bag of Preparation":30,"Burning Blood":0}],"Burning Blood":60},"card_choices":[{"not_picked":["Barricade","Juggernaut"],"picked":"Feed","floor":0.0},{"not_picked":["Perfected Strike","Clash"],"picked":"Pommel Strike","floor":1.0},{"not_picked":["Blood for Blood","Headbutt"],"picked":"Cleave","floor":3.0},{"not_picked":["Pummel","Twin Strike"],"picked":"Thunderclap","floor":5.0},{"not_picked":["Pommel Strike","Wild Strike"],"picked":"Metallicize","floor":6.0},{"not_picked":["Headbutt","Searing Blow"],"picked":"Exhume","floor":7.0},{"not_picked":["Havoc","Perfected Strike","Searing Blow"],"picked":"SKIP","floor":7.0},{"not_picked":["Hemokinesis","Armaments","Pommel Strike"],"picked":"SKIP","floor":8},{"not_picked":["Combust","Entrench","Rampage"],"picked":"SKIP","floor":11},{"not_picked":["Heavy Blade","Sword Boomerang","Ghostly Armor"],"picked":"SKIP","floor":12},{"not_picked":["Pommel Strike","Heavy Blade","Pummel"],"picked":"SKIP","floor":12},{"not_picked":["Heavy Blade","Wild Strike"],"picked":"Intimidate","floor":13},{"not_picked":["Reckless Charge","Entrench","Warcry"],"picked":"SKIP","floor":13}],"player_experience":2758969,"relics_obtained":[{"floor":6.0,"key":"Prayer Wheel"},{"floor":8,"key":"MealTicket"},{"floor":9,"key":"Bag of Preparation"},{"floor":11,"key":"Lantern"}],"event_choices":[{"damage_healed":0.0,"max_hp_gain":5.0,"max_hp_loss":0.0,"gold_gain":0.0,"event_name":"Big Fish","player_choice":"Donut","floor":4.0,"gold_loss":0.0,"damage_taken":0.0}],"is_beta":false,"boss_relics":[],"items_purged_floors":[2],"is_endless":false,"potions_floor_spawned":[1,6,7,11,13],"killed_by":"Slime Boss","ascension_level":20}}