{"host":"1bnrkmg0bmhwam8n","time":1607922675,"event":{"mods":["2.2 Compatiblity","BaseMod","Colored Map","Infinite Spire","Minty Spire (QoL Compilation)","Quick Restart","StSLib"],"gold_per_floor":[113,188,110,110,110,110,145,145,168,180,180,200,216,228,228,331,331,342,342,186,199,199,225,236,236,236],"floor_reached":25,"playtime":645,"items_purged":[],"score":283,"play_id":"db69a665-677a-4b4c-9aed-21ae651b5bbf","local_time":"20201213231115","is_ascension_mode":true,"campfire_choices":[{"data":"Accuracy","floor":6,"key":"SMITH"},{"floor":15,"key":"REST"}],"circlet_count":0,"master_deck":["Strike_G","Strike_G","Strike_G","Strike_G+1","Strike_G","Defend_G+1","Defend_G","Defend_G","Defend_G","Defend_G","Survivor","Blur","Accuracy+1","Adrenaline","Blade Dance","Footwork","Blade Dance+1","Accuracy+1","Dodge and Roll"],"relics":["Ring of the Snake","NeowsBlessing","Dream Catcher","Darkstone Periapt","Centennial Puzzle","StrikeDummy","Empty Cage","Membership Card","infinitespire:PuzzleCube"],"acts_visited":["Exordium","TheCity"],"potions_floor_usage":[24,24,25],"damage_taken":[{"damage":0,"enemies":"Small Slimes","floor":1,"turns":1},{"damage":0,"enemies":"3 Sentries","floor":7,"turns":1},{"damage":0,"enemies":"Jaw Worm","floor":10,"turns":1},{"damage":0,"enemies":"2 Louse","floor":12,"turns":2},{"damage":0,"enemies":"Red Slaver","floor":13,"turns":4},{"damage":0,"enemies":"Exordium Wildlife","floor":14,"turns":3},{"damage":15,"enemies":"Slime Boss","floor":16,"turns":9},{"damage":14,"enemies":"Shell Parasite","floor":18,"turns":7},{"damage":2,"enemies":"Chosen","floor":21,"turns":3},{"damage":47,"enemies":"Book of Stabbing","floor":23,"turns":6},{"damage":0,"enemies":"Snecko","floor":24,"turns":7},{"damage":10,"enemies":"Centurion and Healer","floor":25,"turns":3}],"seed_played":"-8034925407874953977","potions_obtained":[{"floor":1,"key":"EssenceOfSteel"},{"floor":12,"key":"Dexterity Potion"},{"floor":13,"key":"SteroidPotion"}],"is_trial":false,"path_per_floor":["M","?","$","?","?","R","E","?","T","M","T","M","M","M","R","B",null,"M","?","$","M","?","E","M","M"],"character_chosen":"THE_SILENT","items_purchased":["Accuracy","Membership Card"],"campfire_rested":1,"item_purchase_floors":[3,20],"current_hp_per_floor":[70,59,59,45,45,45,45,45,45,45,45,45,45,45,66,51,70,56,56,56,54,54,7,7,0,0],"gold":236,"neow_bonus":"THREE_ENEMY_KILL","is_daily":false,"chose_seed":false,"campfire_upgraded":1,"win_rate":0.0,"timestamp":1607922675,"path_taken":["M","?","$","?","?","R","E","?","T","?","?","M","M","M","R","BOSS","M","?","$","?","?","E","M","M"],"items_purchased_type":["Card","Relic"],"build_version":"2020-12-13","purchased_purges":0,"victory":false,"max_hp_per_floor":[70,70,70,70,70,70,70,70,70,70,70,70,70,70,70,70,70,70,70,70,70,70,70,70,70,70],"card_choices":[{"not_picked":["Acrobatics","Bane"],"picked":"Blur","floor":1},{"not_picked":["Endless Agony","Dagger Throw"],"picked":"Adrenaline","floor":7},{"not_picked":["Backstab","Outmaneuver","Dagger Spray"],"picked":"SKIP","floor":10},{"not_picked":["Flying Knee","Dodge and Roll"],"picked":"Blade Dance","floor":12},{"not_picked":["PiercingWail","Concentrate"],"picked":"Footwork","floor":13},{"not_picked":["Quick Slash","Dagger Throw","Distraction"],"picked":"SKIP","floor":14},{"not_picked":["Deflect","Heel Hook"],"picked":"Blade Dance+1","floor":18},{"not_picked":["Terror","Sucker Punch+1","Noxious Fumes+1"],"picked":"SKIP","floor":21},{"not_picked":["Footwork+1","Slice+1"],"picked":"Dodge and Roll","floor":23},{"not_picked":["Deflect","Flying Knee","Dodge and Roll+1"],"picked":"SKIP","floor":24}],"player_experience":386935,"relics_obtained":[{"floor":5,"key":"Dream Catcher"},{"floor":7,"key":"Darkstone Periapt"},{"floor":9,"key":"Centennial Puzzle"},{"floor":11,"key":"StrikeDummy"},{"floor":23,"key":"infinitespire:PuzzleCube"}],"event_choices":[{"damage_healed":0,"gold_gain":75,"player_choice":"Gather Gold","damage_taken":11,"max_hp_gain":0,"max_hp_loss":0,"event_name":"World of Goop","floor":2,"gold_loss":0},{"damage_healed":0,"gold_gain":0,"player_choice":"Entered Light","damage_taken":14,"max_hp_gain":0,"max_hp_loss":0,"event_name":"Shining Light","floor":4,"gold_loss":0,"cards_upgraded":["Strike_G","Defend_G"]},{"damage_healed":0,"gold_gain":0,"player_choice":"1 cards matched","damage_taken":0,"max_hp_gain":0,"max_hp_loss":0,"event_name":"Match and Keep!","floor":8,"gold_loss":0,"cards_obtained":["Neutralize"]},{"damage_healed":0,"gold_gain":0,"player_choice":"Copied","damage_taken":0,"max_hp_gain":0,"max_hp_loss":0,"event_name":"Duplicator","floor":19,"gold_loss":0,"cards_obtained":["Accuracy"]},{"damage_healed":0,"gold_gain":0,"player_choice":"Ignored","damage_taken":0,"max_hp_gain":0,"max_hp_loss":0,"event_name":"Cursed Tome","floor":22,"gold_loss":0}],"is_beta":false,"boss_relics":[{"not_picked":["Runic Dome","Snecko Eye"],"picked":"Empty Cage"}],"items_purged_floors":[],"is_endless":false,"potions_floor_spawned":[1,12,13,18,21],"killed_by":"Centurion and Healer","ascension_level":3}}