{"host":"is2s59edl8twrhoj","time":1607984934,"event":{"mods":["BaseMod","Colored Map","Colored Powertips","DeckTracker","Minty Spire (QoL Compilation)","StSLib"],"gold_per_floor":[115,115,65,91,111,111,138,158,232,232,288,301,301,40,40,136,136,147,167,197,208,108,108,108,108,131,131,131,6,38,53,53,150,150,163,217,232,251,261,294,294,324,377,377,377,377,377],"floor_reached":46,"playtime":1476,"items_purged":["Strike_B","Strike_B","Defend_B"],"score":830,"play_id":"eb3e6900-b3ec-4f04-8b72-143320119a42","local_time":"20201214222854","is_ascension_mode":true,"campfire_choices":[{"data":"Zap","floor":6.0,"key":"SMITH"},{"data":"Ball Lightning","floor":10.0,"key":"SMITH"},{"data":"Conserve Battery","floor":13.0,"key":"SMITH"},{"data":"Lockon","floor":15.0,"key":"SMITH"},{"floor":23.0,"key":"REST"},{"data":"Biased Cognition","floor":25.0,"key":"SMITH"},{"floor":32.0,"key":"REST"},{"floor":41,"key":"REST"},{"floor":45,"key":"REST"}],"circlet_count":0,"master_deck":["AscendersBane","Defend_B","Zap+1","Ball Lightning+1","Conserve Battery+1","Lockon+1","Echo Form","Conserve Battery+1","Conserve Battery+1","Biased Cognition+1","Ball Lightning+1","Multi-Cast","Defragment","White Noise"],"relics":["Cracked Core","NeowsBlessing","Orichalcum","TungstenRod","Bottled Flame","Art of War","Bronze Scales","Philosopher\u0027s Stone","Red Mask","Juzu Bracelet","Mango","Fusion Hammer","Incense Burner","Potion Belt","Ornamental Fan","Dream Catcher"],"acts_visited":["Exordium","TheCity","TheBeyond"],"potions_floor_usage":[40,42,46],"damage_taken":[{"damage":0.0,"enemies":"Jaw Worm","floor":1.0,"turns":1.0},{"damage":0.0,"enemies":"Small Slimes","floor":5.0,"turns":1.0},{"damage":0.0,"enemies":"Lagavulin","floor":7.0,"turns":1.0},{"damage":0.0,"enemies":"2 Louse","floor":8.0,"turns":3.0},{"damage":26.0,"enemies":"Lagavulin Event","floor":11.0,"turns":5.0},{"damage":8.0,"enemies":"Lots of Slimes","floor":12.0,"turns":4.0},{"damage":1.0,"enemies":"Hexaghost","floor":16.0,"turns":8.0},{"damage":12.0,"enemies":"3 Byrds","floor":18.0,"turns":3.0},{"damage":0.0,"enemies":"Chosen","floor":19.0,"turns":4.0},{"damage":30.0,"enemies":"Masked Bandits","floor":20.0,"turns":4.0},{"damage":6.0,"enemies":"Shelled Parasite and Fungi","floor":21.0,"turns":5.0},{"damage":41.0,"enemies":"Gremlin Leader","floor":30.0,"turns":5.0},{"damage":3.0,"enemies":"Cultist and Chosen","floor":31.0,"turns":4.0},{"damage":12.0,"enemies":"Collector","floor":33.0,"turns":6.0},{"damage":0.0,"enemies":"Orb Walker","floor":35.0,"turns":2.0},{"damage":38,"enemies":"2 Orb Walkers","floor":36,"turns":4},{"damage":7,"enemies":"3 Shapes","floor":37,"turns":5},{"damage":0,"enemies":"Transient","floor":38,"turns":5},{"damage":0,"enemies":"3 Darklings","floor":39,"turns":4},{"damage":3,"enemies":"Nemesis","floor":40,"turns":5},{"damage":49,"enemies":"Reptomancer","floor":42,"turns":6},{"damage":31,"enemies":"Jaw Worm Horde","floor":46,"turns":2}],"seed_played":"-1489365918295064654","potions_obtained":[{"floor":5.0,"key":"ColorlessPotion"},{"floor":11.0,"key":"EntropicBrew"},{"floor":16.0,"key":"Regen Potion"},{"floor":18.0,"key":"AttackPotion"},{"floor":20.0,"key":"Block Potion"},{"floor":21.0,"key":"Dexterity Potion"},{"floor":37,"key":"Dexterity Potion"},{"floor":38,"key":"Fire Potion"},{"floor":40,"key":"PotionOfCapacity"},{"floor":42,"key":"Dexterity Potion"}],"is_trial":false,"path_per_floor":["M","?","?","T","M","R","E","M","T","R","?","M","R","$","R","B",null,"M","M","?","M","$","R","?","R","T","?","?","$","E","M","R","B",null,"M","?","M","M","M","E","R","E","T","?","R","M"],"character_chosen":"DEFECT","items_purchased":["Lockon","Bronze Scales"],"campfire_rested":4,"item_purchase_floors":[14,14],"current_hp_per_floor":[68,68,68,68,68,68,68,68,68,68,42,34,34,34,34,33,65,53,53,23,17,17,39,39,39,39,39,34,34,19,16,42,30,74,74,36,29,29,29,26,52,3,3,3,29,0,0],"gold":377,"neow_bonus":"THREE_ENEMY_KILL","is_daily":false,"chose_seed":false,"campfire_upgraded":5,"win_rate":0.0,"timestamp":1607984934,"path_taken":["M","?","?","?","M","R","E","M","T","R","?","M","R","$","R","BOSS","M","M","?","M","$","R","?","R","T","?","?","$","E","M","R","BOSS","M","?","M","M","M","E","R","E","T","?","R","M"],"items_purchased_type":["Card","Relic"],"build_version":"2020-12-13","purchased_purges":3,"victory":false,"max_hp_per_floor":[75,75,75,75,75,75,75,75,75,75,75,75,75,75,75,75,75,75,75,75,75,75,75,75,75,75,75,75,75,89,89,89,89,89,89,89,89,89,89,89,89,89,89,89,89,89,89],"card_choices":[{"not_picked":["Hologram","Coolheaded"],"picked":"Ball Lightning","floor":1.0},{"not_picked":["Streamline","Gash","Cold Snap"],"picked":"SKIP","floor":5.0},{"not_picked":["Chaos","Aggregate","Compile Driver"],"picked":"SKIP","floor":7.0},{"not_picked":["Streamline","Steam","Beam Cell"],"picked":"SKIP","floor":8.0},{"not_picked":["Redo","Gash"],"picked":"Conserve Battery","floor":11.0},{"not_picked":["Compile Driver","Go for the Eyes","Reboot"],"picked":"SKIP","floor":12.0},{"not_picked":["Thunder Strike","Multi-Cast"],"picked":"Echo Form","floor":16.0},{"not_picked":["Aggregate","Gash"],"picked":"Conserve Battery+1","floor":18.0},{"not_picked":["Compile Driver","Beam Cell"],"picked":"Conserve Battery+1","floor":19.0},{"not_picked":["Cold Snap","Sweeping Beam","Lockon"],"picked":"SKIP","floor":21.0},{"not_picked":["Undo+1","Hyperbeam","Leap"],"picked":"SKIP","floor":30.0},{"not_picked":["Gash","Barrage"],"picked":"Ball Lightning+1","floor":31.0},{"not_picked":["Redo+1","Leap","Compile Driver"],"picked":"SKIP","floor":35.0},{"not_picked":["Stack+1","Leap","Cold Snap"],"picked":"SKIP","floor":37},{"not_picked":["Tempest","Redo+1","Reprogram"],"picked":"SKIP","floor":38},{"not_picked":["Tempest","Static Discharge"],"picked":"Multi-Cast","floor":39},{"not_picked":["Conserve Battery","Leap+1","Barrage"],"picked":"SKIP","floor":40},{"not_picked":["Reprogram+1","Hologram+1"],"picked":"Defragment","floor":42},{"not_picked":["Doom and Gloom+1","Compile Driver"],"picked":"White Noise","floor":45}],"player_experience":614839,"relics_obtained":[{"floor":4.0,"key":"Orichalcum"},{"floor":7.0,"key":"TungstenRod"},{"floor":9.0,"key":"Bottled Flame"},{"floor":11.0,"key":"Art of War"},{"floor":20.0,"key":"Red Mask"},{"floor":26.0,"key":"Juzu Bracelet"},{"floor":30.0,"key":"Mango"},{"floor":36,"key":"Incense Burner"},{"floor":40,"key":"Potion Belt"},{"floor":42,"key":"Ornamental Fan"},{"floor":43,"key":"Dream Catcher"}],"event_choices":[{"cards_removed":["Strike_B"],"damage_healed":0.0,"max_hp_gain":0.0,"max_hp_loss":0.0,"gold_gain":0.0,"event_name":"Living Wall","player_choice":"Forget","floor":2.0,"gold_loss":0.0,"damage_taken":0.0},{"cards_removed":["Dualcast"],"damage_healed":0.0,"max_hp_gain":0.0,"max_hp_loss":0.0,"gold_gain":0.0,"event_name":"The Cleric","player_choice":"Card Removal","floor":3.0,"gold_loss":50.0,"damage_taken":0.0},{"damage_healed":0.0,"max_hp_gain":0.0,"max_hp_loss":0.0,"gold_gain":0.0,"event_name":"Dead Adventurer","player_choice":"Searched \u00272\u0027 times","floor":11.0,"gold_loss":0.0,"damage_taken":0.0},{"damage_healed":0.0,"max_hp_gain":0.0,"max_hp_loss":0.0,"gold_gain":0.0,"event_name":"Masked Bandits","player_choice":"Fought Bandits","floor":20.0,"gold_loss":0.0,"damage_taken":0.0},{"damage_healed":0.0,"max_hp_gain":0.0,"max_hp_loss":0.0,"gold_gain":0.0,"cards_transformed":["Strike_B","Defend_B"],"event_name":"Drug Dealer","player_choice":"Became Test Subject","floor":24.0,"gold_loss":0.0,"damage_taken":0.0,"cards_obtained":["Echo Form","Biased Cognition"]},{"cards_removed":["Echo Form"],"damage_healed":0.0,"max_hp_gain":0.0,"max_hp_loss":0.0,"gold_gain":0.0,"event_name":"Purifier","player_choice":"Purged","floor":27.0,"gold_loss":0.0,"damage_taken":0.0},{"damage_healed":0.0,"max_hp_gain":0.0,"max_hp_loss":0.0,"gold_gain":0.0,"event_name":"Knowing Skull","player_choice":"","floor":28.0,"potions_obtained":[],"gold_loss":0.0,"damage_taken":6.0,"cards_obtained":[]},{"damage_healed":0,"gold_gain":0,"player_choice":"Fight","damage_taken":0,"max_hp_gain":0,"max_hp_loss":0,"event_name":"Mysterious Sphere","floor":36,"gold_loss":0},{"cards_removed":["Defend_B"],"damage_healed":0,"gold_gain":0,"player_choice":"Offered Basic","damage_taken":0,"max_hp_gain":0,"max_hp_loss":0,"event_name":"Bonfire Elementals","floor":44,"gold_loss":0}],"is_beta":false,"boss_relics":[{"not_picked":["Calling Bell","Black Star"],"picked":"Philosopher\u0027s Stone"},{"not_picked":["Snecko Eye","SacredBark"],"picked":"Fusion Hammer"}],"items_purged_floors":[14,22,29],"is_endless":false,"potions_floor_spawned":[5,11,16,18,20,21,37,38,40,42],"killed_by":"Jaw Worm Horde","ascension_level":12}}