{"host":"utqe55yv0jihe4d6","time":1607921692,"event":{"mods":["2.2 Compatiblity","AchievementEnabler","BaseMod","Block Reminder","Colored Map","Colored Powertips","Minty Spire (QoL Compilation)","Quick Restart","Rare Cards Sparkle","Relic Stats","SuperFastMode"],"gold_per_floor":[113,83,95,20,38,38,38,68,68,113,138,138,172,192,202,202,279,279,291,291,305,315,334,367,367,401,401,401,420,104,204,237,237,237,237],"floor_reached":34,"playtime":1186,"items_purged":["Strike_R","Strike_R"],"score":706,"play_id":"4188415f-7fc4-4541-b3f3-8bbfb1f8816c","local_time":"20201213235452","is_ascension_mode":true,"campfire_choices":[{"data":"Bash","floor":7,"key":"SMITH"},{"data":"Wild Strike","floor":9,"key":"SMITH"},{"data":"True Grit","floor":12,"key":"SMITH"},{"data":"Battle Trance","floor":16,"key":"SMITH"},{"floor":25,"key":"REST"},{"floor":28,"key":"REST"},{"floor":33,"key":"REST"}],"circlet_count":0,"master_deck":["AscendersBane","Strike_R","Strike_R","Strike_R","Defend_R","Defend_R","Defend_R","Defend_R","Bash+1","True Grit+1","Wild Strike+1","Battle Trance+1","Headbutt","Warcry","Reaper","Fiend Fire","Metallicize+1","Shrug It Off","Dual Wield","Demon Form","Offering","Injury","Dark Embrace","Flame Barrier"],"relics":["Burning Blood","Red Skull","Bag of Preparation","PreservedInsect","Odd Mushroom","Cursed Key","Nloth\u0027s Gift","Boot","Juzu Bracelet","Anchor","Medical Kit","Turnip","Kunai","Orichalcum"],"acts_visited":["Exordium","TheCity"],"potions_floor_usage":[8,13,17,23,23,31,31],"damage_taken":[{"damage":8,"enemies":"Cultist","floor":1,"turns":5},{"damage":8,"enemies":"2 Louse","floor":3,"turns":3},{"damage":9,"enemies":"Jaw Worm","floor":5,"turns":3},{"damage":8,"enemies":"Gremlin Nob","floor":8,"turns":3},{"damage":38,"enemies":"3 Sentries","floor":11,"turns":8},{"damage":0,"enemies":"Lagavulin","floor":13,"turns":5},{"damage":13,"enemies":"The Mushroom Lair","floor":14,"turns":4},{"damage":19,"enemies":"Gremlin Gang","floor":15,"turns":4},{"damage":25,"enemies":"Hexaghost","floor":17,"turns":9},{"damage":3,"enemies":"2 Thieves","floor":19,"turns":4},{"damage":13,"enemies":"Shell Parasite","floor":21,"turns":6},{"damage":0,"enemies":"Snake Plant","floor":22,"turns":2},{"damage":26,"enemies":"Chosen and Byrds","floor":23,"turns":5},{"damage":46,"enemies":"Slavers","floor":24,"turns":7},{"damage":57,"enemies":"Book of Stabbing","floor":26,"turns":5},{"damage":21,"enemies":"Sentry and Sphere","floor":29,"turns":4},{"damage":10,"enemies":"Colosseum Slavers","floor":31,"turns":5},{"damage":17,"enemies":"Colosseum Nobs","floor":31,"turns":3},{"damage":41,"enemies":"Gremlin Leader","floor":32,"turns":5},{"damage":96,"enemies":"Collector","floor":34,"turns":8}],"seed_played":"3946881351613117590","potions_obtained":[{"floor":2,"key":"DuplicationPotion"},{"floor":2,"key":"Strength Potion"},{"floor":3,"key":"LiquidBronze"},{"floor":11,"key":"HeartOfIron"},{"floor":14,"key":"GamblersBrew"},{"floor":19,"key":"Block Potion"},{"floor":22,"key":"DistilledChaos"},{"floor":26,"key":"Swift Potion"}],"is_trial":false,"path_per_floor":["M","?","M","$","M","M","R","E","R","T","E","R","E","?","M","R","B",null,"M","?","M","M","M","E","R","E","T","R","M","$","?","E","R","B"],"character_chosen":"IRONCLAD","items_purchased":["Medical Kit","BloodPotion"],"campfire_rested":3,"item_purchase_floors":[30,30],"current_hp_per_floor":[73,73,71,71,68,68,68,66,66,66,34,34,40,33,35,35,16,66,75,75,68,74,62,36,60,15,15,39,24,24,53,33,57,0,0],"gold":237,"neow_bonus":"TEN_PERCENT_HP_BONUS","is_daily":false,"chose_seed":false,"campfire_upgraded":4,"win_rate":0.0,"timestamp":1607921692,"path_taken":["M","?","M","?","M","M","R","E","R","T","E","R","E","?","M","R","BOSS","M","?","M","?","M","E","R","E","T","R","M","?","?","E","R","BOSS"],"items_purchased_type":["Relic","Potion"],"build_version":"2020-11-30","purchased_purges":2,"victory":false,"max_hp_per_floor":[82,82,82,82,82,82,82,82,82,82,82,82,82,82,82,82,82,82,82,82,82,82,82,82,82,82,82,82,82,82,82,82,82,82,82],"relic_stats":{"counters":[20,98],"PreservedInsect":170,"Bag of Preparation":[30],"Juzu Bracelet":1,"Orichalcum":[12],"Cursed Key":1,"Boot":[4],"Medical Kit":[1],"Burning Blood":114,"Turnip":[8],"Nloth\u0027s Gift":4,"Kunai":[2],"obtain_stats":[{"PreservedInsect":13,"Bag of Preparation":11,"Juzu Bracelet":26,"Odd Mushroom":14,"Orichalcum":32,"Cursed Key":18,"Boot":24,"Medical Kit":30,"Burning Blood":0,"Akabeko":10,"Anchor":27,"Turnip":31,"Nloth\u0027s Gift":20,"Kunai":31,"Red Skull":8},{"PreservedInsect":6,"Bag of Preparation":5,"Juzu Bracelet":15,"Odd Mushroom":7,"Orichalcum":19,"Cursed Key":9,"Boot":14,"Medical Kit":16,"Burning Blood":0,"Akabeko":4,"Anchor":15,"Turnip":18,"Nloth\u0027s Gift":10,"Kunai":18,"Red Skull":4},{"PreservedInsect":27,"Bag of Preparation":22,"Juzu Bracelet":73,"Odd Mushroom":31,"Orichalcum":90,"Cursed Key":44,"Boot":68,"Medical Kit":77,"Burning Blood":0,"Akabeko":14,"Anchor":73,"Turnip":85,"Nloth\u0027s Gift":48,"Kunai":85,"Red Skull":14}]},"card_choices":[{"not_picked":["Flex","Heavy Blade"],"picked":"True Grit","floor":1},{"not_picked":["Second Wind","Perfected Strike"],"picked":"Wild Strike","floor":3},{"not_picked":["Second Wind","Thunderclap"],"picked":"Battle Trance","floor":5},{"not_picked":["Warcry","Flex"],"picked":"Headbutt","floor":8},{"not_picked":["Iron Wave","True Grit","Reckless Charge"],"picked":"SKIP","floor":11},{"not_picked":["Heavy Blade","Wild Strike"],"picked":"Warcry","floor":13},{"not_picked":["Havoc","Spot Weakness"],"picked":"Reaper","floor":14},{"not_picked":["True Grit","Hemokinesis","Armaments"],"picked":"SKIP","floor":15},{"not_picked":["Offering","Impervious"],"picked":"Fiend Fire","floor":17},{"not_picked":["Clash","Second Wind"],"picked":"Metallicize+1","floor":19},{"not_picked":["Power Through","Twin Strike","True Grit"],"picked":"SKIP","floor":21},{"not_picked":["Wild Strike","Headbutt+1"],"picked":"Shrug It Off","floor":22},{"not_picked":["Headbutt","Wild Strike"],"picked":"Dual Wield","floor":23},{"not_picked":["Entrench","Fiend Fire"],"picked":"Demon Form","floor":24},{"not_picked":["Wild Strike+1","Rage"],"picked":"Offering","floor":26},{"not_picked":["Armaments","Power Through+1","Clash"],"picked":"SKIP","floor":29},{"not_picked":["Fire Breathing","Armaments"],"picked":"Dark Embrace","floor":31},{"not_picked":["Brutality","Pummel"],"picked":"Flame Barrier","floor":32}],"player_experience":2759846,"relics_obtained":[{"floor":8,"key":"Red Skull"},{"floor":10,"key":"Akabeko"},{"floor":11,"key":"Bag of Preparation"},{"floor":13,"key":"PreservedInsect"},{"floor":14,"key":"Odd Mushroom"},{"floor":24,"key":"Boot"},{"floor":26,"key":"Juzu Bracelet"},{"floor":27,"key":"Anchor"},{"floor":31,"key":"Turnip"},{"floor":31,"key":"Kunai"},{"floor":32,"key":"Orichalcum"}],"event_choices":[{"damage_healed":0,"gold_gain":0,"player_choice":"Bought 2 Potions","damage_taken":0,"max_hp_gain":0,"max_hp_loss":0,"event_name":"The Woman in Blue","floor":2,"gold_loss":0},{"damage_healed":0,"gold_gain":0,"player_choice":"Fought Mushrooms","damage_taken":0,"max_hp_gain":0,"max_hp_loss":0,"event_name":"Mushrooms","floor":14,"gold_loss":0},{"damage_healed":0,"gold_gain":0,"player_choice":"Traded Relic","damage_taken":0,"relics_obtained":["Nloth\u0027s Gift"],"max_hp_gain":0,"max_hp_loss":0,"event_name":"N\u0027loth","floor":20,"relics_lost":["Akabeko"],"gold_loss":0},{"damage_healed":0,"gold_gain":0,"player_choice":"Fight","damage_taken":0,"max_hp_gain":0,"max_hp_loss":0,"event_name":"Colosseum","floor":31,"gold_loss":0},{"damage_healed":0,"gold_gain":0,"player_choice":"Fought Nobs","damage_taken":0,"max_hp_gain":0,"max_hp_loss":0,"event_name":"Colosseum","floor":31,"gold_loss":0}],"is_beta":false,"boss_relics":[{"not_picked":["Pandora\u0027s Box","Calling Bell"],"picked":"Cursed Key"}],"items_purged_floors":[4,30],"is_endless":false,"potions_floor_spawned":[3,11,14,15,19,22,26],"killed_by":"Collector","ascension_level":20}}