{"host":"6o1vh5lr98s0jjq7","time":1607981215,"event":{"mods":["2.2 Compatiblity","Act Like it!","Aspiration","BaseMod","Better Altar","Better Match","Better Note","Better Third Choice","Conspire","Downfall","Gensokyo","Hallownest","Infinite Spire","Marisa????????","Minty Spire (QoL Compilation)","Replay The Spire","StSLib","The Alterego","WarShipGirlsR/????R mod"],"gold_per_floor":[113,68,68,21,41,41,68,78,105,118,156,181,99,141,141,273,273,310,319,319,319,418,418,418,33,60,92,156,197,239,274,286,401,413,467,479,479],"floor_reached":36,"playtime":2232,"items_purged":["conspire:SpireCoStock"],"score":419,"play_id":"dafb2b16-4c2e-4930-8709-f506c4c520a5","local_time":"20201214152655","is_ascension_mode":false,"campfire_choices":[{"floor":6,"key":"RECALL"},{"floor":15,"key":"REST"},{"floor":23,"key":"REST"},{"floor":32,"key":"REST"}],"circlet_count":0,"master_deck":["Strike_MRS","Strike_MRS","Strike_MRS","Strike_MRS","Defend_MRS","Defend_MRS","Defend_MRS","Defend_MRS","MasterSpark","UpSweep","DoubleSpark","WitchLeyline","GalacticHalo","AsteroidBelt","NonDirectionalLaser","ChargeUpSpray","MysteriousBeam","conspire:SpireCoStock","6A","UltimateShortwave","DeepEcoloBomb","Outmaneuver","ReplayTheSpireMod:Private Reserves","DC+1","GravityBeat+1","MysteriousBeam","Occultation","MysteriousBeam","BinaryStars","SprinkleStarSeal+1"],"relics":["MiniHakkero","Potion Belt","betterThird:SlimedRelic","Snack Pack","CeramicFish","SlaversCollar","MutagenicStrength","Centennial Puzzle","CaptainsWheel","MawBank","Replay:Mystery Machine","ChewingGum"],"acts_visited":["Exordium","TheCity","TheBeyond"],"potions_floor_usage":[7,11,14,29,33,33,36],"damage_taken":[{"damage":0,"enemies":"Small Slimes","floor":1,"turns":4},{"damage":6,"enemies":"Jaw Worm","floor":5,"turns":2},{"damage":26,"enemies":"Gremlin Nob","floor":7,"turns":4},{"damage":0,"enemies":"Cultist","floor":8,"turns":3},{"damage":2,"enemies":"Large Slime","floor":10,"turns":5},{"damage":25,"enemies":"3 Sentries","floor":11,"turns":7},{"damage":0,"enemies":"Looter","floor":12,"turns":3},{"damage":8,"enemies":"Lots of Slimes","floor":14,"turns":4},{"damage":32,"enemies":"Slime Boss","floor":16,"turns":11},{"damage":40,"enemies":"Spheric Guardian","floor":18,"turns":6},{"damage":2,"enemies":"Chosen","floor":27,"turns":5},{"damage":41,"enemies":"Gremlin Leader","floor":28,"turns":6},{"damage":4,"enemies":"Sentry and Sphere","floor":29,"turns":5},{"damage":8,"enemies":"3 Cultists","floor":30,"turns":6},{"damage":3,"enemies":"Chosen and Byrds","floor":31,"turns":4},{"damage":55,"enemies":"Automaton","floor":33,"turns":9},{"damage":0,"enemies":"3 Darklings","floor":35,"turns":4},{"damage":82,"enemies":"Orin","floor":36,"turns":6}],"seed_played":"-5992403017809053883","potions_obtained":[{"floor":1,"key":"Venom Potion"},{"floor":7,"key":"Block Potion"},{"floor":14,"key":"Fruit Juice"},{"floor":18,"key":"Strength Potion"},{"floor":30,"key":"Dexterity Potion"},{"floor":31,"key":"StarNLove"},{"floor":35,"key":"BlessingOfTheForge"}],"is_trial":false,"path_per_floor":["M","?","?","$","M","R","E","M","T","M","E","M","?","M","R","B",null,"M","?","?","AVR","?","R","?","$","T","M","E","M","M","M","R","B",null,"M","?"],"character_chosen":"MARISA","items_purchased":["DoubleSpark","CaptainsWheel","ReplayTheSpireMod:Private Reserves"],"campfire_rested":3,"item_purchase_floors":[4,25,25],"current_hp_per_floor":[75,64,75,75,69,69,43,45,45,47,30,32,32,33,57,35,80,44,44,44,44,44,68,68,68,68,68,35,35,35,36,60,21,80,80,0,0],"gold":479,"neow_bonus":"RANDOM_COMMON_RELIC","is_daily":false,"chose_seed":false,"campfire_upgraded":0,"win_rate":0.0,"timestamp":1607981215,"path_taken":["M","?","?","$","?","R","E","M","T","M","E","M","?","M","R","BOSS","M","?","?","AVR","?","R","?","?","T","?","E","M","?","M","R","BOSS","M","?"],"items_purchased_type":["Card","Relic","Card"],"build_version":"2020-12-13","purchased_purges":1,"victory":false,"max_hp_per_floor":[75,75,75,75,75,75,75,75,75,75,75,75,75,80,80,80,80,80,80,80,80,80,80,80,80,80,80,80,80,80,80,80,80,80,80,80,80],"card_choices":[{"not_picked":["DoubleSpark","WitchOfGreed"],"picked":"ChargingUp","floor":1},{"not_picked":["BlazeAway","Acceleration"],"picked":"WitchLeyline","floor":5},{"not_picked":["SuperPerseids","LuminesStrike"],"picked":"GalacticHalo","floor":7},{"not_picked":["MeteoricShower","StarBarrage"],"picked":"AsteroidBelt","floor":8},{"not_picked":["LuminesStrike","Occultation"],"picked":"NonDirectionalLaser","floor":10},{"not_picked":["6A","Acceleration"],"picked":"ChargeUpSpray","floor":11},{"not_picked":["GravityBeat","PowerUp"],"picked":"MysteriousBeam","floor":12},{"not_picked":["Robbery","NonDirectionalLaser"],"picked":"6A","floor":14},{"not_picked":["TreasureHunter","StarDustReverie"],"picked":"UltimateShortwave","floor":16},{"not_picked":["6A","WitchOfGreed"],"picked":"DeepEcoloBomb","floor":18},{"not_picked":["GravityBeat","SporeBomb"],"picked":"DC+1","floor":27},{"not_picked":["DarkSpark","EnergyRecoil"],"picked":"GravityBeat+1","floor":28},{"not_picked":["EventHorizon","GalacticHalo"],"picked":"MysteriousBeam","floor":29},{"not_picked":["WitchLeyline","MysteriousBeam"],"picked":"Occultation","floor":30},{"not_picked":["DoubleSpark","WitchOfGreed"],"picked":"MysteriousBeam","floor":31},{"not_picked":["StarDustReverie","MaximisePower"],"picked":"BinaryStars","floor":33},{"not_picked":["OrrerysSun","DoubleSpark"],"picked":"SprinkleStarSeal+1","floor":35}],"player_experience":208623,"relics_obtained":[{"floor":7,"key":"Snack Pack"},{"floor":11,"key":"CeramicFish"},{"floor":26,"key":"MawBank"},{"floor":28,"key":"Replay:Mystery Machine"}],"event_choices":[{"damage_healed":0,"gold_gain":0,"player_choice":"Slimed","damage_taken":11,"max_hp_gain":0,"max_hp_loss":0,"event_name":"betterThird:BetterGoop","floor":2,"gold_loss":45},{"cards_removed":["ChargingUp"],"damage_healed":11,"gold_gain":0,"player_choice":"Offered Uncommon","damage_taken":0,"max_hp_gain":0,"max_hp_loss":0,"event_name":"Bonfire Elementals","floor":3,"gold_loss":0},{"damage_healed":0,"gold_gain":0,"player_choice":"Invest 2","damage_taken":0,"max_hp_gain":0,"max_hp_loss":0,"event_name":"conspire:Investor","floor":13,"gold_loss":0},{"cards_removed":["UltimateShortwave"],"damage_healed":0,"gold_gain":0,"player_choice":"Take \u0026 Give","damage_taken":0,"max_hp_gain":0,"max_hp_loss":0,"event_name":"betterNote:BetterNote","floor":19,"gold_loss":0,"cards_obtained":["Outmaneuver"]},{"damage_healed":0,"gold_gain":0,"player_choice":"Inject Mutagens","damage_taken":0,"relics_obtained":["MutagenicStrength"],"max_hp_gain":0,"max_hp_loss":0,"event_name":"Drug Dealer","floor":20,"gold_loss":0},{"damage_healed":0,"gold_gain":99,"player_choice":"Steal","damage_taken":0,"max_hp_gain":0,"max_hp_loss":0,"event_name":"betterThird:BetterNest","floor":22,"gold_loss":0},{"damage_healed":0,"gold_gain":0,"player_choice":"Ignored","damage_taken":0,"max_hp_gain":0,"max_hp_loss":0,"event_name":"Ghosts","floor":24,"gold_loss":0},{"damage_healed":0,"gold_gain":0,"player_choice":"Fight","damage_taken":0,"max_hp_gain":0,"max_hp_loss":0,"event_name":"OrinTheCat","floor":36,"gold_loss":0}],"is_beta":false,"boss_relics":[{"not_picked":["Calling Bell","conspire:SpecialSausage"],"picked":"SlaversCollar"},{"not_picked":["SacredBark","ReplayTheSpireMod:DimensionalGlitch"],"picked":"ChewingGum"}],"items_purged_floors":[21],"is_endless":false,"potions_floor_spawned":[1,7,14,18,30,31,35],"killed_by":"Orin","ascension_level":0}}