{"host":"b4asi0laiv85suj9","time":1607920373,"event":{"mods":["BaseMod","Minty Spire (QoL Compilation)","MostiFishMod","Relic Stats","StSLib","TestMod","noobMod"],"gold_per_floor":[119,131,144,144,160,187,262,262,285,296,313,313,339,339,339,471,471,486,486,486,503,519,557,557,603,603,629,629,579,615,639,639,759,759,772,520,539,565,515,554,569,605,605,605,646,667,706,1106,1106,1107,1107,1107,347,379,380],"floor_reached":56,"playtime":1997,"items_purged":["Strike_G","Defend_G","Strike_G","Defend_G"],"score":2628,"play_id":"334a5c79-f00f-47af-ab4d-d20c459a5e38","local_time":"20201214123253","is_ascension_mode":true,"campfire_choices":[{"data":"Prepared","floor":12.0,"key":"SMITH"},{"data":"MostiFishMod:KingOfFree","floor":15.0,"key":"SMITH"},{"data":"Scrawl","floor":24.0,"key":"SMITH"},{"floor":32.0,"key":"RECALL"},{"data":"MostiFishMod:ReadyAimFire","floor":44.0,"key":"SMITH"},{"data":"Prostrate","floor":49.0,"key":"SMITH"},{"data":"Blade Dance","floor":52.0,"key":"SMITH"}],"circlet_count":0,"master_deck":["AscendersBane","Strike_G+1","Strike_G","Defend_G","Defend_G","Survivor","Neutralize+1","Backflip+1","Prostrate+1","MostiFishMod:KingOfFree+1","Prepared+1","Escape Plan","Scrawl+1","Sword Boomerang","Blade Dance+1","Noxious Fumes","MostiFishMod:UniPurple","MostiFishMod:ReadyAimFire+1","Calculated Gamble+1","Expertise+1","Apotheosis+1","Adrenaline+1","Well Laid Plans"],"relics":["DaveBox","ice","ShadowXiaoBlade","testmod-IntensifyImprint","GreenFoldingFan","Question Card","PrismaticShard","Smiling Mask","Centennial Puzzle","testmod-Antiphasic","Golden Idol","ImportantClient","Runic Dome","Dream Catcher","ArrowTower","TungstenRod","Shuriken","ChiXiaoBlade","Ornamental Fan","Pantograph","Meat on the Bone","testmod-TurbochargingSystem","Toxic Egg 2","Bottled Tornado","Blood Vial","Dodecahedron","Nunchaku"],"acts_visited":["Exordium","TheCity","TheBeyond","TheEnding"],"potions_floor_usage":[],"damage_taken":[{"damage":4.0,"enemies":"Cultist","floor":1.0,"turns":2.0},{"damage":6.0,"enemies":"Small Slimes","floor":2.0,"turns":3.0},{"damage":4.0,"enemies":"2 Louse","floor":3.0,"turns":2.0},{"damage":6.0,"enemies":"2 Fungi Beasts","floor":5.0,"turns":3.0},{"damage":15.0,"enemies":"3 Sentries","floor":6.0,"turns":5.0},{"damage":6.0,"enemies":"Large Slime","floor":10.0,"turns":3.0},{"damage":2.0,"enemies":"Red Slaver","floor":11.0,"turns":1.0},{"damage":4.0,"enemies":"Gremlin Nob","floor":13.0,"turns":2.0},{"damage":14.0,"enemies":"The Guardian","floor":16.0,"turns":6.0},{"damage":4.0,"enemies":"3 Byrds","floor":18.0,"turns":2.0},{"damage":5.0,"enemies":"2 Thieves","floor":21.0,"turns":2.0},{"damage":4.0,"enemies":"Snake Plant","floor":22.0,"turns":2.0},{"damage":6.0,"enemies":"Gremlin Leader","floor":23.0,"turns":3.0},{"damage":9.0,"enemies":"Slavers","floor":25.0,"turns":2.0},{"damage":1.0,"enemies":"3 Cultists","floor":27.0,"turns":1.0},{"damage":2.0,"enemies":"Gremlin Leader","floor":30.0,"turns":2.0},{"damage":2.0,"enemies":"Centurion and Healer","floor":31.0,"turns":2.0},{"damage":3.0,"enemies":"Champ","floor":33.0,"turns":3.0},{"damage":3.0,"enemies":"3 Darklings","floor":35.0,"turns":1.0},{"damage":3.0,"enemies":"3 Shapes","floor":37.0,"turns":1.0},{"damage":3.0,"enemies":"Nemesis","floor":40.0,"turns":1.0},{"damage":3.0,"enemies":"Sphere and 2 Shapes","floor":41.0,"turns":1.0},{"damage":6.0,"enemies":"Reptomancer","floor":42.0,"turns":2.0},{"damage":3.0,"enemies":"Nemesis","floor":45.0,"turns":1.0},{"damage":3.0,"enemies":"Transient","floor":46.0,"turns":1.0},{"damage":3.0,"enemies":"Giant Head","floor":47.0,"turns":1.0},{"damage":3.0,"enemies":"Donu and Deca","floor":50.0,"turns":1.0},{"damage":6,"enemies":"Shield and Spear","floor":54,"turns":2},{"damage":3,"enemies":"The Heart","floor":55,"turns":1}],"seed_played":"-5543634838692045076","potions_obtained":[{"floor":5.0,"key":"GhostInAJar"},{"floor":6.0,"key":"BlessingOfTheForge"},{"floor":11.0,"key":"SteroidPotion"},{"floor":16.0,"key":"LiquidMemories"},{"floor":21.0,"key":"PowerPotion"}],"is_trial":false,"path_per_floor":["M","M","M","?","M","E","?","?","T","M","M","R","E","?","R","B",null,"M","?","?","M","M","E","R","E","T","M","?","$","E","M","R","B",null,"M","$","M","T","$","E","M","E","T","R","E","M","E","?","R","B",null,"R","$","E","B",null],"character_chosen":"THE_SILENT","items_purchased":["Ornamental Fan","Apotheosis+1","Adrenaline+1","Well Laid Plans","Bottled Tornado","Blood Vial","Dodecahedron"],"campfire_rested":0,"item_purchase_floors":[36,53,53,53,53,53,53],"current_hp_per_floor":[69,70,70,70,70,65,54,40,40,45,54,54,61,44,44,42,63,70,70,70,70,70,70,70,70,70,70,70,70,70,70,70,70,70,70,70,70,70,70,70,70,70,70,70,70,70,70,70,70,70,70,70,70,70,70],"gold":380,"neow_bonus":"BOSS_RELIC","is_daily":false,"chose_seed":false,"campfire_upgraded":6,"win_rate":0.0,"timestamp":1607920373,"path_taken":["M","M","?","?","M","E","?","?","T","M","M","R","E","?","R","BOSS","M","?","?","M","M","E","R","E","T","?","?","$","E","M","R","BOSS","M","?","?","?","?","E","M","E","T","R","E","M","E","?","R","BOSS","R","$","E","BOSS"],"items_purchased_type":["Relic","Card","Card","Card","Relic","Relic","Relic"],"build_version":"2020-12-13","purchased_purges":4,"victory":true,"max_hp_per_floor":[70,70,70,70,70,70,70,70,70,70,70,70,70,70,70,70,70,70,70,70,70,70,70,70,70,70,70,70,70,70,70,70,70,70,70,70,70,70,70,70,70,70,70,70,70,70,70,70,70,70,70,70,70,70,70],"relic_stats":{"counters":[29,59],"Golden Idol":195,"Question Card":26,"Smiling Mask":250,"Blood Vial":0,"Centennial Puzzle":[72],"Dream Catcher":0,"Nunchaku":[0],"Shuriken":[19],"Ornamental Fan":[48],"Pantograph":0,"obtain_stats":[{"DaveBox":0,"ice":0,"Bottled Tornado":53,"PrismaticShard":1,"Smiling Mask":6,"Blood Vial":53,"GreenFoldingFan":0,"Centennial Puzzle":9,"Dream Catcher":23,"Nunchaku":54,"Pantograph":40,"Toxic Egg 2":47,"Ring of the Snake":0,"ImportantClient":16,"testmod-IntensifyImprint":0,"testmod-TestBox":0,"Dodecahedron":53,"Golden Idol":14,"ShadowXiaoBlade":0,"testmod-TurbochargingSystem":45,"Question Card":1,"testmod-Antiphasic":13,"Runic Dome":17,"Shuriken":30,"Ornamental Fan":36,"ChiXiaoBlade":34,"ArrowTower":25,"TungstenRod":26,"Meat on the Bone":42},{"DaveBox":0,"ice":0,"Bottled Tornado":27,"PrismaticShard":1,"Smiling Mask":5,"Blood Vial":27,"GreenFoldingFan":0,"Centennial Puzzle":5,"Dream Catcher":13,"Nunchaku":28,"Pantograph":21,"Toxic Egg 2":26,"Ring of the Snake":0,"ImportantClient":9,"testmod-IntensifyImprint":0,"testmod-TestBox":0,"Dodecahedron":27,"Golden Idol":8,"ShadowXiaoBlade":0,"testmod-TurbochargingSystem":24,"Question Card":1,"testmod-Antiphasic":8,"Runic Dome":9,"Shuriken":16,"Ornamental Fan":19,"ChiXiaoBlade":18,"ArrowTower":14,"TungstenRod":14,"Meat on the Bone":23},{"DaveBox":0,"ice":0,"Bottled Tornado":56,"PrismaticShard":2,"Smiling Mask":15,"Blood Vial":56,"GreenFoldingFan":0,"Centennial Puzzle":15,"Dream Catcher":36,"Nunchaku":58,"Pantograph":49,"Toxic Egg 2":55,"Ring of the Snake":0,"ImportantClient":27,"testmod-IntensifyImprint":0,"testmod-TestBox":0,"Dodecahedron":56,"Golden Idol":21,"ShadowXiaoBlade":0,"testmod-TurbochargingSystem":53,"Question Card":2,"testmod-Antiphasic":21,"Runic Dome":27,"Shuriken":41,"Ornamental Fan":47,"ChiXiaoBlade":46,"ArrowTower":38,"TungstenRod":38,"Meat on the Bone":52}],"TungstenRod":28,"Meat on the Bone":0},"card_choices":[{"not_picked":["Prepared","Sucker Punch"],"picked":"Backflip","floor":1.0},{"not_picked":["Clothesline","Crescendo","Sanctity"],"picked":"Prostrate","floor":2.0},{"not_picked":["Protect","Glacier","Deflect","Rupture"],"picked":"SKIP","floor":3.0},{"not_picked":["MostiFishMod:TalkingToTheRain","JustLucky","Deflect","Heavy Blade"],"picked":"SKIP","floor":5.0},{"not_picked":["Halt","True Grit","Barrage"],"picked":"MostiFishMod:KingOfFree","floor":6.0},{"not_picked":["Setup","Twin Strike","Combust","Evaluate"],"picked":"SKIP","floor":10.0},{"not_picked":["Darkness","Flying Knee","FlyingSleeves"],"picked":"Prepared","floor":11.0},{"not_picked":["Seeing Red","Streamline","Masterful Stab"],"picked":"Escape Plan","floor":13.0},{"not_picked":["MostiFishMod:Tomorrow","MostiFishMod:GrandStart","Panache"],"picked":"Scrawl","floor":16.0},{"not_picked":["FlurryOfBlows","FollowUp","Go for the Eyes","Redo"],"picked":"SKIP","floor":18.0},{"not_picked":["Static Discharge","Impatience+1","Entrench"],"picked":"Sword Boomerang","floor":21.0},{"not_picked":["Redo","Bouncing Flask","Expertise","Bandage Up"],"picked":"SKIP","floor":22.0},{"not_picked":["Anger","testmod-TaurusBlackCat","Armaments","Flying Knee+1"],"picked":"SKIP","floor":23.0},{"not_picked":["Halt","Sucker Punch","MostiFishMod:PoisonShield"],"picked":"Blade Dance","floor":25.0},{"not_picked":["Wild Strike+1","CutThroughFate+1","MostiFishMod:Clarity+1","Streamline+1"],"picked":"SKIP","floor":27.0},{"not_picked":["Evolve","Acrobatics","Slice"],"picked":"MostiFishMod:UniPurple","floor":30.0},{"not_picked":["Flying Knee","Setup","Static Discharge","Rage"],"picked":"SKIP","floor":31.0},{"not_picked":["DevaForm","Magnetism","MostiFishMod:PerfectForm"],"picked":"MostiFishMod:ReadyAimFire","floor":33.0},{"not_picked":["Dark Shackles+1","testmod-LimitFlipper+1","Backflip+1","Sucker Punch+1"],"picked":"SKIP","floor":35.0},{"not_picked":["Barrage","Evaluate+1","Thunderclap+1","Perfected Strike+1"],"picked":"SKIP","floor":37.0},{"not_picked":["Protect","JustLucky+1","Sucker Punch+1","Corpse Explosion"],"picked":"SKIP","floor":40.0},{"not_picked":["Riddle With Holes+1","Iron Wave","Searing Blow+1","Hologram"],"picked":"SKIP","floor":41.0},{"not_picked":["Indignation+1","FearNoEvil","Backflip"],"picked":"Calculated Gamble+1","floor":42.0},{"not_picked":["Ball Lightning+1","Outmaneuver+1","Deflect+1","Pummel"],"picked":"SKIP","floor":45.0},{"not_picked":["Compile Driver+1","Acrobatics","Poisoned Stab","Shockwave+1"],"picked":"SKIP","floor":46.0},{"not_picked":["Flex+1","Perfected Strike","Clash"],"picked":"Expertise+1","floor":47.0},{"not_picked":["Reprogram+1","Backstab+1","Escape Plan+1","MostiFishMod:BrandingRite+1"],"picked":"SKIP","floor":54}],"player_experience":178443,"relics_obtained":[{"floor":1.0,"key":"Question Card"},{"floor":1.0,"key":"PrismaticShard"},{"floor":6.0,"key":"Smiling Mask"},{"floor":9.0,"key":"Centennial Puzzle"},{"floor":13.0,"key":"testmod-Antiphasic"},{"floor":16.0,"key":"ImportantClient"},{"floor":23.0,"key":"Dream Catcher"},{"floor":25.0,"key":"ArrowTower"},{"floor":26.0,"key":"TungstenRod"},{"floor":30.0,"key":"Shuriken"},{"floor":40.0,"key":"Pantograph"},{"floor":42.0,"key":"Meat on the Bone"},{"floor":45.0,"key":"testmod-TurbochargingSystem"},{"floor":47.0,"key":"Toxic Egg 2"},{"floor":54,"key":"Nunchaku"}],"event_choices":[{"damage_healed":0.0,"max_hp_gain":0.0,"max_hp_loss":0.0,"gold_gain":0.0,"event_name":"Living Wall","player_choice":"Grow","floor":4.0,"gold_loss":0.0,"damage_taken":0.0,"cards_upgraded":["Neutralize"]},{"damage_healed":0.0,"max_hp_gain":0.0,"max_hp_loss":0.0,"gold_gain":75.0,"event_name":"World of Goop","player_choice":"Gather Gold","floor":7.0,"gold_loss":0.0,"damage_taken":11.0},{"damage_healed":0.0,"max_hp_gain":0.0,"max_hp_loss":0.0,"gold_gain":0.0,"event_name":"Shining Light","player_choice":"Entered Light","floor":8.0,"gold_loss":0.0,"damage_taken":14.0,"cards_upgraded":["Backflip","Strike_G"]},{"damage_healed":0.0,"max_hp_gain":0.0,"max_hp_loss":0.0,"gold_gain":0.0,"event_name":"Golden Idol","player_choice":"Take Damage","floor":14.0,"gold_loss":0.0,"damage_taken":17.0,"relics_obtained":["Golden Idol"]},{"damage_healed":0.0,"max_hp_gain":0.0,"max_hp_loss":0.0,"gold_gain":0.0,"event_name":"Ghosts","player_choice":"Ignored","floor":19.0,"gold_loss":0.0,"damage_taken":0.0},{"cards_removed":["Strike_G"],"damage_healed":0.0,"max_hp_gain":0.0,"max_hp_loss":0.0,"gold_gain":0.0,"event_name":"Wheel of Change","player_choice":"Card Removal","floor":20.0,"gold_loss":0.0,"damage_taken":0.0},{"damage_healed":0.0,"max_hp_gain":0.0,"max_hp_loss":0.0,"gold_gain":0.0,"cards_transformed":["Defend_G"],"event_name":"Transmorgrifier","player_choice":"Transformed","floor":28.0,"gold_loss":0.0,"damage_taken":0.0,"cards_obtained":["Noxious Fumes"]},{"damage_healed":0.0,"max_hp_gain":0.0,"max_hp_loss":0.0,"gold_gain":400.0,"event_name":"¶÷ÂåË¹µÄÅÌ×Ó","player_choice":"Sell","floor":48.0,"relics_lost":["testmod-TestBox"],"gold_loss":0.0,"damage_taken":0.0}],"is_beta":false,"boss_relics":[{"not_picked":["testmod-DreamHouse","BloodWine"],"picked":"Runic Dome"},{"not_picked":["HereWithMe","Astrolabe"],"picked":"ChiXiaoBlade"}],"items_purged_floors":[29,36,39,53],"is_endless":false,"potions_floor_spawned":[5,6,11,16,21,25,31,35,42,46],"ascension_level":10}}