{"host":"6o1vh5lr98s0jjq7","time":1607988679,"event":{"mods":["2.2 Compatiblity","Act Like it!","Aspiration","BaseMod","Better Altar","Better Match","Better Note","Better Third Choice","Conspire","Downfall","Gensokyo","Hallownest","Infinite Spire","Marisa????????","Minty Spire (QoL Compilation)","Replay The Spire","StSLib","The Alterego","WarShipGirlsR/????R mod"],"gold_per_floor":[109,122,122,138,157,189,207,207,207,224,0,0,19,44,44,146,146,162,162,180,180,180,180],"floor_reached":22,"playtime":1351,"items_purged":[],"score":223,"play_id":"048dbb2b-9920-4715-bd8f-7d484aeb17cc","local_time":"20201214173119","is_ascension_mode":false,"campfire_choices":[{"floor":8,"key":"REST"},{"floor":12,"key":"RECALL"},{"floor":15,"key":"REST"}],"circlet_count":0,"master_deck":["Strike_MRS","Strike_MRS","Strike_MRS","Strike_MRS","Defend_MRS","Defend_MRS","Defend_MRS","MasterSpark","UpSweep","ManaRampage","AsteroidBelt","PowerUp","UltimateShortwave","StarBarrage","PowerUp","GalacticHalo","MysteriousBeam","MysteriousBeam","expansioncontent:Corrupt","GrandCross+1","DC","WitchOfGreed","MillisecondPulsars","ShootingEcho","GrandCross","MilkyWay"],"relics":["MiniHakkero","Lantern","Smiling Mask","conspire:SlowCooker","Membership Card"],"acts_visited":["Exordium","TheCity"],"potions_floor_usage":[4,6,10,16],"damage_taken":[{"damage":0,"enemies":"Small Slimes","floor":1,"turns":3},{"damage":1,"enemies":"Cultist","floor":2,"turns":3},{"damage":0,"enemies":"Jaw Worm","floor":4,"turns":1},{"damage":18,"enemies":"3 Louse","floor":5,"turns":4},{"damage":21,"enemies":"3 Sentries","floor":6,"turns":7},{"damage":9,"enemies":"2 Fungi Beasts","floor":7,"turns":3},{"damage":0,"enemies":"Exordium Wildlife","floor":10,"turns":3},{"damage":5,"enemies":"Lots of Slimes","floor":13,"turns":4},{"damage":23,"enemies":"Lagavulin","floor":14,"turns":4},{"damage":33,"enemies":"Fading Forest","floor":16,"turns":11},{"damage":40,"enemies":"2 Thieves","floor":18,"turns":3},{"damage":20,"enemies":"Spheric Guardian","floor":20,"turns":4},{"damage":17,"enemies":"Chosen and Byrds","floor":22,"turns":2}],"seed_played":"171810723810696390","potions_obtained":[{"floor":1,"key":"BottledSpark"},{"floor":4,"key":"SkillPotion"},{"floor":6,"key":"Dexterity Potion"},{"floor":7,"key":"BottledSpark"},{"floor":14,"key":"Doom Potion"}],"is_trial":false,"path_per_floor":["M","M","?","M","M","E","M","R","T","M","$","R","M","E","R","B",null,"M","AVR","M","?","M"],"character_chosen":"MARISA","items_purchased":["expansioncontent:Corrupt","GrandCross+1"],"campfire_rested":2,"item_purchase_floors":[11,11],"current_hp_per_floor":[75,74,74,74,56,35,26,48,48,48,48,48,43,20,42,27,75,35,35,15,15,0,0],"gold":180,"neow_bonus":"ONE_RANDOM_RARE_CARD","is_daily":false,"chose_seed":false,"campfire_upgraded":0,"win_rate":0.0,"timestamp":1607988679,"path_taken":["M","M","?","M","M","E","M","R","T","M","$","R","?","E","R","BOSS","M","AVR","M","?","M"],"items_purchased_type":["Card","Card"],"build_version":"2020-12-13","purchased_purges":0,"victory":false,"max_hp_per_floor":[75,75,75,75,75,75,75,75,75,75,75,75,75,75,75,75,75,75,75,75,75,75,75],"card_choices":[{"not_picked":["GrandCross","Robbery"],"picked":"AsteroidBelt","floor":1},{"not_picked":["MilkyWay","SporeBomb"],"picked":"PowerUp","floor":2},{"not_picked":["Acceleration","DoubleSpark"],"picked":"StarBarrage","floor":4},{"not_picked":["GasGiant","OneTimeOff"],"picked":"PowerUp","floor":5},{"not_picked":["GasGiant","SprinkleStarSeal"],"picked":"GalacticHalo","floor":6},{"not_picked":["CasketOfStar","StarlightTyphoon"],"picked":"MysteriousBeam","floor":7},{"not_picked":["OortCloud","PowerUp"],"picked":"MysteriousBeam","floor":10},{"not_picked":["ShootingEcho","DarkMatter"],"picked":"DC","floor":13},{"not_picked":["EscapeVelocity","DC"],"picked":"WitchOfGreed","floor":14},{"not_picked":["SatelliteIllusion","BigCrunch"],"picked":"MillisecondPulsars","floor":16},{"not_picked":["GalacticHalo","DoubleSpark+1"],"picked":"ShootingEcho","floor":18},{"not_picked":["WitchOfGreed","LuminesStrike"],"picked":"GrandCross","floor":20}],"player_experience":216690,"relics_obtained":[{"floor":6,"key":"Lantern"},{"floor":14,"key":"Smiling Mask"}],"event_choices":[{"cards_removed":["ManaRampage"],"damage_healed":0,"gold_gain":0,"player_choice":"Take \u0026 Give","damage_taken":0,"max_hp_gain":0,"max_hp_loss":0,"event_name":"betterNote:BetterNote","floor":3,"gold_loss":0,"cards_obtained":["UltimateShortwave"]},{"damage_healed":0,"gold_gain":0,"cards_transformed":["Defend_MRS"],"player_choice":"Transformed","damage_taken":0,"max_hp_gain":0,"max_hp_loss":0,"event_name":"Transmorgrifier","floor":21,"gold_loss":0,"cards_obtained":["MilkyWay"]}],"is_beta":false,"boss_relics":[{"not_picked":["Snecko Eye","aspiration:SecretTechniqueScroll"],"picked":"conspire:SlowCooker"}],"items_purged_floors":[],"is_endless":false,"potions_floor_spawned":[1,4,6,7,14],"killed_by":"Chosen and Byrds","ascension_level":0}}