{"host":"jacddazefqpozmdr","time":1607957991,"event":{"mods":["AchievementEnabler","BaseMod","Better Note","BetterRewards","Downfall","Googly Eyes","Hermit","Hubris","Infinite Spire","Lobotomy","LobotomyExtend","Marisa????????","Minty Spire (QoL Compilation)","Prisma Mod","Quick Restart","Rare Cards Sparkle","Relic Stats","Replay The Spire","Shop Mod","StSLib","The Blue Laboratory","The Cursed","The Gatherer","The Jungle","The Runesmith","The Servant 0.9.4","Waifu the Spire","WarShipGirlsR/????R mod"],"gold_per_floor":[114,114,40,40,59,59,90,80,106,132,184,222,260,297,309,421,533,560,572,584,607,637,674,686,717,756,867,898,928,967,990,1002,1110,1122,1227,1239,791,816,816,904,983,1032,1032,1032,1119,1119,1203,1311,1311,1311],"floor_reached":51,"playtime":5614,"items_purged":["OldLady"],"score":2335,"play_id":"7b97e55a-f1e3-4ca0-8eb7-57fdcae4b592","local_time":"20201214145951","is_ascension_mode":true,"campfire_choices":[],"circlet_count":0,"master_deck":["ApocalypseBird","PunishingBird","LongBird","BigBird","SpecialBullet","SpecialBullet","SpecialBullet","SpecialBullet","SpecialBullet","ControlCode","ExtractionCode","DisciplinaryCode","Beak","MeatLantern","ShedSkin","InTheNameOfLoveAndHate","Twilight+1","Scorched","ShyLook","CrimsonScar","ParadiseLost","Harvest","DaCapo","CherryBlossom","Justitia+1","GoldRush+1","GoldRush","rmod:ridicule+1","TodaysExpression","LittlePrince","FourthMatchFlame","FourthMatchFlame","FourthMatchFlame","TT2Protocol","GalaxyChild","Ecstasy","Rudolta","SummonCall","Twilight","Adoration","Lamp+2","BodiesMountain","ReplayUltimateDefense","hubris:InfiniteBlow+24","Amita+1","TrainingCode","BlueStar","Ecstasy+1","Pot Of Greed","Pot Of Greed","Pot Of Greed","Pot Of Greed","Pot Of Greed"],"relics":["CogitoBucket","RabbitCall","NeowsBlessing","LetterFromLob","hubris:Towel","Regal Pillow","hubris:SlimyHat","Boot","Replay:Towering Pillar of Hats","MawBank","Oddly Smooth Stone","Happy Flower","Mummified Hand","Replay:Grab Bag","Runic Dome","Replay:Wanted Poster","SlaversCollar","Snecko Eye","AdjustmentMirror","Bottled Flame","Bag of Marbles","BackwardClock","Replay:WaspNest","infinitespire:EvilPickle","hubris:Backtick","hubris:Potato","BehaviorAdjustment","AtMidnight","Guide Book","PreservedInsect","infinitespire:Joker Card","Black Star","ReplayTheSpireMod:TigerMarble","Pantograph","CatCart","Replay:Baseball","Twilight","infinitespire:ShieldingShard","Grinning Jar","RedMistMask"],"acts_visited":["Exordium","TheCity","TheBeyond"],"potions_floor_usage":[35,51],"damage_taken":[{"damage":0,"enemies":"Jaw Worm","floor":1,"turns":1},{"damage":0,"enemies":"2 Louse","floor":5,"turns":2},{"damage":5,"enemies":"3 Sentries","floor":7,"turns":2},{"damage":9,"enemies":"Gremlin Nob","floor":10,"turns":5},{"damage":5,"enemies":"3 Sentries","floor":12,"turns":3},{"damage":4,"enemies":"Gremlin Nob","floor":14,"turns":4},{"damage":11,"enemies":"Slime Boss","floor":16,"turns":7},{"damage":0,"enemies":"Chosen","floor":18,"turns":2},{"damage":0,"enemies":"2 Thieves","floor":21,"turns":1},{"damage":0,"enemies":"Snake Plant","floor":22,"turns":1},{"damage":0,"enemies":"Replay:Snechameleon","floor":23,"turns":1},{"damage":0,"enemies":"Centurion and Healer","floor":25,"turns":1},{"damage":42,"enemies":"Sentry and Sphere","floor":28,"turns":4},{"damage":0,"enemies":"Shelled Parasite and Fungi","floor":29,"turns":2},{"damage":0,"enemies":"Gremlin Leader","floor":30,"turns":1},{"damage":0,"enemies":"Cultist and Chosen","floor":31,"turns":1},{"damage":0,"enemies":"Pondfish","floor":33,"turns":4},{"damage":0,"enemies":"Orb Walker","floor":35,"turns":3},{"damage":0,"enemies":"R_Hoarder","floor":40,"turns":1},{"damage":0,"enemies":"3 Darklings","floor":41,"turns":1},{"damage":0,"enemies":"Orin","floor":42,"turns":3},{"damage":0,"enemies":"Spire Growth","floor":45,"turns":1},{"damage":0,"enemies":"Nemesis","floor":46,"turns":1},{"damage":0,"enemies":"Maw","floor":47,"turns":1},{"damage":0,"enemies":"Nemesis","floor":48,"turns":1},{"damage":0,"enemies":"Awakened One","floor":50,"turns":2},{"damage":0,"enemies":"Malkuth","floor":51,"turns":2},{"damage":0,"enemies":"Yesod","floor":51,"turns":1},{"damage":113,"enemies":"Chesed","floor":51,"turns":3},{"damage":0,"enemies":"Binah","floor":51,"turns":8},{"damage":23,"enemies":"Angela","floor":51,"turns":3}],"seed_played":"-6290802528277675463","potions_obtained":[{"floor":1,"key":"FearPotion"},{"floor":11,"key":"Block Potion"},{"floor":11,"key":"DuplicationPotion"},{"floor":22,"key":"sneckomod:MuddlingPotion"}],"is_trial":false,"path_per_floor":["M","?","$","?","M","R","E","?","T","E","?","E","T","E","R","B",null,"M","?","?","M","M","E","R","M","T","?","M","M","E","M","R","B",null,"M","?","$","T","AVR","E","M","?","T","R","M","E","M","E","R","B",null],"character_chosen":"Angela","items_purchased":["ShedSkin","Guide Book","ReplayUltimateDefense","ColorlessPotion"],"campfire_rested":0,"item_purchase_floors":[3,37,37,37],"current_hp_per_floor":[70,70,70,70,70,70,65,65,65,56,56,51,51,47,47,36,70,70,70,70,70,70,70,70,70,70,70,28,28,28,28,28,28,70,70,70,70,70,70,70,70,70,70,70,70,70,70,70,70,70],"gold":1311,"neow_bonus":"THREE_ENEMY_KILL","is_daily":false,"chose_seed":false,"campfire_upgraded":0,"win_rate":0.0,"timestamp":1607957991,"path_taken":["M","?","$","?","M","R","E","?","T","E","?","E","?","E","R","BOSS","M","?","?","M","M","E","R","?","T","?","M","M","E","M","R","BOSS","M","?","$","?","AVR","E","M","?","T","R","M","E","M","E","R","BOSS"],"items_purchased_type":["Card","Relic","Card","Potion"],"build_version":"2020-12-13","purchased_purges":1,"victory":true,"max_hp_per_floor":[70,70,70,70,70,70,70,70,70,70,70,70,70,70,70,70,70,70,70,70,70,70,70,70,70,70,70,70,70,70,70,70,70,70,70,70,70,70,70,70,70,70,70,70,70,70,70,70,70,70],"relic_stats":{"Regal Pillow":0,"Happy Flower":[21],"counters":[35,77],"Mummified Hand":[51],"Pantograph":0,"Snecko Eye":[106,85,98,103],"PreservedInsect":139,"Black Star":2,"Boot":[71],"MawBank":312,"obtain_stats":[{"RabbitCall":0,"Regal Pillow":4,"Twilight":46,"hubris:SlimyHat":7,"AdjustmentMirror":18,"Boot":9,"Replay:Wanted Poster":17,"CogitoBucket":0,"hubris:Backtick":34,"infinitespire:ShieldingShard":48,"Mummified Hand":14,"Pantograph":40,"BackwardClock":28,"NeowsBlessing":0,"Replay:Towering Pillar of Hats":10,"Happy Flower":13,"Replay:Grab Bag":17,"Guide Book":37,"Oddly Smooth Stone":12,"Replay:WaspNest":30,"PreservedInsect":38,"infinitespire:Joker Card":39,"hubris:Towel":2,"MawBank":11,"infinitespire:EvilPickle":33,"Runic Dome":17,"SlaversCollar":17,"Bottled Flame":23,"Replay:Baseball":43,"Snecko Eye":17,"AtMidnight":35,"BehaviorAdjustment":35,"RedMistMask":48,"LetterFromLob":1,"Bag of Marbles":26,"Black Star":39,"ReplayTheSpireMod:TigerMarble":40,"CatCart":42,"Grinning Jar":48,"hubris:Potato":34},{"RabbitCall":0,"Regal Pillow":1,"Twilight":26,"hubris:SlimyHat":3,"AdjustmentMirror":9,"Boot":3,"Replay:Wanted Poster":7,"CogitoBucket":0,"hubris:Backtick":19,"infinitespire:ShieldingShard":28,"Mummified Hand":6,"Pantograph":22,"BackwardClock":15,"NeowsBlessing":0,"Replay:Towering Pillar of Hats":4,"Happy Flower":5,"Replay:Grab Bag":7,"Guide Book":21,"Oddly Smooth Stone":5,"Replay:WaspNest":17,"PreservedInsect":21,"infinitespire:Joker Card":21,"hubris:Towel":1,"MawBank":4,"infinitespire:EvilPickle":19,"Runic Dome":7,"SlaversCollar":7,"Bottled Flame":12,"Replay:Baseball":24,"Snecko Eye":7,"AtMidnight":21,"BehaviorAdjustment":21,"RedMistMask":28,"LetterFromLob":1,"Bag of Marbles":13,"Black Star":21,"ReplayTheSpireMod:TigerMarble":22,"CatCart":24,"Grinning Jar":28,"hubris:Potato":19},{"RabbitCall":0,"Regal Pillow":1,"Twilight":55,"hubris:SlimyHat":5,"AdjustmentMirror":27,"Boot":5,"Replay:Wanted Poster":24,"CogitoBucket":0,"hubris:Backtick":44,"infinitespire:ShieldingShard":57,"Mummified Hand":17,"Pantograph":49,"BackwardClock":36,"NeowsBlessing":0,"Replay:Towering Pillar of Hats":10,"Happy Flower":13,"Replay:Grab Bag":24,"Guide Book":48,"Oddly Smooth Stone":13,"Replay:WaspNest":39,"PreservedInsect":48,"infinitespire:Joker Card":48,"hubris:Towel":1,"MawBank":10,"infinitespire:EvilPickle":44,"Runic Dome":24,"SlaversCollar":24,"Bottled Flame":30,"Replay:Baseball":53,"Snecko Eye":24,"AtMidnight":48,"BehaviorAdjustment":48,"RedMistMask":57,"LetterFromLob":1,"Bag of Marbles":31,"Black Star":48,"ReplayTheSpireMod:TigerMarble":49,"CatCart":53,"Grinning Jar":57,"hubris:Potato":44}]},"card_choices":[{"not_picked":["RedEyes"],"picked":"Beak","floor":1},{"not_picked":["BeautyBeast","ShyLook"],"picked":"MeatLantern","floor":1},{"not_picked":["TodaysExpression"],"picked":"InTheNameOfLoveAndHate","floor":5},{"not_picked":["Penitence"],"picked":"Twilight","floor":5},{"not_picked":["OldLady","Variant"],"picked":"Scorched","floor":5},{"not_picked":["UniverseFragment","Bloodbath"],"picked":"ShyLook","floor":7},{"not_picked":["Christmas","Lantern"],"picked":"CrimsonScar","floor":7},{"not_picked":[],"picked":"ParadiseLost","floor":8},{"not_picked":["Laetitia","VoidDream"],"picked":"LongBird","floor":10},{"not_picked":["Soda","CUTE","FourthMatchFlame"],"picked":"SKIP","floor":10},{"not_picked":["FourthMatchFlame","Beak"],"picked":"Harvest","floor":11},{"not_picked":["Noise","Regret_ego"],"picked":"DaCapo","floor":12},{"not_picked":["Beak","Pleasure"],"picked":"CherryBlossom","floor":14},{"not_picked":["MHz","Bloodbath"],"picked":"OldLady","floor":14},{"not_picked":["ParadiseLost","Pinks"],"picked":"Justitia","floor":16},{"not_picked":["Justitia","Twilight"],"picked":"GoldRush","floor":16},{"not_picked":["Penitence","Loneliness","Horn+1"],"picked":"SKIP","floor":18},{"not_picked":["BlackSwan_ego","Soda"],"picked":"TodaysExpression","floor":21},{"not_picked":["Mercenary","CrumblingArmor"],"picked":"LittlePrince","floor":22},{"not_picked":["TodaysExpression","Spore"],"picked":"FourthMatchFlame","floor":22},{"not_picked":["Hypocrisy","Loneliness"],"picked":"FourthMatchFlame","floor":23},{"not_picked":["Penitence+1","LifeForTheDareDevil"],"picked":"FourthMatchFlame","floor":23},{"not_picked":["Justitia","Discord","Gaze"],"picked":"SKIP","floor":23},{"not_picked":["WhitesApple","Variant"],"picked":"GalaxyChild","floor":25},{"not_picked":["SolemnVow","CherryBlossom","ShedSkin+1"],"picked":"SKIP","floor":25},{"not_picked":["WristCuter+1","MagicBullet","Lantern"],"picked":"SKIP","floor":28},{"not_picked":["RapturousDream","Tough"],"picked":"Ecstasy","floor":29},{"not_picked":["Wellcheers","WhitesApple"],"picked":"Rudolta","floor":29},{"not_picked":["Horn","Loneliness","Diffraction"],"picked":"SKIP","floor":29},{"not_picked":["BeautyBeast","Alriune"],"picked":"PunishingBird","floor":30},{"not_picked":["TodaysExpression+1","CUTE","Soda"],"picked":"SKIP","floor":30},{"not_picked":["RedEyes","Gaze"],"picked":"Twilight","floor":31},{"not_picked":["Loneliness","Noise","Laetitia_ego"],"picked":"SKIP","floor":31},{"not_picked":["TheSmile","Justitia"],"picked":"Adoration","floor":33},{"not_picked":["Tough+1","Noise"],"picked":"Lamp","floor":35},{"not_picked":["MeltingLove","CherryBlossoms","BlackSwan"],"picked":"Singing Bowl","floor":35},{"not_picked":["GreedKing","BlackArmy"],"picked":"BodiesMountain","floor":35},{"not_picked":["WristCuter","Wingbeat","Loneliness+1"],"picked":"SKIP","floor":35},{"not_picked":["BlackSwan","OSAHOGD","QueenBee"],"picked":"Singing Bowl","floor":40},{"not_picked":["Gaze+1","RedEyes+1","GrinderMk4+1"],"picked":"SKIP","floor":40},{"not_picked":["Loneliness+1","MagicBullet"],"picked":"Amita+1","floor":41},{"not_picked":["FairyFestival","CENSORED","Laetitia"],"picked":"Singing Bowl","floor":41},{"not_picked":["ScreamingWedge","MagicBullet","BloodyDesire"],"picked":"SKIP","floor":41},{"not_picked":["DespairKnight","WhiteNight","DreamingCurrent"],"picked":"Singing Bowl","floor":42},{"not_picked":["OldLady","HappyTeddy","SpiderBud"],"picked":"Singing Bowl","floor":45},{"not_picked":["NothingThere","CENSORED"],"picked":"BigBird","floor":45},{"not_picked":["SoundOfStar","SolemnVow+1","FourthMatchFlame+1"],"picked":"SKIP","floor":45},{"not_picked":["Bloodbath","BeautyBeast"],"picked":"BlueStar","floor":46},{"not_picked":["SnowQueen","HappyTeddy","QueenBee"],"picked":"Singing Bowl","floor":47},{"not_picked":["SoundOfStar","Galaxy+1"],"picked":"Ecstasy+1","floor":47},{"not_picked":["Noise","Hornet+1","CUTE"],"picked":"SKIP","floor":47},{"not_picked":["QueenBee","OldLady","HappyTeddy"],"picked":"Singing Bowl","floor":48},{"not_picked":["Lamp+1","SomewhereSpear+1","GrinderMk4+1"],"picked":"SKIP","floor":48}],"player_experience":173745,"relics_obtained":[{"floor":1,"key":"LetterFromLob"},{"floor":4,"key":"Regal Pillow"},{"floor":7,"key":"hubris:SlimyHat"},{"floor":9,"key":"Boot"},{"floor":10,"key":"Replay:Towering Pillar of Hats"},{"floor":11,"key":"MawBank"},{"floor":12,"key":"Oddly Smooth Stone"},{"floor":13,"key":"Happy Flower"},{"floor":14,"key":"Mummified Hand"},{"floor":23,"key":"Bottled Flame"},{"floor":26,"key":"Bag of Marbles"},{"floor":30,"key":"Replay:WaspNest"},{"floor":35,"key":"AtMidnight"},{"floor":38,"key":"PreservedInsect"},{"floor":40,"key":"ReplayTheSpireMod:TigerMarble"},{"floor":40,"key":"Pantograph"},{"floor":42,"key":"CatCart"},{"floor":43,"key":"Replay:Baseball"},{"floor":46,"key":"Twilight"},{"floor":48,"key":"infinitespire:ShieldingShard"},{"floor":48,"key":"Grinning Jar"},{"floor":48,"key":"RedMistMask"}],"event_choices":[{"damage_healed":0,"gold_gain":0,"player_choice":"Copied","damage_taken":0,"max_hp_gain":0,"max_hp_loss":0,"event_name":"Duplicator","floor":19,"gold_loss":0,"cards_obtained":["GoldRush"]},{"cards_removed":["MeatLantern"],"damage_healed":0,"gold_gain":0,"player_choice":"Take \u0026 Give","damage_taken":0,"max_hp_gain":0,"max_hp_loss":0,"event_name":"betterNote:BetterNote","floor":20,"gold_loss":0,"cards_obtained":["rmod:ridicule"]},{"damage_healed":0,"gold_gain":99,"player_choice":"Stole From Cult","damage_taken":0,"max_hp_gain":0,"max_hp_loss":0,"event_name":"Nest","floor":27,"gold_loss":0},{"damage_healed":0,"gold_gain":0,"player_choice":"Forge","damage_taken":0,"max_hp_gain":0,"max_hp_loss":0,"event_name":"Accursed Blacksmith","floor":36,"gold_loss":0,"cards_upgraded":["Twilight"]},{"damage_healed":0,"gold_gain":0,"player_choice":"Fight","damage_taken":0,"max_hp_gain":0,"max_hp_loss":0,"event_name":"OrinTheCat","floor":42,"gold_loss":0}],"is_beta":false,"boss_relics":[{"not_picked":["Ectoplasm","hubris:HollowSoul"],"picked":"Replay:Grab Bag"},{"not_picked":["Fusion Hammer","Replay:Bronze Core"],"picked":"Runic Dome"},{"not_picked":["Replay:Fungal Core","infinitespire:Cupcake"],"picked":"Replay:Wanted Poster"},{"not_picked":["Replay:Drink Me","SacredBark"],"picked":"SlaversCollar"},{"not_picked":["hubris:BlackHole","Kintsugi"],"picked":"Snecko Eye"},{"not_picked":["Replay:Ancient Bell","Velvet Choker"],"picked":"hubris:Backtick"}],"items_purged_floors":[37],"is_endless":false,"potions_floor_spawned":[1,22,25,46],"ascension_level":4}}