{"host":"coame8l8goqx0svj","time":1607963441,"event":{"mods":["BaseMod","Downfall","Minty Spire (QoL Compilation)","StSLib"],"gold_per_floor":[99,126,126,126,157,169,247,281,131,163,173,173,50,50,69,69,69],"floor_reached":16,"playtime":689,"items_purged":[],"score":202,"play_id":"424bafab-38d1-4cff-b99a-4a147dbcfcc9","local_time":"20201214173041","is_ascension_mode":true,"campfire_choices":[{"floor":1,"key":"RECALL"},{"floor":9,"key":"REST"}],"circlet_count":0,"master_deck":["champ:Strike","champ:Strike","champ:Strike","champ:Strike","champ:Defend","champ:Defend","champ:Defend","champ:Defend","champ:Execute","champ:FocusedDefense","champ:ShieldSigil","champ:ShieldWall","champ:IronFortress","champ:EnGarde","champ:HeartStrike","Parasite","champ:DefensiveShout","champ:Circumvent","champ:DeathBlow"],"relics":["champ:ChampionCrown","downfall:HeartsMalice","Anchor","Ornamental Fan","Darkstone Periapt","Mercury Hourglass","downfall:HeartBlessingRed","downfall:HeartBlessingGreen","Toy Ornithopter","downfall:BrokenWingStatue"],"acts_visited":["Exordium"],"potions_floor_usage":[8,13],"damage_taken":[{"damage":0,"enemies":"3 Sentries","floor":2,"turns":1},{"damage":0,"enemies":"Small Slimes","floor":4,"turns":1},{"damage":0,"enemies":"Gremlin Nob","floor":5,"turns":1},{"damage":10,"enemies":"Cultist","floor":6,"turns":3},{"damage":60,"enemies":"3 Sentries","floor":8,"turns":10},{"damage":21,"enemies":"Gremlin Nob","floor":10,"turns":4},{"damage":5,"enemies":"Jaw Worm","floor":11,"turns":3},{"damage":5,"enemies":"downfall:FleeingMerchant","floor":13,"turns":4},{"damage":24,"enemies":"Large Slime","floor":15,"turns":6},{"damage":76,"enemies":"downfall:Defect","floor":16,"turns":6}],"seed_played":"404733884308489295","potions_obtained":[{"floor":5,"key":"LiquidBronze"},{"floor":10,"key":"LiquidBronze"},{"floor":15,"key":"Explosive Potion"}],"is_trial":false,"path_per_floor":["R","E","?","M","E","M","T","E","R","E","M","?","$","?","M","B"],"character_chosen":"THE_CHAMP","items_purchased":["champ:Circumvent","champ:DeathBlow"],"campfire_rested":1,"item_purchase_floors":[13,13],"current_hp_per_floor":[90,90,90,90,90,90,90,35,62,46,46,74,79,79,75,0,0],"gold":69,"neow_bonus":"THREE_ENEMY_KILL","is_daily":false,"chose_seed":false,"campfire_upgraded":0,"win_rate":0.0,"timestamp":1607963441,"path_taken":["R","E","?","M","E","?","T","E","R","E","M","?","$","?","M","BOSS"],"items_purchased_type":["Card","Card"],"build_version":"2020-12-13","purchased_purges":0,"victory":false,"max_hp_per_floor":[90,90,90,90,90,90,90,90,90,90,90,96,96,96,96,96,96],"card_choices":[{"not_picked":["champ:TornadoPunch","champ:Control"],"picked":"champ:FocusedDefense","floor":2},{"not_picked":["champ:FanOfKnives","champ:FlashCut","champ:BringItOn"],"picked":"SKIP","floor":4},{"not_picked":["champ:Haymaker","champ:PerfectedStrike"],"picked":"champ:ShieldSigil","floor":5},{"not_picked":["champ:ViciousMockery","champ:ShieldSigil"],"picked":"champ:ShieldWall","floor":6},{"not_picked":["champ:BladeFlurry","champ:FocusedBerserking"],"picked":"champ:IronFortress","floor":8},{"not_picked":["champ:FocusedBerserking","champ:SwordSigil"],"picked":"champ:EnGarde","floor":10},{"not_picked":["champ:Balance","champ:FanOfKnives"],"picked":"champ:HeartStrike","floor":11},{"not_picked":["champ:EnchantCrown","champ:FightOn"],"picked":"champ:DefensiveShout","floor":13},{"not_picked":["champ:Encircle","champ:Duel","champ:BringItOn"],"picked":"SKIP","floor":15}],"player_experience":1602834,"relics_obtained":[{"floor":2,"key":"Anchor"},{"floor":5,"key":"Ornamental Fan"},{"floor":7,"key":"Darkstone Periapt"},{"floor":8,"key":"Mercury Hourglass"},{"floor":10,"key":"Toy Ornithopter"}],"event_choices":[{"cards_removed":["champ:Taunt"],"damage_healed":0,"gold_gain":0,"player_choice":"Purged","damage_taken":0,"max_hp_gain":0,"max_hp_loss":0,"event_name":"Purifier","floor":3,"gold_loss":0},{"damage_healed":22,"gold_gain":0,"player_choice":"Healed and dodged fight","damage_taken":0,"max_hp_gain":0,"max_hp_loss":0,"event_name":"Mushrooms","floor":12,"gold_loss":0,"cards_obtained":["Parasite"]}],"is_beta":false,"boss_relics":[],"items_purged_floors":[],"is_endless":false,"potions_floor_spawned":[5,10,15],"killed_by":"downfall:Defect","ascension_level":3}}