{"host":"Crutt","time":1607945083,"event":{"mods":["2.2 Compatiblity","Aspiration","Bard","BaseMod","Better Altar","Better Skull","Better Third Choice","Googly Eyes","Hermit","Jedi Mod","Jorbs\u0027s Wanderer Trilogy","Minty Spire (QoL Compilation)","Optimize The Spire","Potionbrewer","Spicy Shops","StSLib","The Construct","The Cursed","The Disciple","The Hierophant","The Runesmith","thorton","vexMod"],"gold_per_floor":[135,135,159,42,7,7,68,68,116,116,193,193,344,308,308,343,343,343],"floor_reached":16,"playtime":635,"items_purged":[],"score":147,"play_id":"467d211d-1c48-43ce-8eff-1e8f1a1fee49","local_time":"20201214052443","is_ascension_mode":true,"campfire_choices":[{"data":"thethorton:GoldBuffer","floor":6,"key":"SMITH"},{"data":"thethorton:SeeingDouble","floor":8,"key":"SMITH"},{"data":"thethorton:Heckle","floor":10,"key":"SMITH"},{"floor":15,"key":"REST"}],"circlet_count":0,"master_deck":["AscendersBane","thethorton:Strike","thethorton:Strike","thethorton:Strike","thethorton:Strike","thethorton:Defend","thethorton:Defend","thethorton:Defend","thethorton:Defend","thethorton:Heckle+1","thethorton:CreditCard","Normality","thethorton:StampSmack","stsjorbsmod:Withering","thethorton:SeeingDouble+1","thethorton:CoinClash","thethorton:GoldBuffer+1","thethorton:Distance","thethorton:Investment"],"relics":["thethorton:CouragePotion","aspiration:Nostalgia","TheCursedMod:BlackMagic101","construct:FoamFinger","potionbrewer:Torch","betterThird:SlimedRelic"],"acts_visited":["Exordium"],"potions_floor_usage":[7,16],"damage_taken":[{"damage":4,"enemies":"Small Slimes","floor":1,"turns":5},{"damage":6,"enemies":"Cultist","floor":3,"turns":6},{"damage":20,"enemies":"Lagavulin","floor":7,"turns":6},{"damage":3,"enemies":"Jaw Worm","floor":11,"turns":6},{"damage":15,"enemies":"3 Louse","floor":13,"turns":13},{"damage":55,"enemies":"Slime Boss","floor":16,"turns":9}],"seed_played":"-1898773367912629579","potions_obtained":[{"floor":1,"key":"Energy Potion"},{"floor":7,"key":"potionbrewer:QuicksilverPotion"}],"is_trial":false,"path_per_floor":["M","?","M","$","?","R","E","R","T","R","M","?","M","?","R","B"],"character_chosen":"THE_THORT","items_purchased":["thethorton:GoldBuffer"],"campfire_rested":1,"item_purchase_floors":[4],"current_hp_per_floor":[57,57,51,51,68,68,48,48,48,48,45,50,35,24,45,0,0,0],"gold":343,"neow_bonus":"NOSTALGIA","is_daily":false,"chose_seed":false,"campfire_upgraded":3,"win_rate":0.0,"timestamp":1607945083,"path_taken":["M","?","?","$","?","R","E","R","T","R","M","?","M","?","R","BOSS"],"items_purchased_type":["Card"],"build_version":"2020-12-07","purchased_purges":0,"victory":false,"max_hp_per_floor":[68,68,68,68,68,68,68,68,68,68,68,73,73,73,73,73,73,73],"card_choices":[{"not_picked":["thethorton:DockPay","thethorton:BookBash"],"picked":"thethorton:StampSmack","floor":1},{"not_picked":["thethorton:ROI","thethorton:ShoutAndRun"],"picked":"thethorton:CoinClash","floor":3},{"not_picked":["thethorton:AngerMoment","thethorton:DesperateRun"],"picked":"thethorton:Distance","floor":7},{"not_picked":["thethorton:TakeAccounts","thethorton:CoinShield"],"picked":"thethorton:Investment","floor":11},{"not_picked":["thethorton:FearfulRun","thethorton:ElbowSmash","thethorton:TakeAccounts"],"picked":"SKIP","floor":13}],"player_experience":3517726,"relics_obtained":[{"floor":7,"key":"construct:FoamFinger"},{"floor":9,"key":"potionbrewer:Torch"}],"event_choices":[{"damage_healed":0,"gold_gain":0,"player_choice":"2 cards matched","damage_taken":0,"max_hp_gain":0,"max_hp_loss":0,"event_name":"Match and Keep!","floor":2,"gold_loss":0,"cards_obtained":["stsjorbsmod:Withering","thethorton:SeeingDouble"]},{"damage_healed":17,"gold_gain":0,"player_choice":"Healed","damage_taken":0,"max_hp_gain":0,"max_hp_loss":0,"event_name":"The Cleric","floor":5,"gold_loss":35},{"damage_healed":0,"gold_gain":0,"player_choice":"Donut","damage_taken":0,"max_hp_gain":5,"max_hp_loss":0,"event_name":"Big Fish","floor":12,"gold_loss":0},{"damage_healed":0,"gold_gain":0,"player_choice":"Slimed","damage_taken":11,"max_hp_gain":0,"max_hp_loss":0,"event_name":"betterThird:BetterGoop","floor":14,"gold_loss":36}],"is_beta":true,"boss_relics":[],"items_purged_floors":[],"is_endless":false,"potions_floor_spawned":[1,7],"killed_by":"Slime Boss","ascension_level":10}}