{"host":"951sez6ulsv0fw1i","time":1607949568,"event":{"mods":["2.2 Compatiblity","Aspiration","BaseMod","Better Third Choice","BetterRewards","CCEM","CapriCore","Conspire","Downfall","Googly Eyes","Hermit","Infinite Spire","JesterMod","Luminous","Mari Mod (Legacy)","Mari\u0027s V1 Patch","Marisa????????","Minty Spire (QoL Compilation)","Potionbrewer","Reimu??????","Shade Mod","StSLib","The Bug Knight","The Cursed","The Forsaken","The Immortal","The Mystic","The Poker Player","The Runesmith","The Servant 0.9.4","TheBandit","TheSwordswoman"],"gold_per_floor":[117,117,37,53,69,69,84,113,164,193,38,38,38,38,38,142,142,159,159,159,159,177,205,205,205,253,253,213,213],"floor_reached":28,"playtime":1721,"items_purged":["Underhanded Strike"],"score":269,"play_id":"32163e5a-7d4e-4ad7-b3fe-036b5fa2a52e","local_time":"20201214133928","is_ascension_mode":false,"campfire_choices":[{"data":"NB:ReiMu","floor":6,"key":"SMITH"},{"data":"OrbThrow:ReiMu","floor":12,"key":"SMITH"},{"floor":15,"key":"REST"},{"floor":25,"key":"REST"}],"circlet_count":0,"master_deck":["NB:ReiMu+1","Stagnation:ReiMu","SpreadBorder2:ReiMu","MountainWay:ReiMu","PrayRite:ReiMu","OrbThrow:ReiMu","OrbThrow:ReiMu+1","PassingAway:ReiMu","LovePray:ReiMu","Gathering:ReiMu","infinitespire:NeuralNetwork","Underhanded Strike","Expertise","KamiRite:ReiMu","Meditation:ReiMu+1","SafetyPray:ReiMu+1","PrepareRite:ReiMu","SubAcupoint:ReiMu","Meditation:ReiMu","UniversalSpiritual:ReiMu","BarrageOfMoneybags:ReiMu","infinitespire:TheBestDefense","LearningPray:ReiMu+1"],"relics":["FlyPower:ReiMu","Strawberry","Bottled Flame","CheatingSign:ReiMu","jesterMod:MachoBrace","aspiration:RitualStick","theForsaken:Lifeblossom","Toy Ornithopter","Pandora\u0027s Box","Oddly Smooth Stone","CeramicFish"],"acts_visited":["Exordium","TheCity"],"potions_floor_usage":[10],"damage_taken":[{"damage":0,"enemies":"Jaw Worm","floor":1,"turns":7},{"damage":2,"enemies":"Cultist","floor":4,"turns":4},{"damage":5,"enemies":"2 Louse","floor":5,"turns":3},{"damage":0,"enemies":"Blue Slaver","floor":7,"turns":3},{"damage":27,"enemies":"3 Sentries","floor":8,"turns":7},{"damage":5,"enemies":"Gremlin Nob","floor":10,"turns":4},{"damage":17,"enemies":"Slime Boss","floor":16,"turns":7},{"damage":9,"enemies":"Shell Parasite","floor":18,"turns":4},{"damage":17,"enemies":"2 Thieves","floor":22,"turns":4},{"damage":12,"enemies":"HollowMod:Nosk","floor":23,"turns":9},{"damage":17,"enemies":"Centurion and Healer","floor":27,"turns":5},{"damage":44,"enemies":"Nightmare","floor":28,"turns":6}],"seed_played":"-8459361083751765632","potions_obtained":[{"floor":5,"key":"SkillPotion"},{"floor":10,"key":"ZuzhouPotion:ReiMu"},{"floor":22,"key":"Fire Potion"},{"floor":27,"key":"potionbrewer:ToxicPotion"}],"is_trial":false,"path_per_floor":["M","?","$","M","M","R","M","E","T","E","$","R","?","?","R","B",null,"M","?","T","?","M","E","AVR","R","T","M","NM"],"character_chosen":"REIMU","items_purchased":["PrayRite:ReiMu","CheatingSign:ReiMu"],"campfire_rested":2,"item_purchase_floors":[3,11],"current_hp_per_floor":[71,71,71,69,64,64,64,44,44,39,39,39,20,20,43,26,78,69,53,53,38,27,21,21,45,45,34,0,0],"gold":213,"neow_bonus":"TEN_PERCENT_HP_BONUS","is_daily":false,"chose_seed":false,"campfire_upgraded":2,"win_rate":0.0,"timestamp":1607949568,"path_taken":["M","?","$","?","M","R","M","E","T","E","?","R","?","?","R","BOSS","M","?","?","?","M","E","AVR","R","T","M","NM"],"items_purchased_type":["Card","Relic"],"build_version":"2020-12-13","purchased_purges":1,"victory":false,"max_hp_per_floor":[71,71,71,71,71,71,71,78,78,78,78,78,78,78,78,78,78,78,78,78,83,83,83,83,83,83,83,83,83],"card_choices":[{"not_picked":["SubcavityInstant:ReiMu","Intuition:ReiMu"],"picked":"SpreadBorder2:ReiMu","floor":1},{"not_picked":["Revelation:ReiMu","AirStrike:ReiMu"],"picked":"OrbThrow:ReiMu","floor":4},{"not_picked":["WonderfulDomain:ReiMu","SealNeedle:ReiMu"],"picked":"OrbThrow:ReiMu","floor":5},{"not_picked":["TakeOff:ReiMu","OctopathBindingBorder2:ReiMu"],"picked":"PassingAway:ReiMu","floor":7},{"not_picked":["Dreaming:ReiMu","AlertArray:ReiMu"],"picked":"LovePray:ReiMu","floor":8},{"not_picked":["CareerPray:ReiMu","AlertArray:ReiMu"],"picked":"Gathering:ReiMu","floor":10},{"not_picked":["infinitespire:Oblivion","infinitespire:FinalStrike"],"picked":"infinitespire:NeuralNetwork","floor":13},{"not_picked":["BlastKick2:ReiMu","Shading:ReiMu"],"picked":"KamiRite:ReiMu","floor":16},{"not_picked":["TightArray:ReiMu","ManaGlint:ReiMu"],"picked":"Meditation:ReiMu+1","floor":18},{"not_picked":["Meditation:ReiMu","Conquer:ReiMu"],"picked":"SafetyPray:ReiMu+1","floor":22},{"not_picked":["SpiritualOutbreak2:ReiMu","PhosphorusFlame:ReiMu+1"],"picked":"PrepareRite:ReiMu","floor":23},{"not_picked":["SpreadBorder2:ReiMu","OrbThrow:ReiMu"],"picked":"LearningPray:ReiMu+1","floor":27}],"player_experience":493065,"relics_obtained":[{"floor":8,"key":"Strawberry"},{"floor":10,"key":"Bottled Flame"},{"floor":20,"key":"theForsaken:Lifeblossom"},{"floor":23,"key":"Toy Ornithopter"},{"floor":26,"key":"CeramicFish"}],"event_choices":[{"damage_healed":0,"gold_gain":0,"cards_transformed":["Defend_Lin:ReiMu"],"player_choice":"Transformed","damage_taken":0,"max_hp_gain":0,"max_hp_loss":0,"event_name":"Transmorgrifier","floor":2,"gold_loss":0,"cards_obtained":["MountainWay:ReiMu"]},{"damage_healed":0,"gold_gain":0,"player_choice":"Shed Blood","damage_taken":20,"max_hp_gain":5,"max_hp_loss":0,"event_name":"Forgotten Altar","floor":21,"gold_loss":0}],"is_beta":false,"boss_relics":[{"not_picked":["Sozu","Runesmith:UraniumAnvil"],"picked":"jesterMod:MachoBrace"}],"items_purged_floors":[24],"is_endless":false,"potions_floor_spawned":[5,10,22,27],"killed_by":"Nightmare","ascension_level":0}}