{"host":"e9x02d116nyd6j9y","time":1607937789,"event":{"mods":["BaseMod","Minty Spire (QoL Compilation)","SuperFastMode","everything is the same but u backflip on backflip"],"gold_per_floor":[110,127,127,127,142,142,158,177,177,202,58,58,84,102,102,228,228,253,277,277,277,277,277],"floor_reached":22,"playtime":754,"items_purged":[],"score":203,"play_id":"9e9f1a33-2838-4442-889f-945c3b6e2726","local_time":"20201214182309","is_ascension_mode":false,"campfire_choices":[{"data":"Body Slam","floor":6,"key":"SMITH"},{"data":"Body Slam","floor":12,"key":"SMITH"},{"floor":15,"key":"REST"}],"circlet_count":0,"master_deck":["Defend_R","Defend_R","Defend_R","Defend_R","Bash","Twin Strike","Body Slam+1","Clash","Double Tap","Iron Wave","Body Slam+1","Clash","Juggernaut","Headbutt","Sword Boomerang","Bite","Bite","Bite","Bite","Bite"],"relics":["Burning Blood","Golden Idol","Paper Frog","Lantern","Strawberry","SacredBark"],"acts_visited":["Exordium","TheCity"],"potions_floor_usage":[16,16],"damage_taken":[{"damage":5,"enemies":"Cultist","floor":1,"turns":4},{"damage":5,"enemies":"2 Louse","floor":2,"turns":3},{"damage":3,"enemies":"Jaw Worm","floor":5,"turns":4},{"damage":15,"enemies":"Exordium Thugs","floor":7,"turns":4},{"damage":13,"enemies":"Exordium Wildlife","floor":8,"turns":3},{"damage":11,"enemies":"Large Slime","floor":10,"turns":5},{"damage":9,"enemies":"Gremlin Gang","floor":14,"turns":4},{"damage":77,"enemies":"The Guardian","floor":16,"turns":10},{"damage":33,"enemies":"Shell Parasite","floor":18,"turns":6},{"damage":22,"enemies":"3 Byrds","floor":19,"turns":6},{"damage":57,"enemies":"Shelled Parasite and Fungi","floor":22,"turns":4}],"seed_played":"3646065191085399174","potions_obtained":[{"floor":1,"key":"DistilledChaos"},{"floor":8,"key":"BloodPotion"},{"floor":16,"key":"SteroidPotion"},{"floor":19,"key":"EssenceOfSteel"},{"floor":21,"key":"DuplicationPotion"}],"is_trial":false,"path_per_floor":["M","M","?","?","M","R","M","M","T","M","$","R","T","M","R","B",null,"M","M","?","?","M"],"character_chosen":"IRONCLAD","items_purchased":["Lantern"],"campfire_rested":1,"item_purchase_floors":[11],"current_hp_per_floor":[80,80,60,60,65,65,58,53,53,50,50,50,57,56,82,30,87,60,46,46,46,0,0],"gold":277,"neow_bonus":"RANDOM_COMMON_RELIC","is_daily":false,"chose_seed":false,"campfire_upgraded":2,"win_rate":0.0,"timestamp":1607937789,"path_taken":["M","M","?","?","M","R","M","M","T","?","$","R","?","M","R","BOSS","M","M","?","?","?"],"items_purchased_type":["Relic"],"build_version":"2020-12-13","purchased_purges":0,"victory":false,"max_hp_per_floor":[80,80,80,80,80,80,80,80,80,80,80,80,87,87,87,87,87,87,87,87,87,87,87],"card_choices":[{"not_picked":["Fire Breathing","Inflame"],"picked":"Twin Strike","floor":1},{"not_picked":["Fire Breathing","Clash"],"picked":"Body Slam","floor":2},{"not_picked":["Warcry","Sword Boomerang"],"picked":"Clash","floor":5},{"not_picked":["Heavy Blade","Wild Strike"],"picked":"Double Tap","floor":7},{"not_picked":["Clothesline","Burning Pact"],"picked":"Iron Wave","floor":8},{"not_picked":["Perfected Strike","Dual Wield"],"picked":"Body Slam","floor":10},{"not_picked":["Flex","Clothesline"],"picked":"Clash","floor":14},{"not_picked":["Double Tap","Limit Break"],"picked":"Juggernaut","floor":16},{"not_picked":["Heavy Blade","Wild Strike+1"],"picked":"Headbutt","floor":18},{"not_picked":["Wild Strike","Feel No Pain"],"picked":"Sword Boomerang","floor":19}],"player_experience":15897,"relics_obtained":[{"floor":9,"key":"Paper Frog"},{"floor":13,"key":"Strawberry"}],"event_choices":[{"damage_healed":0,"gold_gain":0,"player_choice":"Take Damage","damage_taken":20,"relics_obtained":["Golden Idol"],"max_hp_gain":0,"max_hp_loss":0,"event_name":"Golden Idol","floor":3,"gold_loss":0},{"damage_healed":0,"gold_gain":0,"player_choice":"Ignored","damage_taken":0,"max_hp_gain":0,"max_hp_loss":0,"event_name":"Golden Wing","floor":4,"gold_loss":0},{"damage_healed":0,"gold_gain":0,"player_choice":"Became a vampire (Vial)","damage_taken":0,"max_hp_gain":0,"max_hp_loss":0,"event_name":"Vampires","floor":20,"relics_lost":["Blood Vial"],"gold_loss":0,"cards_obtained":["Bite","Bite","Bite","Bite","Bite"]},{"damage_healed":0,"gold_gain":0,"player_choice":"Got Potions","damage_taken":0,"max_hp_gain":0,"max_hp_loss":0,"event_name":"Lab","floor":21,"gold_loss":0}],"is_beta":false,"boss_relics":[{"not_picked":["Runic Dome","Cursed Key"],"picked":"SacredBark"}],"items_purged_floors":[],"is_endless":false,"potions_floor_spawned":[1,8,16,19],"killed_by":"Shelled Parasite and Fungi","ascension_level":0}}