{"host":"jm9833yuloeli2yd","time":1607983018,"event":{"mods":["AchievementEnabler","BaseMod","Better Altar","Better Match","Better Note","Better Sensory Stone","Better Skull","Better Vampires","Colored Map","Colored Powertips","DeckTracker","Minty Spire (QoL Compilation)","Permanent Neow","Quick Restart","Replay The Spire","StSLib","SuperFastMode"],"gold_per_floor":[153,167,36,98,136,136,55,110,160,160,218,286,286,336,336,439,439,481,39,56,95,137,137,182,182,205,143,163,163,198,198,198,271,271,286,29,53,72,72,72],"floor_reached":39,"playtime":1057,"items_purged":["ReplayTheSpireMod:Restless Dread","Strike_B"],"score":1168,"play_id":"56502eb1-a02e-4ffe-ba4c-59f2c3c400ba","local_time":"20201214165658","is_ascension_mode":true,"campfire_choices":[{"data":"HandOfGreed","floor":6.0,"key":"SMITH"},{"floor":10.0,"key":"REST"},{"data":"Hologram","floor":13.0,"key":"SMITH"},{"data":"Barrage","floor":15.0,"key":"SMITH"},{"floor":23.0,"key":"REST"},{"data":"Defragment","floor":25.0,"key":"SMITH"},{"data":"Seek","floor":29.0,"key":"SMITH"}],"circlet_count":0,"master_deck":["AscendersBane","Strike_B","Strike_B","Strike_B","Defend_B","Defend_B+1","Defend_B","Defend_B+1","Zap","Dualcast","HandOfGreed+1","Auto Shields","Genetic Algorithm","Capacitor","Seek+1","Hologram+1","Barrage+1","Core Surge+1","Chill","Defragment+1","Conserve Battery+1","Barrage+1","Hologram+1","Coolheaded","ReplayTheSpireMod:System Scan+1","Core Surge","Recycle","BasicCrystalCard+1"],"relics":["Cracked Core","Oddly Smooth Stone","War Paint","Eternal Feather","SlaversCollar","Sling","Ancient Tea Set","Lantern","Geode","Orichalcum","Busted Crown","OrangePellets","Gambling Chip"],"acts_visited":["Exordium","TheCity","TheBeyond"],"potions_floor_usage":[33],"damage_taken":[{"damage":4.0,"enemies":"2 Louse","floor":1.0,"turns":4.0},{"damage":7.0,"enemies":"Jaw Worm","floor":2.0,"turns":2.0},{"damage":0.0,"enemies":"Cultist","floor":5.0,"turns":3.0},{"damage":35.0,"enemies":"Gremlin Nob","floor":8.0,"turns":4.0},{"damage":19.0,"enemies":"Lagavulin","floor":11.0,"turns":7.0},{"damage":0.0,"enemies":"2 Fungi Beasts","floor":12.0,"turns":3.0},{"damage":41.0,"enemies":"Slime Boss","floor":16.0,"turns":10.0},{"damage":29.0,"enemies":"3 Byrds","floor":18.0,"turns":9.0},{"damage":0.0,"enemies":"Spheric Guardian","floor":20.0,"turns":5.0},{"damage":5.0,"enemies":"Centurion and Healer","floor":21.0,"turns":8.0},{"damage":19.0,"enemies":"Sentry and Sphere","floor":22.0,"turns":7.0},{"damage":16.0,"enemies":"Snake Plant","floor":24.0,"turns":6.0},{"damage":0.0,"enemies":"Snecko","floor":28.0,"turns":4.0},{"damage":9.0,"enemies":"Book of Stabbing","floor":30.0,"turns":5.0},{"damage":10,"enemies":"Pondfish","floor":33,"turns":13},{"damage":20,"enemies":"Orb Walker","floor":35,"turns":6},{"damage":16,"enemies":"3 Shapes","floor":38,"turns":5},{"damage":13,"enemies":"3 Darklings","floor":39,"turns":6}],"seed_played":"5380842919652499807","potions_obtained":[{"floor":1.0,"key":"Block Potion"},{"floor":11.0,"key":"FairyPotion"},{"floor":20.0,"key":"Fire Potion"},{"floor":21.0,"key":"Energy Potion"},{"floor":24.0,"key":"Doom Potion"},{"floor":33,"key":"Reflective Coating"}],"is_trial":false,"path_per_floor":["M","M","$","?","M","R","$","E","T","R","E","M","R","?","R","B",null,"M","$","M","M","M","R","M","R","T","?","M","R","E","?","R_BF","B",null,"M","$","?","M","M"],"character_chosen":"DEFECT","items_purchased":["Strength Potion","Capacitor","Defragment","Conserve Battery+1","Sling","Ancient Tea Set","OrangePellets"],"campfire_rested":2,"item_purchase_floors":[3,7,19,19,19,19,36],"current_hp_per_floor":[60,53,53,53,53,53,53,18,18,39,20,20,29,29,38,21,59,30,30,30,25,6,39,23,38,38,38,38,53,44,44,71,61,69,49,49,26,10,0,0],"gold":72,"neow_bonus":"RANDOM_COLORLESS_2","is_daily":false,"chose_seed":false,"campfire_upgraded":5,"win_rate":0.0,"timestamp":1607983018,"path_taken":["M","M","$","?","M","R","$","E","T","R","E","M","R","?","R","BOSS","M","$","?","M","M","R","M","R","T","?","?","R","E","?","R_BF","BOSS","M","?","?","?","M"],"items_purchased_type":["Potion","Card","Card","Card","Relic","Relic","Relic"],"build_version":"2020-12-13","purchased_purges":2,"victory":false,"max_hp_per_floor":[71,71,71,71,71,71,71,71,71,71,71,71,71,71,71,71,71,71,71,71,71,71,71,71,71,71,71,71,71,71,71,71,71,71,71,71,71,71,71,71],"card_choices":[{"not_picked":["ReplayUltimateDefense","Poisoned Strike"],"picked":"HandOfGreed","floor":0.0},{"not_picked":["Coolheaded","Leap"],"picked":"Auto Shields","floor":1.0},{"not_picked":["Rebound","Storm","Aggregate"],"picked":"SKIP","floor":2.0},{"not_picked":["Darkness","Glacier"],"picked":"Genetic Algorithm","floor":5.0},{"not_picked":["Steam Power","Gash"],"picked":"Seek","floor":8.0},{"not_picked":["Barrage","Redo"],"picked":"Hologram","floor":11.0},{"not_picked":["Streamline","White Noise"],"picked":"Barrage","floor":12.0},{"not_picked":["ReplayTheSpireMod:Fabricate Wheel","Reboot"],"picked":"Core Surge","floor":16.0},{"not_picked":["Beam Cell","Steam"],"picked":"Chill","floor":18.0},{"not_picked":["Cold Snap","Go for the Eyes"],"picked":"Barrage+1","floor":20.0},{"not_picked":["ReplaySort","Blizzard","Compile Driver"],"picked":"SKIP","floor":21.0},{"not_picked":["Leap+1","ReplayTheSpireMod:Reroute Power"],"picked":"Hologram+1","floor":22.0},{"not_picked":["Fission","Compile Driver+1"],"picked":"Coolheaded","floor":24.0},{"not_picked":["Compile Driver","Coolheaded"],"picked":"ReplayTheSpireMod:System Scan+1","floor":28.0},{"not_picked":["Redo","Cold Snap","BasicCrystalCard"],"picked":"SKIP","floor":30.0},{"not_picked":["Machine Learning","Mirror Shield"],"picked":"Core Surge","floor":33},{"not_picked":[],"picked":"Recycle","floor":35},{"not_picked":[],"picked":"BasicCrystalCard+1","floor":37},{"not_picked":["ReplayTheSpireMod:GoodbyeWorld"],"picked":"SKIP","floor":38}],"player_experience":1057534,"relics_obtained":[{"floor":8.0,"key":"Oddly Smooth Stone"},{"floor":9.0,"key":"War Paint"},{"floor":11.0,"key":"Eternal Feather"},{"floor":26.0,"key":"Lantern"},{"floor":30.0,"key":"Orichalcum"},{"floor":37,"key":"Gambling Chip"}],"event_choices":[{"damage_healed":0.0,"max_hp_gain":0.0,"max_hp_loss":0.0,"gold_gain":62.0,"event_name":"Golden Wing","player_choice":"Gained Gold","floor":4.0,"gold_loss":0.0,"damage_taken":0.0},{"damage_healed":0.0,"max_hp_gain":0.0,"max_hp_loss":0.0,"gold_gain":50.0,"event_name":"Golden Shrine","player_choice":"Pray","floor":14.0,"gold_loss":0.0,"damage_taken":0.0},{"damage_healed":0.0,"max_hp_gain":0.0,"max_hp_loss":0.0,"gold_gain":0.0,"event_name":"WeMeetAgain","player_choice":"Paid Gold","floor":27.0,"gold_loss":62.0,"damage_taken":0.0,"relics_obtained":["Geode"]},{"damage_healed":0.0,"max_hp_gain":0.0,"max_hp_loss":0.0,"gold_gain":0.0,"event_name":"The Mausoleum","player_choice":"Ignored","floor":31.0,"gold_loss":0.0,"damage_taken":0.0}],"is_beta":false,"boss_relics":[{"not_picked":["Cursed Key","Replay:Drink Me"],"picked":"SlaversCollar"},{"not_picked":["Calling Bell","Empty Cage"],"picked":"Busted Crown"}],"items_purged_floors":[3,36],"is_endless":false,"potions_floor_spawned":[1,8,11,12,20,21,24,33],"killed_by":"3 Darklings","ascension_level":20}}