{"host":"eyd8pf3bw1xm0qjv","time":1607983523,"event":{"mods":["AchievementEnabler","Aspiration","Bard","BaseMod","Beaked The Cultist","BetterRewards","CCEM","Challenge The Spire","Clawfect","Colored Map","Conspire","Downfall","Duelist Mod","Ekko","GifTheSpireLib","Glutton Mod","Googly Eyes","Halation","Hermit","Highlight Path","Hubris","Jedi Mod","Jorbs\u0027s Wanderer Trilogy","Mad Scientist","Marisa????????","Mimic Mod","Minty Spire (QoL Compilation)","Permanent Neow","Potionbrewer","Relic Sorter","Replay The Spire","StSLib","Stuff the Spire","The Administrix","The Animator","The Blackbeard","The Bug Knight","The Construct","The Cursed","The Dragon Tamer","The Florist","The Gatherer","The Hierophant","The IronCluck","The Jungle","The Mystic","The Necromancer","The Problem Sleuth","The Runesmith","The Servant 0.9.4","The Spell Scribe","vexMod"],"gold_per_floor":[119,137,137,137,160,160,180,180,228,228,10,31,31,47,47,168,168,187,187,34,34,49,49,62,82,107,107,107,107,107,107],"floor_reached":30,"playtime":1572,"items_purged":["Injury"],"score":345,"play_id":"e3dd1f9e-0086-44dc-9857-ec49887b3013","local_time":"20201214170523","is_ascension_mode":false,"campfire_choices":[{"floor":13,"key":"REST"},{"data":"Eruption","floor":15,"key":"SMITH"},{"data":"jedi:nirvanicrebirth","floor":23,"key":"SMITH"},{"data":"WindmillStrike","floor":27,"key":"SMITH"}],"circlet_count":0,"master_deck":["Strike_P","Strike_P","Strike_P","Strike_P+1","Eruption+1","Protect","Swivel","CarveReality+1","Conclude","Adaptation","Impatience","expansioncontent:SuperHexaguard","WheelKick","ThirdEye","FlurryOfBlows","Replay:ManipulateFuture","Replay:Anticipation","Weave","FlurryOfBlows","Evaluate","Perseverance","BowlingBash","Replay:Vibes","Study","theJungle:Gourd","theJungle:Gourd","theJungle:Gourd","theJungle:Gourd","theJungle:Gourd","Crescendo","WindmillStrike+1","SandsOfTime+1","Languid"],"relics":["PureWater","aspiration:ArtOfWarUpgrade","BargainBundle","StoneCalendar","Shuriken","BigShroomBag","Golden Idol","Anchor","StuffTheSpire:Kangaroo","hubris:TenFootPole","Ring of Misfortune","ReplayTheSpireMod:Ring of Sloth","Pantograph","Bronze Scales"],"acts_visited":["Exordium","theJungle:Jungle"],"potions_floor_usage":[9,9,9,16,24,30,30],"damage_taken":[{"damage":0,"enemies":"2 Louse","floor":1,"turns":1},{"damage":0,"enemies":"Small Slimes","floor":2,"turns":1},{"damage":0,"enemies":"Jaw Worm","floor":5,"turns":4},{"damage":0,"enemies":"2 Fungi Beasts","floor":7,"turns":4},{"damage":9,"enemies":"Blue Slaver","floor":9,"turns":7},{"damage":0,"enemies":"Blue Slaver","floor":12,"turns":3},{"damage":2,"enemies":"3 Louse","floor":14,"turns":2},{"damage":40,"enemies":"Hexaghost","floor":16,"turns":8},{"damage":0,"enemies":"theJungle:MUSHROOMGANG","floor":18,"turns":2},{"damage":12,"enemies":"theJungle:Flameango_and_Byrd","floor":22,"turns":7},{"damage":9,"enemies":"theJungle:SlimyTreeVines","floor":24,"turns":6},{"damage":35,"enemies":"theJungle:Snecko_Cultist_And_Trap","floor":25,"turns":5},{"damage":15,"enemies":"theJungle:Lyon","floor":30,"turns":3}],"seed_played":"-8125385788962847908","potions_obtained":[{"floor":7,"key":"Fruit Juice"},{"floor":12,"key":"DuplicationPotion"},{"floor":16,"key":"jedi:holywater"},{"floor":22,"key":"LiquidBronze"},{"floor":25,"key":"Toxic Potion"}],"is_trial":false,"path_per_floor":["M","M","?","?","M","R","M","R","MIM","?","$","M","R","M","R","B",null,"M","?","$","?","M","R","M","M","T","R","?","$","M"],"character_chosen":"WATCHER","items_purchased":["Art of War","BargainBundle","Protect","Swivel","CarveReality","Conclude","Adaptation","Impatience","Dexterity Potion","PowerPotion","SkillPotion","Anchor","BowlingBash","Replay:Vibes","Study","Pantograph","Bronze Scales"],"campfire_rested":1,"item_purchase_floors":[0,0,0,0,0,0,0,0,0,0,0,11,20,20,20,29,29],"current_hp_per_floor":[40,40,40,40,40,40,40,40,36,21,21,21,44,42,42,2,77,77,77,77,77,65,65,69,34,34,34,34,8,0,0],"gold":107,"neow_bonus":"","is_daily":false,"chose_seed":false,"campfire_upgraded":3,"win_rate":0.0,"timestamp":1607983523,"path_taken":["M","M","?","?","M","R","M","R","MIM","?","$","?","R","M","R","BOSS","M","?","$","?","M","R","M","?","T","R","?","?","M"],"items_purchased_type":["Relic","Relic","Card","Card","Card","Card","Card","Card","Potion","Potion","Potion","Relic","Card","Card","Card","Relic","Relic"],"build_version":"2020-12-13","purchased_purges":1,"victory":false,"max_hp_per_floor":[72,72,72,72,72,72,72,72,77,77,77,77,77,77,77,77,77,77,77,77,77,77,77,77,77,77,77,77,77,77,77],"card_choices":[{"not_picked":["Replay:ManipulateFuture","SashWhip"],"picked":"ThirdEye","floor":1},{"not_picked":["Replay:Hum","Adaptation"],"picked":"FlurryOfBlows","floor":2},{"not_picked":["MasterReality","PathToVictory"],"picked":"Replay:ManipulateFuture","floor":5},{"not_picked":["LikeWater","BowlingBash"],"picked":"Replay:Anticipation","floor":7},{"not_picked":["Replay:LoomingThreat","FlyingSleeves"],"picked":"Weave","floor":9},{"not_picked":["EmptyBody","Consecrate"],"picked":"FlurryOfBlows","floor":12},{"not_picked":["Replay:ManipulateFuture","Replay:DivineShield"],"picked":"Evaluate","floor":14},{"not_picked":["Replay:AllIn","Scrawl"],"picked":"jedi:nirvanicrebirth","floor":16},{"not_picked":["FollowUp","PathToVictory+1"],"picked":"Perseverance","floor":18},{"not_picked":["Evaluate","EmptyFist"],"picked":"Crescendo","floor":22},{"not_picked":["Study","ThirdEye"],"picked":"WindmillStrike","floor":24},{"not_picked":["ReachHeaven","ThirdEye+1"],"picked":"SandsOfTime+1","floor":25}],"player_experience":154529,"relics_obtained":[{"floor":26,"key":"hubris:TenFootPole"},{"floor":28,"key":"Ring of Misfortune"},{"floor":28,"key":"ReplayTheSpireMod:Ring of Sloth"}],"event_choices":[{"damage_healed":0,"gold_gain":0,"player_choice":"Take Wound","damage_taken":0,"relics_obtained":["Golden Idol"],"max_hp_gain":0,"max_hp_loss":0,"event_name":"Golden Idol","floor":3,"gold_loss":0,"cards_obtained":["Injury"]},{"damage_healed":0,"gold_gain":0,"player_choice":"Entered Light","damage_taken":15,"max_hp_gain":0,"max_hp_loss":0,"event_name":"Shining Light","floor":10,"gold_loss":0,"cards_upgraded":["Strike_P","CarveReality"]}],"is_beta":false,"boss_relics":[{"not_picked":["jedi:hotpepper","vexMod:FluxCapacitor"],"picked":"StuffTheSpire:Kangaroo"}],"items_purged_floors":[11],"is_endless":false,"potions_floor_spawned":[2,7,12,16,22,25],"killed_by":"theJungle:Lyon","ascension_level":0}}