{"host":"ku7h2vk4czvj6teb","time":1607956189,"event":{"mods":["2.2 Compatiblity","AchievementEnabler","Aspiration","BaseMod","Better Altar","Better Match","Better Note","Better Sensory Stone","Better Skull","Better Third Choice","Better Vampires","BetterRewards","Block Reminder","Colored Map","Colored Powertips","Conspire","Curses Come First","Downfall","Filter the Spire","Highlight Path","Hubris","Minty Spire (QoL Compilation)","Permanent Neow","Quick Restart","Rare Cards Sparkle","Relic Stats","Replay The Spire","Say the Spire","Shop Mod","Spicy Shops","StSLib","SuperFastMode","Swap Starting Deck Mod","Thieving Mod","Transform Curses","UnlockEverythingMod"],"gold_per_floor":[116,317,327,502,512,529,541,1,1,18,18,18,18,18,18,122,122,138,14,32,43,43,53,80,100,100,100,100,100,119,135,135,236,236,255,265,285,285,285],"floor_reached":38,"playtime":2308,"items_purged":[],"score":567,"play_id":"92267df8-4656-49a7-b8f3-b20495bb51cd","local_time":"20201214142949","is_ascension_mode":false,"campfire_choices":[{"floor":15,"key":"RECALL"},{"floor":27,"key":"REST"},{"floor":29,"key":"REST"},{"floor":32,"key":"REST"}],"circlet_count":0,"master_deck":["Bash","Flame Barrier","Shockwave","Metallicize","Replay:Undeath\u0027s Touch","Body Slam","conspire:Charge","Injury","Inflame","Clash","Clash","Shrug It Off","Apotheosis","expansioncontent:HyperBeam+1","expansioncontent:ChargeUp","Clothesline","hubris:Counter","All Out Attack","Limit Break","Berserk","Bloodletting","Evolve","ReplayReversal","Iron Wave","Armaments","Rage","Iron Wave","hubris:ReadiedAction","Armaments","Heavy Blade+1","Disarm","True Grit","Dark Embrace","Pummel","Blood for Blood","conspire:Purge","Sword Boomerang+1","Massacre","Rampage"],"relics":["Burning Blood","ReplayTheSpireMod:ShopPack","Chemical X","Oddly Smooth Stone","hubris:Towel","Pandora\u0027s Box","hubris:CrystalStatue","Lizard Tail","Replay:Baseball","SacredBark"],"acts_visited":["Exordium","TheCity","TheBeyond"],"potions_floor_usage":[16,16,23,24,36],"damage_taken":[{"damage":8,"enemies":"2 Louse","floor":1,"turns":5},{"damage":12,"enemies":"Jaw Worm","floor":3,"turns":7},{"damage":5,"enemies":"Small Slimes","floor":5,"turns":4},{"damage":9,"enemies":"3 Louse","floor":6,"turns":5},{"damage":11,"enemies":"Blue Slaver","floor":7,"turns":6},{"damage":4,"enemies":"Exordium Thugs","floor":10,"turns":6},{"damage":23,"enemies":"Slime Boss","floor":16,"turns":8},{"damage":29,"enemies":"3 Byrds","floor":18,"turns":4},{"damage":12,"enemies":"Shell Parasite","floor":20,"turns":5},{"damage":6,"enemies":"Cultist and Chosen","floor":21,"turns":4},{"damage":0,"enemies":"Snecko","floor":23,"turns":4},{"damage":18,"enemies":"Gremlin Leader","floor":24,"turns":7},{"damage":25,"enemies":"Centurion and Healer","floor":25,"turns":6},{"damage":15,"enemies":"Snake Plant","floor":30,"turns":3},{"damage":7,"enemies":"conspire:HollyBat","floor":31,"turns":8},{"damage":43,"enemies":"Pondfish","floor":33,"turns":12},{"damage":9,"enemies":"3 Shapes","floor":35,"turns":2},{"damage":18,"enemies":"Orb Walker","floor":36,"turns":2},{"damage":58,"enemies":"Maw","floor":37,"turns":10},{"damage":46,"enemies":"Sphere and 2 Shapes","floor":38,"turns":5}],"seed_played":"3461557886809876604","potions_obtained":[{"floor":1,"key":"Fire Potion"},{"floor":6,"key":"Elixir"},{"floor":10,"key":"BloodPotion"},{"floor":20,"key":"Doom Potion"},{"floor":21,"key":"Slimebound:ThreeZeroPotion"},{"floor":24,"key":"SteroidPotion"},{"floor":31,"key":"DistilledChaos"}],"is_trial":false,"path_per_floor":["M","?","M","?","M","M","M","$","T","M","?","?","$","?","R","B",null,"M","$","M","M","?","M","E","M","T","R","?","R","M","M","R","B",null,"M","M","M","M"],"character_chosen":"IRONCLAD","items_purchased":["Flame Barrier","ReplayTheSpireMod:ShopPack","Chemical X","Oddly Smooth Stone","Inflame","Clash","Shrug It Off","hubris:CrystalStatue"],"campfire_rested":3,"item_purchase_floors":[0,8,8,8,8,8,8,19],"current_hp_per_floor":[73,73,67,67,68,65,60,60,60,62,62,62,62,62,62,60,75,52,52,46,46,46,52,40,21,21,43,43,65,56,55,75,38,75,72,60,8,0,0],"gold":285,"neow_bonus":"","is_daily":false,"chose_seed":false,"campfire_upgraded":0,"win_rate":0.0,"timestamp":1607956189,"path_taken":["M","?","M","?","M","M","M","$","T","M","?","?","$","?","R","BOSS","M","$","M","M","?","M","E","M","T","R","?","R","M","M","R","BOSS","M","M","M","M"],"items_purchased_type":["Card","Relic","Relic","Relic","Card","Card","Card","Relic"],"build_version":"2020-12-13","purchased_purges":0,"victory":false,"max_hp_per_floor":[75,75,75,75,75,75,75,75,75,75,75,75,75,75,75,75,75,75,75,75,75,75,75,75,75,75,75,75,75,75,75,75,75,75,75,75,75,75,75],"relic_stats":{"Lizard Tail":37,"counters":[32,176],"Pandora\u0027s Box":["Berserk","Bloodletting","Evolve","ReplayReversal","Iron Wave","Armaments","Rage"],"Chemical X":[1],"obtain_stats":[{"hubris:CrystalStatue":19,"SacredBark":34,"Oddly Smooth Stone":8,"Ginger":4,"Frozen Egg 2":4,"hubris:Towel":11,"Burning Blood":0,"Blood Vial":6,"Lizard Tail":24,"Replay:Baseball":26,"MealTicket":9,"Pandora\u0027s Box":17,"CultistMask":2,"Chemical X":8,"ReplayTheSpireMod:ShopPack":8},{"hubris:CrystalStatue":20,"SacredBark":28,"Oddly Smooth Stone":17,"Ginger":2,"Frozen Egg 2":6,"hubris:Towel":18,"Burning Blood":0,"Blood Vial":7,"Lizard Tail":24,"Replay:Baseball":25,"MealTicket":4,"Pandora\u0027s Box":19,"CultistMask":1,"Chemical X":17,"ReplayTheSpireMod:ShopPack":17},{"hubris:CrystalStatue":108,"SacredBark":157,"Oddly Smooth Stone":90,"Ginger":9,"Frozen Egg 2":25,"hubris:Towel":96,"Burning Blood":0,"Blood Vial":36,"Lizard Tail":128,"Replay:Baseball":134,"MealTicket":19,"Pandora\u0027s Box":104,"CultistMask":4,"Chemical X":90,"ReplayTheSpireMod:ShopPack":90}],"Burning Blood":146},"card_choices":[{"not_picked":["Power Through","Thunderclap"],"picked":"Shockwave","floor":1},{"not_picked":["Anger","Rage"],"picked":"Metallicize","floor":2},{"not_picked":["Headbutt","Anger"],"picked":"Replay:Undeath\u0027s Touch","floor":3},{"not_picked":["Havoc","Abandon"],"picked":"Headbutt","floor":5},{"not_picked":["Headbutt","Sword Boomerang"],"picked":"Body Slam","floor":6},{"not_picked":["Seeing Red","Warcry"],"picked":"conspire:Charge","floor":7},{"not_picked":["ReplayTheSpireMod:Brewmster","Transmutation"],"picked":"Apotheosis","floor":8},{"not_picked":["Replay:Sssssssssshield","expansioncontent:Flail"],"picked":"expansioncontent:HyperBeam","floor":8},{"not_picked":["expansioncontent:PolyBeam","Purity"],"picked":"expansioncontent:ChargeUp","floor":8},{"not_picked":["Infernal Blade","Perfected Strike"],"picked":"Clothesline","floor":10},{"not_picked":["Replay:Many Hands","Bludgeon"],"picked":"Limit Break","floor":16},{"not_picked":["Sword Boomerang","Defy Death"],"picked":"Iron Wave","floor":18},{"not_picked":["Wild Strike+1","Anger"],"picked":"hubris:ReadiedAction","floor":20},{"not_picked":["Wild Strike","Dropkick"],"picked":"Armaments","floor":21},{"not_picked":["Havoc","Feel No Pain"],"picked":"Heavy Blade+1","floor":23},{"not_picked":["Shrug It Off","Pommel Strike+1"],"picked":"Disarm","floor":24},{"not_picked":["ReplayTheSpireMod:LeadingStrike","hubris:ReadiedAction"],"picked":"True Grit","floor":25},{"not_picked":["Wild Strike+1","Abandon+1"],"picked":"Pummel","floor":30},{"not_picked":["Anger","Uppercut"],"picked":"Blood for Blood","floor":31},{"not_picked":["Impervious","Eclipse"],"picked":"conspire:Purge","floor":33},{"not_picked":["Heavy Blade","Headbutt+1"],"picked":"Sword Boomerang+1","floor":35},{"not_picked":["Burning Pact+1","Seeing Red+1"],"picked":"Massacre","floor":36},{"not_picked":["Shrug It Off+1","Clash+1"],"picked":"Rampage","floor":37}],"player_experience":196375,"relics_obtained":[{"floor":24,"key":"Lizard Tail"},{"floor":26,"key":"Replay:Baseball"}],"event_choices":[{"damage_healed":0,"gold_gain":175,"player_choice":"AGREE","damage_taken":327,"max_hp_gain":0,"max_hp_loss":0,"event_name":"betterThird:BetterSerpent","floor":4,"gold_loss":0},{"damage_healed":0,"gold_gain":0,"player_choice":"Grow","damage_taken":0,"max_hp_gain":0,"max_hp_loss":0,"event_name":"Living Wall","floor":14,"gold_loss":0,"cards_upgraded":["expansioncontent:HyperBeam"]},{"cards_removed":["Doubt"],"damage_healed":0,"gold_gain":0,"player_choice":"Purged","damage_taken":0,"max_hp_gain":0,"max_hp_loss":0,"event_name":"Purifier","floor":22,"gold_loss":0},{"damage_healed":0,"gold_gain":0,"cards_transformed":["ReplayTheSpireMod:Splinters"],"player_choice":"Transformed","damage_taken":0,"max_hp_gain":0,"max_hp_loss":0,"event_name":"Transmorgrifier","floor":28,"gold_loss":0,"cards_obtained":["Dark Embrace"]}],"is_beta":false,"boss_relics":[{"not_picked":["conspire:SeveredTorchhead","hubris:BlackHole"],"picked":"Pandora\u0027s Box"},{"not_picked":["Coffee Dripper","Replay:Ancient Bell"],"picked":"SacredBark"}],"items_purged_floors":[],"is_endless":false,"potions_floor_spawned":[1,6,10,20,21,24,31],"killed_by":"Sphere and 2 Shapes","ascension_level":0}}