{"host":"nukjzc0ca34w6eem","time":1607932341,"event":{"mods":["2.2 Compatiblity","AchievementEnabler","BaseMod","Colored Powertips","Downfall","Minty Spire (QoL Compilation)","StSLib"],"gold_per_floor":[99,119,149,149,149,149,172,199,211,235,257,286,398,81,94,191,191,191,208,220,238,250,250,250,284,284,319,204,220,105,105,124,227,227,227,227,245,20,20,20,20,31,42,42,42,59,70,70,90,90,90,119,5,5,5],"floor_reached":56,"playtime":6177,"items_purged":["hexamod:Strike","hexamod:Strike","hexamod:Defend"],"score":1333,"play_id":"394e6d83-3154-4e92-8510-9dc8613d54c3","local_time":"20201213235221","is_ascension_mode":true,"campfire_choices":[{"floor":1.0,"key":"RECALL"},{"floor":5.0,"key":"REST"},{"data":"hexamod:CatchUp","floor":9.0,"key":"SMITH"},{"data":"hexamod:GiftsFromTheDead","floor":18.0,"key":"SMITH"},{"data":"hexamod:EtherealExpedition","floor":26.0,"key":"SMITH"},{"data":"hexamod:Haunt","floor":35.0,"key":"SMITH"},{"data":"hexamod:ParanormalForm","floor":38.0,"key":"SMITH"},{"data":"hexamod:ExtraCrispy","floor":40.0,"key":"SMITH"},{"data":"hexamod:SpectersWail","floor":44.0,"key":"SMITH"},{"data":"hexamod:GhostShield","floor":54,"key":"SMITH"}],"circlet_count":0,"master_deck":["hexamod:Strike+1","hexamod:Sear+1","hexamod:Float+1","hexamod:PowerFromBeyond+1","hexamod:CatchUp+1","hexamod:ThirdSeal","hexamod:StepThrough+1","hexamod:EtherealExpedition+1","hexamod:GhostShield+1","hexamod:GhostLash+1","hexamod:SpectersWail+1","hexamod:Hexaguard+1","hexamod:GhostLash+1","hexamod:ParanormalForm+1","hexamod:GiftsFromTheDead+1","hexamod:Haunt+1","hexamod:RecurringNightmare+1","hexamod:FirstSeal","hexamod:SixthSeal","hexamod:ExtraCrispy+1","hexamod:EtherealExpedition+1"],"relics":["hexamod:SpiritBrand","Oddly Smooth Stone","downfall:ShatteredFragment","hexamod:InflammatoryLetter","Coffee Dripper","Singing Bowl","Gambling Chip","Juzu Bracelet","hexamod:JarOfFuel","Prayer Wheel","Empty Cage","downfall:HeartBlessingRed","downfall:HeartBlessingGreen","downfall:HeartBlessingBlue","Mummified Hand","Ornamental Fan","Membership Card","White Beast Statue"],"acts_visited":["Exordium","TheCity","TheBeyond","TheEnding"],"potions_floor_usage":[55],"damage_taken":[{"damage":5.0,"enemies":"Small Slimes","floor":2.0,"turns":4.0},{"damage":17.0,"enemies":"Lagavulin","floor":3.0,"turns":6.0},{"damage":0.0,"enemies":"Cultist","floor":8.0,"turns":3.0},{"damage":6.0,"enemies":"2 Louse","floor":10.0,"turns":3.0},{"damage":4.0,"enemies":"Gremlin Gang","floor":11.0,"turns":3.0},{"damage":2.0,"enemies":"3 Louse","floor":12.0,"turns":4.0},{"damage":0.0,"enemies":"downfall:FleeingMerchant","floor":14.0,"turns":4.0},{"damage":5.0,"enemies":"Exordium Thugs","floor":15.0,"turns":3.0},{"damage":3.0,"enemies":"downfall:Silent","floor":16.0,"turns":5.0},{"damage":0.0,"enemies":"3 Byrds","floor":19.0,"turns":2.0},{"damage":8.0,"enemies":"Spheric Guardian","floor":20.0,"turns":4.0},{"damage":4.0,"enemies":"Snecko","floor":21.0,"turns":4.0},{"damage":6.0,"enemies":"3 Cultists","floor":22.0,"turns":4.0},{"damage":6.0,"enemies":"Book of Stabbing","floor":25.0,"turns":5.0},{"damage":11.0,"enemies":"Slavers","floor":27.0,"turns":3.0},{"damage":1.0,"enemies":"downfall:FleeingMerchant","floor":28.0,"turns":4.0},{"damage":2.0,"enemies":"Centurion and Healer","floor":29.0,"turns":4.0},{"damage":4.0,"enemies":"downfall:FleeingMerchant","floor":30.0,"turns":4.0},{"damage":12.0,"enemies":"Cultist and Chosen","floor":32.0,"turns":5.0},{"damage":6.0,"enemies":"downfall:Watcher","floor":33.0,"turns":3.0},{"damage":13.0,"enemies":"Orb Walker","floor":37.0,"turns":4.0},{"damage":0.0,"enemies":"3 Darklings","floor":42.0,"turns":3.0},{"damage":8.0,"enemies":"Spire Growth","floor":43.0,"turns":3.0},{"damage":19.0,"enemies":"Maw","floor":46.0,"turns":4.0},{"damage":12.0,"enemies":"4 Shapes","floor":47.0,"turns":2.0},{"damage":0.0,"enemies":"3 Darklings","floor":49.0,"turns":3.0},{"damage":10,"enemies":"downfall:Defect","floor":50,"turns":4},{"damage":41,"enemies":"downfall:CharBossMerchant","floor":52,"turns":4},{"damage":41,"enemies":"downfall:NeowBoss","floor":55,"turns":23}],"seed_played":"7276801547121826543","potions_obtained":[{"floor":2.0,"key":"Block Potion"},{"floor":3.0,"key":"PowerPotion"},{"floor":6.0,"key":"Block Potion"},{"floor":15.0,"key":"EntropicBrew"},{"floor":20.0,"key":"ColorlessPotion"},{"floor":27.0,"key":"Strength Potion"},{"floor":31.0,"key":"Slimebound:ThreeZeroPotion"},{"floor":31.0,"key":"EntropicBrew"},{"floor":33.0,"key":"DuplicationPotion"},{"floor":37.0,"key":"Strength Potion"},{"floor":42.0,"key":"Fruit Juice"}],"is_trial":false,"path_per_floor":["R","M","E","?","R","?","T","M","R","M","M","M","?","$","M","B",null,"R","M","M","M","M","?","T","E","R","E","$","M","$","?","M","B",null,"R","T","M","R","?","R","T","M","M","R","?","M","M","T","M","B",null,"E","$","R","B",null],"character_chosen":"THE_SPIRIT","items_purchased":["hexamod:InflammatoryLetter","hexamod:JarOfFuel","Prayer Wheel","Energy Potion","Swift Potion"],"campfire_rested":1,"item_purchase_floors":[14,30,30,53,53],"current_hp_per_floor":[70,65,48,27,48,48,48,48,48,42,38,36,36,36,31,28,70,70,70,62,58,52,52,52,48,48,39,42,44,44,44,36,32,92,92,92,92,102,102,102,102,119,124,124,124,125,124,124,135,132,139,109,109,109,75],"gold":5,"neow_bonus":"UPGRADE_CARD","is_daily":false,"chose_seed":false,"campfire_upgraded":8,"win_rate":0.0,"timestamp":1607932341,"path_taken":["R","M","E","?","R","?","T","M","R","M","M","?","?","$","M","BOSS","R","M","?","M","M","?","T","E","R","E","$","M","?","?","M","BOSS","R","?","M","R","?","R","T","M","M","R","?","M","M","?","M","BOSS","E","$","R","BOSS"],"items_purchased_type":["Relic","Relic","Relic","Potion","Potion"],"build_version":"2020-12-13","purchased_purges":3,"victory":true,"max_hp_per_floor":[70,70,70,70,70,70,70,70,70,70,70,70,70,70,70,70,70,70,70,70,70,70,70,70,72,72,74,78,82,86,86,90,92,92,92,92,98,108,108,108,108,119,125,125,125,131,135,135,139,139,139,143,143,143,143],"card_choices":[{"not_picked":["hexamod:PhantomCloak","hexamod:GhostOfSpireFuture"],"picked":"hexamod:PowerFromBeyond","floor":2.0},{"not_picked":["hexamod:PhantomFireball","hexamod:HeatCrush"],"picked":"hexamod:CatchUp","floor":3.0},{"not_picked":["hexamod:Firestarter","hexamod:HeatMetal"],"picked":"hexamod:ThirdSeal","floor":8.0},{"not_picked":["hexamod:ShieldOfDarkness","hexamod:ThermalTransfer"],"picked":"hexamod:StepThrough","floor":10.0},{"not_picked":["hexamod:InspiringFlames","hexamod:EtherealExpedition","hexamod:RainOfEmbers"],"picked":"SKIP","floor":10.0},{"not_picked":["hexamod:PowerFromBeyond","hexamod:HauntingEcho"],"picked":"hexamod:EtherealExpedition","floor":11.0},{"not_picked":["hexamod:EmpoweredFlame","hexamod:GhostflameBarrier"],"picked":"hexamod:GhostShield","floor":11.0},{"not_picked":["hexamod:GhostShield","hexamod:ThermalTransfer"],"picked":"hexamod:GhostLash","floor":12.0},{"not_picked":["hexamod:InspiringFlames","hexamod:GhostLash"],"picked":"hexamod:SpectersWail","floor":12.0},{"not_picked":["hexamod:FastForward","hexamod:BacktrackSmack"],"picked":"hexamod:Hexaguard","floor":14.0},{"not_picked":["hexamod:GhostflameBarrier","hexamod:GhostLash","hexamod:UnlimitedPower"],"picked":"SKIP","floor":14.0},{"not_picked":["hexamod:BacktrackSmack","hexamod:GhostShield","hexamod:GhostLash"],"picked":"SKIP","floor":15.0},{"not_picked":["hexamod:NightmareStrike","hexamod:GhostOfSpirePast","hexamod:BacktrackSmack"],"picked":"SKIP","floor":15.0},{"not_picked":["hexamod:BacktrackSmack","hexamod:GhostShield"],"picked":"hexamod:GhostLash","floor":15.0},{"not_picked":["hexamod:NightmareStrike","hexamod:GhostOfSpirePast","hexamod:BacktrackSmack"],"picked":"SKIP","floor":15.0},{"not_picked":["hexamod:CrushingStance","hexamod:HexaLevel"],"picked":"hexamod:ParanormalForm","floor":16.0},{"not_picked":["hexamod:ParanormalForm","hexamod:TurnItUp"],"picked":"hexamod:GiftsFromTheDead","floor":16.0},{"not_picked":["hexamod:Firestarter","hexamod:EmpoweredFlame","hexamod:BacktrackSmack"],"picked":"SKIP","floor":19.0},{"not_picked":["hexamod:RadiantFlame","hexamod:NightmareGuise"],"picked":"hexamod:Haunt","floor":20.0},{"not_picked":["hexamod:NightmareStrike","hexamod:FastForward+1","hexamod:BurningTouch"],"picked":"SKIP","floor":20.0},{"not_picked":["hexamod:ShieldOfDarkness","hexamod:GhostLash","hexamod:ThirdSeal"],"picked":"SKIP","floor":21.0},{"not_picked":["hexamod:TurnItUp","hexamod:GhostShield+1","hexamod:SwordOfDarkness"],"picked":"SKIP","floor":21.0},{"not_picked":["hexamod:NightmareStrike+1","hexamod:GhostOfSpirePresent","hexamod:InspiringFlames"],"picked":"SKIP","floor":22.0},{"not_picked":["hexamod:ThermalTransfer+1","hexamod:Hexaguard","hexamod:GhostOfSpirePast+1"],"picked":"SKIP","floor":22.0},{"not_picked":["hexamod:ExtraCrispy","hexamod:HeatMetal+1","hexamod:NightmareStrike"],"picked":"Singing Bowl","floor":25.0},{"not_picked":["hexamod:Firestarter","hexamod:EmpoweredFlame+1"],"picked":"hexamod:RecurringNightmare+1","floor":25.0},{"not_picked":["hexamod:NightmareGuise","hexamod:GhostflameBarrier","hexamod:ApocalypseNow"],"picked":"Singing Bowl","floor":27.0},{"not_picked":["hexamod:InspiringFlames","hexamod:SwordOfDarkness","hexamod:FastForward+1"],"picked":"Singing Bowl","floor":28.0},{"not_picked":["hexamod:ChargedBarrage","hexamod:TimeWarp","hexamod:Rewind"],"picked":"Singing Bowl","floor":28.0},{"not_picked":["hexamod:HeatMetal","hexamod:Haunt+1","hexamod:NightmareStrike"],"picked":"Singing Bowl","floor":29.0},{"not_picked":["hexamod:GhostOfSpireFuture","hexamod:HauntingEcho","hexamod:RainOfEmbers+1"],"picked":"Singing Bowl","floor":29.0},{"not_picked":["hexamod:GhostLash+1","hexamod:SwordOfDarkness","hexamod:InspiringFlames"],"picked":"Singing Bowl","floor":30.0},{"not_picked":["hexamod:SpectralAdrenaline","hexamod:RainOfEmbers","hexamod:TimeWarp"],"picked":"Singing Bowl","floor":30.0},{"not_picked":["hexamod:GhostOfSpirePast","hexamod:NightmareGuise+1","hexamod:GhostflameBarrier+1"],"picked":"Singing Bowl","floor":32.0},{"not_picked":["hexamod:ThermalTransfer","hexamod:GhostShield+1","hexamod:ThirdSeal"],"picked":"Singing Bowl","floor":32.0},{"not_picked":["hexamod:NightmareGuise","hexamod:AdvancingGuard"],"picked":"hexamod:FirstSeal","floor":32.0},{"not_picked":["hexamod:UnlimitedPower","hexamod:GiftsFromTheDead"],"picked":"hexamod:SixthSeal","floor":33.0},{"not_picked":["hexamod:SearingWound","hexamod:GiftsFromTheDead","hexamod:UnleashSpirits"],"picked":"Singing Bowl","floor":33.0},{"not_picked":["hexamod:SwordOfDarkness+1","hexamod:FlamesFromBeyond","hexamod:SpectralSpark"],"picked":"Singing Bowl","floor":37.0},{"not_picked":["hexamod:RadiantFlame+1","hexamod:SoulSteal","hexamod:PhantomCloak+1"],"picked":"Singing Bowl","floor":37.0},{"not_picked":["hexamod:GhostShield+1","hexamod:FirstSeal","hexamod:ShieldOfDarkness+1"],"picked":"Singing Bowl","floor":37.0},{"not_picked":["hexamod:SpectralAdrenaline","hexamod:StepThrough+1","hexamod:InspiringFlames+1"],"picked":"Singing Bowl","floor":42.0},{"not_picked":["hexamod:GhostLash","hexamod:EmpoweredFlame","hexamod:FastForward+1"],"picked":"Singing Bowl","floor":42.0},{"not_picked":["hexamod:Hexaguard+1","hexamod:PhantomFireball","hexamod:BurningTouch+1"],"picked":"Singing Bowl","floor":42.0},{"not_picked":["hexamod:StepThrough+1","hexamod:GhostShield","hexamod:GhostflameBarrier+1"],"picked":"Singing Bowl","floor":43.0},{"not_picked":["hexamod:ThermalTransfer+1","hexamod:ChargedBarrage+1","hexamod:SwordOfDarkness"],"picked":"Singing Bowl","floor":43.0},{"not_picked":["hexamod:FirstSeal","hexamod:SpectersWail+1","hexamod:FastForward"],"picked":"Singing Bowl","floor":43.0},{"not_picked":["hexamod:ApocalypseNow","hexamod:GhostLash","hexamod:PhantomFireball+1"],"picked":"Singing Bowl","floor":46.0},{"not_picked":["hexamod:AdvancingGuard+1","hexamod:ExtraCrispy","hexamod:RainOfEmbers+1"],"picked":"Singing Bowl","floor":46.0},{"not_picked":["hexamod:FastForward","hexamod:SpectralAdrenaline","hexamod:GhostOfSpirePresent"],"picked":"Singing Bowl","floor":46.0},{"not_picked":["hexamod:ThirdSeal","hexamod:PhantomFireball","hexamod:NightmareStrike+1"],"picked":"Singing Bowl","floor":47.0},{"not_picked":["hexamod:BurningTouch+1","hexamod:InspiringFlames","hexamod:SwordOfDarkness+1"],"picked":"Singing Bowl","floor":47.0},{"not_picked":["hexamod:SoulSteal+1","hexamod:HauntingEcho"],"picked":"hexamod:EtherealExpedition+1","floor":47.0},{"not_picked":["hexamod:GhostShield+1","hexamod:NightmareGuise","hexamod:Firestarter+1"],"picked":"Singing Bowl","floor":49},{"not_picked":["hexamod:SkipABeat+1","hexamod:HeatShield","hexamod:BacktrackSmack+1"],"picked":"Singing Bowl","floor":49},{"not_picked":["hexamod:AdvancingGuard+1","hexamod:NightmareStrike+1","hexamod:Hexaguard+1"],"picked":"Singing Bowl","floor":52},{"not_picked":["hexamod:Firestarter+1","hexamod:NecessarySacrifice+1","hexamod:RainOfEmbers"],"picked":"Singing Bowl","floor":52}],"player_experience":399745,"relics_obtained":[{"floor":3.0,"key":"Oddly Smooth Stone"},{"floor":7.0,"key":"MawBank"},{"floor":24.0,"key":"Singing Bowl"},{"floor":25.0,"key":"Gambling Chip"},{"floor":27.0,"key":"Juzu Bracelet"},{"floor":41.0,"key":"Mummified Hand"},{"floor":48.0,"key":"Ornamental Fan"},{"floor":52,"key":"Membership Card"},{"floor":52,"key":"White Beast Statue"}],"event_choices":[{"damage_healed":0.0,"max_hp_gain":0.0,"max_hp_loss":0.0,"gold_gain":0.0,"event_name":"Lab","player_choice":"Got Potions","floor":6.0,"gold_loss":0.0,"damage_taken":0.0},{"damage_healed":0.0,"max_hp_gain":0.0,"max_hp_loss":0.0,"gold_gain":100.0,"event_name":"Wheel of Change","player_choice":"Gold","floor":13.0,"gold_loss":0.0,"damage_taken":0.0},{"cards_removed":["hexamod:Defend"],"damage_healed":0.0,"max_hp_gain":0.0,"max_hp_loss":0.0,"gold_gain":0.0,"event_name":"Purifier","player_choice":"Purged","floor":23.0,"gold_loss":0.0,"damage_taken":0.0},{"damage_healed":0.0,"max_hp_gain":0.0,"max_hp_loss":0.0,"gold_gain":0.0,"cards_transformed":["hexamod:Defend"],"event_name":"Transmorgrifier","player_choice":"Transformed","floor":39.0,"gold_loss":0.0,"damage_taken":0.0,"cards_obtained":["hexamod:ExtraCrispy"]}],"is_beta":false,"boss_relics":[{"not_picked":["expansioncontent:StudyCardRelic","Fusion Hammer"],"picked":"Coffee Dripper"},{"not_picked":["Snecko Eye","Runic Dome"],"picked":"Empty Cage"}],"items_purged_floors":[14,28,53],"is_endless":false,"potions_floor_spawned":[2,3,10,11,15,20,27,32,33,37,42],"ascension_level":2}}