{"host":"otf1z5955ddlv5pq","time":1607909876,"event":{"mods":["BaseMod","Beaked The Cultist","Better Altar","Better Match","Better Note","Better Sensory Stone","Better Skull","Better Third Choice","Colored Map","Colored Powertips","Downfall","Minty Spire (QoL Compilation)","Rare Cards Sparkle","Replay The Spire","StSLib"],"gold_per_floor":[218,218,143,123,138,138,173,173,173,207,309,309,323,337,337,438,438,418,56,56,70,86,118,118,143,143,159,159,186,186,220,220,320,320,332,11,61,0,49,80,80,106,106,126,140,154,170,184,184,184,184,184,25,60,60,60],"floor_reached":55,"playtime":5534,"items_purged":["Strike_G","Strike_G","Concentrate+1"],"score":845,"play_id":"7f4aa494-b088-4fb2-822b-9a1e6ba15389","local_time":"20201213173756","is_ascension_mode":true,"campfire_choices":[{"data":"Survivor","floor":6,"key":"SMITH"},{"data":"ReplayTheSpireMod:Scrap Shanks","floor":8,"key":"SMITH"},{"floor":12,"key":"REST"},{"floor":15,"key":"REST"},{"floor":24,"key":"REST"},{"data":"Leg Sweep","floor":28,"key":"SMITH"},{"data":"Neutralize","floor":30,"key":"SMITH"},{"floor":32,"key":"REST"},{"floor":41,"key":"REST"},{"floor":49,"key":"RECALL"},{"data":"Secret Technique","floor":52,"key":"SMITH"}],"circlet_count":0,"master_deck":["Defend_G+1","Defend_G+1","Defend_G+1","Survivor+1","Neutralize+1","ReplayTheSpireMod:Scrap Shanks+1","Dagger Throw+1","All Out Attack+1","Accuracy+1","Backflip+1","Underhanded Strike+1","Unload+1","Leg Sweep+1","ReplayTheSpireMod:Scrap Shanks+1","ReplayTheSpireMod:Scrap Shanks+1","Backstab+1","Acrobatics","Footwork+1","Adrenaline+1","ReplayTheSpireMod:Shiv Toss+1","Secret Technique+1","Infinite Blades+1","Fluid Movement+1","Cloak And Dagger","Acrobatics","Reflex","ReplayTheSpireMod:Speed Training"],"relics":["Ring of the Snake","Gremlin Food","Molten Egg 2","Pantograph","Meat on the Bone","Mummified Hand","Lantern","Dream Catcher","Replay:Bottled Flurry","Nunchaku","Omamori","Kintsugi","Guide Book","Replay:Multitool","Red Mask","Unceasing Top","FossilizedHelix","Pet Ghost","Calipers"],"acts_visited":["Exordium","TheCity","TheBeyond","TheEnding"],"potions_floor_usage":[7,7,10,14,22,23,33,33,39,50,54,55,55],"damage_taken":[{"damage":0,"enemies":"2 Louse","floor":1,"turns":4},{"damage":1,"enemies":"Cultist","floor":5,"turns":5},{"damage":2,"enemies":"Replay:BlueRogue","floor":7,"turns":11},{"damage":16,"enemies":"Lagavulin","floor":10,"turns":9},{"damage":0,"enemies":"Small Slimes","floor":13,"turns":2},{"damage":4,"enemies":"Red Slaver","floor":14,"turns":2},{"damage":24,"enemies":"Fading Forest","floor":16,"turns":11},{"damage":17,"enemies":"2 Thieves","floor":18,"turns":4},{"damage":6,"enemies":"Shell Parasite","floor":21,"turns":4},{"damage":27,"enemies":"Shelled Parasite and Fungi","floor":22,"turns":5},{"damage":19,"enemies":"Replay:Snechameleon","floor":23,"turns":8},{"damage":0,"enemies":"Gremlin Leader","floor":25,"turns":4},{"damage":7,"enemies":"Centurion and Healer","floor":27,"turns":5},{"damage":9,"enemies":"Replay:Snechameleon","floor":29,"turns":3},{"damage":9,"enemies":"Book of Stabbing","floor":31,"turns":4},{"damage":27,"enemies":"Collector","floor":33,"turns":6},{"damage":0,"enemies":"3 Darklings","floor":35,"turns":2},{"damage":0,"enemies":"Mind Bloom Boss Battle","floor":37,"turns":3},{"damage":6,"enemies":"2 Orb Walkers","floor":39,"turns":3},{"damage":22,"enemies":"Nemesis","floor":40,"turns":5},{"damage":0,"enemies":"Reptomancer","floor":42,"turns":4},{"damage":0,"enemies":"3 Shapes","floor":44,"turns":1},{"damage":0,"enemies":"Maw","floor":45,"turns":4},{"damage":0,"enemies":"Spire Growth","floor":46,"turns":2},{"damage":0,"enemies":"4 Shapes","floor":47,"turns":3},{"damage":0,"enemies":"Transient","floor":48,"turns":5},{"damage":0,"enemies":"Replay:Hell Engine","floor":50,"turns":5},{"damage":0,"enemies":"Shield and Spear","floor":54,"turns":5},{"damage":71,"enemies":"The Heart","floor":55,"turns":5}],"seed_played":"-3615040355067252659","potions_obtained":[{"floor":1,"key":"Swift Potion"},{"floor":4,"key":"sneckomod:MuddlingPotion"},{"floor":5,"key":"GhostInAJar"},{"floor":7,"key":"Ancient Potion"},{"floor":16,"key":"Regen Potion"},{"floor":21,"key":"Explosive Potion"},{"floor":23,"key":"sneckomod:MuddlingPotion"},{"floor":25,"key":"Dexterity Potion"},{"floor":31,"key":"Ancient Potion"},{"floor":35,"key":"Languid Potion"},{"floor":37,"key":"SpeedPotion"},{"floor":39,"key":"Poison Potion"},{"floor":54,"key":"SpeedPotion"}],"is_trial":false,"path_per_floor":["M","?","$","?","M","R","E","R","T","E","?","R","M","M","R","B",null,"M","$","?","M","M","E","R","E","T","M","R","E","R","E","R","B",null,"M","$","?","?","?","E","R","E","T","M","M","M","M","M","R","B",null,"R","$","E","B"],"character_chosen":"THE_SILENT","items_purchased":["Mummified Hand","Guide Book","Secret Technique","Reflex"],"campfire_rested":5,"item_purchase_floors":[19,36,36,53],"current_hp_per_floor":[70,67,67,67,66,66,64,64,64,48,20,41,41,37,58,46,70,53,53,53,47,32,40,61,61,61,54,54,45,45,36,57,43,70,70,70,70,70,64,42,63,63,63,63,63,63,63,63,63,70,70,70,70,70,0,0],"gold":60,"neow_bonus":"HUNDRED_GOLD","is_daily":false,"chose_seed":false,"campfire_upgraded":5,"win_rate":0.0,"timestamp":1607909876,"path_taken":["M","?","$","?","?","R","E","R","T","E","?","R","M","?","R","BOSS","M","$","?","M","M","E","R","E","T","?","R","E","R","E","R","BOSS","M","?","?","?","?","E","R","E","T","M","M","?","M","M","R","BOSS","R","$","E","BOSS"],"items_purchased_type":["Relic","Relic","Card","Card"],"build_version":"2020-12-13","purchased_purges":3,"victory":false,"max_hp_per_floor":[70,70,70,70,70,70,70,70,70,70,70,70,70,70,70,70,70,70,70,70,70,70,70,70,70,70,70,70,70,70,70,70,70,70,70,70,70,70,70,70,70,70,70,70,70,70,70,70,70,70,70,70,70,70,70,70],"card_choices":[{"not_picked":["Riddle With Holes","Reflex","Sucker Punch"],"picked":"SKIP","floor":1},{"not_picked":["Heel Hook","Underhanded Strike"],"picked":"ReplayTheSpireMod:Scrap Shanks","floor":5},{"not_picked":["Masterful Stab+1","Slice+1"],"picked":"Dagger Throw+1","floor":7},{"not_picked":["Terror","Quick Slash+1","Underhanded Strike+1"],"picked":"SKIP","floor":10},{"not_picked":["Prepared","Quick Slash+1"],"picked":"All Out Attack+1","floor":11},{"not_picked":["All Out Attack+1","ReplayTheSpireMod:Tripwire"],"picked":"Accuracy","floor":11},{"not_picked":["Outmaneuver","All Out Attack+1"],"picked":"Backflip","floor":11},{"not_picked":["Poisoned Stab+1","Doppelganger","Outmaneuver"],"picked":"SKIP","floor":13},{"not_picked":["Prepared","Dagger Spray+1"],"picked":"Underhanded Strike+1","floor":14},{"not_picked":["Tools of the Trade","ReplayTheSpireMod:From All Sides+1"],"picked":"Unload+1","floor":16},{"not_picked":["ReplayTheSpireMod:Speed Training","Replay:Poison Smokescreen"],"picked":"Leg Sweep","floor":18},{"not_picked":["Dagger Spray+1","Well Laid Plans","Deflect+1"],"picked":"SKIP","floor":21},{"not_picked":["Footwork","Slice+1","PiercingWail"],"picked":"SKIP","floor":22},{"not_picked":["Skewer+1","Bane+1","Draining Mist"],"picked":"SKIP","floor":23},{"not_picked":["Dagger Spray+1","Deadly Poison","ReplayTheSpireMod:Scrap Shanks+1"],"picked":"SKIP","floor":25},{"not_picked":["Dagger Spray+1","Deadly Poison"],"picked":"ReplayTheSpireMod:Scrap Shanks+1","floor":25},{"not_picked":["Dodge and Roll","PiercingWail","A Thousand Cuts"],"picked":"SKIP","floor":27},{"not_picked":["PiercingWail+1","Fluid Movement"],"picked":"Backstab+1","floor":29},{"not_picked":["Hidden Blade","Outmaneuver"],"picked":"Acrobatics","floor":31},{"not_picked":["Concentrate+1","ReplayTheSpireMod:The Works"],"picked":"Footwork+1","floor":32},{"not_picked":["Doppelganger","Storm of Steel"],"picked":"Adrenaline","floor":33},{"not_picked":["Sucker Punch+1","Bane+1"],"picked":"ReplayTheSpireMod:Shiv Toss","floor":35},{"not_picked":["Backflip+1","Tactician"],"picked":"Infinite Blades+1","floor":37},{"not_picked":["Poison Darts","Phantasmal Killer"],"picked":"Fluid Movement+1","floor":40},{"not_picked":["Riddle With Holes+1","Underhanded Strike+1"],"picked":"Cloak And Dagger","floor":41},{"not_picked":["Sucker Punch+1","Underhanded Strike+1"],"picked":"Acrobatics","floor":42},{"not_picked":["Tactician+1","Deadly Poison+1","Hidden Blade"],"picked":"SKIP","floor":44},{"not_picked":["Sucker Punch+1","PiercingWail"],"picked":"Concentrate+1","floor":45},{"not_picked":["Underhanded Strike+1","Heel Hook+1","Bane+1"],"picked":"SKIP","floor":46},{"not_picked":["Backflip+1","Grand Finale+1","Underhanded Strike+1"],"picked":"SKIP","floor":47},{"not_picked":["PiercingWail+1","Concentrate+1","Footwork+1"],"picked":"SKIP","floor":48},{"not_picked":["Backflip","Cloak And Dagger+1"],"picked":"ReplayTheSpireMod:Speed Training","floor":54}],"player_experience":875398,"relics_obtained":[{"floor":7,"key":"Molten Egg 2"},{"floor":9,"key":"Pantograph"},{"floor":10,"key":"Meat on the Bone"},{"floor":23,"key":"Lantern"},{"floor":25,"key":"Dream Catcher"},{"floor":26,"key":"Replay:Bottled Flurry"},{"floor":29,"key":"Nunchaku"},{"floor":31,"key":"Omamori"},{"floor":37,"key":"Replay:Multitool"},{"floor":39,"key":"Unceasing Top"},{"floor":40,"key":"FossilizedHelix"},{"floor":42,"key":"Pet Ghost"},{"floor":54,"key":"Calipers"}],"event_choices":[{"damage_healed":0,"gold_gain":0,"player_choice":"Relic ","damage_taken":3,"max_hp_gain":0,"max_hp_loss":0,"event_name":"betterThird:BetterScrap","floor":2,"gold_loss":0,"cards_obtained":["Blasphemy"]},{"damage_healed":0,"gold_gain":0,"player_choice":"Bought 1 Potion","damage_taken":0,"max_hp_gain":0,"max_hp_loss":0,"event_name":"The Woman in Blue","floor":4,"gold_loss":0},{"damage_healed":0,"gold_gain":0,"player_choice":"Copied","damage_taken":0,"max_hp_gain":0,"max_hp_loss":0,"event_name":"Duplicator","floor":20,"gold_loss":0,"cards_obtained":["ReplayTheSpireMod:Scrap Shanks"]},{"damage_healed":0,"gold_gain":0,"player_choice":"Fight","damage_taken":0,"max_hp_gain":0,"max_hp_loss":0,"event_name":"MindBloom","floor":37,"gold_loss":0},{"damage_healed":0,"gold_gain":0,"player_choice":"Paid","damage_taken":0,"relics_obtained":["Red Mask"],"max_hp_gain":0,"max_hp_loss":0,"event_name":"Tomb of Lord Red Mask","floor":38,"gold_loss":61},{"damage_healed":0,"gold_gain":0,"player_choice":"Fight","damage_taken":0,"max_hp_gain":0,"max_hp_loss":0,"event_name":"Mysterious Sphere","floor":39,"gold_loss":0}],"is_beta":false,"boss_relics":[{"not_picked":["Ectoplasm","Busted Crown","Honey Jar"]},{"not_picked":["Calling Bell","Pandora\u0027s Box"],"picked":"Kintsugi"}],"items_purged_floors":[3,19,53],"is_endless":false,"potions_floor_spawned":[1,5,7,16,21,23,25,31,35,37,39,45,54],"killed_by":"The Heart","ascension_level":3}}