{"host":"y1szee8ni6ct8kxl","time":1607976379,"event":{"mods":["Bard","BaseMod","Friendly Minions","Hermit","Hero for Fun","Hubris","Infinite Spire","Kiyohime????","LagranYue(???·?)","Marisa????????","Minty Spire (QoL Compilation)","Prisma Mod","Remilia??????","Replay The Spire","StSLib","The Animator","The Blackbeard","The Construct","The Disciple","The Druid","The Exalted","The Hierophant","The Judge","The Jungle","The Necromancer","The Problem Sleuth","The Senshi","The Servant 0.9.4","The Wild Card","TheBandit"],"gold_per_floor":[118,118,9,9,28,55,55,72,72,97,97,97,97,29,29,133,133,149,149,167,178,30,30,41,53,107,107,107,107],"floor_reached":28,"playtime":2151,"items_purged":[],"score":251,"play_id":"f19ff35d-ae5b-431a-888a-a4f8c0c53836","local_time":"20201214150619","is_ascension_mode":false,"campfire_choices":[{"floor":7.0,"key":"REST"},{"floor":15.0,"key":"REST"},{"floor":23.0,"key":"RECALL"},{"floor":27.0,"key":"REST"}],"circlet_count":0,"master_deck":["theWildCard:BasicStrike","theWildCard:BasicStrike","theWildCard:BasicStrike","theWildCard:BasicStrike","theWildCard:BasicDefend","theWildCard:BasicDefend","theWildCard:BasicDefend","theWildCard:BasicDefend","theWildCard:CallToAdventure","theWildCard:Arsene+1","theWildCard:SeveringSlash","theWildCard:Abstinence","theWildCard:Abstinence","theWildCard:StingingStrike","theWildCard:Safeguard","theWildCard:Metatron","theWildCard:ArcaneArts","theWildCard:Scathach","theWildCard:Thanatos","theWildCard:Caesar","theWildCard:Odin","theWildCard:ShieldOfMany+1","theWildCard:Patience+1","theWildCard:MaskChange","theWildCard:Providence+1"],"relics":["theWildCard:VelvetContract","LagranYue:RandomDrawCardRelic","Bromod:ArcaneTrickery","Replay:Multitool","Darkstone Periapt","Bronze Scales","ChewingGum","Lantern","Strawberry"],"acts_visited":["Exordium","TheCity"],"potions_floor_usage":[],"damage_taken":[{"damage":5.0,"enemies":"Small Slimes","floor":1.0,"turns":3.0},{"damage":1.0,"enemies":"2 Louse","floor":5.0,"turns":3.0},{"damage":20.0,"enemies":"Replay:BlueRogue","floor":6.0,"turns":8.0},{"damage":0.0,"enemies":"Jaw Worm","floor":8.0,"turns":5.0},{"damage":2.0,"enemies":"Lagavulin","floor":10.0,"turns":12.0},{"damage":33.0,"enemies":"Hexaghost","floor":16.0,"turns":11.0},{"damage":3.0,"enemies":"2 Thieves","floor":18.0,"turns":3.0},{"damage":0.0,"enemies":"3 Byrds","floor":20.0,"turns":2.0},{"damage":0.0,"enemies":"Snecko","floor":21.0,"turns":6.0},{"damage":38.0,"enemies":"3 Cultists","floor":24.0,"turns":10.0},{"damage":12.0,"enemies":"Snake Plant","floor":25.0,"turns":7.0},{"damage":0,"enemies":"Centurion and Healer","floor":28,"turns":1}],"seed_played":"7568050128679786860","potions_obtained":[{"floor":5.0,"key":"FearPotion"},{"floor":6.0,"key":"SpeedPotion"},{"floor":16.0,"key":"Explosive Potion"},{"floor":20.0,"key":"Doom Potion"},{"floor":21.0,"key":"construct:ShiftPotion"}],"is_trial":false,"path_per_floor":["M","?","$","?","M","E","R","M","T","E","?","?","?","$","R","B",null,"M","?","M","M","$","R","M","M","T","R","M"],"character_chosen":"THE_WILD_CARD","items_purchased":["theWildCard:Abstinence","theWildCard:StingingStrike","theWildCard:Thanatos","Lantern"],"campfire_rested":3,"item_purchase_floors":[3,3,14,22],"current_hp_per_floor":[61,61,61,66,65,45,66,66,66,64,67,42,42,42,64,31,74,71,71,71,74,74,74,45,41,48,72,72,72],"gold":107,"neow_bonus":"TEN_PERCENT_HP_BONUS","is_daily":false,"chose_seed":false,"campfire_upgraded":0,"win_rate":0.0,"timestamp":1607976379,"path_taken":["M","?","$","?","M","E","R","M","T","E","?","?","?","?","R","BOSS","M","?","M","?","$","R","M","M","T","R","M"],"items_purchased_type":["Card","Card","Card","Relic"],"build_version":"2020-12-13","purchased_purges":0,"victory":false,"max_hp_per_floor":[66,66,66,71,71,71,71,71,71,71,74,74,74,74,74,74,74,74,74,74,74,74,74,74,74,81,81,81,81],"card_choices":[{"not_picked":["theWildCard:ArcanaArtistry","theWildCard:StalwartBlade"],"picked":"theWildCard:SeveringSlash","floor":1.0},{"not_picked":["theWildCard:LadyLuck","theWildCard:Proficiency"],"picked":"theWildCard:Safeguard","floor":5.0},{"not_picked":["theWildCard:MagicMettle","theWildCard:StingingStrike"],"picked":"theWildCard:Metatron","floor":6.0},{"not_picked":["theWildCard:Proficiency","theWildCard:Safeguard"],"picked":"theWildCard:ArcaneArts","floor":8.0},{"not_picked":["theWildCard:Sakuya","theWildCard:MaskChange"],"picked":"theWildCard:Scathach","floor":10.0},{"not_picked":["theWildCard:Overwhelm","theWildCard:Amaterasu"],"picked":"theWildCard:Caesar","floor":16.0},{"not_picked":["theWildCard:ArcaneArts","theWildCard:EnergizedStroke+1"],"picked":"theWildCard:Odin","floor":18.0},{"not_picked":["theWildCard:UnendingRitual","theWildCard:StalwartBlade"],"picked":"theWildCard:ShieldOfMany+1","floor":20.0},{"not_picked":["theWildCard:ArcaneArts+1","theWildCard:SeveringSlash+1"],"picked":"theWildCard:Patience+1","floor":21.0},{"not_picked":["theWildCard:ArcaneArts","theWildCard:EnergyTheft"],"picked":"theWildCard:MaskChange","floor":24.0},{"not_picked":["theWildCard:PaleRider","theWildCard:Sakuya+1"],"picked":"theWildCard:Providence+1","floor":25.0}],"player_experience":2203,"relics_obtained":[{"floor":6.0,"key":"Bromod:ArcaneTrickery"},{"floor":9.0,"key":"Replay:Multitool"},{"floor":10.0,"key":"Darkstone Periapt"},{"floor":26.0,"key":"Strawberry"}],"event_choices":[{"damage_healed":0.0,"max_hp_gain":0.0,"max_hp_loss":0.0,"gold_gain":0.0,"event_name":"Golden Wing","player_choice":"Ignored","floor":2.0,"gold_loss":0.0,"damage_taken":0.0},{"damage_healed":0.0,"max_hp_gain":5.0,"max_hp_loss":0.0,"gold_gain":0.0,"event_name":"Big Fish","player_choice":"Donut","floor":4.0,"gold_loss":0.0,"damage_taken":0.0},{"damage_healed":0.0,"max_hp_gain":0.0,"max_hp_loss":0.0,"gold_gain":0.0,"event_name":"Scrap Ooze","player_choice":"Success","floor":12.0,"gold_loss":0.0,"damage_taken":25.0,"relics_obtained":["Bronze Scales"]},{"damage_healed":0.0,"max_hp_gain":0.0,"max_hp_loss":0.0,"gold_gain":0.0,"event_name":"Accursed Blacksmith","player_choice":"Forge","floor":19.0,"gold_loss":0.0,"damage_taken":0.0,"cards_upgraded":["theWildCard:Arsene"]}],"is_beta":false,"boss_relics":[{"not_picked":["Runic Dome","Replay:Ancient Bell"],"picked":"ChewingGum"}],"items_purged_floors":[],"is_endless":false,"potions_floor_spawned":[5,6,16,20,21],"killed_by":"Centurion and Healer","ascension_level":0}}