{"host":"56xwnffi6e9z5l58","time":1607964389,"event":{"mods":["Aspiration","BaseMod","Better Match","Better Note","Better Sensory Stone","BetterRewards","Colored Map","Colored Powertips","Conspire","GifTheSpireLib","Hermit","Highlight Path","Hubris","Infinite Spire","Key Reminder","Minty Spire (QoL Compilation)","Permanent Neow","Quick Restart","Rare Cards Sparkle","Replay The Spire","StSLib","Stuff the Spire","SuperFastMode","Unceasing Turn Reminder"],"gold_per_floor":[113,125,125,125,144,144,177,177,177,205,221,236,236,236,236,236,236],"floor_reached":16,"playtime":450,"items_purged":[],"score":138,"play_id":"435f0ecc-ee0e-425d-82ff-ae71e9fc9c22","local_time":"20201215004629","is_ascension_mode":true,"campfire_choices":[{"data":"Neutralize","floor":6,"key":"SMITH"},{"data":"Deadly Poison","floor":8,"key":"SMITH"},{"floor":15,"key":"REST"}],"circlet_count":0,"master_deck":["Strike_G","Strike_G","Strike_G","Strike_G","Defend_G","Defend_G","Defend_G","Defend_G","Defend_G","Survivor","Neutralize+1","Atom Bomb","Deadly Poison+1","Well Laid Plans","Footwork","Dash","Footwork","Bane","Draining Mist","Dagger Throw+1"],"relics":["Ring of the Snake","aspiration:SeaSaltIceCream","Akabeko","StuffTheSpire:WitherSkull","aspiration:FetidBarrel","Replay:Multitool"],"acts_visited":["Exordium"],"potions_floor_usage":[7,10],"damage_taken":[{"damage":1,"enemies":"Cultist","floor":1,"turns":4},{"damage":3,"enemies":"Jaw Worm","floor":2,"turns":4},{"damage":3,"enemies":"2 Louse","floor":5,"turns":3},{"damage":44,"enemies":"Lagavulin","floor":7,"turns":9},{"damage":16,"enemies":"Gremlin Nob","floor":10,"turns":4},{"damage":0,"enemies":"Looter","floor":11,"turns":3},{"damage":5,"enemies":"Gremlin Gang","floor":12,"turns":4},{"damage":32,"enemies":"Fading Forest","floor":16,"turns":9}],"seed_played":"504482668418815700","potions_obtained":[{"floor":2,"key":"SpeedPotion"},{"floor":7,"key":"SteroidPotion"}],"is_trial":false,"path_per_floor":["M","M","?","?","M","R","E","R","T","E","M","M","?","?","R","B"],"character_chosen":"THE_SILENT","items_purchased":[],"campfire_rested":1,"item_purchase_floors":[],"current_hp_per_floor":[69,66,66,71,68,68,24,24,24,8,8,3,3,3,25,0,0],"gold":236,"neow_bonus":"ONE_RANDOM_RARE_CARD","is_daily":false,"chose_seed":false,"campfire_upgraded":2,"win_rate":0.0,"timestamp":1607964389,"path_taken":["M","M","?","?","M","R","E","R","T","E","M","?","?","?","R","BOSS"],"items_purchased_type":[],"build_version":"2020-12-13","purchased_purges":0,"victory":false,"max_hp_per_floor":[70,70,70,75,75,75,75,75,75,75,75,75,75,75,75,75,75],"card_choices":[{"not_picked":["Cloak And Dagger","StuffTheSpire:ClusterCrunch"],"picked":"Deadly Poison","floor":1},{"not_picked":["ReplayTheSpireMod:Speed Training","Cloak And Dagger"],"picked":"Well Laid Plans","floor":2},{"not_picked":["Bane","Eviscerate"],"picked":"Footwork","floor":5},{"not_picked":["Prepared","ReplayTheSpireMod:Speed Training"],"picked":"Dash","floor":7},{"not_picked":["Outmaneuver","Reflex"],"picked":"Footwork","floor":10},{"not_picked":["Finisher","Cloak And Dagger"],"picked":"Bane","floor":11},{"not_picked":["Flying Knee","Bane"],"picked":"Draining Mist","floor":12}],"player_experience":943126,"relics_obtained":[{"floor":3,"key":"aspiration:SeaSaltIceCream"},{"floor":7,"key":"StuffTheSpire:WitherSkull"},{"floor":9,"key":"aspiration:FetidBarrel"},{"floor":10,"key":"Replay:Multitool"}],"event_choices":[{"damage_healed":0,"gold_gain":0,"player_choice":"Donut","damage_taken":0,"max_hp_gain":5,"max_hp_loss":0,"event_name":"Big Fish","floor":4,"gold_loss":0}],"is_beta":false,"boss_relics":[],"items_purged_floors":[],"is_endless":false,"potions_floor_spawned":[2,7],"killed_by":"Fading Forest","ascension_level":5}}