{"host":"dntw6kil9p09eemm","time":1607977399,"event":{"mods":["AchievementEnabler","BaseMod","Become a monster €›?Œ÷","Colored Powertips","Minty Spire (QoL Compilation)","Shop Mod","StSLib"],"gold_per_floor":[199,199,217,236,247,263,31,31,63,81,81,81,95,109,121,10,10,115,115,128,148,89,107,107,107],"floor_reached":24,"playtime":1052,"items_purged":["Strike_R"],"score":227,"play_id":"64bc2c16-f28b-426f-b908-04f6dc515db9","local_time":"20201215052319","is_ascension_mode":false,"campfire_choices":[{"data":"Hemokinesis","floor":8,"key":"SMITH"},{"data":"Thunderclap","floor":17,"key":"SMITH"}],"circlet_count":0,"master_deck":["Strike_R","Strike_R","Strike_R","Strike_R","Defend_R","Defend_R","Defend_R","Defend_R","Bash","Hemokinesis+1","Shrug It Off","Rupture","The Bomb","Thunderclap+1","Anger","Rage+1","Immolate","Berserk","Anger"],"relics":["Burning Blood","MerchantsRug","Oddly Smooth Stone","Toxic Egg 2","Busted Crown"],"acts_visited":["Exordium","TheCity"],"potions_floor_usage":[],"damage_taken":[{"damage":0,"enemies":"3 Shapes","floor":3,"turns":1},{"damage":3,"enemies":"Cultist","floor":4,"turns":4},{"damage":8,"enemies":"Jaw Worm","floor":5,"turns":3},{"damage":10,"enemies":"3 Louse","floor":6,"turns":3},{"damage":25,"enemies":"Lagavulin","floor":9,"turns":6},{"damage":11,"enemies":"Exordium Thugs","floor":10,"turns":5},{"damage":4,"enemies":"Looter","floor":13,"turns":3},{"damage":2,"enemies":"Large Slime","floor":14,"turns":4},{"damage":2,"enemies":"2 Fungi Beasts","floor":15,"turns":3},{"damage":57,"enemies":"Hexaghost","floor":18,"turns":8},{"damage":36,"enemies":"Shell Parasite","floor":20,"turns":5},{"damage":6,"enemies":"Chosen","floor":21,"turns":4},{"damage":41,"enemies":"Shelled Parasite and Fungi","floor":23,"turns":4},{"damage":15,"enemies":"Snecko","floor":24,"turns":2}],"seed_played":"-7952590154043777352","potions_obtained":[{"floor":4,"key":"Explosive Potion"},{"floor":5,"key":"Weak Potion"},{"floor":9,"key":"GamblersBrew"},{"floor":10,"key":"BlessingOfTheForge"},{"floor":20,"key":"DuplicationPotion"},{"floor":21,"key":"AttackPotion"}],"is_trial":false,"path_per_floor":["M","M","M","M","M","M","$","R","E","M","T","?","M","M","M","$","R","B",null,"M","M","$","M","M"],"character_chosen":"IRONCLAD","items_purchased":["MerchantsRug","The Bomb","Immolate"],"campfire_rested":0,"item_purchase_floors":[7,7,16],"current_hp_per_floor":[80,80,80,80,78,74,74,74,55,50,50,80,80,80,80,80,80,29,80,50,50,50,15,0,0],"gold":107,"neow_bonus":"HUNDRED_GOLD","is_daily":false,"chose_seed":false,"campfire_upgraded":2,"win_rate":0.0,"timestamp":1607977399,"path_taken":["M","M","M","M","$","R","E","M","T","?","M","M","M","?","R","BOSS","M","M","$","?","M"],"items_purchased_type":["Relic","Card","Card"],"build_version":"2020-12-13","purchased_purges":1,"victory":false,"max_hp_per_floor":[80,80,80,80,80,80,80,80,80,80,80,80,80,80,80,80,80,80,80,80,80,80,80,80,80],"card_choices":[{"not_picked":["Iron Wave","Feel No Pain"],"picked":"Hemokinesis","floor":3},{"not_picked":["Sever Soul","Pummel"],"picked":"Shrug It Off","floor":4},{"not_picked":["Heavy Blade","Sentinel","Body Slam"],"picked":"SKIP","floor":5},{"not_picked":["Burning Pact","Whirlwind"],"picked":"Rupture","floor":6},{"not_picked":["Heavy Blade","Cleave"],"picked":"Thunderclap","floor":9},{"not_picked":["Sword Boomerang","Heavy Blade"],"picked":"Anger","floor":10},{"not_picked":["Sentinel+1","Havoc+1","Iron Wave"],"picked":"SKIP","floor":13},{"not_picked":["Heavy Blade","Havoc+1"],"picked":"Rage+1","floor":14},{"not_picked":["Shockwave+1","Evolve","Armaments+1"],"picked":"SKIP","floor":15},{"not_picked":["Corruption","Bludgeon"],"picked":"Berserk","floor":18},{"not_picked":[],"picked":"Anger","floor":20},{"not_picked":["Armaments+1"],"picked":"SKIP","floor":21},{"not_picked":["Flex+1"],"picked":"SKIP","floor":23}],"player_experience":120141,"relics_obtained":[{"floor":9,"key":"Oddly Smooth Stone"},{"floor":11,"key":"Toxic Egg 2"}],"event_choices":[{"damage_healed":30,"gold_gain":0,"player_choice":"Full Heal","damage_taken":0,"max_hp_gain":0,"max_hp_loss":0,"event_name":"Wheel of Change","floor":12,"gold_loss":0}],"is_beta":false,"boss_relics":[{"not_picked":["Snecko Eye","SlaversCollar"],"picked":"Busted Crown"}],"items_purged_floors":[22],"is_endless":false,"potions_floor_spawned":[4,5,9,10,20,21],"killed_by":"Snecko","ascension_level":0}}