{"host":"gbop6m4qugddaz18","time":1607960524,"event":{"mods":["2.2 Compatiblity","BaseMod","Better Third Choice","Block Reminder","Downfall","GifTheSpireLib","Highlight Path","Minty Spire (QoL Compilation)","Replay The Spire","StSLib"],"gold_per_floor":[99,99,157,157,190,190,190,205,205,239,250,5,20,32,46,156,156,156,195,195,195,222,242,242,342,375,375,375,394,39,60,79,195,195,195,195,195],"floor_reached":36,"playtime":2668,"items_purged":[],"score":535,"play_id":"a591a568-04b4-4853-9d7f-645d6be97938","local_time":"20201214104204","is_ascension_mode":false,"campfire_choices":[{"data":"hexamod:Float","floor":1,"key":"SMITH"},{"data":"hexamod:BurningTouch","floor":9,"key":"SMITH"},{"data":"hexamod:ExtraCrispy","floor":18,"key":"SMITH"},{"data":"hexamod:RadiantFlame","floor":20,"key":"SMITH"},{"floor":27,"key":"REST"},{"data":"J.A.X.","floor":35,"key":"SMITH"}],"circlet_count":0,"master_deck":["hexamod:Defend","hexamod:Defend","hexamod:Defend+1","hexamod:Defend","hexamod:Sear","hexamod:Float+1","hexamod:AdvancingGuard","hexamod:SpectersWail","hexamod:FifthSeal","hexamod:Rewind+1","hexamod:ChargedBarrage","hexamod:FirstSeal","hexamod:BurningTouch+1","hexamod:SixthSeal","hexamod:Hexaguard","hexamod:StepThrough","hexamod:FirstSeal","hexamod:Hexaguard+1","hexamod:ThirdSeal","hexamod:Incineration+1","hexamod:HauntingEcho","hexamod:ExtraCrispy+1","hexamod:SpectersWail+1","hexamod:SecondSeal","hexamod:RadiantFlame+1","hexamod:CrushingStance","hexamod:SixthSeal","hexamod:ParanormalForm","hexamod:ThermalTransfer+1","hexamod:DynamicBlow","Shame","hexamod:ExtraCrispy","hexamod:ShieldOfDarkness","hexamod:BurningTouch","hexamod:Rewind","hexamod:RecurringNightmare","J.A.X.+1","hexamod:Firestarter+1","hexamod:SixthSeal","hexamod:HeatMetal+1","hexamod:TimeWarp","hexamod:BurningTouch","Bite+1","Bite","Bite","Bite","Bite","hexamod:FourthSeal","hexamod:GhostLash+1","hexamod:ThirdSeal","hexamod:SecondSeal","hexamod:ShieldOfDarkness","hexamod:ShieldOfDarkness","hexamod:SpectersWail","hexamod:EmpoweredFlame+1","hexamod:NecessarySacrifice+1","hexamod:BurningTouch","hexamod:Firestarter","hexamod:HeatCrush","hexamod:SearingWound","hexamod:TimeOfNeed"],"relics":["hexamod:SpiritBrand","downfall:HeartsMalice","hexamod:MatchstickCase","ReplayFunnel","Ornamental Fan","Replay:Mystery Machine","Sling","Replay:Bronze Core","Chameleon Ring","Replay:Bottled Snecko","Thread and Needle","MutagenicStrength","Boot","Eternal Feather","Sozu"],"acts_visited":["Exordium","TheCity","TheBeyond"],"potions_floor_usage":[15,16,16,16,22,25,32,33,33,33,33,33],"damage_taken":[{"damage":0,"enemies":"Cultist","floor":4,"turns":1},{"damage":0,"enemies":"Lagavulin","floor":5,"turns":1},{"damage":0,"enemies":"Small Slimes","floor":6,"turns":1},{"damage":5,"enemies":"Jaw Worm","floor":8,"turns":3},{"damage":14,"enemies":"3 Sentries","floor":10,"turns":9},{"damage":2,"enemies":"3 Louse","floor":11,"turns":4},{"damage":10,"enemies":"downfall:FleeingMerchant","floor":12,"turns":4},{"damage":7,"enemies":"Exordium Wildlife","floor":13,"turns":7},{"damage":6,"enemies":"Blue Slaver","floor":14,"turns":3},{"damage":3,"enemies":"3 Louse","floor":15,"turns":3},{"damage":29,"enemies":"downfall:Silent","floor":16,"turns":6},{"damage":39,"enemies":"Slavers","floor":19,"turns":7},{"damage":0,"enemies":"3 Byrds","floor":22,"turns":4},{"damage":0,"enemies":"Chosen","floor":23,"turns":2},{"damage":29,"enemies":"downfall:Augmenter","floor":25,"turns":6},{"damage":44,"enemies":"Book of Stabbing","floor":26,"turns":7},{"damage":11,"enemies":"Snecko","floor":29,"turns":6},{"damage":3,"enemies":"downfall:FleeingMerchant","floor":30,"turns":5},{"damage":4,"enemies":"Centurion and Healer","floor":31,"turns":6},{"damage":11,"enemies":"Snake Plant","floor":32,"turns":3},{"damage":39,"enemies":"downfall:Ironclad","floor":33,"turns":8},{"damage":58,"enemies":"Reptomancer","floor":36,"turns":3}],"seed_played":"6710769666876770973","potions_obtained":[{"floor":3,"key":"Flashbang"},{"floor":8,"key":"FearPotion"},{"floor":10,"key":"Reflective Coating"},{"floor":13,"key":"DistilledChaos"},{"floor":14,"key":"champ:CounterPotion"},{"floor":15,"key":"DistilledChaos"},{"floor":19,"key":"BlessingOfTheForge"},{"floor":22,"key":"sneckomod:MuddlingPotion"},{"floor":23,"key":"PowerPotion"},{"floor":29,"key":"Weak Potion"},{"floor":32,"key":"EntropicBrew"}],"is_trial":false,"path_per_floor":["R","?","?","M","E","M","T","M","R","E","M","$","M","M","M","B",null,"R","E","R","?","M","M","T","?","E","R","?","M","$","M","M","B",null,"R","E"],"character_chosen":"THE_SPIRIT","items_purchased":["Sling","hexamod:ThirdSeal","Eternal Feather","hexamod:ShieldOfDarkness","hexamod:SpectersWail"],"campfire_rested":1,"item_purchase_floors":[12,12,30,30,30],"current_hp_per_floor":[70,70,53,53,53,53,53,48,48,41,46,43,43,44,41,19,70,70,45,45,45,59,66,66,51,21,42,42,40,39,48,49,13,49,49,0,0],"gold":195,"neow_bonus":"THREE_ENEMY_KILL","is_daily":false,"chose_seed":false,"campfire_upgraded":5,"win_rate":0.0,"timestamp":1607960524,"path_taken":["R","?","?","M","E","M","T","M","R","E","M","$","M","M","M","BOSS","R","E","R","?","M","M","T","?","E","R","?","M","$","M","M","BOSS","R","E"],"items_purchased_type":["Relic","Card","Relic","Card","Card"],"build_version":"2020-11-30","purchased_purges":0,"victory":false,"max_hp_per_floor":[70,70,70,70,70,70,70,70,70,70,70,70,70,70,70,70,70,70,70,70,70,70,70,70,70,70,70,49,49,49,49,49,49,49,49,49,49],"card_choices":[{"not_picked":["hexamod:HauntingEcho","hexamod:GhostOfSpirePresent"],"picked":"hexamod:AdvancingGuard","floor":3},{"not_picked":["hexamod:PowerFromBeyond","hexamod:NightmareGuise"],"picked":"hexamod:SpectersWail","floor":3},{"not_picked":["hexamod:PhantomFireball","hexamod:PhantomCloak"],"picked":"hexamod:FifthSeal","floor":4},{"not_picked":["hexamod:SwordOfDarkness","hexamod:FifthSeal"],"picked":"hexamod:Rewind","floor":5},{"not_picked":["hexamod:GhostShield","hexamod:HeatShield"],"picked":"hexamod:ChargedBarrage","floor":6},{"not_picked":["hexamod:ThirdSeal","hexamod:FourthSeal"],"picked":"hexamod:FirstSeal","floor":8},{"not_picked":["hexamod:PhantomCloak","hexamod:GhostShield"],"picked":"hexamod:BurningTouch","floor":8},{"not_picked":["hexamod:FourthSeal","hexamod:FirstSeal"],"picked":"hexamod:SixthSeal","floor":10},{"not_picked":["hexamod:ChargedBarrage","hexamod:EmpoweringStance"],"picked":"hexamod:Hexaguard","floor":10},{"not_picked":["hexamod:SkipABeat","hexamod:InspiringFlames"],"picked":"hexamod:StepThrough","floor":11},{"not_picked":["hexamod:FifthSeal","hexamod:SixthSeal"],"picked":"hexamod:FirstSeal","floor":12},{"not_picked":["hexamod:GhostOfSpirePast","hexamod:SpectersWail"],"picked":"hexamod:Hexaguard","floor":12},{"not_picked":["hexamod:SwordOfDarkness","hexamod:ChargedBarrage"],"picked":"hexamod:Incineration","floor":13},{"not_picked":["hexamod:NecessarySacrifice","hexamod:InspiringFlames"],"picked":"hexamod:HauntingEcho","floor":13},{"not_picked":["hexamod:DynamicBlow","hexamod:BurningTouch"],"picked":"hexamod:ExtraCrispy","floor":14},{"not_picked":["hexamod:GhostLash","hexamod:RetreatToShadows"],"picked":"hexamod:SpectersWail","floor":15},{"not_picked":["hexamod:SixthSeal","hexamod:FifthSeal"],"picked":"hexamod:SecondSeal","floor":15},{"not_picked":["hexamod:NecessarySacrifice","hexamod:PowerFromBeyond"],"picked":"hexamod:RadiantFlame","floor":15},{"not_picked":["hexamod:SixthSeal","hexamod:FifthSeal"],"picked":"hexamod:CrushingStance","floor":16},{"not_picked":["hexamod:FifthSeal","hexamod:FirstSeal"],"picked":"hexamod:SixthSeal","floor":16},{"not_picked":["hexamod:GiftsFromTheDead","hexamod:SixthSeal"],"picked":"hexamod:ParanormalForm","floor":16},{"not_picked":["hexamod:SpectersWail","hexamod:TurnItUp"],"picked":"hexamod:ThermalTransfer+1","floor":19},{"not_picked":["hexamod:SpectralAdrenaline","hexamod:UnleashSpirits"],"picked":"hexamod:DynamicBlow","floor":19},{"not_picked":["hexamod:SecondSeal","hexamod:HauntingEcho"],"picked":"hexamod:ExtraCrispy","floor":22},{"not_picked":["hexamod:FastForward","hexamod:Incineration"],"picked":"hexamod:ShieldOfDarkness","floor":22},{"not_picked":["hexamod:RetreatToShadows","hexamod:NecessarySacrifice"],"picked":"hexamod:BurningTouch","floor":23},{"not_picked":[],"picked":"J.A.X.","floor":25},{"not_picked":["hexamod:SwordOfDarkness+1","hexamod:PhantomCloak"],"picked":"hexamod:Firestarter","floor":25},{"not_picked":["hexamod:FifthSeal","hexamod:SecondSeal"],"picked":"hexamod:SixthSeal","floor":25},{"not_picked":["hexamod:GhostflameBarrier","hexamod:InspiringFlames"],"picked":"hexamod:HeatMetal+1","floor":25},{"not_picked":["hexamod:ThermalTransfer","hexamod:HeatShield+1"],"picked":"hexamod:TimeWarp","floor":26},{"not_picked":["hexamod:NightmareStrike","hexamod:FastForward"],"picked":"hexamod:BurningTouch","floor":26},{"not_picked":["hexamod:FirstSeal","hexamod:SixthSeal"],"picked":"hexamod:FourthSeal","floor":29},{"not_picked":["hexamod:AdvancingGuard","hexamod:BacktrackSmack"],"picked":"hexamod:GhostLash+1","floor":29},{"not_picked":["hexamod:FifthSeal","hexamod:FirstSeal"],"picked":"hexamod:ThirdSeal","floor":30},{"not_picked":["hexamod:TurnItUp","hexamod:NightmareStrike"],"picked":"hexamod:SecondSeal","floor":30},{"not_picked":["hexamod:SwordOfDarkness","hexamod:PowerFromBeyond"],"picked":"hexamod:EmpoweredFlame+1","floor":31},{"not_picked":["hexamod:Hexaguard","hexamod:InspiringFlames"],"picked":"hexamod:NecessarySacrifice+1","floor":31},{"not_picked":["hexamod:NightmareStrike","hexamod:Haunt+1"],"picked":"hexamod:BurningTouch","floor":31},{"not_picked":["hexamod:SpectersWail","hexamod:RetreatToShadows"],"picked":"hexamod:Firestarter","floor":32},{"not_picked":["hexamod:InspiringFlames","hexamod:BacktrackSmack+1"],"picked":"hexamod:HeatCrush","floor":32},{"not_picked":["hexamod:EmpoweringStance","hexamod:UnleashSpirits"],"picked":"hexamod:SearingWound","floor":33},{"not_picked":["hexamod:SixthSeal","hexamod:FifthSeal"],"picked":"hexamod:TimeOfNeed","floor":33}],"player_experience":392755,"relics_obtained":[{"floor":3,"key":"hexamod:MatchstickCase"},{"floor":5,"key":"ReplayFunnel"},{"floor":7,"key":"Ornamental Fan"},{"floor":10,"key":"Replay:Mystery Machine"},{"floor":19,"key":"Chameleon Ring"},{"floor":24,"key":"Thread and Needle"},{"floor":25,"key":"MutagenicStrength"},{"floor":26,"key":"Boot"}],"event_choices":[{"damage_healed":0,"gold_gain":0,"player_choice":"Stole Relic","damage_taken":0,"relics_obtained":["Replay:Bottled Snecko"],"max_hp_gain":0,"max_hp_loss":0,"event_name":"Addict","floor":21,"gold_loss":0,"cards_obtained":["Shame"]},{"damage_healed":0,"gold_gain":0,"player_choice":"Became a vampire","damage_taken":0,"max_hp_gain":0,"max_hp_loss":21,"event_name":"Vampires","floor":28,"gold_loss":0,"cards_obtained":["Bite","Bite","Bite","Bite","Bite"]}],"is_beta":false,"boss_relics":[{"not_picked":["Busted Crown","Empty Cage"],"picked":"Replay:Bronze Core"},{"not_picked":["ReplayTheSpireMod:DimensionalGlitch","Runic Pyramid"],"picked":"Sozu"}],"items_purged_floors":[],"is_endless":false,"potions_floor_spawned":[8,10,13,14,15,19,22,23,29,32],"killed_by":"Reptomancer","ascension_level":0}}