{"host":"2uu78764idqc8x2u","time":1607923752,"event":{"mods":["BaseMod","Better Altar","Better Note","Better Skull","Better Third Choice","Downfall","Energized Spire","Minty Spire (QoL Compilation)","Spicy Shops","StSLib"],"gold_per_floor":[116,116,66,66,82,82,107,107,130,60,60,96,114,137,137,265,265,298,290,320,345,31,31,31,31],"floor_reached":24,"playtime":941,"items_purged":[],"score":196,"play_id":"1d18ffe5-a644-43ae-88d8-832ffe764b6d","local_time":"20201214002912","is_ascension_mode":false,"campfire_choices":[{"floor":6,"key":"RECALL"},{"data":"Distraction","floor":8,"key":"SMITH"},{"data":"Accuracy","floor":11,"key":"SMITH"},{"data":"Blade Dance","floor":15,"key":"SMITH"},{"data":"A Thousand Cuts","floor":23,"key":"SMITH"}],"circlet_count":0,"master_deck":["Strike_G","Strike_G","Strike_G","Strike_G","Defend_G","Defend_G","Defend_G","Defend_G","Defend_G","Survivor","Neutralize+1","Infinite Blades+1","Injury","Prepared","Distraction+1","Accuracy+1","Blade Dance+1","Skewer","A Thousand Cuts+1","CurseOfTheBell","Blur","Deflect","Blade Dance","Caltrops"],"relics":["Ring of the Snake","Golden Idol","The Courier","Calling Bell","MawBank","Kunai","StoneCalendar","Membership Card","Incense Burner","Regal Pillow"],"acts_visited":["Exordium","TheCity"],"potions_floor_usage":[12,16,20,20],"damage_taken":[{"damage":0,"enemies":"2 Louse","floor":1,"turns":4},{"damage":2,"enemies":"Small Slimes","floor":5,"turns":4},{"damage":1,"enemies":"Jaw Worm","floor":7,"turns":5},{"damage":16,"enemies":"Gremlin Nob","floor":12,"turns":5},{"damage":6,"enemies":"Exordium Thugs","floor":13,"turns":6},{"damage":0,"enemies":"Blue Slaver","floor":14,"turns":3},{"damage":19,"enemies":"Hexaghost","floor":16,"turns":8},{"damage":0,"enemies":"Spheric Guardian","floor":18,"turns":3},{"damage":5,"enemies":"2 Thieves","floor":20,"turns":3},{"damage":26,"enemies":"Snake Plant","floor":21,"turns":6},{"damage":73,"enemies":"Slavers","floor":24,"turns":4}],"seed_played":"8121244087361598571","potions_obtained":[{"floor":7,"key":"Weak Potion"},{"floor":12,"key":"FairyPotion"},{"floor":13,"key":"GamblersBrew"},{"floor":18,"key":"AttackPotion"},{"floor":19,"key":"SkillPotion"}],"is_trial":false,"path_per_floor":["M","?","?","?","M","R","M","R","T","$","R","E","M","M","R","B",null,"M","?","M","M","$","R","E"],"character_chosen":"THE_SILENT","items_purchased":["Accuracy","Membership Card","Caltrops","Incense Burner","Regal Pillow"],"campfire_rested":0,"item_purchase_floors":[10,22,22,22,22],"current_hp_per_floor":[70,70,70,70,68,68,67,67,67,67,67,51,45,45,45,26,70,70,70,65,39,39,39,0,0],"gold":31,"neow_bonus":"UPGRADE_CARD","is_daily":false,"chose_seed":false,"campfire_upgraded":4,"win_rate":0.0,"timestamp":1607923752,"path_taken":["M","?","?","?","M","R","?","R","T","?","R","E","?","M","R","BOSS","M","?","M","M","$","R","E"],"items_purchased_type":["Card","Relic","Card","Relic","Relic"],"build_version":"2020-11-30","purchased_purges":0,"victory":false,"max_hp_per_floor":[70,70,70,70,70,70,70,70,70,70,70,70,70,70,70,70,70,70,70,70,70,70,70,70,70],"card_choices":[{"not_picked":["Underhanded Strike","Flechettes"],"picked":"Infinite Blades","floor":1},{"not_picked":["Sucker Punch","Dagger Spray"],"picked":"Prepared","floor":5},{"not_picked":["Catalyst","Prepared"],"picked":"Distraction","floor":7},{"not_picked":["Acrobatics","Quick Slash","Bane"],"picked":"SKIP","floor":12},{"not_picked":["Venomology","Bouncing Flask"],"picked":"Blade Dance","floor":13},{"not_picked":["Backflip","Calculated Gamble"],"picked":"Skewer","floor":14},{"not_picked":["Glass Knife","Burst"],"picked":"A Thousand Cuts","floor":16},{"not_picked":["Noxious Fumes","Deadly Poison+1"],"picked":"Blur","floor":18},{"not_picked":["Poisoned Stab+1","Bane"],"picked":"Deflect","floor":20},{"not_picked":["Backflip","Masterful Stab"],"picked":"Blade Dance","floor":21}],"player_experience":414646,"relics_obtained":[{"floor":12,"key":"The Courier"},{"floor":17,"key":"MawBank"},{"floor":17,"key":"Kunai"},{"floor":17,"key":"StoneCalendar"}],"event_choices":[{"damage_healed":0,"gold_gain":0,"player_choice":"Grow","damage_taken":0,"max_hp_gain":0,"max_hp_loss":0,"event_name":"Living Wall","floor":2,"gold_loss":0,"cards_upgraded":["Infinite Blades"]},{"cards_removed":["Strike_G"],"damage_healed":0,"gold_gain":0,"player_choice":"Card Removal","damage_taken":0,"max_hp_gain":0,"max_hp_loss":0,"event_name":"The Cleric","floor":3,"gold_loss":50},{"damage_healed":0,"gold_gain":0,"player_choice":"Take Wound","damage_taken":0,"relics_obtained":["Golden Idol"],"max_hp_gain":0,"max_hp_loss":0,"event_name":"Golden Idol","floor":4,"gold_loss":0,"cards_obtained":["Injury"]},{"damage_healed":0,"gold_gain":0,"player_choice":"Bought 1 Potion","damage_taken":0,"max_hp_gain":0,"max_hp_loss":0,"event_name":"The Woman in Blue","floor":19,"gold_loss":0}],"is_beta":false,"boss_relics":[{"not_picked":["Coffee Dripper","energizedSpire:EnergizedDie"],"picked":"Calling Bell"}],"items_purged_floors":[],"is_endless":false,"potions_floor_spawned":[7,12,13,18],"killed_by":"Slavers","ascension_level":0}}