{"host":"p5axfb00mxhraew6","time":1607947539,"event":{"mods":["Abigail Mod","Act Like it!","BaseMod","CapriCore","Friendly Minions","GifTheSpireLib","Jedi Mod","KomeijiMod","MarisaÅiñ∂âJÅ@ñÇóùçπÅj","Minty Spire (QoL Compilation)","Prisma Mod","ReimuÅiîé??öÎÅj","RemiliaÅiÂQïƒ‰ª?Åj","SOSÅiézîb?îVéqÅj","StSLib","Td1madao Mod","The Alterego","The Animator","The Immortal","The Problem Sleuth","TheSwordswoman","TheWitcher","YoumuÅiç∞ÈÆódöÎÅj","Åy?ï˚ìÒéü?çÏÅzî™â]éámod"],"gold_per_floor":[111,111,131,131,151,180,180,211,211,211,211],"floor_reached":10,"playtime":423,"items_purged":[],"score":110,"play_id":"05cac51c-8e99-4841-b999-b670808288de","local_time":"20201214210539","is_ascension_mode":true,"campfire_choices":[{"data":"KamiRite:ReiMu","floor":7,"key":"SMITH"}],"circlet_count":0,"master_deck":["Strike_Lin:ReiMu","Strike_Lin:ReiMu","Strike_Lin:ReiMu","Strike_Lin:ReiMu","Defend_Lin:ReiMu","Defend_Lin:ReiMu","Defend_Lin:ReiMu","Defend_Lin:ReiMu","NB:ReiMu","Stagnation:ReiMu","ShadowOfCrow2:ReiMu","KamiRite:ReiMu+1","Doubt","WonderfulDomain:ReiMu","Crusade:ReiMu","SpiritualOutbreak2:ReiMu","SubAcupoint:ReiMu"],"relics":["FlyPower:ReiMu","NeowsBlessing","Tea:ReiMu","TurtleShell:ReiMu","Unceasing Top"],"acts_visited":["Exordium"],"potions_floor_usage":[8,8],"damage_taken":[{"damage":0,"enemies":"Cultist","floor":1,"turns":1},{"damage":0,"enemies":"Jaw Worm","floor":3,"turns":1},{"damage":0,"enemies":"Small Slimes","floor":5,"turns":2},{"damage":13,"enemies":"3 Sentries","floor":6,"turns":9},{"damage":19,"enemies":"Gremlin Nob","floor":8,"turns":5},{"damage":34,"enemies":"Lagavulin","floor":10,"turns":8}],"seed_played":"-5251823619147815649","potions_obtained":[{"floor":3,"key":"PowerPotion"},{"floor":5,"key":"jedi:StrikingPotion"}],"is_trial":false,"path_per_floor":["M","?","M","?","M","E","R","E","T","E"],"character_chosen":"REIMU","items_purchased":[],"campfire_rested":0,"item_purchase_floors":[],"current_hp_per_floor":[59,59,59,64,64,51,51,32,32,0,0],"gold":211,"neow_bonus":"THREE_ENEMY_KILL","is_daily":false,"chose_seed":false,"campfire_upgraded":1,"win_rate":0.0,"timestamp":1607947539,"path_taken":["M","?","?","?","M","E","R","E","T","E"],"items_purchased_type":[],"build_version":"2020-12-13","purchased_purges":0,"victory":false,"max_hp_per_floor":[65,65,65,70,70,70,70,70,70,70,70],"card_choices":[{"not_picked":["TightArray:ReiMu","EmergencyTakeOff:ReiMu"],"picked":"ShadowOfCrow2:ReiMu","floor":1},{"not_picked":["AlertArray:ReiMu","LovePray:ReiMu"],"picked":"WonderfulDomain:ReiMu","floor":3},{"not_picked":["UniversalSpiritual:ReiMu","KamiSacrifice:ReiMu"],"picked":"Crusade:ReiMu","floor":5},{"not_picked":["RainPray2:ReiMu","Shading:ReiMu"],"picked":"SpiritualOutbreak2:ReiMu","floor":6},{"not_picked":["Crusade:ReiMu","Authority:ReiMu"],"picked":"SubAcupoint:ReiMu","floor":8}],"player_experience":1246284,"relics_obtained":[{"floor":6,"key":"Tea:ReiMu"},{"floor":8,"key":"TurtleShell:ReiMu"},{"floor":9,"key":"Unceasing Top"}],"event_choices":[{"damage_healed":0,"gold_gain":0,"player_choice":"2 cards matched","damage_taken":0,"max_hp_gain":0,"max_hp_loss":0,"event_name":"Match and Keep!","floor":2,"gold_loss":0,"cards_obtained":["KamiRite:ReiMu","Doubt"]},{"damage_healed":0,"gold_gain":0,"player_choice":"Donut","damage_taken":0,"max_hp_gain":5,"max_hp_loss":0,"event_name":"Big Fish","floor":4,"gold_loss":0}],"is_beta":false,"boss_relics":[],"items_purged_floors":[],"is_endless":false,"potions_floor_spawned":[3,5],"killed_by":"Lagavulin","ascension_level":9}}