{"host":"4jkxfxw6g7t9vgog","time":1607940875,"event":{"mods":["BaseMod","Colored Map","Minty Spire (QoL Compilation)"],"gold_per_floor":[119,132,207,223,223,223,22,50,74,74,89,108,120,135,135,232,232,243,231,32,49,49,49,49],"floor_reached":23,"playtime":1982,"items_purged":[],"score":197,"play_id":"bb32d7fe-d8f0-483d-bde7-441e06af77b1","local_time":"20201214131435","is_ascension_mode":false,"campfire_choices":[{"data":"Pray","floor":6,"key":"SMITH"},{"floor":15,"key":"REST"}],"circlet_count":0,"master_deck":["Strike_P","Strike_P","Strike_P","Strike_P","Defend_P","Defend_P","Defend_P","Defend_P","Eruption","Vigilance","Impatience+1","Pray+1","JustLucky+1","ThirdEye","Consecrate","LikeWater","Conclude","WindmillStrike","Halt","Pray","DevaForm","Indignation+1","TalkToTheHand+1","Crescendo","EmptyFist+1"],"relics":["PureWater","Lee\u0027s Waffle","Pen Nib","Boot","Cursed Key","OrangePellets"],"acts_visited":["Exordium","TheCity"],"potions_floor_usage":[8,8,8,8,16,16,22],"damage_taken":[{"damage":1,"enemies":"2 Louse","floor":1,"turns":3},{"damage":0,"enemies":"Small Slimes","floor":2,"turns":3},{"damage":0,"enemies":"Jaw Worm","floor":4,"turns":5},{"damage":34,"enemies":"Lagavulin","floor":8,"turns":5},{"damage":2,"enemies":"Looter","floor":11,"turns":3},{"damage":14,"enemies":"Blue Slaver","floor":12,"turns":2},{"damage":0,"enemies":"Exordium Thugs","floor":13,"turns":3},{"damage":4,"enemies":"3 Louse","floor":14,"turns":3},{"damage":22,"enemies":"Slime Boss","floor":16,"turns":6},{"damage":22,"enemies":"3 Byrds","floor":18,"turns":6},{"damage":19,"enemies":"2 Thieves","floor":19,"turns":4},{"damage":28,"enemies":"Shelled Parasite and Fungi","floor":21,"turns":5},{"damage":0,"enemies":"Snecko","floor":22,"turns":2}],"seed_played":"-95030613231565040","potions_obtained":[{"floor":2,"key":"EntropicBrew"},{"floor":4,"key":"SkillPotion"},{"floor":12,"key":"SmokeBomb"},{"floor":14,"key":"GamblersBrew"}],"is_trial":false,"path_per_floor":["M","M","?","M","?","R","$","E","T","?","M","M","M","M","R","B",null,"M","M","$","M","M","?"],"character_chosen":"WATCHER","items_purchased":["Lee\u0027s Waffle","Consecrate","OrangePellets","Crescendo"],"campfire_rested":1,"item_purchase_floors":[7,7,20,20],"current_hp_per_floor":[71,71,60,60,60,60,79,45,45,29,27,13,13,9,32,10,79,57,38,38,10,10,0,0],"gold":49,"neow_bonus":"RANDOM_COLORLESS","is_daily":false,"chose_seed":false,"campfire_upgraded":1,"win_rate":0.0,"timestamp":1607940875,"path_taken":["M","M","?","M","?","R","$","E","T","?","M","M","M","?","R","BOSS","M","M","$","M","M","?"],"items_purchased_type":["Relic","Card","Relic","Card"],"build_version":"2020-12-13","purchased_purges":0,"victory":false,"max_hp_per_floor":[72,72,72,72,72,72,79,79,79,79,79,79,79,79,79,79,79,79,79,79,79,79,84,84],"card_choices":[{"not_picked":["Deep Breath","Purity"],"picked":"Impatience","floor":0},{"not_picked":["Crescendo","WreathOfFlame"],"picked":"Pray","floor":1},{"not_picked":["ClearTheMind","Evaluate"],"picked":"JustLucky","floor":2},{"not_picked":["SignatureMove","CrushJoints"],"picked":"ThirdEye","floor":4},{"not_picked":["SashWhip","Protect"],"picked":"LikeWater","floor":8},{"not_picked":["WreathOfFlame","Study"],"picked":"Conclude","floor":11},{"not_picked":["Adaptation","Swivel"],"picked":"WindmillStrike","floor":12},{"not_picked":["FollowUp","Weave"],"picked":"Halt","floor":13},{"not_picked":["InnerPeace","WreathOfFlame"],"picked":"Pray","floor":14},{"not_picked":["LessonLearned","Omniscience"],"picked":"DevaForm","floor":16},{"not_picked":["FlurryOfBlows","Conclude"],"picked":"Indignation+1","floor":18},{"not_picked":["Halt","FollowUp"],"picked":"TalkToTheHand+1","floor":19},{"not_picked":["CutThroughFate","FlurryOfBlows"],"picked":"EmptyFist+1","floor":21}],"player_experience":278886,"relics_obtained":[{"floor":8,"key":"Pen Nib"},{"floor":9,"key":"Boot"}],"event_choices":[{"damage_healed":0,"gold_gain":75,"player_choice":"Gather Gold","damage_taken":11,"max_hp_gain":0,"max_hp_loss":0,"event_name":"World of Goop","floor":3,"gold_loss":0},{"damage_healed":0,"gold_gain":0,"player_choice":"Ignored","damage_taken":0,"max_hp_gain":0,"max_hp_loss":0,"event_name":"Liars Game","floor":5,"gold_loss":0},{"damage_healed":0,"gold_gain":0,"player_choice":"Entered Light","damage_taken":16,"max_hp_gain":0,"max_hp_loss":0,"event_name":"Shining Light","floor":10,"gold_loss":0,"cards_upgraded":["Impatience","JustLucky"]}],"is_beta":false,"boss_relics":[{"not_picked":["Pandora\u0027s Box","Velvet Choker"],"picked":"Cursed Key"}],"items_purged_floors":[],"is_endless":false,"potions_floor_spawned":[2,4,12,14,22],"ascension_level":0}}