{"host":"x5anfo2w8aotfuta","time":1607906676,"event":{"mods":["AchievementEnabler","BaseMod","Bestiary","Block Reminder","Colored Map","Colored Powertips","DeckTracker","Highlight Path","Minty Spire (QoL Compilation)","Quick Restart","Rare Cards Sparkle","Relic Stats","StSLib"],"gold_per_floor":[113,133,152,171,191,220,220,251,321,321,321,363,80,100,100,212,212,233,262,272,301,326,326,353,353,377,114,64,64,64,89,89,196,196,225,234,234,261,261,261,290,290,364,63,101,129,163,173,173,173,173,173,26,68,68,68],"floor_reached":55,"playtime":5607,"items_purged":["Strike_P","Strike_P"],"score":1106,"play_id":"81375c60-0c0b-4c95-863e-b24cab60ae6e","local_time":"20201213164436","is_ascension_mode":true,"campfire_choices":[{"data":"Eruption","floor":7,"key":"SMITH"},{"data":"TalkToTheHand","floor":15,"key":"SMITH"},{"data":"Ragnarok","floor":23,"key":"SMITH"},{"data":"Halt","floor":25,"key":"SMITH"},{"data":"Crescendo","floor":30,"key":"SMITH"},{"data":"Halt","floor":32,"key":"SMITH"},{"data":"SpiritShield","floor":40,"key":"SMITH"},{"data":"Secret Technique","floor":42,"key":"SMITH"},{"floor":49,"key":"RECALL"},{"data":"Vigilance","floor":52,"key":"SMITH"}],"circlet_count":0,"master_deck":["Strike_P","Strike_P+1","Defend_P","Defend_P","Defend_P","Defend_P","Eruption+1","Vigilance+1","WheelKick","SashWhip","EmptyFist","CarveReality","Halt+1","FearNoEvil","Vengeance","TalkToTheHand+1","Wireheading","Ragnarok+1","Halt+1","InnerPeace+1","EmptyBody","FlyingSleeves+1","Crescendo+1","SpiritShield+1","EmptyBody+1","Ragnarok+1","Panacea","Secret Technique+1","Dark Shackles","Meditate","Crescendo","Vault"],"relics":["VioletLotus","Bag of Preparation","Gambling Chip","White Beast Statue","FossilizedHelix","CeramicFish","Juzu Bracelet","SlaversCollar","Darkstone Periapt","MealTicket","Bronze Scales","Singing Bowl","Runic Pyramid","Letter Opener","Torii","Oddly Smooth Stone","Whetstone","Yang"],"acts_visited":["Exordium","TheCity","TheBeyond","TheEnding"],"potions_floor_usage":[8,16,19,21,21,24,29,31,33,41,45,46,48,50,54,55,55,55],"damage_taken":[{"damage":0,"enemies":"Jaw Worm","floor":1,"turns":3},{"damage":0,"enemies":"Small Slimes","floor":2,"turns":3},{"damage":0,"enemies":"Cultist","floor":3,"turns":3},{"damage":1,"enemies":"Red Slaver","floor":4,"turns":3},{"damage":14,"enemies":"Large Slime","floor":5,"turns":9},{"damage":8,"enemies":"Gremlin Nob","floor":6,"turns":3},{"damage":6,"enemies":"3 Sentries","floor":8,"turns":8},{"damage":0,"enemies":"Gremlin Nob","floor":12,"turns":2},{"damage":0,"enemies":"3 Louse","floor":14,"turns":1},{"damage":0,"enemies":"Slime Boss","floor":16,"turns":5},{"damage":0,"enemies":"Chosen","floor":18,"turns":3},{"damage":0,"enemies":"Shell Parasite","floor":19,"turns":5},{"damage":0,"enemies":"Snecko","floor":20,"turns":3},{"damage":0,"enemies":"Shelled Parasite and Fungi","floor":21,"turns":3},{"damage":0,"enemies":"Centurion and Healer","floor":22,"turns":5},{"damage":0,"enemies":"Slavers","floor":24,"turns":4},{"damage":0,"enemies":"Snake Plant","floor":29,"turns":1},{"damage":7,"enemies":"Book of Stabbing","floor":31,"turns":3},{"damage":5,"enemies":"Collector","floor":33,"turns":6},{"damage":0,"enemies":"Orb Walker","floor":35,"turns":2},{"damage":0,"enemies":"Giant Head","floor":41,"turns":6},{"damage":0,"enemies":"Reptomancer","floor":45,"turns":4},{"damage":0,"enemies":"3 Darklings","floor":46,"turns":4},{"damage":0,"enemies":"Nemesis","floor":47,"turns":3},{"damage":30,"enemies":"Writhing Mass","floor":48,"turns":4},{"damage":34,"enemies":"Donu and Deca","floor":50,"turns":8},{"damage":45,"enemies":"Shield and Spear","floor":54,"turns":6},{"damage":70,"enemies":"The Heart","floor":55,"turns":9}],"seed_played":"-1110604547539107585","potions_obtained":[{"floor":3,"key":"Dexterity Potion"},{"floor":6,"key":"EssenceOfSteel"},{"floor":8,"key":"Weak Potion"},{"floor":12,"key":"Strength Potion"},{"floor":16,"key":"BottledMiracle"},{"floor":18,"key":"Explosive Potion"},{"floor":19,"key":"LiquidMemories"},{"floor":20,"key":"Block Potion"},{"floor":21,"key":"SmokeBomb"},{"floor":22,"key":"ColorlessPotion"},{"floor":24,"key":"BlessingOfTheForge"},{"floor":31,"key":"Fire Potion"},{"floor":33,"key":"Fire Potion"},{"floor":35,"key":"AttackPotion"},{"floor":41,"key":"LiquidBronze"},{"floor":45,"key":"Ancient Potion"},{"floor":46,"key":"Dexterity Potion"},{"floor":48,"key":"Fruit Juice"},{"floor":54,"key":"Weak Potion"}],"is_trial":false,"path_per_floor":["M","M","M","M","M","E","R","E","T","?","?","E","$","M","R","B",null,"M","M","M","M","M","R","E","R","T","$","?","M","R","E","R","B",null,"M","?","?","?","?","R","E","R","T","$","E","M","E","M","R","B",null,"R","$","E","B"],"character_chosen":"WATCHER","items_purchased":["TalkToTheHand","Juzu Bracelet","Crescendo","Bronze Scales","Torii","DuplicationPotion","EssenceOfSteel"],"campfire_rested":0,"item_purchase_floors":[13,13,27,27,44,53,53],"current_hp_per_floor":[72,72,72,71,57,49,49,43,43,40,45,45,45,45,45,45,77,77,77,77,77,77,77,77,77,77,77,77,77,77,72,72,67,79,79,79,79,69,69,69,71,71,71,77,77,77,79,56,56,22,86,86,86,41,0,0],"gold":68,"neow_bonus":"BOSS_RELIC","is_daily":false,"chose_seed":false,"campfire_upgraded":9,"win_rate":0.0,"timestamp":1607906676,"path_taken":["M","M","M","M","M","E","R","E","T","?","?","E","$","M","R","BOSS","M","M","M","M","M","R","E","R","T","$","?","M","R","E","R","BOSS","M","?","?","?","?","R","E","R","T","?","E","M","E","M","R","BOSS","R","$","E","BOSS"],"items_purchased_type":["Card","Relic","Card","Relic","Relic","Potion","Potion"],"build_version":"2020-11-30","purchased_purges":2,"victory":false,"max_hp_per_floor":[72,72,72,72,72,72,72,72,72,72,77,77,77,77,77,77,77,77,77,77,77,77,77,77,77,77,77,77,77,77,79,79,79,79,79,79,79,79,75,75,77,77,77,77,77,77,79,86,86,86,86,86,86,86,86,86],"relic_stats":{"Darkstone Periapt":0,"Singing Bowl":8,"Torii":9,"counters":[28,119],"CeramicFish":162,"Yang":[16],"Bag of Preparation":[44],"Juzu Bracelet":1,"Letter Opener":[101],"Whetstone":["Strike_P","Ragnarok"],"Gambling Chip":[68],"Bronze Scales":[201],"MealTicket":6,"VioletLotus":[43],"obtain_stats":[{"Darkstone Periapt":24,"Singing Bowl":31,"Torii":44,"CeramicFish":12,"Oddly Smooth Stone":45,"Yang":54,"Bag of Preparation":6,"Juzu Bracelet":13,"Letter Opener":41,"Whetstone":47,"White Beast Statue":9,"SlaversCollar":17,"Gambling Chip":8,"Bronze Scales":27,"MealTicket":26,"VioletLotus":0,"PureWater":0,"FossilizedHelix":10,"Runic Pyramid":34},{"Darkstone Periapt":16,"Singing Bowl":18,"Torii":21,"CeramicFish":8,"Oddly Smooth Stone":22,"Yang":27,"Bag of Preparation":6,"Juzu Bracelet":8,"Letter Opener":21,"Whetstone":24,"White Beast Statue":7,"SlaversCollar":10,"Gambling Chip":7,"Bronze Scales":16,"MealTicket":16,"VioletLotus":0,"PureWater":0,"FossilizedHelix":7,"Runic Pyramid":19},{"Darkstone Periapt":63,"Singing Bowl":67,"Torii":81,"CeramicFish":34,"Oddly Smooth Stone":85,"Yang":110,"Bag of Preparation":24,"Juzu Bracelet":34,"Letter Opener":81,"Whetstone":92,"White Beast Statue":32,"SlaversCollar":40,"Gambling Chip":32,"Bronze Scales":63,"MealTicket":63,"VioletLotus":0,"PureWater":0,"FossilizedHelix":32,"Runic Pyramid":73}]},"card_choices":[{"not_picked":["CrushJoints","Consecrate"],"picked":"WheelKick","floor":1},{"not_picked":["CrushJoints","PathToVictory","Worship"],"picked":"SKIP","floor":2},{"not_picked":["Meditate","SignatureMove"],"picked":"SashWhip","floor":3},{"not_picked":["CrushJoints","BowlingBash"],"picked":"EmptyFist","floor":4},{"not_picked":["Scrawl","Indignation"],"picked":"CarveReality","floor":5},{"not_picked":["Collect","Swivel"],"picked":"Halt","floor":6},{"not_picked":["ReachHeaven","Wallop"],"picked":"FearNoEvil","floor":8},{"not_picked":["WheelKick","BowlingBash"],"picked":"Vengeance","floor":12},{"not_picked":["Evaluate","SashWhip"],"picked":"Wireheading","floor":14},{"not_picked":["Omniscience","Scrawl"],"picked":"Ragnarok","floor":16},{"not_picked":["EmptyBody","Prostrate+1"],"picked":"Halt","floor":18},{"not_picked":["FlurryOfBlows+1","LikeWater"],"picked":"InnerPeace+1","floor":19},{"not_picked":["FlyingSleeves","Adaptation","ThirdEye"],"picked":"SKIP","floor":20},{"not_picked":["JustLucky","ConjureBlade"],"picked":"EmptyBody","floor":21},{"not_picked":["EmptyFist","JustLucky"],"picked":"FlyingSleeves+1","floor":22},{"not_picked":["DevaForm","SashWhip","EmptyBody"],"picked":"SKIP","floor":24},{"not_picked":["ThirdEye","Prostrate","WheelKick"],"picked":"Singing Bowl","floor":31},{"not_picked":["Devotion","DeusExMachina"],"picked":"SpiritShield","floor":33},{"not_picked":["CrushJoints","FollowUp"],"picked":"EmptyBody+1","floor":35},{"not_picked":["Blind","Impatience"],"picked":"Panacea","floor":38},{"not_picked":["Jack Of All Trades","Panache"],"picked":"Secret Technique","floor":38},{"not_picked":["Bandage Up","Finesse"],"picked":"Dark Shackles","floor":38},{"not_picked":["SignatureMove+1","Halt","EmptyBody"],"picked":"Singing Bowl","floor":41},{"not_picked":["JustLucky","Worship"],"picked":"Meditate","floor":45},{"not_picked":["FlyingSleeves+1","FearNoEvil"],"picked":"Crescendo","floor":46},{"not_picked":["PathToVictory","Crescendo+1","Evaluate+1"],"picked":"Singing Bowl","floor":47},{"not_picked":["Judgement","Consecrate","FlyingSleeves+1"],"picked":"Singing Bowl","floor":48},{"not_picked":["WheelKick","SignatureMove+1"],"picked":"Vault","floor":54}],"player_experience":302156,"relics_obtained":[{"floor":6,"key":"Bag of Preparation"},{"floor":8,"key":"Gambling Chip"},{"floor":9,"key":"White Beast Statue"},{"floor":12,"key":"CeramicFish"},{"floor":24,"key":"Darkstone Periapt"},{"floor":26,"key":"MealTicket"},{"floor":31,"key":"Singing Bowl"},{"floor":41,"key":"Letter Opener"},{"floor":45,"key":"Oddly Smooth Stone"},{"floor":47,"key":"Whetstone"},{"floor":54,"key":"Yang"}],"event_choices":[{"damage_healed":0,"gold_gain":0,"player_choice":"Success","damage_taken":3,"relics_obtained":["FossilizedHelix"],"max_hp_gain":0,"max_hp_loss":0,"event_name":"Scrap Ooze","floor":10,"gold_loss":0},{"damage_healed":0,"gold_gain":0,"player_choice":"Donut","damage_taken":0,"max_hp_gain":5,"max_hp_loss":0,"event_name":"Big Fish","floor":11,"gold_loss":0},{"damage_healed":0,"gold_gain":0,"player_choice":"Bet on Owner","damage_taken":0,"max_hp_gain":0,"max_hp_loss":0,"event_name":"The Joust","floor":28,"gold_loss":50},{"damage_healed":0,"gold_gain":0,"player_choice":"1 cards matched","damage_taken":0,"max_hp_gain":0,"max_hp_loss":0,"event_name":"Match and Keep!","floor":36,"gold_loss":0,"cards_obtained":["Ragnarok"]},{"damage_healed":0,"gold_gain":0,"player_choice":"Ignored","damage_taken":0,"max_hp_gain":0,"max_hp_loss":0,"event_name":"Tomb of Lord Red Mask","floor":37,"gold_loss":0},{"damage_healed":0,"gold_gain":0,"player_choice":"Memory 3","damage_taken":10,"max_hp_gain":0,"max_hp_loss":0,"event_name":"SensoryStone","floor":38,"gold_loss":0},{"damage_healed":0,"gold_gain":0,"player_choice":"Max HP","damage_taken":0,"max_hp_gain":0,"max_hp_loss":4,"event_name":"Winding Halls","floor":39,"gold_loss":0}],"is_beta":false,"boss_relics":[{"not_picked":["Runic Dome","Philosopher\u0027s Stone"],"picked":"SlaversCollar"},{"not_picked":["Tiny House","Calling Bell"],"picked":"Runic Pyramid"}],"items_purged_floors":[13,27],"is_endless":false,"potions_floor_spawned":[3,6,8,12,14,16,18,19,20,21,22,24,29,31,33,35,41,45,46,47,48,54],"killed_by":"The Heart","ascension_level":3}}