{"host":"npubv26u89aif4fa","time":1607938206,"event":{"mods":["Bard","BaseMod","Better Vampires","Colored Powertips","GifTheSpireLib","GungeonMod","Hubris","Luminous","Marisa£®ÏF”Í°°ƒß¿Ì…≥£©","Minty Spire (QoL Compilation)","Reimu£®≤©¿ˆ¡È√Œ£©","Remilia£®¿Ÿ√◊¿Ú—«£©","Replay The Spire","StSLib","Td1madao Mod","The Bug Knight","The Cursed","The Hierophant","The Runesmith","Youmu£®ªÍ∆«—˝√Œ£©"],"gold_per_floor":[115,115,130,142,142,168,186,234,234,234,249,259,334,364,364,463,463,475,485,22,57,57,67,99,99,122,122,132,158,168,186,186,291,291,306,356,369,386,386,415,426,437,463,489,489,489],"floor_reached":45,"playtime":8112,"items_purged":["Runesmith:Strike_RS"],"score":729,"play_id":"66bad4e2-baa1-455c-aedc-95b7189c584d","local_time":"20201214173006","is_ascension_mode":false,"campfire_choices":[{"floor":10.0,"key":"RECALL"},{"floor":15.0,"key":"REST"},{"data":"Runesmith:ArcReactor","floor":25,"key":"SMITH"},{"data":"Runesmith:DoubleUp","floor":32,"key":"SMITH"}],"circlet_count":0,"master_deck":["Runesmith:Strike_RS","Runesmith:Strike_RS","Runesmith:Defend_RS","Runesmith:Defend_RS","Runesmith:Defend_RS","Runesmith:Defend_RS","Runesmith:CraftFirestone+1","Runesmith:Fortify","Runesmith:CraftMagma","Runesmith:CraftReservo","Runesmith:WhiteBalance","Runesmith:Augment","Runesmith:CraftIndustria","Runesmith:CraftProtectio","Runesmith:Superposition","Runesmith:OneForEveryone","Runesmith:ArcReactor+1","Runesmith:GoWithTheFlow","Runesmith:CraftVitae+1","Runesmith:Terraform+1","Runesmith:PoweredAnvil","Runesmith:DoubleUp+1","Runesmith:Repurpose+1","Runesmith:FissionHammer","Runesmith:FrozenChisel","Runesmith:Accelerate","Runesmith:PoweredAnvil+1","Runesmith:BackupBattery","Runesmith:UnlimitedPower","Runesmith:Reinforce","Runesmith:CraftSpiculum+1","Runesmith:HeatedChisel","Runesmith:HammerThrow+1","Runesmith:ChaoticBlast+1","Runesmith:PoweredAnvil"],"relics":["Runesmith:BrokenRuby","Regal Pillow","DemoMod:ClearGuonStone","DemoMod:DecoyRelic","Honey Jar","DemoMod:JetPack","Red Mask","Strawberry","Lantern","Toy Ornithopter","Sozu","Ginger","Replay:Rubber Ducky","Omamori","Kunai"],"acts_visited":["Exordium","TheCity","TheBeyond"],"potions_floor_usage":[30,37],"damage_taken":[{"damage":0.0,"enemies":"Jaw Worm","floor":1.0,"turns":4.0},{"damage":1.0,"enemies":"2 Louse","floor":3.0,"turns":2.0},{"damage":0.0,"enemies":"Cultist","floor":4.0,"turns":4.0},{"damage":7.0,"enemies":"Lagavulin","floor":6.0,"turns":9.0},{"damage":11.0,"enemies":"3 Louse","floor":7.0,"turns":4.0},{"damage":1.0,"enemies":"Blue Slaver","floor":11.0,"turns":5.0},{"damage":4.0,"enemies":"Exordium Wildlife","floor":12.0,"turns":5.0},{"damage":29.0,"enemies":"Replay:BlueRogue","floor":14.0,"turns":8.0},{"damage":2.0,"enemies":"The Guardian","floor":16.0,"turns":12.0},{"damage":0.0,"enemies":"Chosen","floor":18.0,"turns":6.0},{"damage":3.0,"enemies":"Snecko","floor":19.0,"turns":4.0},{"damage":22.0,"enemies":"Masked Bandits","floor":21.0,"turns":6.0},{"damage":0,"enemies":"Cultist and Chosen","floor":23,"turns":9},{"damage":2,"enemies":"HollowMod:Nosk","floor":24,"turns":9},{"damage":18,"enemies":"Snake Plant","floor":28,"turns":4},{"damage":1,"enemies":"Book of Stabbing","floor":29,"turns":5},{"damage":0,"enemies":"3 Cultists","floor":30,"turns":6},{"damage":9,"enemies":"Cultist and Chosen","floor":31,"turns":7},{"damage":13,"enemies":"Pondfish","floor":33,"turns":13},{"damage":6,"enemies":"Orb Walker","floor":35,"turns":6},{"damage":14,"enemies":"Mind Bloom Boss Battle","floor":36,"turns":6},{"damage":8,"enemies":"3 Darklings","floor":37,"turns":9},{"damage":0,"enemies":"Maw","floor":38,"turns":6},{"damage":17,"enemies":"Giant Head","floor":40,"turns":7},{"damage":0,"enemies":"Sphere and 2 Shapes","floor":41,"turns":7},{"damage":5,"enemies":"Spire Growth","floor":42,"turns":7},{"damage":36,"enemies":"Nemesis","floor":44,"turns":7},{"damage":82,"enemies":"Transient","floor":45,"turns":5}],"seed_played":"2273288667111580469","potions_obtained":[{"floor":3.0,"key":"LifebloodPotion"},{"floor":4.0,"key":"DemoMod:LeadSkinPotion"},{"floor":12.0,"key":"Milkshake"},{"floor":16.0,"key":"Block Potion"},{"floor":21.0,"key":"Flashbang"},{"floor":24,"key":"Adrenaline Potion"},{"floor":30,"key":"SmokeBomb"},{"floor":31,"key":"FairyPotion"},{"floor":33,"key":"Weak Potion"}],"is_trial":false,"path_per_floor":["M","?","M","M","?","E","M","T","T","R","M","M","?","E","R","B",null,"M","M","$","?","?","M","E","R","T","?","M","E","M","M","R","B",null,"M","?","M","M","?","E","M","M","T","E","M"],"character_chosen":"RUNESMITH_CLASS","items_purchased":["Runesmith:Terraform+1","DemoMod:JetPack","Runesmith:PoweredAnvil"],"campfire_rested":1,"item_purchase_floors":[20,20,20],"current_hp_per_floor":[77,77,76,76,76,69,58,58,58,58,57,53,42,13,51,49,77,77,74,74,52,77,77,82,82,82,82,64,63,68,59,59,46,84,78,64,61,61,61,44,44,39,39,3,0,0],"gold":489,"neow_bonus":"TEN_PERCENT_HP_BONUS","is_daily":false,"chose_seed":false,"campfire_upgraded":2,"win_rate":0.0,"timestamp":1607938206,"path_taken":["M","?","M","M","?","E","M","?","T","R","M","M","?","E","R","BOSS","M","M","$","?","?","M","E","R","T","?","M","E","?","M","R","BOSS","M","?","M","M","?","E","M","M","T","E","M"],"items_purchased_type":["Card","Relic","Card"],"build_version":"2020-12-13","purchased_purges":1,"victory":false,"max_hp_per_floor":[77,77,77,77,77,77,77,77,77,77,77,77,77,77,77,77,77,77,77,77,77,77,77,84,84,84,84,84,84,84,84,84,84,84,84,84,84,84,84,84,84,84,84,84,84,84],"card_choices":[{"not_picked":["Runesmith:RuneHurl","Runesmith:ElementalConversion"],"picked":"Runesmith:CraftMagma","floor":1.0},{"not_picked":["Runesmith:MakeshiftArmor","Runesmith:UnstableHammer"],"picked":"Runesmith:CraftReservo","floor":3.0},{"not_picked":["Runesmith:EarthShield","Runesmith:MakeshiftArmor"],"picked":"Runesmith:WhiteBalance","floor":4.0},{"not_picked":["Runesmith:Grindstone","Runesmith:Attraction"],"picked":"Runesmith:CraftIndustria","floor":6.0},{"not_picked":["Runesmith:HeatExchange","Runesmith:UnstableHammer"],"picked":"Runesmith:CraftProtectio","floor":7.0},{"not_picked":["Runesmith:UnstableHammer","Runesmith:ChiselStab"],"picked":"Runesmith:Superposition","floor":11.0},{"not_picked":["Runesmith:RuneHurl","Runesmith:CraftReservo"],"picked":"Runesmith:OneForEveryone","floor":12.0},{"not_picked":["Runesmith:Empowerment","Runesmith:CraftMagma","Runesmith:Electrocute"],"picked":"SKIP","floor":14.0},{"not_picked":["Runesmith:LightningRod","Runesmith:CreatorForm"],"picked":"Runesmith:ArcReactor","floor":16.0},{"not_picked":["Runesmith:CraftMagma+1","Runesmith:Retool","Runesmith:PoweredAnvil"],"picked":"Runesmith:GoWithTheFlow","floor":18.0},{"not_picked":["Runesmith:Electrocute","Runesmith:Grindstone","Runesmith:HeatExchange"],"picked":"Runesmith:CraftVitae+1","floor":19.0},{"not_picked":["Runesmith:ElementalConversion+1","Runesmith:EnergizedChisel","Runesmith:CraftVitae"],"picked":"Runesmith:DoubleUp","floor":21.0},{"not_picked":["Runesmith:UnstableHammer","Runesmith:ChargedHammer","Runesmith:Overpower"],"picked":"Runesmith:Repurpose+1","floor":23},{"not_picked":["Runesmith:Repurpose","Runesmith:CraftVitae","Runesmith:Malloc"],"picked":"Runesmith:FissionHammer","floor":24},{"not_picked":["Runesmith:HammerTime","Runesmith:Overpower","Runesmith:Accelerate"],"picked":"Runesmith:FrozenChisel","floor":28},{"not_picked":["Runesmith:Repurpose","Runesmith:Empowerment","Runesmith:HammerThrow"],"picked":"Runesmith:Accelerate","floor":29},{"not_picked":["Runesmith:FrozenChisel","Runesmith:GoWithTheFlow","Runesmith:HammerThrow"],"picked":"Runesmith:PoweredAnvil+1","floor":30},{"not_picked":["Runesmith:Repurpose","Runesmith:HammerThrow","Runesmith:OneForEveryone"],"picked":"Runesmith:BackupBattery","floor":31},{"not_picked":["Runesmith:ArcReactor","Runesmith:LightningRod","Runesmith:Duplicate"],"picked":"Runesmith:UnlimitedPower","floor":33},{"not_picked":["Runesmith:CraftMagma+1","Runesmith:Grindstone","Runesmith:Repurpose+1"],"picked":"Runesmith:Reinforce","floor":35},{"not_picked":["Runesmith:ShiftingStrike","Runesmith:Attraction","Runesmith:HeatExchange"],"picked":"Runesmith:CraftSpiculum+1","floor":36},{"not_picked":["Runesmith:Malloc+1","Runesmith:Overpower","Runesmith:Refine"],"picked":"Runesmith:HeatedChisel","floor":37},{"not_picked":["Runesmith:UnstableHammer","Runesmith:FrozenChisel+1","Runesmith:Overpower+1"],"picked":"Runesmith:HammerThrow+1","floor":38},{"not_picked":["Runesmith:ChiselStab","Runesmith:EarthShield","Runesmith:Duplicate"],"picked":"Runesmith:ChaoticBlast+1","floor":40},{"not_picked":["Runesmith:HammerThrow+1","Runesmith:Grindstone+1","Runesmith:ChiselStab+1"],"picked":"Runesmith:PoweredAnvil","floor":41},{"not_picked":["Runesmith:PoweredAnvil+1","Runesmith:CraftObretio","Runesmith:MakeshiftArmor","Runesmith:Superposition+1"],"picked":"SKIP","floor":42},{"not_picked":["Runesmith:HeatExchange","Runesmith:Grindstone+1","Runesmith:CraftReservo","Runesmith:MakeshiftArmor+1"],"picked":"SKIP","floor":44}],"player_experience":62623,"relics_obtained":[{"floor":6.0,"key":"Regal Pillow"},{"floor":9.0,"key":"DemoMod:ClearGuonStone"},{"floor":14.0,"key":"DemoMod:DecoyRelic"},{"floor":21.0,"key":"Red Mask"},{"floor":24,"key":"Strawberry"},{"floor":26,"key":"Lantern"},{"floor":29,"key":"Toy Ornithopter"},{"floor":36,"key":"Ginger"},{"floor":40,"key":"Replay:Rubber Ducky"},{"floor":43,"key":"Omamori"},{"floor":44,"key":"Kunai"}],"event_choices":[{"damage_healed":0.0,"max_hp_gain":0.0,"max_hp_loss":0.0,"gold_gain":0.0,"cards_transformed":["Runesmith:Strike_RS"],"event_name":"Transmorgrifier","player_choice":"Transformed","floor":5.0,"gold_loss":0.0,"damage_taken":0.0,"cards_obtained":["Runesmith:Augment"]},{"damage_healed":0.0,"max_hp_gain":0.0,"max_hp_loss":0.0,"gold_gain":75.0,"event_name":"World of Goop","player_choice":"Gather Gold","floor":13.0,"gold_loss":0.0,"damage_taken":11.0},{"damage_healed":0.0,"max_hp_gain":0.0,"max_hp_loss":0.0,"gold_gain":0.0,"event_name":"Masked Bandits","player_choice":"Fought Bandits","floor":21.0,"gold_loss":0.0,"damage_taken":0.0},{"damage_healed":25,"gold_gain":0,"player_choice":"Heal","damage_taken":0,"max_hp_gain":0,"max_hp_loss":0,"event_name":"The Library","floor":22,"gold_loss":0},{"damage_healed":0,"gold_gain":0,"player_choice":"Bought 0 Potions","damage_taken":0,"max_hp_gain":0,"max_hp_loss":0,"event_name":"The Woman in Blue","floor":27,"gold_loss":0},{"damage_healed":0,"gold_gain":0,"player_choice":"Fight","damage_taken":0,"max_hp_gain":0,"max_hp_loss":0,"event_name":"MindBloom","floor":36,"gold_loss":0},{"damage_healed":0,"gold_gain":0,"player_choice":"Got Potions","damage_taken":0,"max_hp_gain":0,"max_hp_loss":0,"event_name":"Lab","floor":39,"gold_loss":0}],"is_beta":false,"boss_relics":[{"not_picked":["Abe\u0027s Treasure","Kintsugi"],"picked":"Honey Jar"},{"not_picked":["Runesmith:UraniumAnvil","hubris:ScarierMask"],"picked":"Sozu"}],"items_purged_floors":[20],"is_endless":false,"potions_floor_spawned":[3,4,12,16,21,24,30,31,33,35,41,44],"killed_by":"Transient","ascension_level":0}}