{"host":"Dean","time":1607959366,"event":{"mods":["2.2 Compatiblity","AchievementEnabler","BaseMod","Block Reminder","Colored Map","Colored Powertips","Downfall","Minty Spire (QoL Compilation)","Permanent Neow","Quick Restart","Relic Stats","Replay The Spire","StSLib"],"gold_per_floor":[302,302],"floor_reached":3,"playtime":89,"items_purged":[],"score":290,"play_id":"3670b00e-4182-458d-b43c-1a86bfc98eb4","local_time":"20201214102246","is_ascension_mode":false,"campfire_choices":[],"circlet_count":0,"master_deck":["hexamod:Strike+1","hexamod:Strike","hexamod:Strike","hexamod:Strike","hexamod:Defend","hexamod:Sear","hexamod:Float","hexamod:CrushingStance","hexamod:Toasty+1","hexamod:GhostOfSpirePast+1","hexamod:WildfireWeapon+1","hexamod:Toasty"],"relics":["hexamod:SpiritBrand","Astrolabe","Replay:Bronze Core"],"acts_visited":["Exordium","TheCity","TheBeyond"],"potions_floor_usage":[],"damage_taken":[{"damage":0,"enemies":"downfall:Watcher","floor":0,"turns":0},{"damage":0,"enemies":"downfall:Ironclad","floor":1,"turns":1},{"damage":0,"enemies":"downfall:Defect","floor":2,"turns":1}],"seed_played":"-5325622654925540008","potions_obtained":[{"floor":0,"key":"FearPotion"}],"is_trial":false,"path_per_floor":[null,null,null],"character_chosen":"THE_SPIRIT","items_purchased":[],"campfire_rested":0,"item_purchase_floors":[],"current_hp_per_floor":[70,70],"gold":302,"neow_bonus":"UPGRADE_CARD","is_daily":false,"chose_seed":false,"campfire_upgraded":0,"win_rate":0.0,"timestamp":1607959366,"path_taken":["BOSS","BOSS","BOSS"],"items_purchased_type":[],"build_version":"2020-12-07","purchased_purges":0,"victory":true,"max_hp_per_floor":[70,70],"relic_stats":{"counters":[3,3],"Astrolabe":["hexamod:Toasty","hexamod:GhostOfSpirePast","hexamod:WildfireWeapon"],"obtain_stats":[{"Astrolabe":1,"Replay:Bronze Core":2,"hexamod:SpiritBrand":0},{"Astrolabe":1,"Replay:Bronze Core":2,"hexamod:SpiritBrand":0},{"Astrolabe":1,"Replay:Bronze Core":2,"hexamod:SpiritBrand":0}]},"card_choices":[{"not_picked":["hexamod:GiftsFromTheDead","hexamod:GhostflameInferno"],"picked":"hexamod:CrushingStance","floor":0},{"not_picked":["hexamod:UnlimitedPower","hexamod:FifthSeal"],"picked":"hexamod:Toasty","floor":1}],"player_experience":985701,"relics_obtained":[],"event_choices":[],"is_beta":true,"boss_relics":[{"not_picked":["Velvet Choker","Replay:Grab Bag"],"picked":"Astrolabe"},{"not_picked":["SacredBark","SlaversCollar"],"picked":"Replay:Bronze Core"}],"items_purged_floors":[],"is_endless":false,"potions_floor_spawned":[0],"ascension_level":0}}