{"host":"xuxmsn6olavvgi6l","time":1607906559,"event":{"mods":["AchievementEnabler","Act Like it!","BaseMod","Better Third Choice","BetterRewards","Colored Map","Colored Powertips","Hermit","Highlight Path","Hubris","Infinite Spire","Marisa????????","Minty Spire (QoL Compilation)","Rare Cards Sparkle","Replay The Spire","Shop Mod","StSLib","The Animator","The Bug Knight","The Construct","The Cursed","The Runesmith","The Servant 0.9.4"],"gold_per_floor":[110,122,122,142,158,158,158],"floor_reached":6,"playtime":277,"items_purged":["Strike_G"],"score":76,"play_id":"c669300e-77bf-4bee-b595-06d2d2d38422","local_time":"20201213184239","is_ascension_mode":true,"campfire_choices":[],"circlet_count":0,"master_deck":["AscendersBane","Strike_G","Strike_G","Strike_G","Strike_G","Defend_G","Defend_G","Defend_G","Defend_G","Survivor","Neutralize","Apotheosis","Blade Dance","Eviscerate","Mayhem","ReplayTheSpireMod:Trickstab","Slice","Choke","Unload"],"relics":["Ring of the Snake","ReplayTheSpireMod:ShopPack","MerchantsRug","Tough Bandages","TungstenRod"],"acts_visited":["Exordium"],"potions_floor_usage":[6],"damage_taken":[{"damage":3,"enemies":"Small Slimes","floor":1,"turns":3},{"damage":2,"enemies":"infinitespire:Voidling","floor":2,"turns":3},{"damage":0,"enemies":"Cultist","floor":4,"turns":4},{"damage":4,"enemies":"Blue Slaver","floor":5,"turns":3},{"damage":37,"enemies":"Gremlin Nob","floor":6,"turns":3}],"seed_played":"-8458139414992387596","potions_obtained":[{"floor":1,"key":"SkillPotion"}],"is_trial":false,"path_per_floor":["M","M","?","M","M","E"],"character_chosen":"THE_SILENT","items_purchased":["ReplayTheSpireMod:ShopPack","MerchantsRug","Blade Dance","Eviscerate"],"campfire_rested":0,"item_purchase_floors":[0,0,0,0],"current_hp_per_floor":[26,24,24,24,20,0,0],"gold":158,"neow_bonus":"","is_daily":false,"chose_seed":false,"campfire_upgraded":0,"win_rate":0.0,"timestamp":1607906559,"path_taken":["M","M","?","?","M","E"],"items_purchased_type":["Relic","Relic","Card","Card"],"build_version":"2020-12-13","purchased_purges":1,"victory":false,"max_hp_per_floor":[66,66,66,66,66,66,66],"card_choices":[{"not_picked":["ReplayTheSpireMod:Necrogeddon","Chrysalis"],"picked":"Mayhem","floor":0},{"not_picked":["Flash of Steel","Dark Shackles"],"picked":"ReplayTheSpireMod:Trickstab","floor":0},{"not_picked":["Underhanded Strike","ReplayTheSpireMod:The Works"],"picked":"Slice","floor":1},{"not_picked":["Sucker Punch","Dodge and Roll","Flying Knee"],"picked":"SKIP","floor":2},{"not_picked":["Dash","Draining Mist"],"picked":"Choke","floor":4},{"not_picked":["Bane","Outmaneuver"],"picked":"Unload","floor":5}],"player_experience":1287094,"relics_obtained":[],"event_choices":[{"cards_removed":["Defend_G"],"damage_healed":0,"gold_gain":0,"player_choice":"Purged","damage_taken":0,"max_hp_gain":0,"max_hp_loss":0,"event_name":"Purifier","floor":3,"gold_loss":0}],"is_beta":false,"boss_relics":[],"items_purged_floors":[0],"is_endless":false,"potions_floor_spawned":[1],"killed_by":"Gremlin Nob","ascension_level":20}}