{"host":"gbop6m4qugddaz18","time":1607968966,"event":{"mods":["2.2 Compatiblity","BaseMod","Better Third Choice","Block Reminder","Downfall","GifTheSpireLib","Highlight Path","Minty Spire (QoL Compilation)","Replay The Spire","StSLib"],"gold_per_floor":[99,124,124,124,124,190,190,190,221,221,671,687,687,704,722,824,824,824,840,840,861,861,861,884,884,884],"floor_reached":25,"playtime":747,"items_purged":[],"score":255,"play_id":"8499111d-7aa8-4164-bf64-9d1e76ef0000","local_time":"20201214130246","is_ascension_mode":false,"campfire_choices":[{"data":"hexamod:Float","floor":1,"key":"SMITH"},{"data":"hexamod:GhostflameBarrier","floor":5,"key":"SMITH"},{"data":"hexamod:SpectralSpark","floor":8,"key":"SMITH"},{"data":"hexamod:ThermalTransfer","floor":10,"key":"SMITH"},{"data":"hexamod:GhostOfSpirePresent","floor":18,"key":"SMITH"},{"floor":23,"key":"REST"}],"circlet_count":0,"master_deck":["hexamod:Strike","hexamod:Defend","hexamod:Defend","hexamod:Defend+1","hexamod:Defend","hexamod:Sear","hexamod:Float+1","hexamod:FirstSeal","hexamod:GhostflameBarrier+1","hexamod:FourthSeal","hexamod:SpectralSpark+1","hexamod:ThermalTransfer+1","Slimebound:Icky","Slimebound:Icky","Slimebound:Icky","hexamod:AdvancingGuard","hexamod:CatchUp","hexamod:GhostOfSpirePresent+1","hexamod:FifthSeal","hexamod:ThermalTransfer+1","hexamod:HexaLevel+1","hexamod:DynamicBlow+1","hexamod:SecondSeal","hexamod:ExtraCrispy","Shame"],"relics":["hexamod:SpiritBrand","downfall:HeartsMalice","Matryoshka","Art of War","hexamod:InflammatoryLetter","Replay:Baseball","Pear","WingedGreaves","Replay:Bottled Steam","Astrolabe","HornCleat","Pet Ghost"],"acts_visited":["Exordium","TheCity"],"potions_floor_usage":[16,21,21,21,25],"damage_taken":[{"damage":0,"enemies":"Lagavulin","floor":2,"turns":1},{"damage":0,"enemies":"2 Louse","floor":3,"turns":1},{"damage":0,"enemies":"Gremlin Nob","floor":9,"turns":1},{"damage":15,"enemies":"Small Slimes","floor":12,"turns":4},{"damage":5,"enemies":"Jaw Worm","floor":14,"turns":3},{"damage":7,"enemies":"Blue Slaver","floor":15,"turns":4},{"damage":22,"enemies":"downfall:Watcher","floor":16,"turns":9},{"damage":38,"enemies":"Spheric Guardian","floor":19,"turns":6},{"damage":15,"enemies":"Snecko","floor":21,"turns":6},{"damage":66,"enemies":"Gremlin Leader","floor":25,"turns":5}],"seed_played":"-8100675575154055861","potions_obtained":[{"floor":2,"key":"Flashbang"},{"floor":6,"key":"hexamod:EctoCoolerPotion"},{"floor":6,"key":"Slimebound:ThreeZeroPotion"},{"floor":12,"key":"hexamod:InfernoChargePotion"},{"floor":14,"key":"DistilledChaos"},{"floor":16,"key":"Ancient Potion"},{"floor":21,"key":"EssenceOfSteel"}],"is_trial":false,"path_per_floor":["R","E","M","?","R","?","T","R","E","R","?","M","T","M","M","B",null,"R","M","?","M","?","R","T","E"],"character_chosen":"THE_SPIRIT","items_purchased":[],"campfire_rested":1,"item_purchase_floors":[],"current_hp_per_floor":[70,70,70,70,70,53,63,63,63,63,63,55,55,57,57,42,80,80,49,49,34,34,58,58,0,0],"gold":884,"neow_bonus":"THREE_ENEMY_KILL","is_daily":false,"chose_seed":false,"campfire_upgraded":5,"win_rate":0.0,"timestamp":1607968966,"path_taken":["R","E","M","?","R","?","T","R","E","R","?","M","?","M","M","BOSS","R","M","?","M","?","R","T","E"],"items_purchased_type":[],"build_version":"2020-11-30","purchased_purges":0,"victory":false,"max_hp_per_floor":[70,70,70,70,70,70,80,80,80,80,80,80,80,80,80,80,80,80,80,80,80,80,80,80,80,80],"card_choices":[{"not_picked":["hexamod:Hexaguard","hexamod:UnleashSpirits"],"picked":"hexamod:FirstSeal","floor":2},{"not_picked":["hexamod:ThermalTransfer","hexamod:RainOfEmbers"],"picked":"hexamod:GhostflameBarrier","floor":3},{"not_picked":["hexamod:AdvancingGuard","hexamod:NightmareGuise"],"picked":"hexamod:FourthSeal","floor":6},{"not_picked":["hexamod:NightmareGuise","hexamod:GhostShield"],"picked":"hexamod:SpectralSpark","floor":6},{"not_picked":["hexamod:SpectralAdrenaline","hexamod:StepThrough"],"picked":"hexamod:ThermalTransfer","floor":9},{"not_picked":["hexamod:SwordOfDarkness","hexamod:HauntingEcho"],"picked":"hexamod:AdvancingGuard","floor":12},{"not_picked":["hexamod:EtherealExpedition","hexamod:HeatShield"],"picked":"hexamod:CatchUp","floor":14},{"not_picked":["hexamod:HauntingEcho","hexamod:PowerFromBeyond"],"picked":"hexamod:GhostOfSpirePresent","floor":15},{"not_picked":["hexamod:CrushingStance","hexamod:SearingWound"],"picked":"hexamod:FifthSeal","floor":16},{"not_picked":["hexamod:GhostShield","hexamod:PhantomFireball"],"picked":"hexamod:SecondSeal","floor":19},{"not_picked":["hexamod:GhostShield","hexamod:SkipABeat+1"],"picked":"hexamod:ExtraCrispy","floor":21}],"player_experience":402174,"relics_obtained":[{"floor":2,"key":"Matryoshka"},{"floor":6,"key":"Art of War"},{"floor":6,"key":"hexamod:InflammatoryLetter"},{"floor":7,"key":"Replay:Baseball"},{"floor":7,"key":"Pear"},{"floor":9,"key":"WingedGreaves"},{"floor":13,"key":"Replay:Bottled Steam"},{"floor":24,"key":"Pet Ghost"}],"event_choices":[{"damage_healed":0,"gold_gain":0,"player_choice":"Stole Relic","damage_taken":0,"relics_obtained":["HornCleat"],"max_hp_gain":0,"max_hp_loss":0,"event_name":"Addict","floor":22,"gold_loss":0,"cards_obtained":["Shame"]}],"is_beta":false,"boss_relics":[{"not_picked":["Coffee Dripper","Ring of Chaos"],"picked":"Astrolabe"}],"items_purged_floors":[],"is_endless":false,"potions_floor_spawned":[2,12,15,19],"killed_by":"Gremlin Leader","ascension_level":0}}