{"host":"qm4rv4rkpk76sbxu","time":1607942862,"event":{"mods":["BaseMod","Bestiary","Block Reminder","DeckTracker","Filter the Spire","Keyboard Shortcuts","Minty Spire (QoL Compilation)","MonsterHotkey","Potion Indicator Mod","Quick Restart","Random Character Button","Relic Stats","Slay-I","StSLib","ojb\u0027s Better Paths Mod"],"gold_per_floor":[116,116,8,24,37,63,63,89,89,54,54,54,54,95,95,198,207,239,258,302,302,217,259,271,283,283],"floor_reached":25,"playtime":1130,"items_purged":[],"score":470,"play_id":"f6f56788-8d1b-47fb-9bd5-41b92f7b689f","local_time":"20201214114742","is_ascension_mode":true,"campfire_choices":[{"data":"Panacea","floor":7.0,"key":"SMITH"},{"data":"Skewer","floor":15.0,"key":"SMITH"},{"data":"After Image","floor":24.0,"key":"SMITH"}],"circlet_count":0,"master_deck":["AscendersBane","Strike_G","Strike_G","Strike_G","Strike_G","Defend_G","Defend_G","Defend_G","Defend_G","Defend_G","Survivor","Neutralize","Blade Dance","Panacea+1","Skewer+1","Heel Hook","Poisoned Stab","After Image+1","CurseOfTheBell","Blur","Corpse Explosion"],"relics":["Ring of the Snake","NeowsBlessing","Bag of Marbles","StoneCalendar","Bottled Flame","Bloody Idol","CeramicFish","Calling Bell","Potion Belt","Mummified Hand","Ice Cream","Red Mask","Lizard Tail","MawBank"],"acts_visited":["Exordium","TheCity"],"potions_floor_usage":[],"damage_taken":[{"damage":0.0,"enemies":"2 Louse","floor":1.0,"turns":1.0},{"damage":0.0,"enemies":"Cultist","floor":4.0,"turns":1.0},{"damage":0.0,"enemies":"Jaw Worm","floor":5.0,"turns":1.0},{"damage":13.0,"enemies":"Gremlin Nob","floor":6.0,"turns":4.0},{"damage":35.0,"enemies":"Lagavulin","floor":8.0,"turns":6.0},{"damage":27.0,"enemies":"3 Sentries","floor":14.0,"turns":7.0},{"damage":15.0,"enemies":"Slime Boss","floor":16.0,"turns":7.0},{"damage":16.0,"enemies":"3 Byrds","floor":18.0,"turns":7.0},{"damage":9.0,"enemies":"Spheric Guardian","floor":19.0,"turns":7.0},{"damage":19.0,"enemies":"Masked Bandits","floor":20.0,"turns":7.0},{"damage":34.0,"enemies":"Book of Stabbing","floor":23.0,"turns":7.0},{"damage":29,"enemies":"Gremlin Leader","floor":25,"turns":4}],"seed_played":"-1771450130296458627","potions_obtained":[{"floor":2.0,"key":"Fruit Juice"},{"floor":2.0,"key":"Block Potion"},{"floor":4.0,"key":"Energy Potion"},{"floor":6.0,"key":"GhostInAJar"},{"floor":18.0,"key":"EntropicBrew"}],"is_trial":false,"path_per_floor":["M","?","$","M","M","E","R","E","T","?","?","?","?","E","R","B",null,"M","M","?","?","?","E","R","E"],"character_chosen":"THE_SILENT","items_purchased":["Panacea"],"campfire_rested":0,"item_purchase_floors":[3],"current_hp_per_floor":[59,59,59,64,64,51,51,16,16,33,26,26,47,20,20,5,49,33,24,5,5,5,17,22,0,0],"gold":283,"neow_bonus":"THREE_ENEMY_KILL","is_daily":false,"chose_seed":false,"campfire_upgraded":3,"win_rate":0.0,"timestamp":1607942862,"path_taken":["M","?","$","M","?","E","R","E","T","?","?","?","?","E","R","BOSS","M","M","?","?","?","E","R","E"],"items_purchased_type":["Card"],"build_version":"2020-12-13","purchased_purges":0,"victory":false,"max_hp_per_floor":[66,66,66,71,71,71,71,71,71,71,71,64,64,64,64,64,64,64,64,64,64,64,64,64,64,64],"relic_stats":{"Lizard Tail":32,"counters":[12,59],"Mummified Hand":[5],"Bloody Idol":20,"CeramicFish":36,"StoneCalendar":[215],"MawBank":24,"obtain_stats":[{"Potion Belt":17,"Ice Cream":17,"NeowsBlessing":0,"Golden Idol":12,"CeramicFish":14,"StoneCalendar":8,"MawBank":23,"Calling Bell":17,"Bottled Flame":9,"Lizard Tail":22,"Mummified Hand":17,"Bloody Idol":21,"Bag of Marbles":6,"Red Mask":20,"Ring of the Snake":0},{"Potion Belt":7,"Ice Cream":7,"NeowsBlessing":0,"Golden Idol":5,"CeramicFish":6,"StoneCalendar":5,"MawBank":11,"Calling Bell":7,"Bottled Flame":5,"Lizard Tail":10,"Mummified Hand":7,"Bloody Idol":10,"Bag of Marbles":4,"Red Mask":10,"Ring of the Snake":0},{"Potion Belt":27,"Ice Cream":27,"NeowsBlessing":0,"Golden Idol":13,"CeramicFish":20,"StoneCalendar":13,"MawBank":55,"Calling Bell":27,"Bottled Flame":13,"Lizard Tail":48,"Mummified Hand":27,"Bloody Idol":48,"Bag of Marbles":7,"Red Mask":48,"Ring of the Snake":0}],"Ring of the Snake":[24]},"card_choices":[{"not_picked":["Calculated Gamble","Masterful Stab"],"picked":"Blade Dance","floor":1.0},{"not_picked":["Infinite Blades","Blade Dance"],"picked":"Skewer","floor":4.0},{"not_picked":["Slice","Sucker Punch"],"picked":"Heel Hook","floor":5.0},{"not_picked":["Dodge and Roll","Infinite Blades","Masterful Stab"],"picked":"SKIP","floor":6.0},{"not_picked":["Flying Knee","Infinite Blades"],"picked":"Poisoned Stab","floor":8.0},{"not_picked":["Bullet Time","Quick Slash","PiercingWail"],"picked":"SKIP","floor":14.0},{"not_picked":["Grand Finale","Doppelganger"],"picked":"After Image","floor":16.0},{"not_picked":["Poisoned Stab","All Out Attack"],"picked":"Blur","floor":18.0},{"not_picked":["Caltrops","Flying Knee","Sucker Punch"],"picked":"SKIP","floor":19.0},{"not_picked":["Underhanded Strike","Cloak And Dagger"],"picked":"Corpse Explosion","floor":23.0}],"player_experience":1045227,"relics_obtained":[{"floor":6.0,"key":"Bag of Marbles"},{"floor":8.0,"key":"StoneCalendar"},{"floor":9.0,"key":"Bottled Flame"},{"floor":14.0,"key":"CeramicFish"},{"floor":17.0,"key":"Potion Belt"},{"floor":17.0,"key":"Mummified Hand"},{"floor":17.0,"key":"Ice Cream"},{"floor":20.0,"key":"Red Mask"},{"floor":23.0,"key":"MawBank"}],"event_choices":[{"damage_healed":0.0,"max_hp_gain":0.0,"max_hp_loss":0.0,"gold_gain":0.0,"event_name":"Lab","player_choice":"Got Potions","floor":2.0,"gold_loss":0.0,"damage_taken":0.0},{"damage_healed":17.0,"max_hp_gain":0.0,"max_hp_loss":0.0,"gold_gain":0.0,"event_name":"The Cleric","player_choice":"Healed","floor":10.0,"gold_loss":35.0,"damage_taken":0.0},{"cards_removed":["Strike_G"],"damage_healed":0.0,"max_hp_gain":0.0,"max_hp_loss":0.0,"gold_gain":0.0,"event_name":"Golden Wing","player_choice":"Card Removal","floor":11.0,"gold_loss":0.0,"damage_taken":7.0},{"damage_healed":0.0,"max_hp_gain":0.0,"max_hp_loss":7.0,"gold_gain":0.0,"event_name":"Golden Idol","player_choice":"Lose Max HP","floor":12.0,"gold_loss":0.0,"damage_taken":0.0,"relics_obtained":["Golden Idol"]},{"damage_healed":21.0,"max_hp_gain":0.0,"max_hp_loss":0.0,"gold_gain":0.0,"event_name":"Big Fish","player_choice":"Banana","floor":13.0,"gold_loss":0.0,"damage_taken":0.0},{"damage_healed":0.0,"max_hp_gain":0.0,"max_hp_loss":0.0,"gold_gain":0.0,"event_name":"Masked Bandits","player_choice":"Fought Bandits","floor":20.0,"gold_loss":0.0,"damage_taken":0.0},{"damage_healed":0.0,"max_hp_gain":0.0,"max_hp_loss":0.0,"gold_gain":0.0,"event_name":"Forgotten Altar","player_choice":"Gave Idol","floor":21.0,"relics_lost":["Golden Idol"],"gold_loss":0.0,"damage_taken":0.0,"relics_obtained":["Bloody Idol"]},{"damage_healed":0.0,"max_hp_gain":0.0,"max_hp_loss":0.0,"gold_gain":0.0,"event_name":"Addict","player_choice":"Obtained Relic","floor":22.0,"gold_loss":85.0,"damage_taken":0.0,"relics_obtained":["Lizard Tail"]}],"is_beta":false,"boss_relics":[{"not_picked":["Sozu","WristBlade"],"picked":"Calling Bell"}],"items_purged_floors":[],"is_endless":false,"potions_floor_spawned":[4,5,6,18],"killed_by":"Gremlin Leader","ascension_level":20}}