{"host":"4np54w3ai1r5lqo1","time":1607978190,"event":{"mods":["BaseMod","Colored Map","Minty Spire (QoL Compilation)","Quick Restart"],"gold_per_floor":[119,137,137,158,333,156,156,196,221,221,14,30,74,88,88,211,211,232,232,17,33,33,33,64,64,88,88,107,141,141,164,164,292,292,308,72,96,156,172,172,213,148,148,148,148],"floor_reached":44,"playtime":1703,"items_purged":["Doubt"],"score":783,"play_id":"1593145f-b39b-4836-96a0-e07d06ba24b2","local_time":"20201214183630","is_ascension_mode":true,"campfire_choices":[{"data":"Underhanded Strike","floor":7,"key":"SMITH"},{"data":"Prepared","floor":10,"key":"SMITH"},{"floor":15,"key":"REST"},{"data":"Prepared","floor":23,"key":"SMITH"},{"data":"Terror","floor":25,"key":"SMITH"},{"data":"Predator","floor":27,"key":"SMITH"},{"data":"Sadistic Nature","floor":30,"key":"SMITH"},{"floor":32,"key":"REST"},{"floor":40,"key":"REST"}],"circlet_count":0,"master_deck":["Strike_G+1","Strike_G+1","Strike_G+1","Strike_G+1","Strike_G+1","Defend_G+1","Defend_G+1","Defend_G+1","Defend_G+1","Defend_G+1","Survivor","Neutralize","Sadistic Nature","Poisoned Stab","Dagger Spray","Dagger Throw","Prepared+1","Underhanded Strike+1","Acrobatics","Sadistic Nature+1","Sucker Punch","Terror+1","Predator+1","Deadly Poison","Adrenaline","Poisoned Stab","Prepared+1","Escape Plan","Unload","All Out Attack+1","Dash","Quick Slash+1","Tactician+1"],"relics":["Ring of the Snake","Golden Idol","Omamori","Lantern","DollysMirror","Ancient Tea Set","Busted Crown","Happy Flower","Thread and Needle","Blood Vial","The Specimen","HoveringKite","Chemical X","Ice Cream","Incense Burner","Art of War","Prayer Wheel"],"acts_visited":["Exordium","TheCity","TheBeyond"],"potions_floor_usage":[33],"damage_taken":[{"damage":2,"enemies":"Jaw Worm","floor":1,"turns":4},{"damage":5,"enemies":"Small Slimes","floor":2,"turns":4},{"damage":3,"enemies":"2 Louse","floor":4,"turns":2},{"damage":19,"enemies":"3 Sentries","floor":8,"turns":8},{"damage":1,"enemies":"Exordium Thugs","floor":12,"turns":4},{"damage":12,"enemies":"Gremlin Nob","floor":13,"turns":3},{"damage":6,"enemies":"Looter","floor":14,"turns":4},{"damage":0,"enemies":"Slime Boss","floor":16,"turns":7},{"damage":4,"enemies":"Shell Parasite","floor":18,"turns":4},{"damage":6,"enemies":"3 Byrds","floor":21,"turns":3},{"damage":0,"enemies":"Gremlin Leader","floor":24,"turns":4},{"damage":4,"enemies":"Snake Plant","floor":28,"turns":3},{"damage":7,"enemies":"Book of Stabbing","floor":29,"turns":5},{"damage":11,"enemies":"Chosen and Byrds","floor":31,"turns":3},{"damage":35,"enemies":"Automaton","floor":33,"turns":9},{"damage":0,"enemies":"3 Shapes","floor":35,"turns":3},{"damage":0,"enemies":"Orb Walker","floor":37,"turns":2},{"damage":23,"enemies":"2 Orb Walkers","floor":38,"turns":4},{"damage":14,"enemies":"3 Darklings","floor":39,"turns":4},{"damage":3,"enemies":"Nemesis","floor":41,"turns":5},{"damage":37,"enemies":"Reptomancer","floor":44,"turns":4}],"seed_played":"8312933644150837476","potions_obtained":[{"floor":1,"key":"Regen Potion"},{"floor":2,"key":"PowerPotion"},{"floor":16,"key":"CultistPotion"},{"floor":33,"key":"Strength Potion"}],"is_trial":false,"path_per_floor":["M","M","?","M","?","$","R","E","T","R","$","M","E","M","R","B",null,"M","?","$","M","$","R","E","R","T","R","M","E","R","M","R","B",null,"M","$","M","?","M","R","E","?","T","E"],"character_chosen":"THE_SILENT","items_purchased":["Prepared","Underhanded Strike","DollysMirror","Sucker Punch","Happy Flower","Poisoned Stab","Prepared","Chemical X","Dash"],"campfire_rested":3,"item_purchase_floors":[6,6,11,11,20,20,20,36,36],"current_hp_per_floor":[61,56,56,53,53,53,53,34,34,34,34,33,21,15,32,32,52,48,48,48,42,42,42,42,42,42,42,40,35,35,26,43,10,46,48,48,50,29,17,34,33,33,33,0,0],"gold":148,"neow_bonus":"RANDOM_COLORLESS_2","is_daily":false,"chose_seed":false,"campfire_upgraded":6,"win_rate":0.0,"timestamp":1607978190,"path_taken":["M","M","?","M","?","$","R","E","T","R","?","M","E","M","R","BOSS","M","?","?","M","$","R","E","R","T","R","M","E","R","?","R","BOSS","M","$","M","?","M","R","E","?","T","E"],"items_purchased_type":["Card","Card","Relic","Card","Relic","Card","Card","Relic","Card"],"build_version":"2020-12-13","purchased_purges":1,"victory":false,"max_hp_per_floor":[63,63,58,58,58,58,58,58,58,58,58,58,58,58,58,58,58,58,58,58,58,58,58,58,58,58,58,58,58,58,58,58,58,58,58,58,58,58,58,58,58,58,58,58,58],"card_choices":[{"not_picked":["Violence","Magnetism"],"picked":"Sadistic Nature","floor":0},{"not_picked":["Infinite Blades","Finisher"],"picked":"Poisoned Stab","floor":1},{"not_picked":["Cloak And Dagger","Escape Plan"],"picked":"Dagger Spray","floor":2},{"not_picked":["Deflect","Phantasmal Killer"],"picked":"Dagger Throw","floor":4},{"not_picked":["Blade Dance","Masterful Stab"],"picked":"Acrobatics","floor":8},{"not_picked":["Quick Slash","Outmaneuver"],"picked":"Terror","floor":12},{"not_picked":["Backstab","Dodge and Roll"],"picked":"Predator","floor":13},{"not_picked":["Finisher","Expertise"],"picked":"Deadly Poison","floor":14},{"not_picked":["Burst","Storm of Steel"],"picked":"Adrenaline","floor":16},{"not_picked":["Underhanded Strike+1"],"picked":"SKIP","floor":18},{"not_picked":["Expertise+1"],"picked":"SKIP","floor":21},{"not_picked":["Caltrops"],"picked":"SKIP","floor":24},{"not_picked":[],"picked":"Escape Plan","floor":28},{"not_picked":["Setup+1"],"picked":"SKIP","floor":29},{"not_picked":["Sucker Punch"],"picked":"SKIP","floor":31},{"not_picked":[],"picked":"Unload","floor":33},{"not_picked":[],"picked":"All Out Attack+1","floor":35},{"not_picked":["Caltrops+1"],"picked":"SKIP","floor":37},{"not_picked":[],"picked":"Quick Slash+1","floor":38},{"not_picked":["Dagger Throw"],"picked":"SKIP","floor":39},{"not_picked":[],"picked":"Tactician+1","floor":41}],"player_experience":454103,"relics_obtained":[{"floor":8,"key":"Omamori"},{"floor":9,"key":"Lantern"},{"floor":13,"key":"Ancient Tea Set"},{"floor":24,"key":"Thread and Needle"},{"floor":26,"key":"Blood Vial"},{"floor":29,"key":"The Specimen"},{"floor":38,"key":"Ice Cream"},{"floor":41,"key":"Incense Burner"},{"floor":43,"key":"Prayer Wheel"}],"event_choices":[{"damage_healed":0,"gold_gain":0,"player_choice":"Lose Max HP","damage_taken":0,"relics_obtained":["Golden Idol"],"max_hp_gain":0,"max_hp_loss":5,"event_name":"Golden Idol","floor":3,"gold_loss":0},{"damage_healed":0,"gold_gain":175,"player_choice":"AGREE","damage_taken":0,"max_hp_gain":0,"max_hp_loss":0,"event_name":"Liars Game","floor":5,"gold_loss":0,"cards_obtained":["Doubt"]},{"damage_healed":0,"gold_gain":0,"player_choice":"Simplicity","damage_taken":0,"max_hp_gain":0,"max_hp_loss":0,"event_name":"Back to Basics","floor":19,"gold_loss":0,"cards_upgraded":["Strike_G","Strike_G","Strike_G","Strike_G","Strike_G","Defend_G","Defend_G","Defend_G","Defend_G","Defend_G"]},{"damage_healed":0,"gold_gain":0,"player_choice":"Fight","damage_taken":0,"max_hp_gain":0,"max_hp_loss":0,"event_name":"Mysterious Sphere","floor":38,"gold_loss":0},{"damage_healed":0,"gold_gain":0,"player_choice":"Paid Gold","damage_taken":0,"relics_obtained":["Art of War"],"max_hp_gain":0,"max_hp_loss":0,"event_name":"WeMeetAgain","floor":42,"gold_loss":65}],"is_beta":false,"boss_relics":[{"not_picked":["Tiny House","SacredBark"],"picked":"Busted Crown"},{"not_picked":["Calling Bell","Black Star"],"picked":"HoveringKite"}],"items_purged_floors":[6],"is_endless":false,"potions_floor_spawned":[1,2,16,28,29,31,33,38,39,41],"killed_by":"Reptomancer","ascension_level":8}}