{"host":"mm0v83pkg2fvsdgl","time":1607953704,"event":{"mods":["2.2 Compatiblity","Alarm Clock","AlwaysNeverKeys","BaseMod","Beaked The Cultist","Better Altar","Better Match","Better Note","Better Sensory Stone","Better Silent Start","Better Third Choice","Clawfect","Displayed Cursed Tome","Energized Spire","Friendly Minions","Highlight Path","Ironclad Rager","Keyboard Shortcuts","Lotus Mark","Marisa????????","Marked Mod","Mimic Mod","Minty Spire (QoL Compilation)","Permanent Neow","Railgun Mod","Remove Card Discount Mod","Shade Mod","Somnambulant","Spicy Shops","StSLib","Swap Starting Deck Mod","The Construct","The Disciple","The Hierophant","TheHeartMod","TheVacant","Transform Curses","Unceasing Turn Reminder","Wandering Minibosses"],"gold_per_floor":[114,18,33,48,63,93,120,162,213,240,252,539,13,32,32,157,157,176,195,294,313,48,48,86,11,36,36,55,74,93,112,112,112,112],"floor_reached":33,"playtime":4274,"items_purged":["Injury","Regret","Defend_B","Defend_B","Injury"],"score":408,"play_id":"316a932e-8abc-4821-a4d3-05f2d4b74441","local_time":"20201214084824","daily_mods":["Cursed Run","Diverse","DeadlyEvents"],"is_ascension_mode":false,"campfire_choices":[{"data":"theHeart:Cholesterol","floor":15,"key":"SMITH"},{"data":"TheRailgun:Battery_Pack","floor":23,"key":"SMITH"},{"floor":32,"key":"REST"}],"circlet_count":0,"master_deck":["Gash","Gash","Gash","Gash","Gash","Defend_B+1","Defend_B+1","Defend_B","Madness","theHeart:Cholesterol+1","construct:Accumulate","beaked:LiftOff","Steam","FollowUp","Omniscience","Clawfect:Clawter","TheRailgun:Battery_Pack+1","theVacant:Recover","Acceleration","Decay","Regret","Shade:GreyBargain","beaked:Evade+1","SuperPerseids+1","EventHorizon"],"relics":["Cursed Key","Darkstone Periapt","Du-Vu Doll","MawBank","Regal Pillow","Boot","Golden Idol","Blood Vial","Thread and Needle","Turnip","energizedSpire:OldTV","Shuriken","Nunchaku","Dream Catcher","War Paint","Vajra"],"acts_visited":["Exordium","TheCity"],"potions_floor_usage":[6,7,14,21],"damage_taken":[{"damage":1,"enemies":"Cultist","floor":1,"turns":4},{"damage":0,"enemies":"Small Slimes","floor":3,"turns":4},{"damage":2,"enemies":"2 Louse","floor":4,"turns":4},{"damage":21,"enemies":"Gremlin Gang","floor":5,"turns":6},{"damage":25,"enemies":"Gremlin Nob","floor":6,"turns":5},{"damage":0,"enemies":"2 Fungi Beasts","floor":7,"turns":4},{"damage":2,"enemies":"Lagavulin","floor":8,"turns":6},{"damage":0,"enemies":"Blue Slaver","floor":9,"turns":8},{"damage":0,"enemies":"Blue Slaver","floor":10,"turns":6},{"damage":0,"enemies":"3 Louse","floor":14,"turns":4},{"damage":0,"enemies":"Slime Boss","floor":16,"turns":11},{"damage":0,"enemies":"Spheric Guardian","floor":18,"turns":6},{"damage":0,"enemies":"Chosen","floor":19,"turns":6},{"damage":0,"enemies":"Snecko","floor":21,"turns":7},{"damage":21,"enemies":"Book of Stabbing","floor":24,"turns":9},{"damage":84,"enemies":"3 Cultists","floor":28,"turns":8},{"damage":3,"enemies":"Centurion and Healer","floor":29,"turns":9},{"damage":26,"enemies":"Snake Plant","floor":30,"turns":6},{"damage":10,"enemies":"Snecko","floor":31,"turns":7},{"damage":87,"enemies":"Automaton","floor":33,"turns":6}],"seed_played":"1880613833527945180","potions_obtained":[{"floor":3,"key":"Strength Potion"},{"floor":5,"key":"DuplicationPotion"},{"floor":6,"key":"Block Potion"},{"floor":7,"key":"Block Potion"},{"floor":10,"key":"Energy Potion"},{"floor":14,"key":"DuplicationPotion"},{"floor":18,"key":"Swift Potion"},{"floor":28,"key":"SteroidPotion"}],"is_trial":false,"path_per_floor":["M","$","M","M","M","E","M","E","MIM","M","?","?","$","M","R","B",null,"M","M","?","M","$","R","E","$","T","T","M","M","M","M","R","B"],"character_chosen":"DEFECT","items_purchased":["Madness","Blood Vial","Thread and Needle","Turnip","Shuriken","theVacant:Recover","Acceleration","Dream Catcher"],"campfire_rested":1,"item_purchase_floors":[2,13,13,13,22,22,22,25],"current_hp_per_floor":[74,74,74,72,51,26,26,24,30,30,10,16,16,18,18,26,93,93,93,93,93,93,93,72,72,78,84,8,25,6,4,50,0,0],"gold":112,"neow_bonus":"","is_daily":true,"chose_seed":false,"campfire_upgraded":2,"win_rate":0.0,"timestamp":1607953704,"path_taken":["M","?","M","M","M","E","M","E","MIM","M","?","?","$","M","R","BOSS","M","?","?","?","$","R","E","$","T","?","M","M","M","M","R","BOSS"],"items_purchased_type":["Card","Relic","Relic","Relic","Relic","Card","Card","Relic"],"build_version":"2020-12-13","purchased_purges":5,"victory":false,"max_hp_per_floor":[75,75,75,75,75,75,75,75,81,81,81,87,87,87,87,93,93,93,93,93,93,93,93,93,93,99,105,105,105,105,105,105,105,105],"card_choices":[{"not_picked":["ShootingEcho","beaked:Resilience","IllusionStar"],"picked":"SKIP","floor":1},{"not_picked":["theHeart:CapillaryExchange","SignatureMove"],"picked":"theHeart:Cholesterol","floor":3},{"not_picked":["theVacant:Thoughtseize","ForeignInfluence"],"picked":"construct:Accumulate","floor":4},{"not_picked":["DC","Havoc","beaked:Flinch"],"picked":"SKIP","floor":5},{"not_picked":["theVacant:IntoTheAbyss","somnambulantmod: Repression","SpiritShield"],"picked":"SKIP","floor":6},{"not_picked":["hierophant:Exaltation","construct:OneWayMirror","theHeart:TentacleWhip"],"picked":"SKIP","floor":7},{"not_picked":["FTL","ICR:YinYang"],"picked":"beaked:LiftOff","floor":8},{"not_picked":["somnambulantmod: MindWave","somnambulantmod: Harden"],"picked":"Steam","floor":10},{"not_picked":["lotusMarks:LotusStrike","Shade:Frenzy"],"picked":"FollowUp","floor":14},{"not_picked":["Multi-Cast","Night Terror"],"picked":"Omniscience","floor":16},{"not_picked":["Rebound+1","somnambulantmod: Unknow+1"],"picked":"Clawfect:Clawter","floor":18},{"not_picked":["theHeart:Invincibility","hierophant:RustyCrate"],"picked":"TheRailgun:Battery_Pack","floor":19},{"not_picked":["Power Through","beaked:FeelMyPain","somnambulantmod: BadIdea"],"picked":"SKIP","floor":21},{"not_picked":["Glass Knife","theVacant:Fortify","theHeart:Hemorrhage+1"],"picked":"SKIP","floor":24},{"not_picked":["Shade:RitualOffering","TheRailgun:Positive_Field+1"],"picked":"Shade:GreyBargain","floor":28},{"not_picked":["Deadly Poison","construct:Forcefield"],"picked":"beaked:Evade+1","floor":29},{"not_picked":["Halt","construct:Missile","Glacier"],"picked":"SKIP","floor":30},{"not_picked":["construct:Backup","Hologram+1"],"picked":"SuperPerseids+1","floor":31},{"not_picked":["theVacant:GraveDigger","Shade:Brains"],"picked":"EventHorizon","floor":32}],"player_experience":628913,"relics_obtained":[{"floor":6,"key":"MawBank"},{"floor":8,"key":"Regal Pillow"},{"floor":9,"key":"Boot"},{"floor":24,"key":"Nunchaku"},{"floor":26,"key":"War Paint"},{"floor":27,"key":"Vajra"}],"event_choices":[{"damage_healed":0,"gold_gain":0,"player_choice":"Take Damage","damage_taken":20,"relics_obtained":["Golden Idol"],"max_hp_gain":0,"max_hp_loss":0,"event_name":"Golden Idol","floor":11,"gold_loss":0},{"damage_healed":0,"gold_gain":275,"player_choice":"Desecrate","damage_taken":0,"max_hp_gain":0,"max_hp_loss":0,"event_name":"Golden Shrine","floor":12,"gold_loss":0,"cards_obtained":["Regret"]},{"damage_healed":0,"gold_gain":99,"player_choice":"Steal","damage_taken":0,"max_hp_gain":0,"max_hp_loss":0,"event_name":"betterThird:BetterNest","floor":20,"gold_loss":0}],"is_beta":false,"boss_relics":[{"not_picked":["Velvet Choker","Runic Pyramid"],"picked":"energizedSpire:OldTV"}],"items_purged_floors":[13,13,13,13,22],"is_endless":false,"potions_floor_spawned":[3,5,6,7,10,14,18,28,29,30],"killed_by":"Automaton","ascension_level":0}}