{"host":"aeidq2c3auzxo1yh","time":1607972896,"event":{"mods":["AchievementEnabler","BaseMod","Colored Map","Colored Powertips","Minty Spire (QoL Compilation)","Relic Stats","StSLib"],"gold_per_floor":[109,129,143,143,218,218,250,264,264,292,14,47,47,58,58,129,129,145,157,157,174,185,185,216,216,216,61,61,80,114,127,127,206,206,216,216,216,33,43,43,71,71,71,91,104,49,78,94,94,94,94,94],"floor_reached":51,"playtime":3155,"items_purged":["Strike_R","Strike_R"],"score":1684,"play_id":"d9cc8e66-a207-4de2-be8f-fbe05c253b8b","local_time":"20201215000816","is_ascension_mode":true,"campfire_choices":[{"data":"Anger","floor":6.0,"key":"SMITH"},{"data":"Limit Break","floor":13.0,"key":"SMITH"},{"data":"Barricade","floor":15.0,"key":"SMITH"},{"data":"Fire Breathing","floor":23.0,"key":"SMITH"},{"data":"Inflame","floor":25.0,"key":"SMITH"},{"data":"True Grit","floor":28.0,"key":"SMITH"},{"data":"Entrench","floor":32.0,"key":"SMITH"},{"data":"Entrench","floor":40,"key":"SMITH"},{"floor":42,"key":"REST"},{"floor":49,"key":"RECALL"}],"circlet_count":0,"master_deck":["AscendersBane","Strike_R","Strike_R","Defend_R","Defend_R","Defend_R","Defend_R","Bash","Havoc","Ghostly Armor","Anger+1","Uppercut+1","Inflame+1","Shrug It Off","Limit Break+1","Barricade+1","Sword Boomerang","Limit Break","Shrug It Off","Sever Soul","Warcry","Fire Breathing+1","Body Slam+1","Clumsy","True Grit+1","Entrench+1","Berserk","Battle Trance+1","Dark Shackles","Bandage Up","Entrench+1","Flame Barrier","Heavy Blade+1","Clumsy"],"relics":["Burning Blood","Du-Vu Doll","FossilizedHelix","Shuriken","Darkstone Periapt","Mercury Hourglass","Cursed Key","Nunchaku","Molten Egg 2","Bottled Tornado","Gremlin Horn","SlaversCollar","Akabeko"],"acts_visited":["Exordium","TheCity","TheBeyond"],"potions_floor_usage":[44,45,48],"damage_taken":[{"damage":12.0,"enemies":"Cultist","floor":1.0,"turns":4.0},{"damage":3.0,"enemies":"Small Slimes","floor":2.0,"turns":3.0},{"damage":0.0,"enemies":"2 Louse","floor":3.0,"turns":3.0},{"damage":11.0,"enemies":"Lagavulin","floor":7.0,"turns":6.0},{"damage":16.0,"enemies":"Exordium Thugs","floor":8.0,"turns":5.0},{"damage":17.0,"enemies":"3 Sentries","floor":10.0,"turns":8.0},{"damage":0.0,"enemies":"Gremlin Nob","floor":12.0,"turns":2.0},{"damage":0.0,"enemies":"2 Fungi Beasts","floor":14.0,"turns":3.0},{"damage":10.0,"enemies":"The Guardian","floor":16.0,"turns":7.0},{"damage":0.0,"enemies":"Spheric Guardian","floor":18.0,"turns":2.0},{"damage":9.0,"enemies":"Shell Parasite","floor":19.0,"turns":3.0},{"damage":17.0,"enemies":"Sentry and Sphere","floor":21.0,"turns":5.0},{"damage":10.0,"enemies":"Snecko","floor":22.0,"turns":5.0},{"damage":7.0,"enemies":"Book of Stabbing","floor":24.0,"turns":4.0},{"damage":23.0,"enemies":"Chosen and Byrds","floor":29.0,"turns":5.0},{"damage":21.0,"enemies":"Slavers","floor":30.0,"turns":4.0},{"damage":0.0,"enemies":"Cultist and Chosen","floor":31.0,"turns":5.0},{"damage":12.0,"enemies":"Champ","floor":33.0,"turns":8.0},{"damage":29,"enemies":"3 Darklings","floor":35,"turns":5},{"damage":5,"enemies":"Orb Walker","floor":39,"turns":4},{"damage":14,"enemies":"Nemesis","floor":41,"turns":5},{"damage":34,"enemies":"Maw","floor":44,"turns":7},{"damage":22,"enemies":"Sphere and 2 Shapes","floor":45,"turns":5},{"damage":0,"enemies":"Giant Head","floor":47,"turns":5},{"damage":0,"enemies":"4 Shapes","floor":48,"turns":13},{"damage":0,"enemies":"Time Eater","floor":50,"turns":5},{"damage":89,"enemies":"Awakened One","floor":51,"turns":6}],"seed_played":"1638538957120725108","potions_obtained":[{"floor":3.0,"key":"Dexterity Potion"},{"floor":10.0,"key":"AttackPotion"},{"floor":12.0,"key":"Explosive Potion"},{"floor":18.0,"key":"BloodPotion"},{"floor":21.0,"key":"LiquidBronze"},{"floor":31.0,"key":"BloodPotion"},{"floor":41,"key":"ColorlessPotion"},{"floor":44,"key":"Block Potion"},{"floor":45,"key":"HeartOfIron"},{"floor":48,"key":"Dexterity Potion"}],"is_trial":false,"path_per_floor":["M","M","M","?","?","R","E","M","T","E","$","E","R","M","R","B",null,"M","M","?","M","M","R","E","R","T","$","R","M","E","M","R","B",null,"M","?","?","$","M","R","E","R","T","M","M","$","E","M","R","B","B"],"character_chosen":"IRONCLAD","items_purchased":["Darkstone Periapt","True Grit","Weak Potion","Entrench","BloodPotion"],"campfire_rested":1,"item_purchase_floors":[11,27,27,38,46],"current_hp_per_floor":[62,65,71,71,60,60,55,45,45,34,34,40,40,46,46,42,67,73,70,70,59,55,55,54,54,60,60,60,43,28,34,34,28,68,45,35,35,35,40,40,36,60,66,42,47,47,57,84,84,87,0,0],"gold":94,"neow_bonus":"TRANSFORM_CARD","is_daily":false,"chose_seed":false,"campfire_upgraded":8,"win_rate":0.0,"timestamp":1607972896,"path_taken":["M","M","?","?","?","R","E","M","T","E","$","E","R","M","R","BOSS","M","M","?","M","M","R","E","R","T","?","R","M","E","M","R","BOSS","M","?","?","?","M","R","E","R","T","M","M","$","E","M","R","BOSS","BOSS"],"items_purchased_type":["Relic","Card","Potion","Card","Potion"],"build_version":"2020-12-13","purchased_purges":2,"victory":false,"max_hp_per_floor":[75,75,75,75,75,75,75,75,75,75,75,75,75,75,75,75,75,75,75,75,75,75,75,75,75,81,81,81,81,81,81,81,81,81,81,81,81,81,81,81,81,81,87,87,87,87,87,87,87,87,87,87],"relic_stats":{"Darkstone Periapt":12,"Nunchaku":[10],"Gremlin Horn":[9,10],"counters":[27,136],"Shuriken":[18],"Cursed Key":2,"obtain_stats":[{"Darkstone Periapt":11,"Gremlin Horn":30,"Bottled Tornado":26,"Cursed Key":17,"Burning Blood":0,"Akabeko":47,"Mercury Hourglass":12,"Du-Vu Doll":7,"SlaversCollar":34,"Nunchaku":20,"Shuriken":10,"Molten Egg 2":24,"FossilizedHelix":9},{"Darkstone Periapt":6,"Gremlin Horn":16,"Bottled Tornado":14,"Cursed Key":9,"Burning Blood":0,"Akabeko":24,"Mercury Hourglass":7,"Du-Vu Doll":4,"SlaversCollar":18,"Nunchaku":11,"Shuriken":6,"Molten Egg 2":14,"FossilizedHelix":5},{"Darkstone Periapt":29,"Gremlin Horn":69,"Bottled Tornado":60,"Cursed Key":41,"Burning Blood":0,"Akabeko":113,"Mercury Hourglass":31,"Du-Vu Doll":16,"SlaversCollar":82,"Nunchaku":46,"Shuriken":29,"Molten Egg 2":60,"FossilizedHelix":21}],"Burning Blood":153,"Mercury Hourglass":[364]},"card_choices":[{"not_picked":["Thunderclap","Rampage"],"picked":"Ghostly Armor","floor":1.0},{"not_picked":["Sword Boomerang","Twin Strike"],"picked":"Anger","floor":2.0},{"not_picked":["Rage","Second Wind"],"picked":"Uppercut","floor":3.0},{"not_picked":["Seeing Red","Perfected Strike"],"picked":"Inflame","floor":7.0},{"not_picked":["Armaments","Twin Strike"],"picked":"Shrug It Off","floor":8.0},{"not_picked":["Body Slam","Heavy Blade"],"picked":"Limit Break","floor":10.0},{"not_picked":["Sever Soul","Shrug It Off"],"picked":"Barricade","floor":12.0},{"not_picked":["Seeing Red","Shrug It Off"],"picked":"Sword Boomerang","floor":14.0},{"not_picked":["Fiend Fire","Bludgeon"],"picked":"Limit Break","floor":16.0},{"not_picked":["Armaments","Headbutt"],"picked":"Shrug It Off","floor":18.0},{"not_picked":["Infernal Blade","Perfected Strike"],"picked":"Sever Soul","floor":19.0},{"not_picked":["Infernal Blade","Anger"],"picked":"Warcry","floor":21.0},{"not_picked":["Thunderclap","Havoc"],"picked":"Fire Breathing","floor":22.0},{"not_picked":["Battle Trance","Cleave+1"],"picked":"Body Slam+1","floor":24.0},{"not_picked":["Bludgeon+1","Clothesline+1","Combust"],"picked":"SKIP","floor":29.0},{"not_picked":["Power Through","Armaments"],"picked":"Entrench","floor":30.0},{"not_picked":["Intimidate","Infernal Blade+1","Whirlwind+1"],"picked":"SKIP","floor":31.0},{"not_picked":["Corruption","Bludgeon+1"],"picked":"Berserk","floor":33.0},{"not_picked":["Havoc","Iron Wave+1"],"picked":"Battle Trance+1","floor":35},{"not_picked":["Mind Blast+1","PanicButton"],"picked":"Dark Shackles","floor":36},{"not_picked":["Trip","Panache"],"picked":"Bandage Up","floor":36},{"not_picked":["Hemokinesis+1","Dropkick+1"],"picked":"Flame Barrier","floor":39},{"not_picked":["Power Through+1","Intimidate+1"],"picked":"Heavy Blade+1","floor":41},{"not_picked":["Pommel Strike+1","Headbutt+1","Cleave+1"],"picked":"SKIP","floor":44},{"not_picked":["Ghostly Armor+1","Warcry","Hemokinesis+1"],"picked":"SKIP","floor":45},{"not_picked":["Clash+1","Warcry+1","Anger+1"],"picked":"SKIP","floor":47},{"not_picked":["Warcry","Heavy Blade+1","Perfected Strike+1"],"picked":"SKIP","floor":48}],"player_experience":862796,"relics_obtained":[{"floor":7.0,"key":"Du-Vu Doll"},{"floor":9.0,"key":"FossilizedHelix"},{"floor":10.0,"key":"Shuriken"},{"floor":12.0,"key":"Mercury Hourglass"},{"floor":24.0,"key":"Molten Egg 2"},{"floor":26.0,"key":"Bottled Tornado"},{"floor":30.0,"key":"Gremlin Horn"},{"floor":47,"key":"Akabeko"}],"event_choices":[{"damage_healed":0.0,"max_hp_gain":0.0,"max_hp_loss":0.0,"gold_gain":0.0,"event_name":"Living Wall","player_choice":"Grow","floor":4.0,"gold_loss":0.0,"damage_taken":0.0,"cards_upgraded":["Uppercut"]},{"damage_healed":0.0,"max_hp_gain":0.0,"max_hp_loss":0.0,"gold_gain":75.0,"event_name":"World of Goop","player_choice":"Gather Gold","floor":5.0,"gold_loss":0.0,"damage_taken":11.0},{"damage_healed":0.0,"max_hp_gain":0.0,"max_hp_loss":0.0,"gold_gain":0.0,"event_name":"WeMeetAgain","player_choice":"Gave Potion","floor":20.0,"gold_loss":0.0,"damage_taken":0.0,"relics_obtained":["Nunchaku"]},{"damage_healed":0,"gold_gain":0,"player_choice":"Memory 3","damage_taken":10,"max_hp_gain":0,"max_hp_loss":0,"event_name":"SensoryStone","floor":36,"gold_loss":0},{"damage_healed":0,"gold_gain":0,"player_choice":"Ignored","damage_taken":0,"max_hp_gain":0,"max_hp_loss":0,"event_name":"Tomb of Lord Red Mask","floor":37,"gold_loss":0}],"is_beta":false,"boss_relics":[{"not_picked":["Pandora\u0027s Box","Mark of Pain"],"picked":"Cursed Key"},{"not_picked":["Tiny House","Philosopher\u0027s Stone"],"picked":"SlaversCollar"}],"items_purged_floors":[27,38],"is_endless":false,"potions_floor_spawned":[3,10,12,18,21,22,31,41,44,45,48],"killed_by":"Awakened One","ascension_level":20}}