{"host":"ih7ofq2zpufcoifs","time":1607929587,"event":{"mods":["BaseMod","Colored Map","Minty Spire (QoL Compilation)"],"gold_per_floor":[114,125,16,16,36,66,66,91,141,157,107,107,107,125,125,224,224,235,235,249,264,274,309,309,309,382,392,418,418,453,465,465,569,569,587,167,167,167,167,194,194,221,221,233,245,0,10,20,20,20,20],"floor_reached":50,"playtime":2752,"items_purged":["Strike_R","Defend_R","Strike_R"],"score":940,"play_id":"37530fc9-9eac-4316-88e0-cb88cb10c176","local_time":"20201214170627","is_ascension_mode":true,"campfire_choices":[{"data":"Combust","floor":7.0,"key":"SMITH"},{"data":"Inflame","floor":13.0,"key":"SMITH"},{"data":"Sword Boomerang","floor":15.0,"key":"SMITH"},{"floor":24.0,"key":"REST"},{"floor":32.0,"key":"REST"},{"floor":41.0,"key":"RECALL"},{"floor":49.0,"key":"REST"}],"circlet_count":0,"master_deck":["AscendersBane","Defend_R+1","Defend_R+1","Bash+1","Inflame+1","Clothesline+1","Combust+1","Wild Strike+1","Sword Boomerang+1","Immolate+1","Armaments+1","Limit Break+1","Shrug It Off+1","Pummel+1","Burning Pact+1","Double Tap+1","Limit Break+1","Twin Strike+1","Berserk+1","Pommel Strike+1","Spot Weakness+1","Burning Pact+1","Disarm+1","Feel No Pain+1","Secret Technique","Blind","Fiend Fire+1","Feel No Pain+1","Pommel Strike+1","Cleave+1","Shrug It Off","True Grit"],"relics":["Burning Blood","Happy Flower","Pear","Akabeko","Gambling Chip","Smiling Mask","Fusion Hammer","Shuriken","Molten Egg 2","Mercury Hourglass","Blood Vial","Nilry\u0027s Codex","Letter Opener","Astrolabe","Lee\u0027s Waffle","Mark of the Bloom","Bronze Scales","Orichalcum","Red Mask"],"acts_visited":["Exordium","TheCity","TheBeyond"],"potions_floor_usage":[50],"damage_taken":[{"damage":0.0,"enemies":"Small Slimes","floor":1.0,"turns":5.0},{"damage":0.0,"enemies":"Cultist","floor":2.0,"turns":3.0},{"damage":6.0,"enemies":"2 Louse","floor":5.0,"turns":3.0},{"damage":35.0,"enemies":"Gremlin Nob","floor":6.0,"turns":4.0},{"damage":19.0,"enemies":"Lagavulin","floor":8.0,"turns":6.0},{"damage":6.0,"enemies":"Looter","floor":10.0,"turns":2.0},{"damage":0.0,"enemies":"Gremlin Gang","floor":14.0,"turns":3.0},{"damage":26.0,"enemies":"Slime Boss","floor":16.0,"turns":7.0},{"damage":2.0,"enemies":"3 Byrds","floor":18.0,"turns":3.0},{"damage":12.0,"enemies":"2 Thieves","floor":20.0,"turns":2.0},{"damage":10.0,"enemies":"Cultist and Chosen","floor":21.0,"turns":3.0},{"damage":0.0,"enemies":"Snake Plant","floor":22.0,"turns":2.0},{"damage":13.0,"enemies":"Gremlin Leader","floor":23.0,"turns":4.0},{"damage":7.0,"enemies":"Centurion and Healer","floor":27.0,"turns":3.0},{"damage":31.0,"enemies":"Slavers","floor":28.0,"turns":2.0},{"damage":25.0,"enemies":"Gremlin Leader","floor":30.0,"turns":4.0},{"damage":0.0,"enemies":"Snecko","floor":31.0,"turns":2.0},{"damage":68.0,"enemies":"Automaton","floor":33.0,"turns":7.0},{"damage":6.0,"enemies":"3 Darklings","floor":35.0,"turns":3.0},{"damage":39.0,"enemies":"Giant Head","floor":40.0,"turns":7.0},{"damage":24.0,"enemies":"Reptomancer","floor":42.0,"turns":4.0},{"damage":4.0,"enemies":"3 Shapes","floor":44.0,"turns":2.0},{"damage":21.0,"enemies":"Jaw Worm Horde","floor":45.0,"turns":3.0},{"damage":10.0,"enemies":"Maw","floor":47.0,"turns":6.0},{"damage":0.0,"enemies":"Transient","floor":48.0,"turns":5.0},{"damage":11,"enemies":"Awakened One","floor":50,"turns":2}],"seed_played":"2486990394869628373","potions_obtained":[{"floor":1.0,"key":"Fruit Juice"},{"floor":8.0,"key":"SkillPotion"},{"floor":14.0,"key":"BlessingOfTheForge"},{"floor":20.0,"key":"Swift Potion"},{"floor":23.0,"key":"SkillPotion"},{"floor":31.0,"key":"Weak Potion"},{"floor":40.0,"key":"HeartOfIron"}],"is_trial":false,"path_per_floor":["M","M","$","?","M","E","R","E","T","M","$","?","R","M","R","B",null,"M","?","M","M","M","E","R","?","T","M","E","?","E","M","R","B",null,"M","$","?","?","?","E","R","E","T","M","M","?","M","M","R","B"],"character_chosen":"IRONCLAD","items_purchased":["Combust","Burning Pact","Disarm","Feel No Pain","Lee\u0027s Waffle"],"campfire_rested":3,"item_purchase_floors":[3,36,36,36,36],"current_hp_per_floor":[78,80,80,90,90,61,61,48,48,48,48,53,53,59,59,39,81,85,85,79,75,81,74,95,95,95,94,69,53,36,44,72,12,74,76,102,102,102,102,63,63,39,39,35,14,14,4,4,4,0,0],"gold":20,"neow_bonus":"RANDOM_COMMON_RELIC","is_daily":false,"chose_seed":false,"campfire_upgraded":3,"win_rate":0.0,"timestamp":1607929587,"path_taken":["M","M","$","?","M","E","R","E","T","M","?","?","R","M","R","BOSS","M","?","M","?","M","E","R","?","T","M","E","?","E","M","R","BOSS","BOSS","M","$","?","?","?","E","R","E","T","M","?","?","M","M","R","BOSS"],"items_purchased_type":["Card","Card","Card","Card","Relic"],"build_version":"2020-12-13","purchased_purges":3,"victory":false,"max_hp_per_floor":[80,80,80,90,90,90,90,90,90,90,90,95,95,95,95,95,95,95,95,95,95,95,95,95,95,95,95,95,95,95,95,95,95,95,95,102,102,102,102,102,102,102,102,102,102,102,102,102,102,102,102],"card_choices":[{"not_picked":["Evolve","Anger"],"picked":"Inflame","floor":1.0},{"not_picked":["True Grit","Iron Wave"],"picked":"Clothesline","floor":2.0},{"not_picked":["Armaments","Dropkick"],"picked":"Wild Strike","floor":5.0},{"not_picked":["Juggernaut","Rage","Iron Wave"],"picked":"SKIP","floor":6.0},{"not_picked":["Dual Wield","Havoc"],"picked":"Sword Boomerang","floor":8.0},{"not_picked":["Sever Soul","Armaments","True Grit"],"picked":"SKIP","floor":10.0},{"not_picked":["Rampage","Perfected Strike","Armaments"],"picked":"SKIP","floor":14.0},{"not_picked":["Corruption","Impervious"],"picked":"Immolate","floor":16.0},{"not_picked":["Thunderclap","Flex","Cleave"],"picked":"SKIP","floor":18.0},{"not_picked":["Wild Strike","Rampage","Armaments"],"picked":"SKIP","floor":20.0},{"not_picked":["Wild Strike","Rampage"],"picked":"Armaments","floor":20.0},{"not_picked":["Wild Strike","Headbutt"],"picked":"Limit Break","floor":21.0},{"not_picked":["Havoc","Sentinel","Headbutt"],"picked":"SKIP","floor":22.0},{"not_picked":["Anger+1","Heavy Blade"],"picked":"Shrug It Off","floor":23.0},{"not_picked":["Hemokinesis+1","Seeing Red+1"],"picked":"Pummel+1","floor":27.0},{"not_picked":["Heavy Blade+1","Metallicize+1"],"picked":"Burning Pact","floor":28.0},{"not_picked":["Heavy Blade+1","Armaments"],"picked":"Double Tap","floor":30.0},{"not_picked":["Seeing Red","Pummel+1","Perfected Strike+1"],"picked":"SKIP","floor":31.0},{"not_picked":["Offering","Impervious"],"picked":"Limit Break","floor":33.0},{"not_picked":["Clothesline+1","Rage"],"picked":"Spot Weakness","floor":35.0},{"not_picked":["Blind","Deep Breath"],"picked":"Secret Technique","floor":38.0},{"not_picked":["Hemokinesis+1","Twin Strike+1","Body Slam+1"],"picked":"SKIP","floor":40.0},{"not_picked":["Clash+1","Iron Wave+1"],"picked":"Feel No Pain+1","floor":42.0},{"not_picked":["Power Through","Rupture"],"picked":"Pommel Strike+1","floor":44.0},{"not_picked":["Sentinel","Pommel Strike+1"],"picked":"Cleave+1","floor":45.0},{"not_picked":["Evolve","Shrug It Off","Headbutt+1"],"picked":"SKIP","floor":47.0},{"not_picked":["Evolve","Headbutt+1"],"picked":"Shrug It Off","floor":47.0},{"not_picked":["Heavy Blade+1","Havoc"],"picked":"True Grit","floor":48.0}],"player_experience":332310,"relics_obtained":[{"floor":6.0,"key":"Akabeko"},{"floor":8.0,"key":"Gambling Chip"},{"floor":9.0,"key":"Smiling Mask"},{"floor":23.0,"key":"Shuriken"},{"floor":26.0,"key":"Mercury Hourglass"},{"floor":28.0,"key":"Blood Vial"},{"floor":29.0,"key":"Nilry\u0027s Codex"},{"floor":30.0,"key":"Letter Opener"},{"floor":40.0,"key":"Bronze Scales"},{"floor":42.0,"key":"Orichalcum"}],"event_choices":[{"damage_healed":0.0,"max_hp_gain":0.0,"max_hp_loss":0.0,"gold_gain":0.0,"event_name":"WeMeetAgain","player_choice":"Gave Potion","floor":4.0,"gold_loss":0.0,"damage_taken":0.0,"relics_obtained":["Pear"]},{"damage_healed":0.0,"max_hp_gain":5.0,"max_hp_loss":0.0,"gold_gain":0.0,"event_name":"Big Fish","player_choice":"Donut","floor":12.0,"gold_loss":0.0,"damage_taken":0.0},{"cards_removed":["Strike_R"],"damage_healed":0.0,"max_hp_gain":0.0,"max_hp_loss":0.0,"gold_gain":0.0,"event_name":"Purifier","player_choice":"Purged","floor":19.0,"gold_loss":0.0,"damage_taken":0.0},{"damage_healed":0.0,"max_hp_gain":0.0,"max_hp_loss":0.0,"gold_gain":0.0,"event_name":"The Mausoleum","player_choice":"Opened","floor":25.0,"gold_loss":0.0,"damage_taken":0.0,"relics_obtained":["Molten Egg 2"]},{"damage_healed":0.0,"max_hp_gain":0.0,"max_hp_loss":0.0,"gold_gain":0.0,"event_name":"Cursed Tome","player_choice":"Obtained Book","floor":29.0,"gold_loss":0.0,"damage_taken":16.0},{"damage_healed":0.0,"max_hp_gain":0.0,"max_hp_loss":0.0,"gold_gain":0.0,"event_name":"MindBloom","player_choice":"Upgrade","floor":37.0,"gold_loss":0.0,"damage_taken":0.0,"cards_upgraded":["Defend_R","Defend_R","Bash","Clothesline","Wild Strike","Immolate","Armaments","Limit Break","Shrug It Off","Burning Pact","Double Tap","Limit Break","Spot Weakness","Burning Pact","Disarm","Feel No Pain"],"relics_obtained":["Mark of the Bloom"]},{"damage_healed":0.0,"max_hp_gain":0.0,"max_hp_loss":0.0,"gold_gain":0.0,"event_name":"SensoryStone","player_choice":"Memory 1","floor":38.0,"gold_loss":0.0,"damage_taken":0.0},{"damage_healed":0.0,"max_hp_gain":0.0,"max_hp_loss":0.0,"gold_gain":0.0,"event_name":"Match and Keep!","player_choice":"2 cards matched","floor":39.0,"gold_loss":0.0,"damage_taken":0.0,"cards_obtained":["Blind","Fiend Fire"]},{"damage_healed":0.0,"max_hp_gain":0.0,"max_hp_loss":0.0,"gold_gain":0.0,"event_name":"Tomb of Lord Red Mask","player_choice":"Paid","floor":46.0,"gold_loss":245.0,"damage_taken":0.0,"relics_obtained":["Red Mask"]}],"is_beta":false,"boss_relics":[{"not_picked":["Runic Pyramid","Runic Cube"],"picked":"Fusion Hammer"},{"not_picked":["Philosopher\u0027s Stone","Cursed Key"],"picked":"Astrolabe"}],"items_purged_floors":[3,11,36],"is_endless":false,"potions_floor_spawned":[1,8,14,16,20,21,23,27,31,40,44],"killed_by":"Awakened One","ascension_level":12}}