{"host":"dcj2yvrgcvh5dl2s","time":1607985598,"event":{"mods":["BaseMod","Better Note","Block Reminder","Colored Powertips","DeckTracker","Minty Spire (QoL Compilation)","Quick Restart","Rare Cards Sparkle","Relic Stats","StSLib"],"gold_per_floor":[362,3,78,90,155,155,181,181,262,262,278,313,36,53,53,148,148,158,158,11,39,59,89,89,122,122,146,157,184,184,199,199,294,294,312,328,378,378,391,391,425,425,450,482,493,21,21,52,52,52],"floor_reached":51,"playtime":1326,"items_purged":["Bash","Power Through","Carnage"],"score":1320,"play_id":"105c323f-1914-4366-8c24-d9293d99e8a2","local_time":"20201215083958","is_ascension_mode":true,"campfire_choices":[{"floor":6.0,"key":"REST"},{"floor":10.0,"key":"REST"},{"floor":15.0,"key":"REST"},{"data":"Whirlwind","floor":24.0,"key":"SMITH"},{"floor":32.0,"key":"REST"},{"floor":40.0,"key":"REST"},{"floor":42,"key":"REST"},{"floor":47,"key":"REST"},{"data":"Limit Break","floor":49,"key":"SMITH"}],"circlet_count":0,"master_deck":["Heavy Blade+1","Flex","Thunderclap+1","Dropkick","Flex","Whirlwind+1","Impervious","Offering","Iron Wave","Sword Boomerang","Burning Pact","Disarm","Anger","Flex+1","Thunderclap","Armaments+1","Sword Boomerang+1","Feed","Dropkick","Shrug It Off","RitualDagger","Limit Break+1","Immolate","Shrug It Off+1","Shrug It Off","Pommel Strike+1","Disarm+1","Inflame+1","Finesse","Dropkick+1","Violence"],"relics":["Burning Blood","ClockworkSouvenir","Red Skull","Tiny Chest","Eternal Feather","Matryoshka","Bag of Marbles","Pandora\u0027s Box","Red Mask","Lizard Tail","Dream Catcher","White Beast Statue","Peace Pipe","Oddly Smooth Stone","Omamori","Frozen Egg 2","Black Star","Magic Flower","MealTicket","Molten Egg 2","Potion Belt","Thread and Needle","Pen Nib","Bag of Preparation","Juzu Bracelet"],"acts_visited":["Exordium","TheCity","TheBeyond"],"potions_floor_usage":[41,41,50,50,50,50],"damage_taken":[{"damage":17.0,"enemies":"2 Louse","floor":1.0,"turns":4.0},{"damage":7.0,"enemies":"Small Slimes","floor":4.0,"turns":2.0},{"damage":30.0,"enemies":"3 Sentries","floor":7.0,"turns":6.0},{"damage":4.0,"enemies":"Jaw Worm","floor":11.0,"turns":3.0},{"damage":24.0,"enemies":"Gremlin Nob","floor":12.0,"turns":4.0},{"damage":0.0,"enemies":"Large Slime","floor":14.0,"turns":2.0},{"damage":53.0,"enemies":"The Guardian","floor":16.0,"turns":8.0},{"damage":25.0,"enemies":"2 Thieves","floor":18.0,"turns":3.0},{"damage":6.0,"enemies":"Masked Bandits","floor":21.0,"turns":1.0},{"damage":0.0,"enemies":"3 Byrds","floor":22.0,"turns":3.0},{"damage":13.0,"enemies":"Book of Stabbing","floor":23.0,"turns":2.0},{"damage":6.0,"enemies":"Slavers","floor":25.0,"turns":1.0},{"damage":12.0,"enemies":"Snake Plant","floor":28.0,"turns":2.0},{"damage":6.0,"enemies":"Gremlin Leader","floor":29.0,"turns":4.0},{"damage":6.0,"enemies":"Shelled Parasite and Fungi","floor":31.0,"turns":1.0},{"damage":61.0,"enemies":"Champ","floor":33.0,"turns":5.0},{"damage":0.0,"enemies":"3 Shapes","floor":35.0,"turns":1.0},{"damage":46.0,"enemies":"3 Darklings","floor":36.0,"turns":4.0},{"damage":8.0,"enemies":"2 Orb Walkers","floor":37.0,"turns":3.0},{"damage":6.0,"enemies":"Spire Growth","floor":39.0,"turns":2.0},{"damage":65,"enemies":"Giant Head","floor":41,"turns":7},{"damage":35,"enemies":"Reptomancer","floor":44,"turns":5},{"damage":14,"enemies":"Sphere and 2 Shapes","floor":45,"turns":4},{"damage":38,"enemies":"Nemesis","floor":48,"turns":5},{"damage":77,"enemies":"Awakened One","floor":50,"turns":7}],"seed_played":"-6148801194030805588","potions_obtained":[{"floor":7.0,"key":"Explosive Potion"},{"floor":11.0,"key":"SkillPotion"},{"floor":14.0,"key":"ColorlessPotion"},{"floor":18.0,"key":"Weak Potion"},{"floor":21.0,"key":"HeartOfIron"},{"floor":28.0,"key":"Strength Potion"},{"floor":29.0,"key":"Swift Potion"},{"floor":31.0,"key":"Weak Potion"},{"floor":33.0,"key":"HeartOfIron"},{"floor":35.0,"key":"LiquidMemories"},{"floor":36.0,"key":"Fire Potion"},{"floor":41,"key":"LiquidBronze"},{"floor":44,"key":"FairyPotion"},{"floor":45,"key":"Explosive Potion"},{"floor":48,"key":"Ancient Potion"}],"is_trial":false,"path_per_floor":["M","$","?","M","?","R","E","?","T","R","M","E","$","M","R","B",null,"M","?","$","?","M","E","R","E","T","T","M","E","?","M","R","B",null,"M","M","?","?","M","R","E","R","T","E","M","$","R","E","R","B",null],"character_chosen":"IRONCLAD","items_purchased":["ClockworkSouvenir","Flex","Red Skull","Bag of Marbles","Flex","Thunderclap","Finesse","Dropkick+1","Violence"],"campfire_rested":7,"item_purchase_floors":[2,2,2,13,13,20,46,46,46],"current_hp_per_floor":[40,40,29,28,28,52,28,12,12,42,44,26,26,32,65,18,65,46,46,46,46,52,45,57,57,57,57,51,51,45,45,80,25,66,72,32,30,30,33,72,16,55,55,29,24,39,80,56,74,45],"gold":52,"neow_bonus":"TWO_FIFTY_GOLD","is_daily":false,"chose_seed":false,"campfire_upgraded":2,"win_rate":0.0,"timestamp":1607985598,"path_taken":["M","$","?","M","?","R","E","?","T","R","M","E","$","M","R","BOSS","M","?","$","?","M","E","R","E","T","?","M","E","?","M","R","BOSS","M","M","?","?","M","R","E","R","T","E","M","$","R","E","R","BOSS"],"items_purchased_type":["Relic","Card","Relic","Relic","Card","Card","Card","Card","Card"],"build_version":"2020-12-13","purchased_purges":3,"victory":true,"max_hp_per_floor":[80,80,80,80,80,80,80,80,80,80,80,80,80,80,80,80,80,80,80,80,80,80,80,80,80,80,80,80,80,80,80,80,80,80,80,80,80,80,80,80,80,80,80,80,80,80,80,83,83,83],"relic_stats":{"counters":[25,89],"Magic Flower":[32],"Eternal Feather":105,"Pen Nib":[3],"Bag of Preparation":[2],"Juzu Bracelet":0,"Burning Blood":168,"Peace Pipe":0,"Lizard Tail":0,"Dream Catcher":4,"Tiny Chest":1,"Pandora\u0027s Box":["Metallicize","Offering","Iron Wave","Carnage","Sword Boomerang","Burning Pact","Power Through","Disarm","Anger"],"MealTicket":15,"Black Star":3,"obtain_stats":[{"Magic Flower":37,"Bag of Preparation":48,"Juzu Bracelet":48,"Burning Blood":0,"ClockworkSouvenir":2,"Lizard Tail":23,"Dream Catcher":25,"Matryoshka":12,"Tiny Chest":7,"MealTicket":41,"Red Mask":21,"Red Skull":2,"Potion Belt":43,"Oddly Smooth Stone":27,"Eternal Feather":9,"Thread and Needle":44,"Pen Nib":44,"Omamori":27,"Frozen Egg 2":29,"White Beast Statue":26,"Peace Pipe":26,"Pandora\u0027s Box":17,"Molten Egg 2":41,"Bag of Marbles":13,"Black Star":34},{"Magic Flower":19,"Bag of Preparation":24,"Juzu Bracelet":24,"Burning Blood":0,"ClockworkSouvenir":1,"Lizard Tail":11,"Dream Catcher":12,"Matryoshka":5,"Tiny Chest":3,"MealTicket":21,"Red Mask":9,"Red Skull":1,"Potion Belt":21,"Oddly Smooth Stone":12,"Eternal Feather":3,"Thread and Needle":22,"Pen Nib":22,"Omamori":12,"Frozen Egg 2":14,"White Beast Statue":12,"Peace Pipe":12,"Pandora\u0027s Box":7,"Molten Egg 2":21,"Bag of Marbles":5,"Black Star":16},{"Magic Flower":59,"Bag of Preparation":82,"Juzu Bracelet":82,"Burning Blood":0,"ClockworkSouvenir":4,"Lizard Tail":38,"Dream Catcher":39,"Matryoshka":19,"Tiny Chest":12,"MealTicket":68,"Red Mask":33,"Red Skull":4,"Potion Belt":68,"Oddly Smooth Stone":39,"Eternal Feather":12,"Thread and Needle":73,"Pen Nib":73,"Omamori":39,"Frozen Egg 2":45,"White Beast Statue":39,"Peace Pipe":39,"Pandora\u0027s Box":29,"Molten Egg 2":68,"Bag of Marbles":19,"Black Star":51}]},"card_choices":[{"not_picked":["Second Wind","Warcry"],"picked":"Heavy Blade","floor":1.0},{"not_picked":["Pommel Strike","Feel No Pain"],"picked":"Thunderclap","floor":4.0},{"not_picked":["Flame Barrier","Twin Strike"],"picked":"Dropkick","floor":7.0},{"not_picked":["Searing Blow","Combust","Armaments"],"picked":"SKIP","floor":11.0},{"not_picked":["Warcry","Rupture","Clash"],"picked":"SKIP","floor":12.0},{"not_picked":["Searing Blow","Battle Trance"],"picked":"Whirlwind","floor":14.0},{"not_picked":["Corruption","Demon Form"],"picked":"Impervious","floor":16.0},{"not_picked":["Headbutt","Clothesline+1"],"picked":"Flex+1","floor":18.0},{"not_picked":["Ghostly Armor","Rampage"],"picked":"Armaments+1","floor":21.0},{"not_picked":["Clash","Headbutt"],"picked":"Sword Boomerang+1","floor":22.0},{"not_picked":["Warcry","Inflame"],"picked":"Feed","floor":23.0},{"not_picked":["Sword Boomerang","Armaments"],"picked":"Dropkick","floor":25.0},{"not_picked":["Body Slam","Thunderclap"],"picked":"Shrug It Off","floor":28.0},{"not_picked":["Searing Blow","Clash","Anger"],"picked":"SKIP","floor":29.0},{"not_picked":["Shrug It Off","Blood for Blood+1"],"picked":"Limit Break","floor":31.0},{"not_picked":["Brutality+1","Feed"],"picked":"Immolate","floor":33.0},{"not_picked":["Sentinel+1","Carnage"],"picked":"Shrug It Off+1","floor":35.0},{"not_picked":["Carnage+1","Perfected Strike+1","Anger"],"picked":"SKIP","floor":36.0},{"not_picked":["Headbutt","Reckless Charge+1"],"picked":"Shrug It Off","floor":39.0},{"not_picked":["Dark Embrace+1","Rupture+1","Entrench+1"],"picked":"SKIP","floor":41},{"not_picked":["Heavy Blade+1","Cleave+1"],"picked":"Pommel Strike+1","floor":42},{"not_picked":["Havoc+1","Evolve+1"],"picked":"Disarm+1","floor":44},{"not_picked":["Twin Strike+1","Headbutt+1"],"picked":"Inflame+1","floor":45},{"not_picked":["Barricade+1","Cleave+1","Armaments+1"],"picked":"SKIP","floor":48}],"player_experience":1965939,"relics_obtained":[{"floor":7.0,"key":"Tiny Chest"},{"floor":9.0,"key":"Eternal Feather"},{"floor":12.0,"key":"Matryoshka"},{"floor":21.0,"key":"Red Mask"},{"floor":23.0,"key":"Lizard Tail"},{"floor":25.0,"key":"Dream Catcher"},{"floor":26.0,"key":"White Beast Statue"},{"floor":26.0,"key":"Peace Pipe"},{"floor":27.0,"key":"Oddly Smooth Stone"},{"floor":27.0,"key":"Omamori"},{"floor":29.0,"key":"Frozen Egg 2"},{"floor":37.0,"key":"Magic Flower"},{"floor":41,"key":"MealTicket"},{"floor":41,"key":"Molten Egg 2"},{"floor":43,"key":"Potion Belt"},{"floor":44,"key":"Thread and Needle"},{"floor":44,"key":"Pen Nib"},{"floor":48,"key":"Bag of Preparation"},{"floor":48,"key":"Juzu Bracelet"}],"event_choices":[{"damage_healed":0.0,"max_hp_gain":0.0,"max_hp_loss":0.0,"gold_gain":75.0,"event_name":"World of Goop","player_choice":"Gather Gold","floor":3.0,"gold_loss":0.0,"damage_taken":11.0},{"damage_healed":0.0,"max_hp_gain":0.0,"max_hp_loss":0.0,"gold_gain":65.0,"event_name":"Golden Wing","player_choice":"Gained Gold","floor":5.0,"gold_loss":0.0,"damage_taken":0.0},{"damage_healed":0.0,"max_hp_gain":0.0,"max_hp_loss":0.0,"gold_gain":0.0,"event_name":"Shining Light","player_choice":"Entered Light","floor":8.0,"gold_loss":0.0,"damage_taken":16.0,"cards_upgraded":["Heavy Blade","Thunderclap"]},{"damage_healed":0.0,"max_hp_gain":0.0,"max_hp_loss":0.0,"gold_gain":0.0,"event_name":"Ghosts","player_choice":"Ignored","floor":19.0,"gold_loss":0.0,"damage_taken":0.0},{"damage_healed":0.0,"max_hp_gain":0.0,"max_hp_loss":0.0,"gold_gain":0.0,"event_name":"Masked Bandits","player_choice":"Fought Bandits","floor":21.0,"gold_loss":0.0,"damage_taken":0.0},{"damage_healed":0.0,"max_hp_gain":0.0,"max_hp_loss":0.0,"gold_gain":0.0,"event_name":"Nest","player_choice":"Joined the Cult","floor":30.0,"gold_loss":0.0,"damage_taken":6.0,"cards_obtained":["RitualDagger"]},{"damage_healed":0.0,"max_hp_gain":0.0,"max_hp_loss":0.0,"gold_gain":0.0,"event_name":"Mysterious Sphere","player_choice":"Fight","floor":37.0,"gold_loss":0.0,"damage_taken":0.0},{"cards_removed":["Metallicize"],"damage_healed":0.0,"max_hp_gain":0.0,"max_hp_loss":0.0,"gold_gain":0.0,"event_name":"Falling","player_choice":"Removed Power","floor":38.0,"gold_loss":0.0,"damage_taken":0.0}],"is_beta":false,"boss_relics":[{"not_picked":["Philosopher\u0027s Stone","Empty Cage"],"picked":"Pandora\u0027s Box"},{"not_picked":["SlaversCollar","SacredBark"],"picked":"Black Star"}],"items_purged_floors":[13,20,46],"is_endless":false,"potions_floor_spawned":[7,11,14,18,21,28,29,31,33,35,36,37,39,41,44,45,48],"ascension_level":9}}