{"host":"cwd5s03r1oaxs6mx","time":1607950936,"event":{"mods":["Act Like it!","BaseMod","Better Third Choice","BetterRewards","CapriCore","Card Filter","Colored Map","Custom Start","DeckTracker","Friendly Minions","Hubris","Infinite Spire","Minty Spire (QoL Compilation)","Quick Restart","Relic Stats","Shop Mod","Spicy Shops","StSLib","SuperFastMode"],"gold_per_floor":[114,35,35,35,35,35,35,68,368,388,418,418,418,418],"floor_reached":13,"playtime":391,"items_purged":["Defend_R","Strike_R","Strike_R"],"score":178,"play_id":"1f55eb70-28d1-4120-80ed-3fcf7c73e0e5","local_time":"20201214220216","is_ascension_mode":true,"campfire_choices":[{"data":"Dual Wield","floor":6,"key":"SMITH"},{"data":"Flash of Steel","floor":12,"key":"SMITH"}],"circlet_count":0,"master_deck":["AscendersBane","Strike_R","Strike_R+1","Strike_R","Defend_R","Defend_R","Defend_R","Bash","Clash","Sever Soul","Feel No Pain","Panache","Feel No Pain+1","Dual Wield+1","Flash of Steel+1","Decay","Feed"],"relics":["Burning Blood","Membership Card","infinitespire:Joker Card","Old Coin","infinitespire:PuzzleCube"],"acts_visited":["Exordium"],"potions_floor_usage":[13],"damage_taken":[{"damage":6,"enemies":"2 Louse","floor":1,"turns":3},{"damage":20,"enemies":"Gremlin Nob","floor":8,"turns":4},{"damage":7,"enemies":"Small Slimes","floor":10,"turns":3},{"damage":22,"enemies":"3 Sentries","floor":11,"turns":11},{"damage":20,"enemies":"Lagavulin","floor":13,"turns":4}],"seed_played":"1094019922598676467","potions_obtained":[{"floor":1,"key":"SpeedPotion"},{"floor":8,"key":"EssenceOfSteel"}],"is_trial":false,"path_per_floor":["M","$","?","?","?","R","?","E","T","M","E","R","E"],"character_chosen":"IRONCLAD","items_purchased":["Clash","Membership Card","Sever Soul","Feel No Pain","Panache","Feel No Pain","Flash of Steel"],"campfire_rested":0,"item_purchase_floors":[0,0,0,0,0,0,2],"current_hp_per_floor":[68,68,68,45,50,50,50,36,36,35,19,19,0,0],"gold":418,"neow_bonus":"","is_daily":false,"chose_seed":false,"campfire_upgraded":2,"win_rate":0.0,"timestamp":1607950936,"path_taken":["M","$","?","?","?","R","?","E","T","M","E","R","E"],"items_purchased_type":["Card","Relic","Card","Card","Card","Card","Card"],"build_version":"2020-12-13","purchased_purges":3,"victory":false,"max_hp_per_floor":[75,75,75,75,80,80,80,80,80,80,80,80,80,80],"relic_stats":{"counters":[51,149],"obtain_stats":[{"hubris:SlimyHat":0,"Bottled Tornado":55,"hubris:MysteriousPyramids":6,"Empty Cage":17,"Burning Blood":0,"Old Coin":9,"hubris:Backtick":34,"Matryoshka":26,"Mummified Hand":8,"Red Mask":19,"Chemical X":0,"infinitespire:Eraser":46,"InkBottle":42,"Paper Frog":26,"Girya":37,"Blue Candle":23,"Oddly Smooth Stone":9,"PreservedInsect":3,"Pen Nib":6,"hubris:MedicalManual":40,"infinitespire:Joker Card":8,"infinitespire:Magic Flask":0,"Frozen Egg 2":0,"Medical Kit":12,"hubris:TenFootPole":11,"Membership Card":0,"hubris:OldNail":12,"hubris:Potato":34,"infinitespire:PuzzleCube":0,"Meat on the Bone":0,"hubris:Reverence":27},{"hubris:SlimyHat":29,"Bottled Tornado":28,"hubris:MysteriousPyramids":34,"Empty Cage":10,"Burning Blood":0,"Old Coin":48,"hubris:Backtick":18,"Matryoshka":44,"Mummified Hand":35,"Red Mask":40,"Chemical X":0,"infinitespire:Eraser":24,"InkBottle":22,"Paper Frog":15,"Girya":20,"Blue Candle":14,"Oddly Smooth Stone":6,"PreservedInsect":2,"Pen Nib":5,"hubris:MedicalManual":21,"infinitespire:Joker Card":48,"infinitespire:Magic Flask":29,"Frozen Egg 2":29,"Medical Kit":7,"hubris:TenFootPole":7,"Membership Card":29,"hubris:OldNail":7,"hubris:Potato":18,"infinitespire:PuzzleCube":29,"Meat on the Bone":29,"hubris:Reverence":45},{"hubris:SlimyHat":67,"Bottled Tornado":62,"hubris:MysteriousPyramids":79,"Empty Cage":23,"Burning Blood":0,"Old Coin":131,"hubris:Backtick":39,"Matryoshka":115,"Mummified Hand":83,"Red Mask":100,"Chemical X":0,"infinitespire:Eraser":52,"InkBottle":48,"Paper Frog":32,"Girya":44,"Blue Candle":31,"Oddly Smooth Stone":15,"PreservedInsect":6,"Pen Nib":11,"hubris:MedicalManual":46,"infinitespire:Joker Card":131,"infinitespire:Magic Flask":67,"Frozen Egg 2":67,"Medical Kit":16,"hubris:TenFootPole":16,"Membership Card":67,"hubris:OldNail":16,"hubris:Potato":39,"infinitespire:PuzzleCube":67,"Meat on the Bone":67,"hubris:Reverence":118}],"Burning Blood":276},"card_choices":[{"not_picked":["Body Slam","Dropkick"],"picked":"Dual Wield","floor":1},{"not_picked":["Armaments","Wild Strike","Inflame"],"picked":"SKIP","floor":8},{"not_picked":["Burning Pact","Twin Strike","Warcry"],"picked":"SKIP","floor":10},{"not_picked":["Searing Blow","Shockwave"],"picked":"Feed","floor":11}],"player_experience":912049,"relics_obtained":[{"floor":8,"key":"infinitespire:Joker Card"},{"floor":9,"key":"Old Coin"},{"floor":11,"key":"infinitespire:PuzzleCube"}],"event_choices":[{"damage_healed":68,"gold_gain":0,"player_choice":"Upgrade","damage_taken":23,"max_hp_gain":0,"max_hp_loss":75,"event_name":"betterThird:BetterShining","floor":4,"gold_loss":0,"cards_upgraded":["Feel No Pain","Strike_R"]},{"damage_healed":0,"gold_gain":0,"player_choice":"Donut","damage_taken":0,"max_hp_gain":5,"max_hp_loss":0,"event_name":"Big Fish","floor":5,"gold_loss":0},{"damage_healed":0,"gold_gain":0,"player_choice":"Cursed","damage_taken":0,"max_hp_gain":0,"max_hp_loss":0,"event_name":"Wheel of Change","floor":7,"gold_loss":0,"cards_obtained":["Decay"]}],"is_beta":false,"boss_relics":[],"items_purged_floors":[0,0,0],"is_endless":false,"potions_floor_spawned":[1,8],"killed_by":"Lagavulin","ascension_level":20}}