{"host":"1rcu5ixl4icqax5v","time":1607973298,"event":{"mods":["BaseMod","Bestiary","Block Reminder","Colored Map","DeckTracker","Highlight Path","Minty Spire (QoL Compilation)","Quick Restart","Relic Sorter","Relic Stats"],"gold_per_floor":[119,137,137,157,157,188,73,73,96,171,204,215,227,237,237,337,337,349,349,360,20,36,67,67,67,67,67,67],"floor_reached":27,"playtime":1831,"items_purged":["Strike_G","Writhe"],"score":352,"play_id":"6405d0dd-2119-42f2-989f-87f17252d932","local_time":"20201214221458","is_ascension_mode":true,"campfire_choices":[{"data":"Noxious Fumes","floor":8.0,"key":"SMITH"},{"data":"Well Laid Plans","floor":15.0,"key":"SMITH"},{"data":"Neutralize","floor":25,"key":"SMITH"}],"circlet_count":0,"master_deck":["Strike_G","Strike_G","Strike_G","Defend_G","Defend_G","Defend_G","Defend_G","Defend_G","Survivor","Neutralize+1","Infinite Blades+1","Leg Sweep","Deadly Poison","Crippling Poison","Noxious Fumes+1","Well Laid Plans+1","Bouncing Flask","Dagger Throw","Corpse Explosion","Flying Knee+1","Dodge and Roll","Acrobatics"],"relics":["Coffee Dripper","Bag of Preparation","Toy Ornithopter","Gremlin Horn","Black Star","Incense Burner","Bottled Tornado","Potion Belt","Mango","Toxic Egg 2"],"acts_visited":["Exordium","TheCity"],"potions_floor_usage":[27],"damage_taken":[{"damage":7.0,"enemies":"Jaw Worm","floor":1.0,"turns":5.0},{"damage":1.0,"enemies":"2 Louse","floor":2.0,"turns":3.0},{"damage":0.0,"enemies":"Small Slimes","floor":4.0,"turns":5.0},{"damage":0.0,"enemies":"Lagavulin","floor":6.0,"turns":7.0},{"damage":0.0,"enemies":"3 Sentries","floor":11.0,"turns":6.0},{"damage":0.0,"enemies":"2 Fungi Beasts","floor":12.0,"turns":4.0},{"damage":0.0,"enemies":"Large Slime","floor":13.0,"turns":5.0},{"damage":0.0,"enemies":"Exordium Thugs","floor":14.0,"turns":4.0},{"damage":13.0,"enemies":"Hexaghost","floor":16.0,"turns":6.0},{"damage":0.0,"enemies":"Chosen","floor":18.0,"turns":5.0},{"damage":3.0,"enemies":"2 Thieves","floor":20.0,"turns":4.0},{"damage":14.0,"enemies":"Snake Plant","floor":22.0,"turns":5.0},{"damage":26.0,"enemies":"Slavers","floor":23.0,"turns":3.0},{"damage":46,"enemies":"Book of Stabbing","floor":27,"turns":5}],"seed_played":"-3202747243355496996","potions_obtained":[{"floor":2.0,"key":"SpeedPotion"},{"floor":4.0,"key":"Poison Potion"},{"floor":13.0,"key":"SkillPotion"},{"floor":14.0,"key":"Poison Potion"},{"floor":23.0,"key":"PowerPotion"}],"is_trial":false,"path_per_floor":["M","M","?","M","?","E","$","R","T","?","E","M","M","M","R","B",null,"M","?","M","$","M","E","?","R","T","E"],"character_chosen":"THE_SILENT","items_purchased":["Noxious Fumes","Bottled Tornado"],"campfire_rested":0,"item_purchase_floors":[7,21],"current_hp_per_floor":[63,62,62,62,55,55,55,55,55,44,44,44,44,44,44,41,70,70,70,67,67,53,41,41,41,41,0,0],"gold":67,"neow_bonus":"BOSS_RELIC","is_daily":false,"chose_seed":false,"campfire_upgraded":3,"win_rate":0.0,"timestamp":1607973298,"path_taken":["M","M","?","M","?","E","$","R","T","?","E","M","M","M","R","BOSS","M","?","M","$","M","E","?","R","T","E"],"items_purchased_type":["Card","Relic"],"build_version":"2020-12-13","purchased_purges":2,"victory":false,"max_hp_per_floor":[70,70,70,70,70,70,70,70,70,70,70,70,70,70,70,70,70,70,70,70,70,70,84,84,84,84,84,84],"relic_stats":{"Gremlin Horn":[2,2],"counters":[14,67],"Bag of Preparation":[20],"Black Star":1,"obtain_stats":[{"Potion Belt":23,"Gremlin Horn":11,"Mango":23,"Coffee Dripper":0,"Bag of Preparation":6,"Black Star":17,"Incense Burner":19,"Bottled Tornado":21,"Toxic Egg 2":26,"Toy Ornithopter":9,"Ring of the Snake":0},{"Potion Belt":13,"Gremlin Horn":5,"Mango":13,"Coffee Dripper":0,"Bag of Preparation":4,"Black Star":9,"Incense Burner":10,"Bottled Tornado":11,"Toxic Egg 2":13,"Toy Ornithopter":4,"Ring of the Snake":0},{"Potion Belt":62,"Gremlin Horn":26,"Mango":62,"Coffee Dripper":0,"Bag of Preparation":20,"Black Star":45,"Incense Burner":50,"Bottled Tornado":54,"Toxic Egg 2":62,"Toy Ornithopter":20,"Ring of the Snake":0}],"Toy Ornithopter":15},"card_choices":[{"not_picked":["Prepared","Heel Hook"],"picked":"Infinite Blades","floor":1.0},{"not_picked":["Bane","Accuracy"],"picked":"Leg Sweep","floor":2.0},{"not_picked":["Deflect","Dagger Spray"],"picked":"Deadly Poison","floor":4.0},{"not_picked":["Bouncing Flask","PiercingWail"],"picked":"Crippling Poison","floor":6.0},{"not_picked":["Die Die Die","Masterful Stab"],"picked":"Well Laid Plans","floor":11.0},{"not_picked":["Poisoned Stab","Reflex"],"picked":"Bouncing Flask","floor":12.0},{"not_picked":["Outmaneuver","Backstab"],"picked":"Dagger Throw","floor":13.0},{"not_picked":["Underhanded Strike","Quick Slash","Dagger Throw"],"picked":"SKIP","floor":14.0},{"not_picked":["Unload","Phantasmal Killer"],"picked":"Corpse Explosion","floor":16.0},{"not_picked":["Underhanded Strike","Quick Slash+1"],"picked":"Flying Knee+1","floor":18.0},{"not_picked":["Masterful Stab+1","Finisher","Riddle With Holes"],"picked":"SKIP","floor":20.0},{"not_picked":["Skewer","Finisher"],"picked":"Dodge and Roll","floor":22.0},{"not_picked":["Endless Agony","Poisoned Stab+1"],"picked":"Acrobatics","floor":23.0}],"player_experience":636870,"relics_obtained":[{"floor":6.0,"key":"Bag of Preparation"},{"floor":9.0,"key":"Toy Ornithopter"},{"floor":11.0,"key":"Gremlin Horn"},{"floor":23.0,"key":"Potion Belt"},{"floor":23.0,"key":"Mango"},{"floor":26,"key":"Toxic Egg 2"}],"event_choices":[{"damage_healed":0.0,"max_hp_gain":0.0,"max_hp_loss":0.0,"gold_gain":0.0,"event_name":"Living Wall","player_choice":"Grow","floor":3.0,"gold_loss":0.0,"damage_taken":0.0,"cards_upgraded":["Infinite Blades"]},{"cards_removed":["Strike_G"],"damage_healed":0.0,"max_hp_gain":0.0,"max_hp_loss":0.0,"gold_gain":0.0,"event_name":"Golden Wing","player_choice":"Card Removal","floor":5.0,"gold_loss":0.0,"damage_taken":7.0},{"damage_healed":0.0,"max_hp_gain":0.0,"max_hp_loss":0.0,"gold_gain":75.0,"event_name":"World of Goop","player_choice":"Gather Gold","floor":10.0,"gold_loss":0.0,"damage_taken":11.0},{"damage_healed":0.0,"max_hp_gain":0.0,"max_hp_loss":0.0,"gold_gain":0.0,"event_name":"The Mausoleum","player_choice":"Opened","floor":19.0,"gold_loss":0.0,"damage_taken":0.0,"relics_obtained":["Incense Burner"],"cards_obtained":["Writhe"]},{"damage_healed":0.0,"max_hp_gain":0.0,"max_hp_loss":0.0,"gold_gain":0.0,"event_name":"Cursed Tome","player_choice":"Ignored","floor":24.0,"gold_loss":0.0,"damage_taken":0.0}],"is_beta":false,"boss_relics":[{"not_picked":["WristBlade","Cursed Key"],"picked":"Black Star"}],"items_purged_floors":[7,21],"is_endless":false,"potions_floor_spawned":[2,4,13,14,23],"killed_by":"Book of Stabbing","ascension_level":4}}