{"host":"gbop6m4qugddaz18","time":1607977136,"event":{"mods":["2.2 Compatiblity","BaseMod","Better Third Choice","Block Reminder","Downfall","GifTheSpireLib","Highlight Path","Minty Spire (QoL Compilation)","Replay The Spire","StSLib"],"gold_per_floor":[99,434,534,534,534,534,534,534,534,560,577,592,603,603,621,718,768,768,787,787,787],"floor_reached":20,"playtime":677,"items_purged":[],"score":205,"play_id":"66515d16-9a3a-488e-8a7e-6a91d60a64f2","local_time":"20201214151856","is_ascension_mode":false,"campfire_choices":[{"data":"hexamod:Float","floor":1,"key":"SMITH"},{"data":"hexamod:BurningTouch","floor":4,"key":"SMITH"},{"data":"hexamod:ThermalTransfer","floor":9,"key":"SMITH"},{"data":"hexamod:GhostShield","floor":18,"key":"SMITH"}],"circlet_count":0,"master_deck":["hexamod:Strike","hexamod:Strike","hexamod:Strike","hexamod:Strike","hexamod:Defend","hexamod:Defend","hexamod:Defend","hexamod:Defend","hexamod:Sear","hexamod:Float+1","hexamod:BurningTouch+1","hexamod:ThermalTransfer+1","Pain","hexamod:Firestarter","hexamod:GhostShield","hexamod:GhostShield+1","hexamod:SuperheatedStrike+1","hexamod:DynamicBlow+1","hexamod:BurningTouch","hexamod:FifthSeal","hexamod:Hexaguard","hexamod:SixthSeal","hexamod:ThirdSeal"],"relics":["hexamod:SpiritBrand","downfall:HeartsMalice","Old Coin","WarpedTongs","ReplayTheSpireMod:TigerMarble","Letter Opener","Tiny House"],"acts_visited":["Exordium","TheCity"],"potions_floor_usage":[13,16,16,19,20,20],"damage_taken":[{"damage":0,"enemies":"Gremlin Nob","floor":2,"turns":1},{"damage":0,"enemies":"Small Slimes","floor":5,"turns":1},{"damage":0,"enemies":"Cultist","floor":8,"turns":1},{"damage":30,"enemies":"Lagavulin","floor":10,"turns":6},{"damage":4,"enemies":"2 Louse","floor":11,"turns":3},{"damage":4,"enemies":"2 Fungi Beasts","floor":12,"turns":2},{"damage":17,"enemies":"Gremlin Gang","floor":13,"turns":3},{"damage":4,"enemies":"Exordium Wildlife","floor":15,"turns":4},{"damage":14,"enemies":"downfall:Silent","floor":16,"turns":5},{"damage":31,"enemies":"3 Byrds","floor":19,"turns":7},{"damage":49,"enemies":"Gremlin Leader","floor":20,"turns":5}],"seed_played":"-8395515113209599644","potions_obtained":[{"floor":2,"key":"SteroidPotion"},{"floor":13,"key":"Fruit Juice"},{"floor":15,"key":"SteroidPotion"},{"floor":16,"key":"Weak Potion"},{"floor":17,"key":"DistilledChaos"},{"floor":19,"key":"PowerPotion"}],"is_trial":false,"path_per_floor":["R","E","?","R","M","?","T","M","R","E","M","M","M","?","M","B",null,"R","M","E"],"character_chosen":"THE_SPIRIT","items_purchased":[],"campfire_rested":0,"item_purchase_floors":[],"current_hp_per_floor":[70,70,70,70,70,70,70,70,70,40,36,32,20,20,16,2,80,80,49,0,0],"gold":787,"neow_bonus":"THREE_ENEMY_KILL","is_daily":false,"chose_seed":false,"campfire_upgraded":4,"win_rate":0.0,"timestamp":1607977136,"path_taken":["R","E","?","R","M","?","T","M","R","E","M","M","?","?","M","BOSS","R","M","E"],"items_purchased_type":[],"build_version":"2020-12-13","purchased_purges":0,"victory":false,"max_hp_per_floor":[70,70,70,70,70,70,70,70,70,70,70,70,75,75,75,75,80,80,80,80,80],"card_choices":[{"not_picked":["hexamod:PhantomCloak","hexamod:NightmareStrike"],"picked":"hexamod:BurningTouch","floor":2},{"not_picked":["hexamod:EtherealExpedition","hexamod:BurningTouch"],"picked":"hexamod:ThermalTransfer","floor":5},{"not_picked":["hexamod:EtherealExpedition","hexamod:NightmareStrike"],"picked":"hexamod:Firestarter","floor":8},{"not_picked":["hexamod:GhostOfSpireFuture","hexamod:RecurringNightmare"],"picked":"hexamod:GhostShield","floor":10},{"not_picked":["hexamod:RainOfEmbers","hexamod:InspiringFlames"],"picked":"hexamod:GhostShield","floor":11},{"not_picked":["hexamod:GhostLash","hexamod:ThermalTransfer"],"picked":"hexamod:SuperheatedStrike","floor":12},{"not_picked":["hexamod:NightmareGuise","hexamod:NecessarySacrifice"],"picked":"hexamod:DynamicBlow","floor":13},{"not_picked":["hexamod:Again","hexamod:SpectersWail"],"picked":"hexamod:BurningTouch","floor":15},{"not_picked":["hexamod:TurnItUp","hexamod:SearingWound"],"picked":"hexamod:FifthSeal","floor":16},{"not_picked":["hexamod:FastForward","hexamod:GhostLash"],"picked":"hexamod:Hexaguard","floor":17},{"not_picked":["hexamod:ThirdSeal","hexamod:FifthSeal"],"picked":"hexamod:SixthSeal","floor":19},{"not_picked":["hexamod:SkipABeat","hexamod:HauntingEcho"],"picked":"hexamod:ThirdSeal","floor":19}],"player_experience":409958,"relics_obtained":[{"floor":2,"key":"Old Coin"},{"floor":7,"key":"ReplayTheSpireMod:TigerMarble"},{"floor":10,"key":"Letter Opener"}],"event_choices":[{"damage_healed":0,"gold_gain":0,"player_choice":"Rummage","damage_taken":0,"relics_obtained":["WarpedTongs"],"max_hp_gain":0,"max_hp_loss":0,"event_name":"Accursed Blacksmith","floor":6,"gold_loss":0,"cards_obtained":["Pain"]},{"damage_healed":0,"gold_gain":0,"player_choice":"Grow","damage_taken":0,"max_hp_gain":0,"max_hp_loss":0,"event_name":"Living Wall","floor":14,"gold_loss":0,"cards_upgraded":["hexamod:SuperheatedStrike"]}],"is_beta":false,"boss_relics":[{"not_picked":["SacredBark","Coffee Dripper"],"picked":"Tiny House"}],"items_purged_floors":[],"is_endless":false,"potions_floor_spawned":[2,13,15,16,19],"killed_by":"Gremlin Leader","ascension_level":0}}