{"host":"zsm7bdfo51n66z45","time":1607961561,"event":{"mods":["AchievementEnabler","BaseMod","Better Skull","Better Third Choice","Colored Powertips","Minty Spire (QoL Compilation)","MostiFishMod","Relic Stats","Spicy Shops","StSLib","Waifu the Spire"],"gold_per_floor":[111,126,126,146,146,177,195,195,195,239,274,293,45,58,58,183,183,204,10,10,31,44,44,84,84,84,84,84,84,104,104,104,224,224,238,256,324,324,348,388,400,491,529,557,592,604,629,664,676,688,700,712,86,126,126],"floor_reached":56,"playtime":1798,"items_purged":["Defend_G","Defend_G","Defend_G","Defend_G"],"score":1509,"play_id":"f71368d4-9f27-46b4-8cf6-089daaf0600b","local_time":"20201214095921","is_ascension_mode":false,"campfire_choices":[{"floor":8,"key":"REST"},{"data":"Reprogram","floor":15,"key":"SMITH"},{"data":"MostiFishMod:VineMother","floor":23,"key":"SMITH"},{"floor":32,"key":"REST"},{"floor":41,"key":"RECALL"},{"floor":46,"key":"REST"},{"data":"Riddle With Holes","floor":49,"key":"SMITH"},{"data":"Blade Dance","floor":52,"key":"SMITH"}],"circlet_count":0,"master_deck":["Strike_G","Strike_G","Strike_G","Strike_G","Strike_G","Defend_G","Survivor","Neutralize","Blade Dance","Flying Knee","Blade Dance+1","FlyingSleeves","Rip and Tear","Reprogram+1","Cleave","Sucker Punch","MostiFishMod:VineMother+1","Thunderclap","Riddle With Holes+1","FollowUp+1","Riddle With Holes","Rebound","Core Surge","Heavy Blade+1","Accuracy","Dagger Spray"],"relics":["Ring of the Snake","DaveBox","BirthdayGift-Icosahedron","Question Card","PrismaticShard","Golden Idol","Happy Flower","Singing Bowl","Toy Ornithopter","Nunchaku","Odd Mushroom","Frozen Eye","ImportantClient","BirthdayGift-Tetrahedron","Oddly Smooth Stone","Dream Catcher","Kunai","FeatherPendant","Mango","Du-Vu Doll","MawBank","PreservedInsect","SentryEyes","Bottled Lightning","Lantern","Strawberry"],"acts_visited":["Exordium","TheCity","TheBeyond","TheEnding"],"potions_floor_usage":[10,16,18,50,55,55],"damage_taken":[{"damage":0,"enemies":"2 Louse","floor":1,"turns":2},{"damage":0,"enemies":"Small Slimes","floor":2,"turns":2},{"damage":0,"enemies":"Jaw Worm","floor":4,"turns":2},{"damage":0,"enemies":"3 Sentries","floor":6,"turns":3},{"damage":10,"enemies":"Exordium Wildlife","floor":7,"turns":2},{"damage":13,"enemies":"Lagavulin","floor":10,"turns":3},{"damage":0,"enemies":"The Mushroom Lair","floor":11,"turns":2},{"damage":0,"enemies":"Blue Slaver","floor":12,"turns":2},{"damage":0,"enemies":"2 Fungi Beasts","floor":14,"turns":2},{"damage":18,"enemies":"The Guardian","floor":16,"turns":5},{"damage":0,"enemies":"Spheric Guardian","floor":18,"turns":1},{"damage":2,"enemies":"2 Thieves","floor":21,"turns":2},{"damage":6,"enemies":"Cultist and Chosen","floor":22,"turns":2},{"damage":7,"enemies":"Gremlin Leader","floor":24,"turns":2},{"damage":3,"enemies":"Chosen and Byrds","floor":30,"turns":2},{"damage":3,"enemies":"Champ","floor":33,"turns":3},{"damage":12,"enemies":"3 Shapes","floor":35,"turns":1},{"damage":0,"enemies":"3 Darklings","floor":36,"turns":1},{"damage":0,"enemies":"2 Orb Walkers","floor":37,"turns":1},{"damage":0,"enemies":"Writhing Mass","floor":39,"turns":1},{"damage":0,"enemies":"Giant Head","floor":40,"turns":1},{"damage":0,"enemies":"Sphere and 2 Shapes","floor":44,"turns":1},{"damage":7,"enemies":"4 Shapes","floor":45,"turns":1},{"damage":0,"enemies":"Spire Growth","floor":47,"turns":1},{"damage":0,"enemies":"3 Darklings","floor":48,"turns":1},{"damage":1,"enemies":"Donu and Deca","floor":50,"turns":2},{"damage":0,"enemies":"Shield and Spear","floor":54,"turns":1},{"damage":66,"enemies":"The Heart","floor":55,"turns":3}],"seed_played":"-5630224370888359393","potions_obtained":[{"floor":7,"key":"SteroidPotion"},{"floor":10,"key":"BlessingOfTheForge"},{"floor":11,"key":"Explosive Potion"},{"floor":14,"key":"Regen Potion"},{"floor":16,"key":"CunningPotion"},{"floor":21,"key":"GamblersBrew"},{"floor":24,"key":"AttackPotion"},{"floor":37,"key":"Strength Potion"}],"is_trial":false,"path_per_floor":["M","M","?","M","?","E","M","R","T","E","?","M","$","M","R","B",null,"M","$","?","M","M","R","E","?","T","$","$","?","M","?","R","B",null,"M","M","?","T","M","E","R","T","T","M","M","R","M","M","R","B",null,"R","$","E","B",null],"character_chosen":"THE_SILENT","items_purchased":["Frozen Eye","Sucker Punch","Oddly Smooth Stone","SentryEyes","Bottled Lightning","Lantern"],"campfire_rested":3,"item_purchase_floors":[13,13,19,53,53,53],"current_hp_per_floor":[77,77,71,71,66,67,58,71,71,61,62,63,63,66,66,54,75,75,75,75,74,71,71,67,67,67,67,67,67,65,65,79,77,79,70,71,88,88,89,92,92,92,92,95,91,105,107,109,109,109,109,109,109,116,58],"gold":126,"neow_bonus":"TEN_PERCENT_HP_BONUS","is_daily":false,"chose_seed":false,"campfire_upgraded":4,"win_rate":0.0,"timestamp":1607961561,"path_taken":["M","M","?","M","?","E","M","R","T","E","?","M","?","M","R","BOSS","M","$","?","M","M","R","E","?","T","?","$","?","?","?","R","BOSS","M","M","?","?","M","E","R","?","T","?","M","R","M","M","R","BOSS","R","$","E","BOSS"],"items_purchased_type":["Relic","Card","Relic","Relic","Relic","Relic"],"build_version":"2020-12-13","purchased_purges":4,"victory":true,"max_hp_per_floor":[77,77,71,71,71,71,71,71,71,73,73,73,73,75,75,75,75,75,75,75,75,77,77,79,79,79,79,79,79,79,79,79,79,79,81,81,97,97,97,99,99,99,99,101,103,105,107,109,109,109,109,109,109,116,116],"relic_stats":{"Happy Flower":[15],"Singing Bowl":24,"counters":[28,51],"Golden Idol":216,"PreservedInsect":68,"Question Card":27,"MawBank":156,"Nunchaku":[29],"Dream Catcher":2,"Kunai":[64],"obtain_stats":[{"Lantern":53,"DaveBox":0,"Singing Bowl":6,"Mango":37,"BirthdayGift-Icosahedron":0,"PrismaticShard":1,"Frozen Eye":13,"Nunchaku":10,"Dream Catcher":24,"Strawberry":54,"Kunai":26,"BirthdayGift-Tetrahedron":17,"Ring of the Snake":0,"ImportantClient":16,"Happy Flower":5,"Golden Idol":3,"Oddly Smooth Stone":19,"PreservedInsect":43,"Odd Mushroom":11,"Question Card":1,"MawBank":40,"Du-Vu Doll":38,"FeatherPendant":34,"SentryEyes":53,"Bottled Lightning":53,"Toy Ornithopter":9},{"Lantern":26,"DaveBox":0,"Singing Bowl":4,"Mango":19,"BirthdayGift-Icosahedron":0,"PrismaticShard":1,"Frozen Eye":8,"Nunchaku":6,"Dream Catcher":14,"Strawberry":27,"Kunai":14,"BirthdayGift-Tetrahedron":10,"Ring of the Snake":0,"ImportantClient":10,"Happy Flower":3,"Golden Idol":2,"Oddly Smooth Stone":11,"PreservedInsect":21,"Odd Mushroom":7,"Question Card":1,"MawBank":21,"Du-Vu Doll":19,"FeatherPendant":16,"SentryEyes":26,"Bottled Lightning":26,"Toy Ornithopter":5},{"Lantern":47,"DaveBox":0,"Singing Bowl":8,"Mango":39,"BirthdayGift-Icosahedron":0,"PrismaticShard":1,"Frozen Eye":17,"Nunchaku":13,"Dream Catcher":31,"Strawberry":48,"Kunai":31,"BirthdayGift-Tetrahedron":24,"Ring of the Snake":0,"ImportantClient":24,"Happy Flower":5,"Golden Idol":3,"Oddly Smooth Stone":25,"PreservedInsect":41,"Odd Mushroom":15,"Question Card":1,"MawBank":41,"Du-Vu Doll":39,"FeatherPendant":36,"SentryEyes":47,"Bottled Lightning":47,"Toy Ornithopter":10}],"Toy Ornithopter":12,"Ring of the Snake":[56]},"card_choices":[{"not_picked":["Dagger Throw","Noxious Fumes"],"picked":"Blade Dance","floor":1},{"not_picked":["Consecrate","CutThroughFate","Adaptation"],"picked":"Flying Knee","floor":2},{"not_picked":["FlurryOfBlows","MostiFishMod:404NotFound","Sweeping Beam"],"picked":"Blade Dance","floor":4},{"not_picked":["Dramatic Entrance","Pommel Strike","Conclude"],"picked":"FlyingSleeves","floor":6},{"not_picked":["Perseverance","Scrape","Barrage"],"picked":"Rip and Tear","floor":7},{"not_picked":["Outmaneuver","Hologram","Anger","Consecrate"],"picked":"Singing Bowl","floor":10},{"not_picked":["MostiFishMod:Listen","Nirvana","Swift Strike"],"picked":"Reprogram","floor":11},{"not_picked":["Masterful Stab","Sword Boomerang","Stack"],"picked":"Cleave","floor":12},{"not_picked":["Sucker Punch","BowlingBash","Clash","Pommel Strike"],"picked":"Singing Bowl","floor":14},{"not_picked":["Meteor Strike","MostiFishMod:DawningShadow","MostiFishMod:NewArrival"],"picked":"MostiFishMod:VineMother","floor":16},{"not_picked":["Predator","Leg Sweep","Turbo"],"picked":"Thunderclap","floor":18},{"not_picked":["Warcry+1","Stack+1","Underhanded Strike"],"picked":"FollowUp+1","floor":21},{"not_picked":["Rampage","Warcry","Flying Knee","Rebound+1"],"picked":"Singing Bowl","floor":22},{"not_picked":["Deflect","Hologram","SashWhip","Burst"],"picked":"Singing Bowl","floor":24},{"not_picked":["Go for the Eyes","SashWhip+1","Headbutt"],"picked":"Riddle With Holes","floor":30},{"not_picked":["Seeing Red","Slice","Halt+1"],"picked":"Rebound","floor":32},{"not_picked":["MostiFishMod:MemoryFragments","MostiFishMod:StarLaLaLa","A Thousand Cuts"],"picked":"Core Surge","floor":33},{"not_picked":["Rampage","Sweeping Beam","CutThroughFate+1","Expertise"],"picked":"Singing Bowl","floor":35},{"not_picked":["Clothesline+1","Thunderclap","WreathOfFlame+1"],"picked":"Heavy Blade+1","floor":36},{"not_picked":["Thunderclap","Indignation+1","Body Slam","Dagger Throw+1"],"picked":"Singing Bowl","floor":37},{"not_picked":["Bane","Deadly Poison+1","Bouncing Flask+1"],"picked":"Accuracy","floor":39},{"not_picked":["DeusExMachina","Anger","Go for the Eyes","Havoc"],"picked":"Singing Bowl","floor":40},{"not_picked":["Armaments","ReachHeaven+1","Steam Power","Mayhem"],"picked":"Singing Bowl","floor":44},{"not_picked":["DeceiveReality","Capacitor","Headbutt+1","BowlingBash+1"],"picked":"Singing Bowl","floor":45},{"not_picked":["Quick Slash+1","Redo","Hologram+1","Clash+1"],"picked":"Singing Bowl","floor":46},{"not_picked":["Armaments","Flechettes","Shrug It Off","Sanctity+1"],"picked":"Singing Bowl","floor":47},{"not_picked":["Outmaneuver","PiercingWail+1","Panacea","Bane"],"picked":"Singing Bowl","floor":48},{"not_picked":["MostiFishMod:IntelligentEquipment","Weave","WindmillStrike"],"picked":"Dagger Spray","floor":54}],"player_experience":139749,"relics_obtained":[{"floor":1,"key":"Question Card"},{"floor":1,"key":"PrismaticShard"},{"floor":6,"key":"Singing Bowl"},{"floor":9,"key":"Toy Ornithopter"},{"floor":10,"key":"Nunchaku"},{"floor":11,"key":"Odd Mushroom"},{"floor":16,"key":"ImportantClient"},{"floor":24,"key":"Dream Catcher"},{"floor":26,"key":"Kunai"},{"floor":37,"key":"Mango"},{"floor":38,"key":"Du-Vu Doll"},{"floor":40,"key":"MawBank"},{"floor":43,"key":"PreservedInsect"},{"floor":54,"key":"Strawberry"}],"event_choices":[{"damage_healed":0,"gold_gain":0,"player_choice":"Lose Max HP","damage_taken":0,"relics_obtained":["Golden Idol"],"max_hp_gain":0,"max_hp_loss":6,"event_name":"Golden Idol","floor":3,"gold_loss":0},{"damage_healed":0,"gold_gain":0,"player_choice":"Relic ","damage_taken":5,"max_hp_gain":0,"max_hp_loss":0,"event_name":"betterThird:BetterScrap","floor":5,"gold_loss":0,"cards_obtained":["Flame Barrier"]},{"damage_healed":0,"gold_gain":0,"player_choice":"Fought Mushrooms","damage_taken":0,"max_hp_gain":0,"max_hp_loss":0,"event_name":"Mushrooms","floor":11,"gold_loss":0},{"damage_healed":0,"gold_gain":0,"player_choice":"Read","damage_taken":0,"max_hp_gain":0,"max_hp_loss":0,"event_name":"The Library","floor":20,"gold_loss":0,"cards_obtained":["Riddle With Holes"]},{"damage_healed":0,"gold_gain":0,"player_choice":"Ignored","damage_taken":0,"max_hp_gain":0,"max_hp_loss":0,"event_name":"Vampires","floor":25,"gold_loss":0},{"damage_healed":0,"gold_gain":0,"player_choice":"Ignored","damage_taken":0,"max_hp_gain":0,"max_hp_loss":0,"event_name":"Ghosts","floor":31,"gold_loss":0},{"damage_healed":0,"gold_gain":0,"player_choice":"Fight","damage_taken":0,"max_hp_gain":0,"max_hp_loss":0,"event_name":"Mysterious Sphere","floor":37,"gold_loss":0}],"is_beta":false,"boss_relics":[{"not_picked":["Cursed Key","Fusion Hammer"],"picked":"BirthdayGift-Tetrahedron"},{"not_picked":["SacredBark","FixedStarFall"],"picked":"FeatherPendant"}],"items_purged_floors":[13,19,53,53],"is_endless":false,"potions_floor_spawned":[7,10,11,14,16,21,24,35,37,44,48,54],"ascension_level":0}}