{"host":"zftkeu5v9gqs3wr3","time":1607947967,"event":{"mods":["Act Like it!","Bard","BaseMod","CapriCore","Elementarium","Gensokyo","Jorbs\u0027s Wanderer Trilogy","Mad Scientist","Minty Spire (QoL Compilation)","Potionbrewer","Rare Cards Sparkle","Shade Mod","StSLib","The Cursed","The Immortal","The Runesmith","TheSwordswoman"],"gold_per_floor":[109,109,123,8,8,8,33,49,49,69,69,69,83,95,95,197,197,213,228,228,228],"floor_reached":20,"playtime":1287,"items_purged":[],"score":176,"play_id":"0ea45763-5b7d-475e-863d-af2fede03ffa","local_time":"20201214121247","is_ascension_mode":false,"campfire_choices":[{"data":"bard:SongBolt","floor":6,"key":"SMITH"},{"floor":12,"key":"REST"},{"floor":15,"key":"REST"}],"circlet_count":0,"master_deck":["bard:Strike","bard:Strike","bard:Strike","bard:Strike+1","bard:Defend+1","bard:Defend","bard:Defend","bard:Defend","bard:Riposte","bard:Inspire","bard:SongBolt+1","bard:Shout","bard:Aphasia","bard:MantleOfInspiration","bard:InspiringSong","bard:Sift","bard:ViciousMockery","bard:PhantasmalForce","bard:FirstStrike","bard:MagnumOpus","bard:LingeringEcho","bard:LingeringEcho+1"],"relics":["bard:PitchPipe","bard:BagPipes","NeowsBlessing","InkBottle","Ancient Tea Set","Black Star"],"acts_visited":["Exordium","TheCity"],"potions_floor_usage":[10,11,16,19,20],"damage_taken":[{"damage":0,"enemies":"2 Louse","floor":1,"turns":2},{"damage":0,"enemies":"Small Slimes","floor":3,"turns":1},{"damage":13,"enemies":"3 Sentries","floor":7,"turns":3},{"damage":0,"enemies":"Jaw Worm","floor":8,"turns":2},{"damage":6,"enemies":"Large Slime","floor":10,"turns":2},{"damage":4,"enemies":"Large Slime","floor":11,"turns":4},{"damage":13,"enemies":"Blue Slaver","floor":13,"turns":3},{"damage":14,"enemies":"2 Fungi Beasts","floor":14,"turns":3},{"damage":3,"enemies":"Hexaghost","floor":16,"turns":12},{"damage":55,"enemies":"Spheric Guardian","floor":18,"turns":8},{"damage":10,"enemies":"Chosen","floor":19,"turns":4},{"damage":5,"enemies":"Snake Plant","floor":20,"turns":1}],"seed_played":"2547873058044503885","potions_obtained":[{"floor":1,"key":"Fire Potion"},{"floor":7,"key":"SkillPotion"},{"floor":10,"key":"SpeedPotion"},{"floor":13,"key":"PowerPotion"},{"floor":18,"key":"SteroidPotion"}],"is_trial":false,"path_per_floor":["M","?","M","$","?","R","E","M","T","M","?","R","M","M","R","B",null,"M","M","M"],"character_chosen":"BARD","items_purchased":["bard:Aphasia","bard:MantleOfInspiration"],"campfire_rested":2,"item_purchase_floors":[4,4],"current_hp_per_floor":[70,56,56,56,56,56,43,43,43,37,33,54,41,27,48,45,70,15,5,0,0],"gold":228,"neow_bonus":"THREE_ENEMY_KILL","is_daily":false,"chose_seed":false,"campfire_upgraded":1,"win_rate":0.0,"timestamp":1607947967,"path_taken":["M","?","M","$","?","R","E","M","T","M","?","R","M","M","R","BOSS","M","M","M"],"items_purchased_type":["Card","Card"],"build_version":"2020-12-13","purchased_purges":0,"victory":false,"max_hp_per_floor":[70,70,70,70,70,70,70,70,70,70,70,70,70,70,70,70,70,70,70,70,70],"card_choices":[{"not_picked":["bard:Heroism","bard:ViciousMockery"],"picked":"bard:SongBolt","floor":1},{"not_picked":["bard:Sift","bard:GreaterMagicWeapon"],"picked":"bard:Shout","floor":3},{"not_picked":["bard:Silence","bard:CuttingWords"],"picked":"bard:InspiringSong","floor":7},{"not_picked":["bard:Fermata","bard:SongBolt"],"picked":"bard:Sift","floor":8},{"not_picked":["bard:Balestra","bard:Gamble"],"picked":"bard:ViciousMockery","floor":10},{"not_picked":["bard:FingerOfDeath","bard:SongBolt"],"picked":"bard:PhantasmalForce","floor":13},{"not_picked":["bard:GlyphOfWarding","bard:BucklerBash"],"picked":"bard:FirstStrike","floor":14},{"not_picked":["bard:Haste","bard:Wish"],"picked":"bard:MagnumOpus","floor":16},{"not_picked":["bard:Balestra","bard:CuttingWords"],"picked":"bard:LingeringEcho","floor":18},{"not_picked":["bard:HarmoniousVoice+1","bard:Heroism+1"],"picked":"bard:LingeringEcho+1","floor":19}],"player_experience":53805,"relics_obtained":[{"floor":7,"key":"InkBottle"},{"floor":9,"key":"Ancient Tea Set"}],"event_choices":[{"damage_healed":0,"gold_gain":0,"player_choice":"Entered Light","damage_taken":14,"max_hp_gain":0,"max_hp_loss":0,"event_name":"Shining Light","floor":2,"gold_loss":0,"cards_upgraded":["bard:Defend","bard:Strike"]},{"damage_healed":0,"gold_gain":0,"player_choice":"Ignored","damage_taken":0,"max_hp_gain":0,"max_hp_loss":0,"event_name":"Liars Game","floor":5,"gold_loss":0}],"is_beta":false,"boss_relics":[{"not_picked":["Busted Crown","Runic Pyramid"],"picked":"Black Star"}],"items_purged_floors":[],"is_endless":false,"potions_floor_spawned":[1,7,10,13,18],"killed_by":"Snake Plant","ascension_level":0}}