{"host":"a3oe3gstxz77c7qu","time":1607978700,"event":{"mods":["2.2 Compatiblity","Act Like it!","BaseMod","Bestiary","Better Altar","Better Match","Better Note","Better Sensory Stone","Better Skull","Better Third Choice","Block Reminder","Conspire","Curses Come First","Custom Start","Downfall","Friendly Minions","GifTheSpireLib","Humility","Infinite Spire","Lobotomy","LobotomyExtend","Marisa????????","Minty Spire (QoL Compilation)","Permanent Neow","Quick Restart","Relic Stats","Replay The Spire","Robot Space Explorer","StSLib","The Blue Laboratory","Uncapped","Wandering Minibosses"],"gold_per_floor":[99,31,31,61,76,3,3,75,75,75,75,110,124,124,109,189,207,309,309,159,159,206,218,232,232,259,184,201,101,111,111,140,156,166,263,263,263,274,274,293,305,315,384,384,395,429,443,443,23,23,23,23],"floor_reached":51,"playtime":2375,"items_purged":["champ:ShieldSlam","champ:ArenaPreparation","champ:Defend","TT2Protocol"],"score":460,"play_id":"9820e59a-6ddf-400c-b31b-cf56f7c3c695","local_time":"20201214204500","is_ascension_mode":false,"campfire_choices":[{"floor":1.0,"key":"RECALL"},{"data":"champ:Taunt","floor":3.0,"key":"SMITH"},{"data":"champ:SteelEdge","floor":20.0,"key":"SMITH"},{"data":"champ:Encircle","floor":25.0,"key":"SMITH"},{"data":"champ:Encircle","floor":27.0,"key":"SMITH"},{"data":"champ:VampiricStrike","floor":37.0,"key":"SMITH"},{"data":"infinitespire:Gouge","floor":39.0,"key":"SMITH"},{"data":"champ:AdrenalArmor","floor":44.0,"key":"SMITH"}],"circlet_count":0,"master_deck":["champ:Strike","champ:Strike","champ:Strike","champ:Strike","champ:Defend+1","champ:Defend+1","champ:Defend","champ:Execute","champ:Taunt+1","champ:Encircle","champ:AdrenalArmor+1","champ:Encircle+1","champ:BerserkerStyle","champ:Encircle+1","champ:BerserkerStyle+1","champ:SteelEdge+1","champ:HeartStrike","champ:EnragedBash+1","champ:Shatter","infinitespire:Gouge+1","champ:FocusedBerserking","champ:VampiricStrike+1","champ:DeathBlow+1","champ:Encircle"],"relics":["champ:ChampionCrown","Replay:Baseball","LetterFromLob","Divine Protection","Bird Faced Urn","champ:LiftRelic","conspire:SpecialSausage","downfall:HeartBlessingGreen","downfall:HeartBlessingRed","HandDrill","downfall:HeartBlessingBlue","Chemical X","War Paint","Busted Crown","conspire:DecoderRing","Ornamental Fan","infinitespire:Golems Mask"],"acts_visited":["Exordium","TheCity","TheBeyond"],"potions_floor_usage":[],"damage_taken":[{"damage":10.0,"enemies":"downfall:FleeingMerchant","floor":2.0,"turns":4.0},{"damage":69.0,"enemies":"Gremlin Nob","floor":4.0,"turns":5.0},{"damage":13.0,"enemies":"Cultist","floor":5.0,"turns":2.0},{"damage":33.0,"enemies":"downfall:FleeingMerchant","floor":6.0,"turns":4.0},{"damage":39.0,"enemies":"Lagavulin","floor":12.0,"turns":4.0},{"damage":16.0,"enemies":"Small Slimes","floor":13.0,"turns":4.0},{"damage":30.0,"enemies":"downfall:FleeingMerchant","floor":15.0,"turns":4.0},{"damage":4.0,"enemies":"2 Louse","floor":17.0,"turns":2.0},{"damage":43.0,"enemies":"downfall:Ironclad","floor":18.0,"turns":4.0},{"damage":33.0,"enemies":"downfall:FleeingMerchant","floor":22.0,"turns":4.0},{"damage":39.0,"enemies":"3 Byrds","floor":23.0,"turns":3.0},{"damage":15.0,"enemies":"Chosen","floor":24.0,"turns":3.0},{"damage":27.0,"enemies":"Snecko","floor":28.0,"turns":3.0},{"damage":33.0,"enemies":"Cultist and Chosen","floor":30.0,"turns":2.0},{"damage":40.0,"enemies":"conspire:MimicChest","floor":32.0,"turns":4.0},{"damage":36.0,"enemies":"Sentry and Sphere","floor":33.0,"turns":4.0},{"damage":14.0,"enemies":"Shelled Parasite and Fungi","floor":34.0,"turns":2.0},{"damage":0.0,"enemies":"downfall:Defect","floor":35.0,"turns":1.0},{"damage":20.0,"enemies":"Orb Walker","floor":38.0,"turns":3.0},{"damage":51.0,"enemies":"3 Darklings","floor":40.0,"turns":5.0},{"damage":56.0,"enemies":"4 Shapes","floor":41.0,"turns":5.0},{"damage":3.0,"enemies":"Spire Growth","floor":42.0,"turns":2.0},{"damage":44.0,"enemies":"Maw","floor":45.0,"turns":4.0},{"damage":69.0,"enemies":"R_Hoarder","floor":46.0,"turns":5.0},{"damage":40.0,"enemies":"4 Shapes","floor":47.0,"turns":3.0},{"damage":63,"enemies":"Sphere and 2 Shapes","floor":51,"turns":3}],"seed_played":"-2915560320786738651","potions_obtained":[{"floor":5.0,"key":"Dexterity Potion"},{"floor":13.0,"key":"blueLaboratory:BottleOfRum"},{"floor":23.0,"key":"Venom Potion"},{"floor":28.0,"key":"sneckomod:MuddlingPotion"},{"floor":33.0,"key":"Strength Potion"}],"is_trial":false,"path_per_floor":["R","$","R","E","M","$","T","T","PTL","PTL","?","E","M","?","$","?","M","B",null,"R","?","$","M","M","R","T","R","M","$","M","AVR","?","M","M","B",null,"R","M","R","M","M","M","T","R","M","E","M","?","$","?","M"],"character_chosen":"THE_CHAMP","items_purchased":["champ:AdrenalArmor","champ:BerserkerStyle+1","champ:HeartStrike","HandDrill","infinitespire:Golems Mask"],"campfire_rested":0,"item_purchase_floors":[2,6,22,22,49],"current_hp_per_floor":[99,99,99,47,47,42,42,42,42,42,42,34,41,41,43,43,55,57,99,99,99,99,99,99,99,99,109,102,102,101,101,90,86,80,80,109,109,92,92,104,88,109,109,109,109,86,109,34,34,34,0,0],"gold":23,"neow_bonus":"TEN_PERCENT_HP_BONUS","is_daily":false,"chose_seed":false,"campfire_upgraded":7,"win_rate":0.0,"timestamp":1607978700,"path_taken":["R","$","R","E","M","$","T","?","PTL","PTL","?","E","?","?","$","?","M","BOSS","R","?","$","M","M","R","T","R","M","$","M","AVR","?","M","M","BOSS","R","?","R","M","M","M","T","R","?","E","M","?","?","?","M"],"items_purchased_type":["Card","Card","Card","Relic","Relic"],"build_version":"2020-12-13","purchased_purges":4,"victory":false,"max_hp_per_floor":[99,99,99,99,99,99,99,99,99,99,99,99,99,99,99,99,99,99,99,99,99,99,99,99,99,99,109,109,109,109,109,109,109,109,109,109,109,109,109,109,109,109,109,109,109,109,109,109,109,109,109,109],"relic_stats":{"Busted Crown":14,"counters":[26,89],"Ornamental Fan":[16],"Bird Faced Urn":[50],"HandDrill":[10],"Chemical X":[6],"War Paint":["champ:Defend","champ:Defend"],"obtain_stats":[{"Divine Protection":7,"downfall:HeartBlessingRed":20,"champ:ChampionCrown":0,"conspire:SpecialSausage":19,"downfall:HeartBlessingGreen":20,"War Paint":32,"Replay:Baseball":4,"Busted Crown":36,"downfall:HeartBlessingBlue":27,"Ornamental Fan":46,"Bird Faced Urn":12,"champ:LiftRelic":14,"conspire:DecoderRing":43,"infinitespire:Golems Mask":49,"LetterFromLob":4,"Garlic":8,"HandDrill":22,"Chemical X":31},{"Divine Protection":4,"downfall:HeartBlessingRed":9,"champ:ChampionCrown":0,"conspire:SpecialSausage":9,"downfall:HeartBlessingGreen":9,"War Paint":15,"Replay:Baseball":2,"Busted Crown":18,"downfall:HeartBlessingBlue":12,"Ornamental Fan":24,"Bird Faced Urn":5,"champ:LiftRelic":6,"conspire:DecoderRing":22,"infinitespire:Golems Mask":25,"LetterFromLob":2,"Garlic":4,"HandDrill":10,"Chemical X":14},{"Divine Protection":15,"downfall:HeartBlessingRed":33,"champ:ChampionCrown":0,"conspire:SpecialSausage":33,"downfall:HeartBlessingGreen":33,"War Paint":52,"Replay:Baseball":9,"Busted Crown":59,"downfall:HeartBlessingBlue":43,"Ornamental Fan":83,"Bird Faced Urn":19,"champ:LiftRelic":23,"conspire:DecoderRing":74,"infinitespire:Golems Mask":86,"LetterFromLob":9,"Garlic":15,"HandDrill":37,"Chemical X":48}]},"card_choices":[{"not_picked":["champ:FocusedDefense","champ:FanOfKnives"],"picked":"champ:Encircle","floor":2.0},{"not_picked":["champ:FlashCut","champ:Circumvent"],"picked":"champ:Encircle","floor":4.0},{"not_picked":["champ:Encircle","champ:IgnorePain"],"picked":"champ:BerserkerStyle","floor":5.0},{"not_picked":["champ:StanceDance","champ:CrookedStrike"],"picked":"champ:Encircle","floor":6.0},{"not_picked":["champ:PerfectedStrike","champ:Backstep","champ:BringItOn"],"picked":"SKIP","floor":12.0},{"not_picked":["champ:GutPunch","champ:CrookedStrike","champ:StanceDance"],"picked":"SKIP","floor":13.0},{"not_picked":["champ:TornadoPunch","champ:FocusedGladiator","champ:Lariat"],"picked":"SKIP","floor":15.0},{"not_picked":["champ:FaceSlap","champ:RapidStrikes"],"picked":"champ:ArenaPreparation","floor":17.0},{"not_picked":["champ:SwordThrow","champ:Devastate"],"picked":"champ:SteelEdge","floor":18.0},{"not_picked":["champ:GladiatorsShout+1","champ:BringItOn","champ:CrookedStrike"],"picked":"SKIP","floor":22.0},{"not_picked":["champ:TornadoPunch","champ:CrookedStrike"],"picked":"champ:EnragedBash+1","floor":23.0},{"not_picked":["champ:FalseCounter+1","champ:TornadoPunch","champ:PerfectedStrike"],"picked":"SKIP","floor":24.0},{"not_picked":["champ:ArenaPreparation","champ:PreciseThrust","champ:Shatter"],"picked":"SKIP","floor":28.0},{"not_picked":["champ:StanceDance","champ:Encircle"],"picked":"champ:Shatter","floor":30.0},{"not_picked":["champ:CalledShot","champ:TornadoPunch+1"],"picked":"champ:FocusedBerserking","floor":33.0},{"not_picked":["champ:FlashCut","champ:IronFortress","champ:FocusedGladiator"],"picked":"SKIP","floor":34.0},{"not_picked":["champ:ShieldThrow","champ:PerfectForm"],"picked":"champ:VampiricStrike","floor":35.0},{"not_picked":["champ:ViciousMockery+1"],"picked":"SKIP","floor":38.0},{"not_picked":["champ:BladeFlurry"],"picked":"SKIP","floor":40.0},{"not_picked":[],"picked":"champ:DeathBlow+1","floor":41.0},{"not_picked":[],"picked":"champ:Encircle","floor":42.0},{"not_picked":["champ:Haymaker+1"],"picked":"SKIP","floor":45.0},{"not_picked":["champ:BerserkerStyle+1"],"picked":"SKIP","floor":46.0},{"not_picked":["champ:DefensiveShout+1"],"picked":"SKIP","floor":47.0}],"player_experience":811105,"relics_obtained":[{"floor":4.0,"key":"Replay:Baseball"},{"floor":4.0,"key":"LetterFromLob"},{"floor":7.0,"key":"Divine Protection"},{"floor":8.0,"key":"Garlic"},{"floor":12.0,"key":"Bird Faced Urn"},{"floor":32.0,"key":"War Paint"},{"floor":43.0,"key":"conspire:DecoderRing"},{"floor":46.0,"key":"Ornamental Fan"}],"event_choices":[{"damage_healed":0.0,"max_hp_gain":0.0,"max_hp_loss":0.0,"gold_gain":0.0,"event_name":"betterNote:BetterNote","player_choice":"Take","floor":21.0,"gold_loss":0.0,"damage_taken":0.0,"cards_obtained":["TT2Protocol"]},{"damage_healed":0,"gold_gain":0,"player_choice":"Ignored","damage_taken":0,"max_hp_gain":0,"max_hp_loss":0,"event_name":"Mysterious Sphere","floor":50,"gold_loss":0}],"is_beta":false,"boss_relics":[{"not_picked":["Runic Dome","Black Star"],"picked":"conspire:SpecialSausage"},{"not_picked":["Coffee Dripper","Astrolabe"],"picked":"Busted Crown"}],"items_purged_floors":[22,29,31,49],"is_endless":false,"potions_floor_spawned":[5,13,23,28,33,34,38,40],"killed_by":"Sphere and 2 Shapes","ascension_level":0}}