{"host":"o3b7ow6d1xe49css","time":1607928057,"event":{"mods":["2.2 Compatiblity","Act Like it!","Aspiration","BaseMod","Bestiary","Better Altar","Better Match","Better Note","Better Sensory Stone","Better Skull","Better Third Choice","Colored Powertips","Conspire","Elementarium","Energized Spire","GifTheSpireLib","Halation","Hermit","Hubris","Infinite Spire","Minty Spire (QoL Compilation)","Quick Restart","Replay The Spire","Spicy Shops","Spikes Relics","StSLib","Stuff the Spire","The Blue Laboratory","The Jungle","Wandering Minibosses","vexMod"],"gold_per_floor":[119,133,144,144,144,144,171,196,196,225,225,225,257,276,276,381,381,393,393,403,403,403,431,456,456,479,505,532,532,562,21,21,119,119,146,170,170,170,130,163,199,245,296,343,137,80,80,98,98,98],"floor_reached":51,"playtime":1580,"items_purged":["Strike_R","Strike_R","Footwork+1","ReplayTheSpireMod:Restless Dread"],"score":2048,"play_id":"9db4b56a-c296-44d6-8370-765951ed5905","local_time":"20201213214057","daily_mods":["Heirloom","Flight"],"is_ascension_mode":true,"campfire_choices":[{"data":"Bash","floor":6,"key":"SMITH"},{"data":"ReplayTheSpireMod:Stacked","floor":11,"key":"SMITH"},{"data":"Juggernaut","floor":12,"key":"SMITH"},{"data":"Cleave","floor":15,"key":"SMITH"},{"data":"Fiend Fire","floor":25,"key":"SMITH"},{"data":"1","floor":32,"key":"LIFT"},{"data":"2","floor":49,"key":"LIFT"}],"circlet_count":0,"master_deck":["Defend_R","Defend_R+1","Defend_R","Defend_R","Bash+1","Cleave+1","ReplayTheSpireMod:Stacked+1","Offering","Thunderclap","Pommel Strike+1","Offering","BarbarianYell+1","infinitespire:Collect+1","Twin Strike","hubris:Fate","Inflame","Brutality","Seeing Red+1","Concentrate","Die Die Die","Demon Form","Fiend Fire+1","Twin Strike+1"],"relics":["Burning Blood","Ring of Chaos","Replay:PocketPolymizer","Iron Hammer","StuffTheSpire:Gunfinga","PreservedInsect","FossilizedHelix","Replay:Mystery Machine","hubris:ChampionShield","vexMod:BigBerry","hubris:BottledHeart","infinitespire:Bottled Soul","hubris:DeckOfHolding","Pen Nib","vexMod:ScavengeHelm","Mango","aspiration:FrozenJewel","Girya","BargainBundle","ReplayTheSpireMod:Lightbulb","Strawberry","infinitespire:EvilPickle","conspire:SpecialSausage","hubris:Towel","Smiling Mask","StuffTheSpire:Mouthbags","War Paint","infinitespire:PuzzleCube","infinitespire:Broken Mirror","Lee\u0027s Waffle","ReplayTheSpireMod:CursedCoin","Medical Kit"],"acts_visited":["Exordium","TheCity","TheBeyond"],"potions_floor_usage":[7,8,30,40,50,50],"damage_taken":[{"damage":6,"enemies":"Cultist","floor":1,"turns":3},{"damage":7,"enemies":"Jaw Worm","floor":2,"turns":4},{"damage":0,"enemies":"Small Slimes","floor":3,"turns":3},{"damage":6,"enemies":"Gremlin Nob","floor":7,"turns":2},{"damage":7,"enemies":"Lagavulin","floor":8,"turns":5},{"damage":0,"enemies":"3 Sentries","floor":10,"turns":2},{"damage":0,"enemies":"Lagavulin","floor":13,"turns":5},{"damage":0,"enemies":"Exordium Wildlife","floor":14,"turns":1},{"damage":0,"enemies":"Slime Boss","floor":16,"turns":1},{"damage":0,"enemies":"Spheric Guardian","floor":18,"turns":1},{"damage":9,"enemies":"3 Byrds","floor":20,"turns":3},{"damage":0,"enemies":"conspire:Head Lice","floor":23,"turns":3},{"damage":0,"enemies":"Gremlin Leader","floor":24,"turns":2},{"damage":0,"enemies":"Nightmare","floor":27,"turns":1},{"damage":0,"enemies":"conspire:Head Lice","floor":28,"turns":2},{"damage":0,"enemies":"Slavers","floor":30,"turns":2},{"damage":0,"enemies":"Pondfish","floor":33,"turns":5},{"damage":0,"enemies":"3 Darklings","floor":35,"turns":2},{"damage":0,"enemies":"3 Shapes","floor":36,"turns":1},{"damage":0,"enemies":"R_Hoarder","floor":40,"turns":2},{"damage":0,"enemies":"Giant Head","floor":41,"turns":3},{"damage":0,"enemies":"R_Hoarder","floor":42,"turns":1},{"damage":0,"enemies":"Nemesis","floor":44,"turns":3},{"damage":0,"enemies":"3 Darklings","floor":48,"turns":2},{"damage":0,"enemies":"Time Eater","floor":50,"turns":5}],"seed_played":"7391170507687969276","potions_obtained":[{"floor":2,"key":"blueLaboratory:HorrorPotion"},{"floor":3,"key":"CultistPotion"},{"floor":4,"key":"BloodPotion"},{"floor":8,"key":"Energy Potion"},{"floor":18,"key":"blueLaboratory:BubblePotion"},{"floor":33,"key":"Strength Potion"},{"floor":36,"key":"DuplicationPotion"},{"floor":41,"key":"blueLaboratory:HorrorPotion"},{"floor":48,"key":"blueLaboratory:EnragingPotion"}],"is_trial":true,"path_per_floor":["M","M","M","?","T","R","E","E","T","E","R","R","E","M","R","B",null,"M","?","M","?","?","E","E","R","T","NM","E","AVR","E","$","R","B",null,"M","M","?","?","?","E","E","E","T","E","$","$","AVR","M","R","B",null],"character_chosen":"IRONCLAD","items_purchased":["BargainBundle","ReplayTheSpireMod:Lightbulb","Strawberry","Block Potion","blueLaboratory:HorrorPotion","Lee\u0027s Waffle","ReplayTheSpireMod:CursedCoin","Medical Kit"],"campfire_rested":0,"item_purchase_floors":[31,31,31,31,31,45,46,46],"current_hp_per_floor":[80,79,80,80,80,80,80,79,79,80,80,80,80,80,80,80,110,110,110,107,1,1,1,1,1,1,1,1,1,1,1,1,1,1,1,1,1,1,1,1,1,1,1,1,1,1,1,1,1,1],"gold":98,"neow_bonus":"","is_daily":false,"chose_seed":false,"campfire_upgraded":5,"win_rate":0.0,"timestamp":1607928057,"path_taken":["M","M","M","?","?","R","E","E","T","E","R","R","E","M","R","BOSS","M","?","M","?","?","E","E","R","T","NM","E","AVR","E","$","R","BOSS","M","M","?","?","?","E","E","E","T","E","$","$","AVR","M","R","BOSS"],"items_purchased_type":["Relic","Relic","Relic","Potion","Potion","Relic","Relic","Relic"],"build_version":"2020-12-13","purchased_purges":4,"victory":true,"max_hp_per_floor":[80,80,80,80,80,80,80,80,80,80,80,80,80,80,80,80,110,110,110,110,1,1,1,1,1,1,1,1,1,1,1,1,1,1,1,1,1,1,1,1,1,1,1,1,1,1,1,1,1,1],"card_choices":[{"not_picked":["Shrug It Off","Metallicize"],"picked":"Cleave","floor":1},{"not_picked":["Pummel","Dual Wield"],"picked":"ReplayTheSpireMod:Stacked","floor":2},{"not_picked":["Feel No Pain","Headbutt"],"picked":"Burning Pact","floor":3},{"not_picked":["Replay:Many Hands","Rampage","Life Link"],"picked":"SKIP","floor":7},{"not_picked":["hubris:ReadiedAction","Perfected Strike","Thunderclap"],"picked":"SKIP","floor":8},{"not_picked":["Armaments","Headbutt"],"picked":"Thunderclap","floor":10},{"not_picked":["Warcry","infinitespire:OneForAll"],"picked":"Fiend Fire","floor":13},{"not_picked":["hubris:CleavingFinish","Infernal Blade"],"picked":"Pommel Strike","floor":14},{"not_picked":["StuffTheSpire:TitanForm","Demonic Infusion"],"picked":"Offering","floor":16},{"not_picked":["Replay:Undeath\u0027s Touch","ReplayTheSpireMod:Strike From Hell+1"],"picked":"BarbarianYell+1","floor":18},{"not_picked":["Anger","Rampage"],"picked":"Armaments+1","floor":20},{"not_picked":["infinitespire:Oblivion","infinitespire:TheBestDefense"],"picked":"infinitespire:Collect","floor":22},{"not_picked":["Evolve","Replay:Undeath\u0027s Touch","Headbutt"],"picked":"SKIP","floor":23},{"not_picked":["Clash","Uppercut"],"picked":"Twin Strike","floor":24},{"not_picked":["ReplayTheSpireMod:Echoes of Time","ReplayTheSpireMod:??????????????????????"],"picked":"hubris:Fate","floor":27},{"not_picked":["Metallicize","Rampage"],"picked":"Inflame","floor":27},{"not_picked":["Headbutt+1","Shrug It Off","Seeing Red"],"picked":"SKIP","floor":28},{"not_picked":["Infernal Blade","Abandon+1","BarbarianYell"],"picked":"SKIP","floor":30},{"not_picked":["Corruption","Replay:Many Hands"],"picked":"Brutality","floor":33},{"not_picked":["Flex","ReplayTheSpireMod:Stacked","Run Through+1"],"picked":"SKIP","floor":35},{"not_picked":["Iron Wave+1","BarbarianYell"],"picked":"Seeing Red+1","floor":36},{"not_picked":["Inflame+1","Fire Breathing"],"picked":"Demon Form","floor":40},{"not_picked":["Flame Barrier+1","Feel No Pain+1","Anger+1"],"picked":"SKIP","floor":41},{"not_picked":["Demon Form","Headbutt","Invigoration"],"picked":"SKIP","floor":42},{"not_picked":["Corruption","Sever Soul","Massacre"],"picked":"SKIP","floor":44},{"not_picked":["StuffTheSpire:Pyroclast+1","Perfected Strike"],"picked":"Twin Strike+1","floor":48}],"player_experience":1697356,"relics_obtained":[{"floor":5,"key":"Iron Hammer"},{"floor":7,"key":"StuffTheSpire:Gunfinga"},{"floor":8,"key":"PreservedInsect"},{"floor":9,"key":"FossilizedHelix"},{"floor":10,"key":"Replay:Mystery Machine"},{"floor":13,"key":"hubris:ChampionShield"},{"floor":23,"key":"infinitespire:Bottled Soul"},{"floor":24,"key":"hubris:DeckOfHolding"},{"floor":26,"key":"Pen Nib"},{"floor":27,"key":"vexMod:ScavengeHelm"},{"floor":28,"key":"Mango"},{"floor":30,"key":"Girya"},{"floor":40,"key":"Smiling Mask"},{"floor":41,"key":"StuffTheSpire:Mouthbags"},{"floor":42,"key":"War Paint"},{"floor":43,"key":"infinitespire:PuzzleCube"},{"floor":44,"key":"infinitespire:Broken Mirror"}],"event_choices":[{"cards_removed":["Strike_R"],"damage_healed":0,"gold_gain":0,"player_choice":"Give","damage_taken":0,"max_hp_gain":0,"max_hp_loss":0,"event_name":"betterNote:BetterNote","floor":19,"gold_loss":0,"cards_obtained":["Strike_R"]},{"damage_healed":0,"gold_gain":0,"player_choice":"Upgraded Two","damage_taken":0,"max_hp_gain":0,"max_hp_loss":0,"event_name":"Designer","floor":39,"gold_loss":40,"cards_upgraded":["Pommel Strike","Footwork"]}],"is_beta":false,"boss_relics":[{"not_picked":["Runic Pyramid","vexMod:MysteryBossChallenge"],"picked":"vexMod:BigBerry"},{"not_picked":["vexMod:EndlessSickness","hubris:Stopwatch"],"picked":"conspire:SpecialSausage"}],"items_purged_floors":[29,31,45,46],"is_endless":false,"potions_floor_spawned":[2,3,8,18,23,24,33,36,41,48],"ascension_level":5}}