{"host":"1tl36azeqm6yhdgj","time":1607967502,"event":{"mods":["AchievementEnabler","BaseMod","Minty Spire (QoL Compilation)","StSLib","The IronCluck","everything is the same but u backflip on backflip"],"gold_per_floor":[11,11,11,11,30,55,55,55,55,81,6,81,81,151,151,256,256,266,266,279,290,9,9,25,50,50,83,100,127,152,166,166,264,264,279,279,289,305,305,305,7,7,34,34,48,270,270,270,270,270,270],"floor_reached":50,"playtime":1786,"items_purged":["Regret"],"score":845,"play_id":"d023aec1-8b33-4159-84ab-47ada5196144","local_time":"20201214123822","is_ascension_mode":true,"campfire_choices":[{"data":"Barricade","floor":7.0,"key":"SMITH"},{"data":"Infernal Blade","floor":13.0,"key":"SMITH"},{"data":"Inflame","floor":15.0,"key":"SMITH"},{"data":"Immolate","floor":23.0,"key":"SMITH"},{"data":"Body Slam","floor":32.0,"key":"SMITH"},{"floor":40.0,"key":"RECALL"},{"data":"Madness","floor":44.0,"key":"SMITH"},{"data":"Juggernaut","floor":49.0,"key":"SMITH"}],"circlet_count":0,"master_deck":["AscendersBane","Strike_R+1","Strike_R","Strike_R","Defend_R","Defend_R+1","Defend_R","Bash","Bludgeon","Headbutt","Barricade+1","Flash of Steel","Inflame+1","Flex","Anger","Immolate+1","Shrug It Off+1","Clothesline+1","Clash+1","Pummel","Body Slam+1","Sword Boomerang+1","Juggernaut+1","Fire Breathing","Reaper","CurseOfTheBell","Shockwave+1","Inflame","Madness","Madness+1","Jack Of All Trades+1","Dark Shackles"],"relics":["Burning Blood","InkBottle","Anchor","Meat on the Bone","MealTicket","Empty Cage","Mummified Hand","Bird Faced Urn","Singing Bowl","White Beast Statue","Juzu Bracelet","Red Mask","Calling Bell","Art of War","HornCleat","Magic Flower","The Courier","Bag of Marbles","Centennial Puzzle"],"acts_visited":["Exordium","TheCity","TheBeyond"],"potions_floor_usage":[50,50],"damage_taken":[{"damage":13.0,"enemies":"2 Louse","floor":1.0,"turns":3.0},{"damage":0.0,"enemies":"Cultist","floor":5.0,"turns":2.0},{"damage":29.0,"enemies":"Gremlin Nob","floor":6.0,"turns":4.0},{"damage":3.0,"enemies":"Lagavulin","floor":10.0,"turns":7.0},{"damage":50.0,"enemies":"The Guardian","floor":16.0,"turns":17.0},{"damage":13.0,"enemies":"Shell Parasite","floor":18.0,"turns":4.0},{"damage":1.0,"enemies":"2 Thieves","floor":20.0,"turns":3.0},{"damage":30.0,"enemies":"3 Cultists","floor":21.0,"turns":5.0},{"damage":19.0,"enemies":"Centurion and Healer","floor":24.0,"turns":6.0},{"damage":33.0,"enemies":"Book of Stabbing","floor":25.0,"turns":5.0},{"damage":27.0,"enemies":"Slavers","floor":27.0,"turns":4.0},{"damage":0.0,"enemies":"Chosen and Byrds","floor":28.0,"turns":3.0},{"damage":21.0,"enemies":"Gremlin Leader","floor":29.0,"turns":5.0},{"damage":1.0,"enemies":"Masked Bandits","floor":30.0,"turns":3.0},{"damage":23.0,"enemies":"3 Cultists","floor":31.0,"turns":5.0},{"damage":60.0,"enemies":"Automaton","floor":33.0,"turns":10.0},{"damage":21.0,"enemies":"3 Darklings","floor":35.0,"turns":4.0},{"damage":0.0,"enemies":"3 Shapes","floor":37.0,"turns":4.0},{"damage":49.0,"enemies":"Spire Growth","floor":38.0,"turns":4.0},{"damage":0.0,"enemies":"3 Darklings","floor":45.0,"turns":2.0},{"damage":122,"enemies":"Awakened One","floor":50,"turns":8}],"seed_played":"6711159134186321834","potions_obtained":[{"floor":5.0,"key":"ElixirPotion"},{"floor":6.0,"key":"Ancient Potion"},{"floor":18.0,"key":"Explosive Potion"},{"floor":21.0,"key":"FearPotion"},{"floor":24.0,"key":"DuplicationPotion"},{"floor":27.0,"key":"Weak Potion"},{"floor":28.0,"key":"SmokeBomb"},{"floor":29.0,"key":"BloodPotion"},{"floor":30.0,"key":"AttackPotion"},{"floor":31.0,"key":"BlessingOfTheForge"},{"floor":35.0,"key":"DuplicationPotion"},{"floor":38.0,"key":"SkillPotion"},{"floor":45.0,"key":"Ancient Potion"}],"is_trial":false,"path_per_floor":["M","?","$","?","M","E","R","?","T","E","$","?","R","?","R","B",null,"M","?","M","M","$","R","M","E","T","E","M","E","?","M","R","B",null,"M","?","M","M","T","R","$","?","T","R","M","?","?","?","R","B"],"character_chosen":"IRONCLAD","items_purchased":["Mummified Hand","Pummel","Bag of Marbles","Centennial Puzzle","Inflame"],"campfire_rested":0,"item_purchase_floors":[22,22,41,41,41],"current_hp_per_floor":[65,65,65,49,55,32,32,32,32,47,62,51,51,51,51,19,65,58,58,63,51,66,66,53,38,38,35,57,58,69,56,56,22,70,72,72,90,62,62,62,77,66,66,66,92,92,84,84,84,0,0],"gold":270,"neow_bonus":"THREE_RARE_CARDS","is_daily":false,"chose_seed":false,"campfire_upgraded":7,"win_rate":0.0,"timestamp":1607967502,"path_taken":["M","?","?","?","?","E","R","?","T","E","$","?","R","?","R","BOSS","M","?","M","M","$","R","M","E","T","E","?","E","?","M","R","BOSS","M","?","M","M","?","R","$","?","T","R","M","?","?","?","R","BOSS"],"items_purchased_type":["Relic","Card","Relic","Relic","Card"],"build_version":"2020-12-13","purchased_purges":1,"victory":false,"max_hp_per_floor":[80,80,80,80,80,80,80,80,80,80,80,80,80,80,80,80,80,80,80,80,80,80,80,80,80,80,82,84,84,86,86,86,86,86,88,88,90,90,90,90,90,90,90,90,92,92,94,94,94,94,94],"card_choices":[{"not_picked":["Brutality","Limit Break"],"picked":"Bludgeon","floor":0.0},{"not_picked":["Havoc","Heavy Blade"],"picked":"Headbutt","floor":1.0},{"not_picked":["Twin Strike","Headbutt","Second Wind"],"picked":"SKIP","floor":5.0},{"not_picked":["Warcry","Wild Strike"],"picked":"Anger","floor":6.0},{"not_picked":["Shrug It Off","Sword Boomerang"],"picked":"Infernal Blade","floor":10.0},{"not_picked":["Barricade","Demon Form"],"picked":"Immolate","floor":16.0},{"not_picked":["Body Slam","Rampage"],"picked":"Shrug It Off+1","floor":18.0},{"not_picked":["Sentinel","Combust"],"picked":"Clothesline+1","floor":20.0},{"not_picked":["Iron Wave","Spot Weakness"],"picked":"Clash+1","floor":21.0},{"not_picked":["Flex","True Grit"],"picked":"Body Slam","floor":24.0},{"not_picked":["Clash","Twin Strike+1"],"picked":"Sword Boomerang+1","floor":25.0},{"not_picked":["Reckless Charge","Wild Strike","Exhume"],"picked":"Singing Bowl","floor":27.0},{"not_picked":["Pommel Strike","Sever Soul","Headbutt"],"picked":"Singing Bowl","floor":28.0},{"not_picked":["Perfected Strike","Headbutt"],"picked":"Juggernaut","floor":29.0},{"not_picked":["Anger","Twin Strike","Body Slam"],"picked":"Singing Bowl","floor":30.0},{"not_picked":["Sentinel","Thunderclap"],"picked":"Fire Breathing","floor":31.0},{"not_picked":["Immolate","Offering"],"picked":"Reaper","floor":33.0},{"not_picked":["Uppercut","Clothesline+1","Burning Pact"],"picked":"Singing Bowl","floor":35.0},{"not_picked":["Rage","Clothesline+1","Heavy Blade+1"],"picked":"Singing Bowl","floor":37.0},{"not_picked":["Warcry+1","Hemokinesis+1"],"picked":"Shockwave+1","floor":38.0},{"not_picked":["Heavy Blade","Warcry","Barricade"],"picked":"Singing Bowl","floor":45.0},{"not_picked":["Blind","Magnetism"],"picked":"Jack Of All Trades","floor":47.0},{"not_picked":["Purity","Mayhem","Swift Strike"],"picked":"Singing Bowl","floor":47.0},{"not_picked":["Forethought","Impatience"],"picked":"Dark Shackles","floor":47.0}],"player_experience":1935672,"relics_obtained":[{"floor":6.0,"key":"InkBottle"},{"floor":9.0,"key":"Meat on the Bone"},{"floor":10.0,"key":"MealTicket"},{"floor":25.0,"key":"Bird Faced Urn"},{"floor":26.0,"key":"Singing Bowl"},{"floor":27.0,"key":"White Beast Statue"},{"floor":29.0,"key":"Juzu Bracelet"},{"floor":30.0,"key":"Red Mask"},{"floor":34.0,"key":"Art of War"},{"floor":34.0,"key":"HornCleat"},{"floor":34.0,"key":"Magic Flower"},{"floor":39.0,"key":"The Courier"}],"event_choices":[{"damage_healed":0.0,"max_hp_gain":0.0,"max_hp_loss":0.0,"gold_gain":0.0,"event_name":"Match and Keep!","player_choice":"4 cards matched","floor":2.0,"gold_loss":0.0,"damage_taken":0.0,"cards_obtained":["Barricade","Flash of Steel","Inflame","Flex"]},{"damage_healed":0.0,"max_hp_gain":0.0,"max_hp_loss":0.0,"gold_gain":0.0,"event_name":"Shining Light","player_choice":"Entered Light","floor":4.0,"gold_loss":0.0,"damage_taken":16.0,"cards_upgraded":["Defend_R","Strike_R"]},{"damage_healed":0.0,"max_hp_gain":0.0,"max_hp_loss":0.0,"gold_gain":0.0,"event_name":"Big Fish","player_choice":"Box","floor":8.0,"gold_loss":0.0,"damage_taken":0.0,"relics_obtained":["Anchor"],"cards_obtained":["Regret"]},{"damage_healed":0.0,"max_hp_gain":0.0,"max_hp_loss":0.0,"gold_gain":75.0,"event_name":"World of Goop","player_choice":"Gather Gold","floor":12.0,"gold_loss":0.0,"damage_taken":11.0},{"damage_healed":0.0,"max_hp_gain":0.0,"max_hp_loss":0.0,"gold_gain":70.0,"event_name":"Golden Wing","player_choice":"Gained Gold","floor":14.0,"gold_loss":0.0,"damage_taken":0.0},{"cards_removed":["Strike_R"],"damage_healed":0.0,"max_hp_gain":0.0,"max_hp_loss":0.0,"gold_gain":0.0,"event_name":"Wheel of Change","player_choice":"Card Removal","floor":19.0,"gold_loss":0.0,"damage_taken":0.0},{"damage_healed":0.0,"max_hp_gain":0.0,"max_hp_loss":0.0,"gold_gain":0.0,"event_name":"Masked Bandits","player_choice":"Fought Bandits","floor":30.0,"gold_loss":0.0,"damage_taken":0.0},{"cards_removed":["Infernal Blade"],"damage_healed":0.0,"max_hp_gain":0.0,"max_hp_loss":0.0,"gold_gain":0.0,"event_name":"Falling","player_choice":"Removed Skill","floor":36.0,"gold_loss":0.0,"damage_taken":0.0},{"damage_healed":0.0,"max_hp_gain":0.0,"max_hp_loss":0.0,"gold_gain":0.0,"event_name":"Winding Halls","player_choice":"Embrace Madness","floor":42.0,"gold_loss":0.0,"damage_taken":11.0,"cards_obtained":["Madness","Madness"]},{"damage_healed":0.0,"max_hp_gain":0.0,"max_hp_loss":0.0,"gold_gain":222.0,"event_name":"Tomb of Lord Red Mask","player_choice":"Wore Mask","floor":46.0,"gold_loss":0.0,"damage_taken":0.0},{"damage_healed":0.0,"max_hp_gain":0.0,"max_hp_loss":0.0,"gold_gain":0.0,"event_name":"SensoryStone","player_choice":"Memory 3","floor":47.0,"gold_loss":0.0,"damage_taken":10.0},{"damage_healed":0.0,"max_hp_gain":0.0,"max_hp_loss":0.0,"gold_gain":0.0,"event_name":"Accursed Blacksmith","player_choice":"Forge","floor":48.0,"gold_loss":0.0,"damage_taken":0.0,"cards_upgraded":["Jack Of All Trades"]}],"is_beta":false,"boss_relics":[{"not_picked":["Black Blood","Snecko Eye"],"picked":"Empty Cage"},{"not_picked":["Sozu","Busted Crown"],"picked":"Calling Bell"}],"items_purged_floors":[11],"is_endless":false,"potions_floor_spawned":[5,6,18,21,24,27,28,29,30,31,33,35,37,38,45],"killed_by":"Awakened One","ascension_level":11}}