{"host":"ku7h2vk4czvj6teb","time":1607961156,"event":{"mods":["2.2 Compatiblity","AchievementEnabler","Aspiration","BaseMod","Better Altar","Better Match","Better Note","Better Sensory Stone","Better Skull","Better Third Choice","Better Vampires","BetterRewards","Block Reminder","Colored Map","Colored Powertips","Conspire","Curses Come First","Downfall","Filter the Spire","Highlight Path","Hubris","Minty Spire (QoL Compilation)","Permanent Neow","Quick Restart","Rare Cards Sparkle","Relic Stats","Replay The Spire","Say the Spire","Shop Mod","Spicy Shops","StSLib","SuperFastMode","Swap Starting Deck Mod","Thieving Mod","Transform Curses","UnlockEverythingMod"],"gold_per_floor":[113,113,113,128,138,138,154,165,165,165,165,19,34,54,54,154,154,128,31,42,42,42,42],"floor_reached":22,"playtime":849,"items_purged":[],"score":278,"play_id":"5cf6999a-f9cc-4259-80e2-7fa2d2d3282d","local_time":"20201214155236","is_ascension_mode":false,"campfire_choices":[{"floor":6,"key":"RECALL"},{"data":"Jack Of All Trades","floor":11,"key":"SMITH"},{"floor":15,"key":"REST"}],"circlet_count":0,"master_deck":["Strike_R","Strike_R","Strike_R","Strike_R","Strike_R","Defend_R","Defend_R","Defend_R","Defend_R","Bash","expansioncontent:LastStand","Jack Of All Trades+1","Sword Boomerang","Sword Boomerang","ReplayTheSpireMod:Muscle Training","Regret","Pain","Feel No Pain","Infernal Blade","Perfected Strike","Spot Weakness","Rage","Twin Strike","Hemogenesis","Defy Death","expansioncontent:CaCaw","Clash"],"relics":["Burning Blood","Anchor","WarpedTongs","White Beast Statue","MerchantsRug","SacredBark"],"acts_visited":["Exordium","TheCity"],"potions_floor_usage":[22,22],"damage_taken":[{"damage":2,"enemies":"Jaw Worm","floor":1,"turns":4},{"damage":14,"enemies":"Cultist","floor":4,"turns":4},{"damage":7,"enemies":"Small Slimes","floor":5,"turns":4},{"damage":17,"enemies":"Red Slaver","floor":7,"turns":5},{"damage":0,"enemies":"2 Fungi Beasts","floor":8,"turns":2},{"damage":18,"enemies":"Blue Slaver","floor":13,"turns":4},{"damage":7,"enemies":"Exordium Thugs","floor":14,"turns":4},{"damage":41,"enemies":"Slime Boss","floor":16,"turns":8},{"damage":34,"enemies":"2 Thieves","floor":18,"turns":5},{"damage":20,"enemies":"Shell Parasite","floor":20,"turns":7},{"damage":56,"enemies":"Shelled Parasite and Fungi","floor":22,"turns":5}],"seed_played":"-2067634680702843199","potions_obtained":[{"floor":1,"key":"Adrenaline Potion"},{"floor":5,"key":"Ancient Potion"},{"floor":8,"key":"Explosive Potion"},{"floor":13,"key":"Explosive Potion"},{"floor":16,"key":"BlessingOfTheForge"},{"floor":20,"key":"Elixir"}],"is_trial":false,"path_per_floor":["M","?","?","M","M","R","M","M","T","T","R","$","M","M","R","B",null,"M","$","M","?","M"],"character_chosen":"IRONCLAD","items_purchased":["expansioncontent:LastStand","Jack Of All Trades","Sword Boomerang","MerchantsRug","expansioncontent:CaCaw"],"campfire_rested":1,"item_purchase_floors":[0,0,0,12,19],"current_hp_per_floor":[80,80,80,72,71,71,60,66,66,66,66,66,54,53,77,42,80,59,59,55,55,0,0],"gold":42,"neow_bonus":"","is_daily":false,"chose_seed":false,"campfire_upgraded":1,"win_rate":0.0,"timestamp":1607961156,"path_taken":["M","?","?","M","M","R","?","?","T","?","R","$","M","M","R","BOSS","M","$","M","?","M"],"items_purchased_type":["Card","Card","Card","Relic","Card"],"build_version":"2020-12-13","purchased_purges":0,"victory":false,"max_hp_per_floor":[80,80,80,80,80,80,80,80,80,80,80,80,80,80,80,80,80,80,80,80,80,80,80],"relic_stats":{"counters":[80,474],"obtain_stats":[{"hubris:CrystalStatue":19,"CeramicFish":28,"Ginger":4,"Blood Vial":6,"Lizard Tail":24,"Strawberry":45,"MealTicket":9,"Philosopher\u0027s Stone":17,"HandDrill":0,"Kunai":0,"MerchantsRug":12,"conspire:TreasureMap":0,"ReplayTheSpireMod:CursedCoin":10,"Oddly Smooth Stone":8,"Akabeko":7,"WarpedTongs":3,"Replay:Baseball":26,"Bottled Flame":15,"Bird Faced Urn":0,"Pandora\u0027s Box":17,"CultistMask":2,"Mark of Pain":34,"hubris:TenFootPole":7,"ReplayTheSpireMod:TigerMarble":30,"aspiration:Lifesprig":24,"Torii":49,"SacredBark":34,"Burning Blood":0,"ClockworkSouvenir":0,"conspire:InfiniteJournal":0,"Shovel":14,"Gambling Chip":28,"hubris:CuriousFeather":46,"Chemical X":8,"hubris:ChampionShield":11,"Red Skull":14,"Lee\u0027s Waffle":8,"aspiration:FetidBarrel":0,"Golden Idol":3,"The Courier":26,"Frozen Egg 2":4,"hubris:Towel":11,"Orichalcum":26,"White Beast Statue":10,"CaptainsWheel":0,"Anchor":2,"Bloody Idol":21,"aspiration:WatcherSkillbook":17,"Membership Card":28,"ReplayTheSpireMod:ShopPack":8,"hubris:BottledRain":32},{"hubris:CrystalStatue":20,"CeramicFish":45,"Ginger":2,"Blood Vial":7,"Lizard Tail":24,"Strawberry":52,"MealTicket":4,"Philosopher\u0027s Stone":61,"HandDrill":33,"Kunai":56,"MerchantsRug":74,"conspire:TreasureMap":56,"ReplayTheSpireMod:CursedCoin":60,"Oddly Smooth Stone":17,"Akabeko":37,"WarpedTongs":70,"Replay:Baseball":25,"Bottled Flame":40,"Bird Faced Urn":32,"Pandora\u0027s Box":19,"CultistMask":1,"Mark of Pain":47,"hubris:TenFootPole":60,"ReplayTheSpireMod:TigerMarble":68,"aspiration:Lifesprig":44,"Torii":55,"SacredBark":28,"Burning Blood":0,"ClockworkSouvenir":33,"conspire:InfiniteJournal":33,"Shovel":40,"Gambling Chip":45,"hubris:CuriousFeather":52,"Chemical X":17,"hubris:ChampionShield":38,"Red Skull":60,"Lee\u0027s Waffle":60,"aspiration:FetidBarrel":33,"Golden Idol":34,"The Courier":65,"Frozen Egg 2":6,"hubris:Towel":18,"Orichalcum":44,"White Beast Statue":74,"CaptainsWheel":32,"Anchor":70,"Bloody Idol":43,"aspiration:WatcherSkillbook":41,"Membership Card":45,"ReplayTheSpireMod:ShopPack":17,"hubris:BottledRain":46},{"hubris:CrystalStatue":108,"CeramicFish":251,"Ginger":9,"Blood Vial":36,"Lizard Tail":128,"Strawberry":306,"MealTicket":19,"Philosopher\u0027s Stone":382,"HandDrill":182,"Kunai":334,"MerchantsRug":441,"conspire:TreasureMap":334,"ReplayTheSpireMod:CursedCoin":363,"Oddly Smooth Stone":90,"Akabeko":196,"WarpedTongs":426,"Replay:Baseball":134,"Bottled Flame":216,"Bird Faced Urn":176,"Pandora\u0027s Box":104,"CultistMask":4,"Mark of Pain":269,"hubris:TenFootPole":363,"ReplayTheSpireMod:TigerMarble":419,"aspiration:Lifesprig":245,"Torii":323,"SacredBark":157,"Burning Blood":0,"ClockworkSouvenir":182,"conspire:InfiniteJournal":182,"Shovel":216,"Gambling Chip":251,"hubris:CuriousFeather":306,"Chemical X":90,"hubris:ChampionShield":206,"Red Skull":363,"Lee\u0027s Waffle":363,"aspiration:FetidBarrel":182,"Golden Idol":184,"The Courier":403,"Frozen Egg 2":25,"hubris:Towel":96,"Orichalcum":245,"White Beast Statue":441,"CaptainsWheel":176,"Anchor":426,"Bloody Idol":240,"aspiration:WatcherSkillbook":228,"Membership Card":251,"ReplayTheSpireMod:ShopPack":90,"hubris:BottledRain":258}],"Burning Blood":371,"WarpedTongs":[48]},"card_choices":[{"not_picked":["Headbutt","Perfected Strike"],"picked":"ReplayTheSpireMod:Muscle Training","floor":1},{"not_picked":["Perfected Strike","Hemokinesis"],"picked":"Feel No Pain","floor":4},{"not_picked":["Body Slam","ReplayTheSpireMod:Corrosion Curse"],"picked":"Infernal Blade","floor":5},{"not_picked":["Burning Pact","Twin Strike"],"picked":"Perfected Strike","floor":7},{"not_picked":["Sword Boomerang","conspire:ExplosiveBarrier"],"picked":"Spot Weakness","floor":8},{"not_picked":["Flex","Entrench"],"picked":"Rage","floor":13},{"not_picked":["Massacre","Bloodletting"],"picked":"Twin Strike","floor":14},{"not_picked":["Exhume","hubris:StunningStrike"],"picked":"Hemogenesis","floor":16},{"not_picked":["Cleave","Dual Wield"],"picked":"Defy Death","floor":18},{"not_picked":["Sword Boomerang+1","ReplayTheSpireMod:Strike From Hell"],"picked":"Clash","floor":20}],"player_experience":196375,"relics_obtained":[{"floor":10,"key":"White Beast Statue"}],"event_choices":[{"damage_healed":0,"gold_gain":0,"player_choice":"Box","damage_taken":0,"relics_obtained":["Anchor"],"max_hp_gain":0,"max_hp_loss":0,"event_name":"Big Fish","floor":2,"gold_loss":0,"cards_obtained":["Regret"]},{"damage_healed":0,"gold_gain":0,"player_choice":"Rummage","damage_taken":0,"relics_obtained":["WarpedTongs"],"max_hp_gain":0,"max_hp_loss":0,"event_name":"Accursed Blacksmith","floor":3,"gold_loss":0,"cards_obtained":["Pain"]},{"damage_healed":0,"gold_gain":0,"player_choice":"Ignored","damage_taken":0,"max_hp_gain":0,"max_hp_loss":0,"event_name":"betterNote:BetterNote","floor":21,"gold_loss":0,"cards_obtained":["Replay:SS_forest_6"]}],"is_beta":false,"boss_relics":[{"not_picked":["Cursed Key","hubris:CrackedHourglass"],"picked":"SacredBark"}],"items_purged_floors":[],"is_endless":false,"potions_floor_spawned":[1,5,8,13,14,16,18,20],"killed_by":"Shelled Parasite and Fungi","ascension_level":0}}