{"host":"jlz4is0nf6zo9oab","time":1607985427,"event":{"mods":["AchievementEnabler","BaseMod","Colored Map","Colored Powertips","Highlight Path","Minty Spire (QoL Compilation)","StSLib"],"gold_per_floor":[110,110,128,147,77,77,96,20,74,74,108,108,108,128,128,223,223,208,239,239,239],"floor_reached":20,"playtime":689,"items_purged":[],"score":267,"play_id":"07970bec-7d3a-4f9b-911a-271a786e8d84","local_time":"20201214233707","is_ascension_mode":true,"campfire_choices":[{"data":"Armaments","floor":6,"key":"SMITH"},{"data":"Bash","floor":10,"key":"SMITH"},{"data":"Metallicize","floor":12,"key":"SMITH"},{"data":"Twin Strike","floor":15,"key":"SMITH"}],"circlet_count":0,"master_deck":["AscendersBane","Strike_R","Strike_R","Strike_R","Strike_R","Strike_R","Defend_R","Defend_R","Defend_R","Defend_R","Bash+1","Armaments+1","Pommel Strike","Metallicize+1","Dropkick","Twin Strike+1","Feed"],"relics":["Black Blood","Anchor","Happy Flower","Art of War","Red Mask"],"acts_visited":["Exordium","TheCity"],"potions_floor_usage":[7,7,18],"damage_taken":[{"damage":5,"enemies":"Small Slimes","floor":1,"turns":4},{"damage":6,"enemies":"Jaw Worm","floor":3,"turns":5},{"damage":0,"enemies":"2 Louse","floor":4,"turns":4},{"damage":7,"enemies":"Exordium Thugs","floor":7,"turns":4},{"damage":14,"enemies":"3 Sentries","floor":11,"turns":9},{"damage":9,"enemies":"Blue Slaver","floor":14,"turns":3},{"damage":17,"enemies":"The Guardian","floor":16,"turns":12},{"damage":10,"enemies":"2 Thieves","floor":18,"turns":4},{"damage":74,"enemies":"Masked Bandits","floor":19,"turns":9},{"damage":22,"enemies":"3 Byrds","floor":20,"turns":3}],"seed_played":"-8599114290945830808","potions_obtained":[{"floor":1,"key":"Swift Potion"},{"floor":3,"key":"SteroidPotion"},{"floor":11,"key":"Fire Potion"}],"is_trial":false,"path_per_floor":["M","?","M","M","$","R","M","$","T","R","E","R","?","M","R","B",null,"M","?","M"],"character_chosen":"IRONCLAD","items_purchased":["Metallicize","Dropkick"],"campfire_rested":0,"item_purchase_floors":[5,8],"current_hp_per_floor":[73,78,78,84,84,84,83,83,83,83,75,75,75,72,72,61,79,81,19,0,0],"gold":239,"neow_bonus":"RANDOM_COMMON_RELIC","is_daily":false,"chose_seed":false,"campfire_upgraded":4,"win_rate":0.0,"timestamp":1607985427,"path_taken":["M","?","M","M","$","R","M","$","T","R","E","R","?","M","R","BOSS","M","?","M"],"items_purchased_type":["Card","Card"],"build_version":"2020-12-13","purchased_purges":0,"victory":false,"max_hp_per_floor":[80,85,85,85,85,85,85,85,85,85,85,85,85,85,85,85,85,85,85,85,85],"card_choices":[{"not_picked":["Combust","Headbutt"],"picked":"Armaments","floor":1},{"not_picked":["Shrug It Off","Heavy Blade"],"picked":"Pommel Strike","floor":3},{"not_picked":["Twin Strike","Reckless Charge","Perfected Strike"],"picked":"SKIP","floor":4},{"not_picked":["Intimidate","Dual Wield","Combust"],"picked":"SKIP","floor":7},{"not_picked":["Clash","Dark Embrace","Evolve"],"picked":"SKIP","floor":11},{"not_picked":["Carnage","Barricade"],"picked":"Twin Strike","floor":14},{"not_picked":["Fiend Fire","Offering"],"picked":"Feed","floor":16},{"not_picked":["Shrug It Off","Body Slam","Havoc+1"],"picked":"SKIP","floor":18}],"player_experience":936668,"relics_obtained":[{"floor":9,"key":"Happy Flower"},{"floor":11,"key":"Art of War"},{"floor":19,"key":"Red Mask"}],"event_choices":[{"damage_healed":0,"gold_gain":0,"player_choice":"Donut","damage_taken":0,"max_hp_gain":5,"max_hp_loss":0,"event_name":"Big Fish","floor":2,"gold_loss":0},{"damage_healed":0,"gold_gain":0,"player_choice":"Ignored","damage_taken":0,"max_hp_gain":0,"max_hp_loss":0,"event_name":"Liars Game","floor":13,"gold_loss":0},{"damage_healed":0,"gold_gain":0,"player_choice":"Fought Bandits","damage_taken":0,"max_hp_gain":0,"max_hp_loss":0,"event_name":"Masked Bandits","floor":19,"gold_loss":0}],"is_beta":false,"boss_relics":[{"not_picked":["Tiny House","Sozu"],"picked":"Black Blood"}],"items_purged_floors":[],"is_endless":false,"potions_floor_spawned":[1,3,11],"killed_by":"3 Byrds","ascension_level":11}}