{"host":"3c27c697js19kaoo","time":1607913492,"event":{"mods":["BaseMod","Decade(王小明)","Dota2Spire","Hermit","Minty Spire (QoL Compilation)","Quick Restart","Remilia（蕾米莉亚）","Spicy Shops","StSLib","The Alterego","The Cursed","The Servant 0.9.4","【遗物卡牌】REMEMod"],"gold_per_floor":[110,130,130,130,145,171,171,171,171],"floor_reached":8,"playtime":359,"items_purged":[],"score":56,"play_id":"fb2e19ee-6ddf-42a2-9a76-8ed665bda06b","local_time":"20201214103812","is_ascension_mode":false,"campfire_choices":[{"data":"REME_Shoggoth","floor":7,"key":"SMITH"}],"circlet_count":0,"master_deck":["alterego_mod:Strike+1","alterego_mod:Strike","alterego_mod:Strike","alterego_mod:Strike","alterego_mod:Defend+1","alterego_mod:Defend","alterego_mod:Defend","alterego_mod:Defend","alterego_mod:Impale","alterego_mod:BigMeatyClaws","alterego_mod:BrynhildrsRune","REME_Shoggoth+1","alterego_mod:Rip","alterego_mod:Crossover"],"relics":["alterego_mod:MasochisticConstitution","REME_ComplimentaryCards","NeowsBlessing","Bird Faced Urn"],"acts_visited":["Exordium"],"potions_floor_usage":[6,6],"damage_taken":[{"damage":0,"enemies":"2 Louse","floor":1,"turns":1},{"damage":0,"enemies":"Small Slimes","floor":2,"turns":1},{"damage":0,"enemies":"Cultist","floor":5,"turns":1},{"damage":16,"enemies":"Gremlin Nob","floor":6,"turns":3},{"damage":32,"enemies":"3 Sentries","floor":8,"turns":4}],"seed_played":"-3840496983852443931","potions_obtained":[{"floor":1,"key":"Swift Potion"},{"floor":4,"key":"Explosive Potion"},{"floor":4,"key":"ColorlessPotion"}],"is_trial":false,"path_per_floor":["M","M","?","?","M","E","R","E"],"character_chosen":"The_Alterego","items_purchased":[],"campfire_rested":0,"item_purchase_floors":[],"current_hp_per_floor":[70,70,56,56,56,41,41,9,9],"gold":171,"neow_bonus":"THREE_ENEMY_KILL","is_daily":false,"chose_seed":false,"campfire_upgraded":1,"win_rate":0.0,"timestamp":1607913492,"path_taken":["M","M","?","?","M","E","R","E"],"items_purchased_type":[],"build_version":"2020-12-13","purchased_purges":0,"victory":false,"max_hp_per_floor":[70,70,70,70,70,71,71,71,71],"card_choices":[{"not_picked":["alterego_mod:Schoolgirl","alterego_mod:PerceptionDisorder"],"picked":"alterego_mod:Rip","floor":1},{"not_picked":["alterego_mod:RocketPunch","alterego_mod:Complex","alterego_mod:MagicResistance"],"picked":"SKIP","floor":2},{"not_picked":["alterego_mod:MagicResistance","alterego_mod:HighServant","alterego_mod:DeftHands"],"picked":"SKIP","floor":5},{"not_picked":["alterego_mod:RidiculouslyBig","alterego_mod:Cycle"],"picked":"alterego_mod:Crossover","floor":6}],"player_experience":111042,"relics_obtained":[{"floor":6,"key":"Bird Faced Urn"}],"event_choices":[{"damage_healed":0,"gold_gain":0,"player_choice":"Entered Light","damage_taken":14,"max_hp_gain":0,"max_hp_loss":0,"event_name":"Shining Light","floor":3,"gold_loss":0,"cards_upgraded":["alterego_mod:Strike","alterego_mod:Defend"]},{"damage_healed":0,"gold_gain":0,"player_choice":"Got Potions","damage_taken":0,"max_hp_gain":0,"max_hp_loss":0,"event_name":"Lab","floor":4,"gold_loss":0}],"is_beta":false,"boss_relics":[],"items_purged_floors":[],"is_endless":false,"potions_floor_spawned":[1],"killed_by":"3 Sentries","ascension_level":0}}