{"host":"7g4k6gexjz765cnk","time":1607989516,"event":{"mods":["BaseMod","Colored Map","Minty Spire (QoL Compilation)","Shop Mod"],"gold_per_floor":[362,372,387,387,406,432,432,155,180,80,95,95,110,124,124,124,124],"floor_reached":16,"playtime":702,"items_purged":["Strike_R","Strike_R"],"score":120,"play_id":"55d7edb9-8db1-42c5-b587-86661bfbdc3f","local_time":"20201215004516","is_ascension_mode":true,"campfire_choices":[{"data":"Armaments","floor":7,"key":"SMITH"},{"data":"Twin Strike","floor":15,"key":"SMITH"}],"circlet_count":0,"master_deck":["Strike_R","Strike_R","Strike_R","Defend_R","Defend_R","Defend_R","Bash","Twin Strike+1","Armaments+1","Twin Strike","Disarm"],"relics":["Burning Blood","Toy Ornithopter","Tiny Chest"],"acts_visited":["Exordium"],"potions_floor_usage":[5,6,11,13,16,16],"damage_taken":[{"damage":13,"enemies":"Jaw Worm","floor":1,"turns":5},{"damage":0,"enemies":"Cultist","floor":2,"turns":2},{"damage":0,"enemies":"2 Louse","floor":3,"turns":3},{"damage":18,"enemies":"Exordium Thugs","floor":5,"turns":5},{"damage":30,"enemies":"3 Sentries","floor":6,"turns":9},{"damage":4,"enemies":"Red Slaver","floor":11,"turns":3},{"damage":3,"enemies":"Blue Slaver","floor":13,"turns":2},{"damage":4,"enemies":"Exordium Wildlife","floor":14,"turns":4},{"damage":53,"enemies":"Slime Boss","floor":16,"turns":9}],"seed_played":"6683877628017853189","potions_obtained":[{"floor":3,"key":"EssenceOfSteel"},{"floor":5,"key":"SteroidPotion"},{"floor":6,"key":"Energy Potion"},{"floor":11,"key":"Swift Potion"},{"floor":14,"key":"HeartOfIron"}],"is_trial":false,"path_per_floor":["M","M","M","?","M","E","R","$","T","$","M","$","M","M","R","B"],"character_chosen":"IRONCLAD","items_purchased":["Tiny Chest","AttackPotion"],"campfire_rested":0,"item_purchase_floors":[8,8],"current_hp_per_floor":[49,55,61,61,49,25,25,25,25,25,32,32,40,42,42,0,0],"gold":124,"neow_bonus":"TWO_FIFTY_GOLD","is_daily":false,"chose_seed":false,"campfire_upgraded":2,"win_rate":0.0,"timestamp":1607989516,"path_taken":["M","M","M","?","?","E","R","$","T","?","M","$","M","M","R","BOSS"],"items_purchased_type":["Relic","Potion"],"build_version":"2020-12-13","purchased_purges":2,"victory":false,"max_hp_per_floor":[80,80,80,80,80,80,80,80,80,80,80,80,80,80,80,80,80],"card_choices":[{"not_picked":["Clash","Sever Soul"],"picked":"Twin Strike","floor":1},{"not_picked":["Fire Breathing","Wild Strike","Clothesline"],"picked":"SKIP","floor":2},{"not_picked":["Flame Barrier","Cleave","Sever Soul"],"picked":"SKIP","floor":3},{"not_picked":["Burning Pact","Intimidate"],"picked":"Armaments","floor":5},{"not_picked":["Clothesline","Body Slam"],"picked":"Twin Strike","floor":6},{"not_picked":["Headbutt","Iron Wave","Blood for Blood"],"picked":"SKIP","floor":11},{"not_picked":["Havoc","Wild Strike"],"picked":"Disarm","floor":13},{"not_picked":["Dual Wield","Twin Strike","Clothesline"],"picked":"SKIP","floor":14}],"player_experience":357101,"relics_obtained":[{"floor":6,"key":"Toy Ornithopter"}],"event_choices":[{"cards_removed":["Defend_R"],"damage_healed":0,"gold_gain":0,"player_choice":"Purged","damage_taken":0,"max_hp_gain":0,"max_hp_loss":0,"event_name":"Purifier","floor":4,"gold_loss":0}],"is_beta":false,"boss_relics":[],"items_purged_floors":[8,10],"is_endless":false,"potions_floor_spawned":[3,5,6,11,14],"killed_by":"Slime Boss","ascension_level":3}}