{"host":"rby9tmzevanrudcg","time":1607977787,"event":{"mods":["Act Like it!","BaseMod","GifTheSpireLib","Minty Spire (QoL Compilation)","Quick Restart","StSLib","SuperFastMode","The Alterego"],"gold_per_floor":[115,131,31,31,44,71,71,102,102,102,102,122,197,217,217,312,312,330,330,330,344,274,274,307,3,82,97,97,196,226,236,236,340,340,357,357,374,374,390,418,438,468,494,494,540,540,568,587,587,587,587,587,74,100,100],"floor_reached":56,"playtime":3634,"items_purged":["alterego_mod:Strike","alterego_mod:Strike"],"score":1405,"play_id":"f6d823e7-a92c-469d-aead-31a6a7612c8f","local_time":"20201215042947","is_ascension_mode":true,"campfire_choices":[{"data":"alterego_mod:Impale","floor":7.0,"key":"SMITH"},{"data":"alterego_mod:Punishment","floor":11.0,"key":"SMITH"},{"data":"alterego_mod:BrynhildrsRune","floor":15.0,"key":"SMITH"},{"data":"alterego_mod:Exercise","floor":23.0,"key":"SMITH"},{"data":"alterego_mod:Pet","floor":28.0,"key":"SMITH"},{"data":"alterego_mod:Weigh","floor":32.0,"key":"SMITH"},{"data":"alterego_mod:Schoolgirl","floor":44.0,"key":"SMITH"},{"floor":49.0,"key":"RECALL"},{"data":"alterego_mod:Cushion","floor":52.0,"key":"SMITH"}],"circlet_count":0,"master_deck":["alterego_mod:Defend","alterego_mod:Defend","alterego_mod:Defend","alterego_mod:Impale+1","alterego_mod:BigMeatyClaws","alterego_mod:BrynhildrsRune+1","alterego_mod:BeGentle","alterego_mod:Punishment+1","alterego_mod:GachaTicket","alterego_mod:GachaTicket","alterego_mod:Mirror","alterego_mod:VirginLaserPalladion","alterego_mod:IndependentAction","alterego_mod:Exercise+1","alterego_mod:Pet+1","alterego_mod:Weigh+1","alterego_mod:Weigh","Madness","Madness","Deep Breath","alterego_mod:Cushion+1","alterego_mod:Schoolgirl+1","alterego_mod:DiscoLights","Magnetism","alterego_mod:BusterCard"],"relics":["Busted Crown","Orichalcum","Meat on the Bone","Bronze Scales","Cursed Key","White Beast Statue","Omamori","Vajra","StrikeDummy","Centennial Puzzle","Coffee Dripper","Matryoshka","Girya","Juzu Bracelet","Strawberry","CaptainsWheel","Potion Belt","Bag of Preparation","TungstenRod"],"acts_visited":["Exordium","TheCity","TheBeyond","TheEnding"],"potions_floor_usage":[54,55,55,55],"damage_taken":[{"damage":0.0,"enemies":"Small Slimes","floor":1.0,"turns":4.0},{"damage":2.0,"enemies":"Cultist","floor":2.0,"turns":3.0},{"damage":14.0,"enemies":"2 Louse","floor":5.0,"turns":4.0},{"damage":23.0,"enemies":"Gremlin Nob","floor":6.0,"turns":4.0},{"damage":22.0,"enemies":"Lagavulin","floor":8.0,"turns":5.0},{"damage":13.0,"enemies":"Large Slime","floor":12.0,"turns":5.0},{"damage":0.0,"enemies":"2 Fungi Beasts","floor":14.0,"turns":6.0},{"damage":26.0,"enemies":"Hexaghost","floor":16.0,"turns":11.0},{"damage":8.0,"enemies":"Shell Parasite","floor":18.0,"turns":4.0},{"damage":23.0,"enemies":"2 Thieves","floor":21.0,"turns":4.0},{"damage":35.0,"enemies":"Gremlin Leader","floor":24.0,"turns":6.0},{"damage":13.0,"enemies":"Centurion and Healer","floor":27.0,"turns":9.0},{"damage":21.0,"enemies":"Book of Stabbing","floor":30.0,"turns":6.0},{"damage":11.0,"enemies":"Snecko","floor":31.0,"turns":4.0},{"damage":17.0,"enemies":"Collector","floor":33.0,"turns":5.0},{"damage":0.0,"enemies":"Orb Walker","floor":35.0,"turns":2.0},{"damage":1.0,"enemies":"3 Darklings","floor":37.0,"turns":3.0},{"damage":3.0,"enemies":"Spire Growth","floor":39.0,"turns":3.0},{"damage":2.0,"enemies":"Giant Head","floor":40.0,"turns":7.0},{"damage":27.0,"enemies":"Jaw Worm Horde","floor":41.0,"turns":4.0},{"damage":9.0,"enemies":"Nemesis","floor":42.0,"turns":4.0},{"damage":19.0,"enemies":"2 Orb Walkers","floor":45.0,"turns":5.0},{"damage":16.0,"enemies":"Giant Head","floor":47.0,"turns":5.0},{"damage":17.0,"enemies":"Sphere and 2 Shapes","floor":48.0,"turns":4.0},{"damage":35.0,"enemies":"Donu and Deca","floor":50.0,"turns":8.0},{"damage":44,"enemies":"Shield and Spear","floor":54,"turns":9},{"damage":44,"enemies":"The Heart","floor":55,"turns":8}],"seed_played":"8378827117087098551","potions_obtained":[{"floor":1.0,"key":"ColorlessPotion"},{"floor":2.0,"key":"FearPotion"},{"floor":5.0,"key":"SpeedPotion"},{"floor":24.0,"key":"Regen Potion"},{"floor":27.0,"key":"LiquidBronze"},{"floor":30.0,"key":"LiquidMemories"},{"floor":33.0,"key":"Ancient Potion"},{"floor":35.0,"key":"DistilledChaos"},{"floor":40.0,"key":"DistilledChaos"},{"floor":47.0,"key":"FearPotion"},{"floor":48.0,"key":"PowerPotion"},{"floor":54,"key":"DistilledChaos"}],"is_trial":false,"path_per_floor":["M","M","$","?","M","E","R","E","T","?","R","M","?","M","R","B",null,"M","?","?","M","$","R","E","$","T","M","R","?","E","M","R","B",null,"M","?","M","?","M","E","M","E","T","R","?","?","E","M","R","B",null,"R","$","E","B",null],"character_chosen":"The_Alterego","items_purchased":["alterego_mod:Punishment","alterego_mod:Exercise","Omamori","Vajra","Magnetism","Bag of Preparation","alterego_mod:BusterCard"],"campfire_rested":0,"item_purchase_floors":[3,22,25,25,53,53,53],"current_hp_per_floor":[70,70,70,70,63,47,47,32,32,20,20,26,15,41,41,34,70,69,69,69,46,46,46,23,23,23,36,36,36,34,42,42,37,70,70,70,69,59,63,61,48,39,46,46,39,39,35,44,44,42,77,77,77,40,22],"gold":100,"neow_bonus":"BOSS_RELIC","is_daily":false,"chose_seed":false,"campfire_upgraded":8,"win_rate":0.0,"timestamp":1607977787,"path_taken":["M","M","$","?","?","E","R","E","T","?","R","M","?","M","R","BOSS","M","?","?","M","?","R","E","$","T","M","R","?","E","M","R","BOSS","M","?","M","?","M","E","M","E","T","R","?","?","E","M","R","BOSS","R","$","E","BOSS"],"items_purchased_type":["Card","Card","Relic","Relic","Card","Relic","Card"],"build_version":"2020-12-13","purchased_purges":2,"victory":true,"max_hp_per_floor":[70,70,70,70,70,70,70,70,70,70,70,70,70,70,70,70,70,70,70,70,70,70,70,70,70,70,70,70,70,70,70,70,70,70,70,70,70,70,70,70,70,70,77,77,77,77,77,77,77,77,77,77,77,77,77],"card_choices":[{"not_picked":["alterego_mod:SuperDuperMasochism"],"picked":"SKIP","floor":1.0},{"not_picked":[],"picked":"alterego_mod:BeGentle","floor":2.0},{"not_picked":["alterego_mod:Skirt"],"picked":"SKIP","floor":5.0},{"not_picked":[],"picked":"alterego_mod:GachaTicket","floor":6.0},{"not_picked":[],"picked":"alterego_mod:GachaTicket","floor":8.0},{"not_picked":["alterego_mod:Pet"],"picked":"SKIP","floor":12.0},{"not_picked":[],"picked":"alterego_mod:Mirror","floor":14.0},{"not_picked":[],"picked":"alterego_mod:VirginLaserPalladion","floor":16.0},{"not_picked":["alterego_mod:Undulate"],"picked":"SKIP","floor":18.0},{"not_picked":["alterego_mod:DeftHands"],"picked":"SKIP","floor":21.0},{"not_picked":[],"picked":"alterego_mod:Pet","floor":24.0},{"not_picked":["alterego_mod:1TonWallop"],"picked":"SKIP","floor":27.0},{"not_picked":[],"picked":"alterego_mod:Weigh","floor":30.0},{"not_picked":["alterego_mod:Complex"],"picked":"SKIP","floor":31.0},{"not_picked":[],"picked":"alterego_mod:Weigh","floor":33.0},{"not_picked":["alterego_mod:Stockings+1"],"picked":"SKIP","floor":35.0},{"not_picked":["alterego_mod:Cooking"],"picked":"SKIP","floor":37.0},{"not_picked":[],"picked":"Madness","floor":38.0},{"not_picked":[],"picked":"Madness","floor":38.0},{"not_picked":[],"picked":"Deep Breath","floor":38.0},{"not_picked":["alterego_mod:Cooking"],"picked":"SKIP","floor":39.0},{"not_picked":[],"picked":"alterego_mod:Cushion","floor":40.0},{"not_picked":[],"picked":"alterego_mod:Schoolgirl","floor":41.0},{"not_picked":["alterego_mod:Crossover+1"],"picked":"SKIP","floor":42.0},{"not_picked":["alterego_mod:Undulate+1"],"picked":"SKIP","floor":47.0},{"not_picked":["alterego_mod:Support"],"picked":"SKIP","floor":48.0},{"not_picked":["alterego_mod:PerceptionDisorder"],"picked":"SKIP","floor":54}],"player_experience":130059,"relics_obtained":[{"floor":6.0,"key":"Orichalcum"},{"floor":8.0,"key":"Meat on the Bone"},{"floor":24.0,"key":"White Beast Statue"},{"floor":26.0,"key":"StrikeDummy"},{"floor":30.0,"key":"Centennial Puzzle"},{"floor":40.0,"key":"Matryoshka"},{"floor":42.0,"key":"Girya"},{"floor":43.0,"key":"Juzu Bracelet"},{"floor":43.0,"key":"Strawberry"},{"floor":45.0,"key":"CaptainsWheel"},{"floor":47.0,"key":"Potion Belt"},{"floor":54,"key":"TungstenRod"}],"event_choices":[{"cards_removed":["alterego_mod:Defend"],"damage_healed":0.0,"max_hp_gain":0.0,"max_hp_loss":0.0,"gold_gain":0.0,"event_name":"Purifier","player_choice":"Purged","floor":4.0,"gold_loss":0.0,"damage_taken":0.0},{"damage_healed":0.0,"max_hp_gain":0.0,"max_hp_loss":0.0,"gold_gain":0.0,"event_name":"Scrap Ooze","player_choice":"Success","floor":10.0,"gold_loss":0.0,"damage_taken":12.0,"relics_obtained":["Bronze Scales"]},{"damage_healed":0.0,"max_hp_gain":0.0,"max_hp_loss":0.0,"gold_gain":75.0,"event_name":"World of Goop","player_choice":"Gather Gold","floor":13.0,"gold_loss":0.0,"damage_taken":11.0},{"damage_healed":0.0,"max_hp_gain":0.0,"max_hp_loss":0.0,"gold_gain":0.0,"event_name":"Vampires","player_choice":"Ignored","floor":19.0,"gold_loss":0.0,"damage_taken":0.0},{"damage_healed":0.0,"max_hp_gain":0.0,"max_hp_loss":0.0,"gold_gain":0.0,"event_name":"The Library","player_choice":"Read","floor":20.0,"gold_loss":0.0,"damage_taken":0.0,"cards_obtained":["alterego_mod:IndependentAction"]},{"damage_healed":0.0,"max_hp_gain":0.0,"max_hp_loss":0.0,"gold_gain":99.0,"event_name":"Nest","player_choice":"Stole From Cult","floor":29.0,"gold_loss":0.0,"damage_taken":0.0},{"cards_removed":["alterego_mod:Strike"],"damage_healed":0.0,"max_hp_gain":0.0,"max_hp_loss":0.0,"gold_gain":0.0,"event_name":"Falling","player_choice":"Removed Attack","floor":36.0,"gold_loss":0.0,"damage_taken":0.0},{"damage_healed":0.0,"max_hp_gain":0.0,"max_hp_loss":0.0,"gold_gain":0.0,"event_name":"SensoryStone","player_choice":"Memory 3","floor":38.0,"gold_loss":0.0,"damage_taken":10.0},{"damage_healed":0.0,"max_hp_gain":0.0,"max_hp_loss":0.0,"gold_gain":0.0,"event_name":"Mysterious Sphere","player_choice":"Fight","floor":45.0,"gold_loss":0.0,"damage_taken":0.0},{"damage_healed":0.0,"max_hp_gain":0.0,"max_hp_loss":0.0,"gold_gain":0.0,"cards_transformed":["alterego_mod:Strike"],"event_name":"Transmorgrifier","player_choice":"Transformed","floor":46.0,"gold_loss":0.0,"damage_taken":0.0,"cards_obtained":["alterego_mod:DiscoLights"]}],"is_beta":false,"boss_relics":[{"not_picked":["Velvet Choker","Ectoplasm"],"picked":"Cursed Key"},{"not_picked":["Runic Pyramid","Pandora\u0027s Box"],"picked":"Coffee Dripper"}],"items_purged_floors":[3,53],"is_endless":false,"potions_floor_spawned":[1,2,5,24,27,30,31,33,35,37,39,40,41,42,45,47,48,54],"ascension_level":3}}