{"host":"ya062ahhhuj9au1o","time":1607913660,"event":{"mods":["BaseMod","Better Third Choice","Filter the Spire","Hermit","Minty Spire (QoL Compilation)","Random Character Button","Robot Space Explorer","Somnambulant","StSLib","The Bug Knight","The Cursed","The Servant 0.9.4"],"gold_per_floor":[117,130,130,49,49,49,49,49,76,76,92,125,200,225,225,297,297,284,301,301,301,318,318,318,318],"floor_reached":24,"playtime":2298,"items_purged":[],"score":498,"play_id":"5e65a0b3-6e41-417a-a9b0-a3afac38519d","local_time":"20201213214100","is_ascension_mode":true,"campfire_choices":[{"data":"KidneyShot","floor":6.0,"key":"SMITH"},{"data":"Defy","floor":8.0,"key":"SMITH"},{"data":"TimeWarp","floor":10.0,"key":"SMITH"},{"data":"Luminosity","floor":15.0,"key":"SMITH"},{"data":"Foresight","floor":23,"key":"SMITH"}],"circlet_count":0,"master_deck":["AscendersBane","KidneyShot+1","Exchange","Shuttle","Foresight+1","DualDimension","ForgedInTime","InstantArmor+1","Shuttle","Defy+1","Deny","TimeWarp+1","SpecialFormula","Infernal Blade","Comet","Solidify","Luminosity+1","TimeWarp","TheWorld","TimeWarp"],"relics":["Pandora\u0027s Box","StrikeDummy","Akabeko","White Beast Statue","Oddly Smooth Stone","Black Star"],"acts_visited":["Exordium","TheCity"],"potions_floor_usage":[22],"damage_taken":[{"damage":2.0,"enemies":"Small Slimes","floor":1.0,"turns":9.0},{"damage":2.0,"enemies":"2 Louse","floor":2.0,"turns":6.0},{"damage":0.0,"enemies":"Cultist","floor":11.0,"turns":5.0},{"damage":0.0,"enemies":"Gremlin Nob","floor":12.0,"turns":4.0},{"damage":0.0,"enemies":"3 Sentries","floor":14.0,"turns":7.0},{"damage":0.0,"enemies":"The Guardian","floor":16.0,"turns":7.0},{"damage":8.0,"enemies":"2 Thieves","floor":18.0,"turns":4.0},{"damage":1.0,"enemies":"Shell Parasite","floor":19.0,"turns":5.0},{"damage":0,"enemies":"Sentry and Sphere","floor":22,"turns":4},{"damage":86,"enemies":"Slavers","floor":24,"turns":5}],"seed_played":"-3026540769004069691","potions_obtained":[{"floor":2.0,"key":"SpeedPotion"},{"floor":7.0,"key":"FairyPotion"},{"floor":7.0,"key":"AttackPotion"},{"floor":14.0,"key":"PowerPotion"},{"floor":16.0,"key":"SkillPotion"},{"floor":18.0,"key":"Fire Potion"},{"floor":19.0,"key":"SneckoOil"},{"floor":22,"key":"SpeedPotion"}],"is_trial":false,"path_per_floor":["M","M","?","$","?","R","?","R","T","R","M","E","?","E","R","B",null,"M","M","?","$","M","R","E"],"character_chosen":"THE_SERVANT","items_purchased":["Comet"],"campfire_rested":0,"item_purchase_floors":[4],"current_hp_per_floor":[57,55,50,50,50,50,50,50,50,50,55,60,49,54,54,59,64,57,61,61,61,65,65,0,0],"gold":318,"neow_bonus":"BOSS_RELIC","is_daily":false,"chose_seed":false,"campfire_upgraded":5,"win_rate":0.0,"timestamp":1607913660,"path_taken":["M","M","?","$","?","R","?","R","T","R","?","E","?","E","R","BOSS","M","M","?","$","M","R","E"],"items_purchased_type":["Card"],"build_version":"2020-12-13","purchased_purges":0,"victory":false,"max_hp_per_floor":[65,65,65,65,65,65,65,65,65,65,65,65,65,65,65,65,65,65,65,65,65,65,65,65,65],"card_choices":[{"not_picked":["Rewind","Moondial"],"picked":"TimeWarp","floor":1.0},{"not_picked":["Defy","Rewind"],"picked":"SpecialFormula","floor":2.0},{"not_picked":["DoubleEdge","RealityMarble"],"picked":"Solidify","floor":11.0},{"not_picked":["Defy","TimeWarp"],"picked":"Luminosity","floor":12.0},{"not_picked":["Replace","Hightail"],"picked":"TimeWarp","floor":14.0},{"not_picked":["Solidify","Initiator"],"picked":"TheWorld","floor":16.0},{"not_picked":["Revamp","Spin","FanOfKnives"],"picked":"SKIP","floor":18.0},{"not_picked":["FastForward","SilverBlades"],"picked":"TimeWarp","floor":19.0},{"not_picked":["Unruled","Read+1","Ricochet"],"picked":"SKIP","floor":22}],"player_experience":1614586,"relics_obtained":[{"floor":9.0,"key":"Akabeko"},{"floor":12.0,"key":"White Beast Statue"},{"floor":14.0,"key":"Oddly Smooth Stone"}],"event_choices":[{"damage_healed":0.0,"max_hp_gain":0.0,"max_hp_loss":0.0,"gold_gain":0.0,"event_name":"Living Wall","player_choice":"Grow","floor":5.0,"gold_loss":0.0,"damage_taken":0.0,"cards_upgraded":["InstantArmor"]},{"damage_healed":0.0,"max_hp_gain":0.0,"max_hp_loss":0.0,"gold_gain":0.0,"event_name":"Lab","player_choice":"Got Potions","floor":7.0,"gold_loss":0.0,"damage_taken":0.0},{"damage_healed":0.0,"max_hp_gain":0.0,"max_hp_loss":0.0,"gold_gain":75.0,"event_name":"betterThird:BetterGoop","player_choice":"Gold","floor":13.0,"gold_loss":0.0,"damage_taken":11.0},{"damage_healed":0,"gold_gain":0,"player_choice":"Ignored","damage_taken":0,"max_hp_gain":0,"max_hp_loss":0,"event_name":"The Mausoleum","floor":20,"gold_loss":0}],"is_beta":false,"boss_relics":[{"not_picked":["StoneMask","Empty Cage"],"picked":"Black Star"}],"items_purged_floors":[],"is_endless":false,"potions_floor_spawned":[2,11,12,14,16,18,19,22],"killed_by":"Slavers","ascension_level":13}}