{"host":"o9f8b8qp367yg72z","time":1607950320,"event":{"mods":["2.2 Compatiblity","AchievementEnabler","BaseMod","BetterRewards","Clockwork Mod","Colored Map","Colored Powertips","Friendly Minions","GifTheSpireLib","Glutton Mod","Gold Saver","Highlight Path","Mad Scientist","Mimic Mod","Minty Spire (QoL Compilation)","Potionbrewer","QueenMod","Random Character Button","Rare Cards Sparkle","Ruin Mod","Shop Mod","Slumbering Mod","StSLib","The Accelerator","The Construct","The Death Knight","The Disciple","The Forsaken","The Gatherer","The Hayseed","The Hierophant","The Judge","The Necromancer","The Servant 0.9.4","The Spell Scribe","The Trickster","The Valiant","TheHero","TheLocksmith","Treasure Hunter","Wandering Minibosses","everything is the same but u backflip on backflip"],"gold_per_floor":[110,110,128,50,60,60,60],"floor_reached":6,"playtime":375,"items_purged":[],"score":36,"play_id":"961adbfb-db27-409c-b645-d69ac95c2f19","local_time":"20201214235200","is_ascension_mode":false,"campfire_choices":[],"circlet_count":0,"master_deck":["QueenMod:Strike","QueenMod:Strike","QueenMod:Strike","QueenMod:Defend","QueenMod:Defend","QueenMod:Defend","QueenMod:Defend","QueenMod:QuickJabs","QueenMod:Recruit","QueenMod:PollenBlast","QueenMod:GatheringSwarm","QueenMod:Feast","QueenMod:Flyby"],"relics":["QueenMod:QueensBanner","NeowsBlessing"],"acts_visited":["Exordium"],"potions_floor_usage":[],"damage_taken":[{"damage":0,"enemies":"theSlumbering:NewCultist","floor":1,"turns":1},{"damage":0,"enemies":"Jaw Worm","floor":3,"turns":1},{"damage":0,"enemies":"Cultist","floor":5,"turns":1},{"damage":38,"enemies":"Lagavulin","floor":6,"turns":6}],"seed_played":"-1462878590463617267","potions_obtained":[{"floor":3,"key":"FairyPotion"}],"is_trial":false,"path_per_floor":["M","?","M","$","M","E"],"character_chosen":"THE_QUEEN","items_purchased":["QueenMod:Feast"],"campfire_rested":0,"item_purchase_floors":[4],"current_hp_per_floor":[75,75,75,75,75,37,37],"gold":60,"neow_bonus":"THREE_ENEMY_KILL","is_daily":false,"chose_seed":false,"campfire_upgraded":0,"win_rate":0.0,"timestamp":1607950320,"path_taken":["M","?","M","?","?","E"],"items_purchased_type":["Card"],"build_version":"2020-12-13","purchased_purges":0,"victory":false,"max_hp_per_floor":[75,75,75,75,75,75,75],"card_choices":[{"not_picked":["QueenMod:DefendOrder","QueenMod:HoldPosition"],"picked":"QueenMod:PollenBlast","floor":1},{"not_picked":["QueenMod:BirthingCells","QueenMod:HoldPosition"],"picked":"QueenMod:GatheringSwarm","floor":3},{"not_picked":["QueenMod:WarTrumpet","QueenMod:Fleche"],"picked":"QueenMod:Flyby","floor":5}],"player_experience":323239,"relics_obtained":[],"event_choices":[],"is_beta":false,"boss_relics":[],"items_purged_floors":[],"is_endless":false,"potions_floor_spawned":[3],"killed_by":"Lagavulin","ascension_level":0}}