{"host":"j4g6ia6asvpyu2b0","time":1607962731,"event":{"mods":["BaseMod","Colored Map","Minty Spire (QoL Compilation)","Permanent Neow","Quick Restart","Relic Stats","StSLib","Unceasing Turn Reminder"],"gold_per_floor":[14,26,36,47,47,47,61,93,93,119,119,119,119,132,132,231,231,248,248,262,281,294,327,327,327,376,376,393,410,436,436,436,533,533,544,561,561,578,853,882,899,918,918,752,765,765,796,388,388,388,388,388,46,79,79],"floor_reached":56,"playtime":2194,"items_purged":["Regret"],"score":1432,"play_id":"42a6d220-f443-4211-ab6e-7ba66ad89bdb","local_time":"20201214091851","is_ascension_mode":true,"campfire_choices":[{"data":"Apotheosis","floor":6.0,"key":"SMITH"},{"floor":11.0,"key":"RECALL"},{"data":"Venomology","floor":13.0,"key":"SMITH"},{"data":"Noxious Fumes","floor":15.0,"key":"SMITH"},{"floor":24.0,"key":"REST"},{"floor":27.0,"key":"REST"},{"data":"A Thousand Cuts","floor":32.0,"key":"SMITH"},{"floor":46,"key":"REST"},{"data":"Adrenaline","floor":49,"key":"SMITH"},{"data":"Footwork","floor":52,"key":"SMITH"}],"circlet_count":0,"master_deck":["Defend_G","Defend_G","Defend_G","Defend_G","Defend_G","Survivor","Neutralize","Apotheosis+1","Poisoned Stab","Dagger Throw","Backflip","Dagger Spray","Backflip","Predator","Noxious Fumes+1","Glass Knife","Tactician","Echo Form+1","Caltrops","Dash+1","Dodge and Roll+1","Terror+1","Flying Knee","Heel Hook+1","A Thousand Cuts+1","Bite","Bite","Bite","Bite","Bite","Adrenaline+1","Poisoned Stab+1","Flying Knee","Prepared","Slice+1","PiercingWail+1","Outmaneuver","Footwork+1","Acrobatics","Outmaneuver","Well Laid Plans","Burst","Master of Strategy","PiercingWail","Crippling Poison"],"relics":["Ring of the Snake","HornCleat","CaptainsWheel","Ginger","HoveringKite","Pantograph","CultistMask","Boot","Busted Crown","Paper Crane","Darkstone Periapt","Bottled Lightning","Thread and Needle","Anchor"],"acts_visited":["Exordium","TheCity","TheBeyond","TheEnding"],"potions_floor_usage":[40,47,50,55],"damage_taken":[{"damage":4.0,"enemies":"Jaw Worm","floor":1.0,"turns":4.0},{"damage":0.0,"enemies":"Cultist","floor":2.0,"turns":3.0},{"damage":0.0,"enemies":"Small Slimes","floor":3.0,"turns":3.0},{"damage":0.0,"enemies":"3 Louse","floor":4.0,"turns":2.0},{"damage":0.0,"enemies":"Lots of Slimes","floor":7.0,"turns":1.0},{"damage":20.0,"enemies":"3 Sentries","floor":8.0,"turns":6.0},{"damage":0.0,"enemies":"Lagavulin","floor":10.0,"turns":5.0},{"damage":0.0,"enemies":"Large Slime","floor":14.0,"turns":5.0},{"damage":10.0,"enemies":"The Guardian","floor":16.0,"turns":9.0},{"damage":2.0,"enemies":"2 Thieves","floor":18.0,"turns":3.0},{"damage":4.0,"enemies":"Chosen","floor":20.0,"turns":4.0},{"damage":15.0,"enemies":"Sentry and Sphere","floor":21.0,"turns":5.0},{"damage":2.0,"enemies":"Snake Plant","floor":22.0,"turns":4.0},{"damage":11.0,"enemies":"Gremlin Leader","floor":23.0,"turns":7.0},{"damage":15.0,"enemies":"Centurion and Healer","floor":28.0,"turns":6.0},{"damage":0.0,"enemies":"3 Cultists","floor":29.0,"turns":5.0},{"damage":1.0,"enemies":"Slavers","floor":30.0,"turns":5.0},{"damage":32,"enemies":"Champ","floor":33,"turns":9},{"damage":0,"enemies":"Orb Walker","floor":35,"turns":3},{"damage":2,"enemies":"3 Darklings","floor":36,"turns":5},{"damage":0,"enemies":"4 Shapes","floor":38,"turns":6},{"damage":57,"enemies":"Nemesis","floor":40,"turns":7},{"damage":10,"enemies":"Writhing Mass","floor":41,"turns":6},{"damage":0,"enemies":"Maw","floor":42,"turns":7},{"damage":10,"enemies":"Spire Growth","floor":45,"turns":5},{"damage":5,"enemies":"Reptomancer","floor":47,"turns":7},{"damage":53,"enemies":"Time Eater","floor":50,"turns":12},{"damage":7,"enemies":"Shield and Spear","floor":54,"turns":7},{"damage":38,"enemies":"The Heart","floor":55,"turns":9}],"seed_played":"-5686002722832196837","potions_obtained":[{"floor":2.0,"key":"AttackPotion"},{"floor":10.0,"key":"CunningPotion"},{"floor":14.0,"key":"FearPotion"},{"floor":16.0,"key":"GhostInAJar"},{"floor":23.0,"key":"GamblersBrew"},{"floor":28.0,"key":"LiquidMemories"},{"floor":33,"key":"EssenceOfSteel"},{"floor":38,"key":"DistilledChaos"},{"floor":40,"key":"SpeedPotion"},{"floor":41,"key":"LiquidMemories"},{"floor":47,"key":"Block Potion"}],"is_trial":false,"path_per_floor":["M","M","M","M","?","R","M","E","T","E","R","?","R","M","R","B",null,"M","?","M","M","M","E","R","?","T","R","M","M","E","?","R","B",null,"M","M","?","M","?","E","M","M","T","$","M","R","E","$","R","B",null,"R","$","E","B",null],"character_chosen":"THE_SILENT","items_purchased":["Footwork","Acrobatics","Well Laid Plans","Burst","Master of Strategy","Thread and Needle","PiercingWail"],"campfire_rested":3,"item_purchase_floors":[44,44,48,48,48,53,53],"current_hp_per_floor":[66,66,66,66,66,66,66,46,46,46,46,39,39,39,39,29,70,68,68,64,49,47,36,57,57,57,70,55,55,54,49,49,20,49,49,48,48,49,49,4,9,30,30,30,34,48,49,49,49,14,49,49,49,49,23],"gold":79,"neow_bonus":"RANDOM_COLORLESS_2","is_daily":false,"chose_seed":false,"campfire_upgraded":6,"win_rate":0.0,"timestamp":1607962731,"path_taken":["M","M","M","M","?","R","M","E","T","E","R","?","R","M","R","BOSS","M","?","?","M","?","E","R","?","T","R","?","M","E","?","R","BOSS","M","M","?","?","?","E","?","?","T","?","M","R","E","$","R","BOSS","R","$","E","BOSS"],"items_purchased_type":["Card","Card","Card","Card","Card","Relic","Card"],"build_version":"2020-12-13","purchased_purges":1,"victory":true,"max_hp_per_floor":[70,70,70,70,70,70,70,70,70,70,70,70,70,70,70,70,70,70,70,70,70,70,70,70,70,70,70,70,70,70,49,49,49,49,49,49,49,49,49,49,49,49,49,49,49,49,49,49,49,49,49,49,49,49,49],"relic_stats":{"Darkstone Periapt":0,"Busted Crown":18,"counters":[29,160],"Pantograph":0,"HoveringKite":[45],"Ginger":[26],"Boot":[73],"obtain_stats":[{"Darkstone Periapt":43,"HoveringKite":17,"Thread and Needle":53,"Ginger":10,"Paper Crane":40,"Boot":30,"CaptainsWheel":9,"Anchor":54,"HornCleat":8,"Busted Crown":34,"Pantograph":23,"CultistMask":25,"Bottled Lightning":47,"Ring of the Snake":0},{"Darkstone Periapt":24,"HoveringKite":9,"Thread and Needle":27,"Ginger":7,"Paper Crane":22,"Boot":17,"CaptainsWheel":6,"Anchor":28,"HornCleat":6,"Busted Crown":18,"Pantograph":14,"CultistMask":14,"Bottled Lightning":26,"Ring of the Snake":0},{"Darkstone Periapt":120,"HoveringKite":38,"Thread and Needle":144,"Ginger":24,"Paper Crane":107,"Boot":77,"CaptainsWheel":19,"Anchor":151,"HornCleat":19,"Busted Crown":86,"Pantograph":61,"CultistMask":61,"Bottled Lightning":132,"Ring of the Snake":0}],"Ring of the Snake":[58]},"card_choices":[{"not_picked":["Mayhem","HandOfGreed"],"picked":"Apotheosis","floor":0.0},{"not_picked":["Flechettes","Dagger Throw"],"picked":"Poisoned Stab","floor":1.0},{"not_picked":["Quick Slash","Deadly Poison"],"picked":"Dagger Throw","floor":2.0},{"not_picked":["Deflect","Choke"],"picked":"Backflip","floor":3.0},{"not_picked":["Cloak And Dagger","Backstab"],"picked":"Dagger Spray","floor":4.0},{"not_picked":["Prepared","Deflect"],"picked":"Backflip","floor":7.0},{"not_picked":["Terror","Poisoned Stab"],"picked":"Predator","floor":8.0},{"not_picked":["Deadly Poison","Flying Knee"],"picked":"Venomology","floor":10.0},{"not_picked":["Deflect","Sucker Punch"],"picked":"Noxious Fumes","floor":14.0},{"not_picked":["Unload","Bullet Time"],"picked":"Glass Knife","floor":16.0},{"not_picked":["PiercingWail+1","Flying Knee+1"],"picked":"Tactician","floor":18.0},{"not_picked":["Sucker Punch","Expertise+1"],"picked":"Caltrops","floor":20.0},{"not_picked":["Reflex+1","Blade Dance"],"picked":"Dash+1","floor":21.0},{"not_picked":["Underhanded Strike","Outmaneuver"],"picked":"Dodge and Roll+1","floor":22.0},{"not_picked":["Slice","Acrobatics"],"picked":"Terror+1","floor":23.0},{"not_picked":["Sucker Punch","Infinite Blades"],"picked":"Flying Knee","floor":28.0},{"not_picked":["All Out Attack","Dagger Spray"],"picked":"Heel Hook+1","floor":29.0},{"not_picked":["Dagger Spray","Sucker Punch+1"],"picked":"A Thousand Cuts","floor":30.0},{"not_picked":["Glass Knife","Storm of Steel"],"picked":"Adrenaline","floor":33},{"not_picked":[],"picked":"Poisoned Stab+1","floor":35},{"not_picked":[],"picked":"Flying Knee","floor":36},{"not_picked":[],"picked":"Prepared","floor":38},{"not_picked":[],"picked":"Slice+1","floor":40},{"not_picked":[],"picked":"PiercingWail+1","floor":41},{"not_picked":[],"picked":"Outmaneuver","floor":42},{"not_picked":["Flying Knee"],"picked":"SKIP","floor":45},{"not_picked":[],"picked":"Outmaneuver","floor":47},{"not_picked":[],"picked":"Crippling Poison","floor":54}],"player_experience":647871,"relics_obtained":[{"floor":8.0,"key":"HornCleat"},{"floor":9.0,"key":"CaptainsWheel"},{"floor":10.0,"key":"Ginger"},{"floor":23.0,"key":"Pantograph"},{"floor":30.0,"key":"Boot"},{"floor":40,"key":"Paper Crane"},{"floor":43,"key":"Darkstone Periapt"},{"floor":47,"key":"Bottled Lightning"},{"floor":54,"key":"Anchor"}],"event_choices":[{"damage_healed":0.0,"max_hp_gain":0.0,"max_hp_loss":0.0,"gold_gain":0.0,"event_name":"Shining Light","player_choice":"Ignored","floor":5.0,"gold_loss":0.0,"damage_taken":0.0},{"cards_removed":["Strike_G"],"damage_healed":0.0,"max_hp_gain":0.0,"max_hp_loss":0.0,"gold_gain":0.0,"event_name":"Golden Wing","player_choice":"Card Removal","floor":12.0,"gold_loss":0.0,"damage_taken":7.0},{"cards_removed":["Venomology"],"damage_healed":0.0,"max_hp_gain":0.0,"max_hp_loss":0.0,"gold_gain":0.0,"event_name":"NoteForYourself","player_choice":"Took Card","floor":19.0,"gold_loss":0.0,"damage_taken":0.0,"cards_obtained":["Echo Form"]},{"damage_healed":0.0,"max_hp_gain":0.0,"max_hp_loss":0.0,"gold_gain":0.0,"event_name":"FaceTrader","player_choice":"Trade","floor":25.0,"gold_loss":0.0,"damage_taken":0.0,"relics_obtained":["CultistMask"]},{"damage_healed":0.0,"max_hp_gain":0.0,"max_hp_loss":21.0,"gold_gain":0.0,"event_name":"Vampires","player_choice":"Became a vampire","floor":31.0,"gold_loss":0.0,"damage_taken":0.0,"cards_obtained":["Bite","Bite","Bite","Bite","Bite"]},{"damage_healed":0,"gold_gain":0,"player_choice":"Bought 0 Potions","damage_taken":0,"max_hp_gain":0,"max_hp_loss":0,"event_name":"The Woman in Blue","floor":37,"gold_loss":0},{"damage_healed":0,"gold_gain":275,"player_choice":"Desecrate","damage_taken":0,"max_hp_gain":0,"max_hp_loss":0,"event_name":"Golden Shrine","floor":39,"gold_loss":0,"cards_obtained":["Regret"]}],"is_beta":false,"boss_relics":[{"not_picked":["Empty Cage","Ring of the Serpent"],"picked":"HoveringKite"},{"not_picked":["Astrolabe","Cursed Key"],"picked":"Busted Crown"}],"items_purged_floors":[44],"is_endless":false,"potions_floor_spawned":[2,10,14,16,20,21,23,28,33,35,38,40,41,47],"ascension_level":2}}