{"host":"2pgz2fctomabfk86","time":1607939835,"event":{"mods":["AchievementEnabler","BaseMod","Colored Map","DeckTracker","Minty Spire (QoL Compilation)","StSLib","SuperFastMode"],"gold_per_floor":[114,39,49,124,124,124,142,142,219,219,252,314,326,27,27,106,106,116,41,41,57,71,71,103,121,121,149,149,163,163,181,181,258,258,275,295,309,326,226,226,251,271,271,45,63,96,96,112,112,112],"floor_reached":51,"playtime":2371,"items_purged":["Strike_B","Ball Lightning+1","Zap"],"score":1403,"play_id":"872ca946-77fc-43ba-9a31-ffa63fc3e3d8","local_time":"20201214185715","is_ascension_mode":true,"campfire_choices":[{"data":"Fission","floor":6.0,"key":"SMITH"},{"data":"FTL","floor":8.0,"key":"SMITH"},{"data":"Ball Lightning","floor":10.0,"key":"SMITH"},{"floor":15.0,"key":"REST"},{"data":"Echo Form","floor":23.0,"key":"SMITH"},{"floor":28.0,"key":"REST"},{"data":"Buffer","floor":30.0,"key":"SMITH"},{"floor":32.0,"key":"REST"},{"data":"Reprogram","floor":40.0,"key":"SMITH"},{"floor":49,"key":"REST"}],"circlet_count":0,"master_deck":["AscendersBane","Defend_B","Defend_B","Defend_B","Defend_B","Dualcast+1","FTL+1","Undo","Fission+1","Coolheaded","Beam Cell+1","Hyperbeam+1","Rebound+1","Echo Form+1","Go for the Eyes+1","BootSequence","Buffer+1","Gash+1","Gash+1","Turbo","All For One+1","Recycle+1","Reprogram+1","Conserve Battery+1","Finesse","Undo+1"],"relics":["Cracked Core","Molten Egg 2","Toy Ornithopter","Anchor","SlaversCollar","Mango","Question Card","Cables","Nuclear Battery","Turnip","Bag of Marbles","DataDisk"],"acts_visited":["Exordium","TheCity","TheBeyond"],"potions_floor_usage":[48,48],"damage_taken":[{"damage":4.0,"enemies":"Jaw Worm","floor":1.0,"turns":4.0},{"damage":2.0,"enemies":"2 Louse","floor":3.0,"turns":3.0},{"damage":5.0,"enemies":"Small Slimes","floor":7.0,"turns":3.0},{"damage":27.0,"enemies":"3 Sentries","floor":11.0,"turns":7.0},{"damage":4.0,"enemies":"Lagavulin Event","floor":12.0,"turns":4.0},{"damage":0.0,"enemies":"Exordium Wildlife","floor":13.0,"turns":2.0},{"damage":15.0,"enemies":"Slime Boss","floor":16.0,"turns":6.0},{"damage":6.0,"enemies":"Spheric Guardian","floor":18.0,"turns":3.0},{"damage":10.0,"enemies":"2 Thieves","floor":21.0,"turns":2.0},{"damage":1.0,"enemies":"Snake Plant","floor":22.0,"turns":2.0},{"damage":0.0,"enemies":"Slavers","floor":24.0,"turns":4.0},{"damage":4.0,"enemies":"3 Cultists","floor":25.0,"turns":3.0},{"damage":63.0,"enemies":"Gremlin Leader","floor":27.0,"turns":6.0},{"damage":0.0,"enemies":"Centurion and Healer","floor":29.0,"turns":5.0},{"damage":16.0,"enemies":"Snake Plant","floor":31.0,"turns":3.0},{"damage":25.0,"enemies":"Automaton","floor":33.0,"turns":8.0},{"damage":0.0,"enemies":"Orb Walker","floor":35.0,"turns":3.0},{"damage":0.0,"enemies":"3 Darklings","floor":36.0,"turns":5.0},{"damage":30.0,"enemies":"Spire Growth","floor":37.0,"turns":4.0},{"damage":0.0,"enemies":"Maw","floor":38.0,"turns":6.0},{"damage":6.0,"enemies":"Mind Bloom Boss Battle","floor":41.0,"turns":7.0},{"damage":17.0,"enemies":"Jaw Worm Horde","floor":42.0,"turns":4.0},{"damage":0.0,"enemies":"3 Darklings","floor":45.0,"turns":1.0},{"damage":3.0,"enemies":"Giant Head","floor":46.0,"turns":7.0},{"damage":14,"enemies":"Transient","floor":48,"turns":6},{"damage":32,"enemies":"Awakened One","floor":50,"turns":15}],"seed_played":"4218606345104837841","potions_obtained":[{"floor":7.0,"key":"FairyPotion"},{"floor":11.0,"key":"SneckoOil"},{"floor":12.0,"key":"LiquidMemories"},{"floor":21.0,"key":"EssenceOfSteel"},{"floor":27.0,"key":"LiquidBronze"},{"floor":29.0,"key":"Strength Potion"},{"floor":33.0,"key":"Strength Potion"},{"floor":35.0,"key":"EntropicBrew"}],"is_trial":false,"path_per_floor":["M","?","M","?","?","R","M","R","T","R","E","?","M","$","R","B",null,"M","?","?","M","M","R","E","M","T","E","R","M","R","M","R","B",null,"M","M","M","M","$","R","?","M","T","$","M","E","?","M","R","B",null],"character_chosen":"DEFECT","items_purchased":["Hyperbeam+1","Rebound+1","Finesse"],"campfire_rested":4,"item_purchase_floors":[14,14,44],"current_hp_per_floor":[60,60,58,47,47,47,42,42,42,42,15,16,16,16,37,27,60,54,54,54,44,43,43,62,58,58,25,50,50,50,34,59,39,74,74,74,44,44,44,44,38,21,21,21,21,18,18,14,39,17],"gold":112,"neow_bonus":"UPGRADE_CARD","is_daily":false,"chose_seed":false,"campfire_upgraded":6,"win_rate":0.0,"timestamp":1607939835,"path_taken":["M","?","M","?","?","R","M","R","T","R","E","?","M","$","R","BOSS","M","?","?","M","?","R","E","M","T","E","R","?","R","M","R","BOSS","M","M","M","M","$","R","?","M","T","$","M","E","?","M","R","BOSS"],"items_purchased_type":["Card","Card","Card"],"build_version":"2020-12-13","purchased_purges":3,"victory":true,"max_hp_per_floor":[71,71,71,71,71,71,71,71,71,71,71,71,71,71,71,71,71,71,71,71,71,71,71,85,85,85,85,85,85,85,85,85,85,85,85,85,85,85,85,85,85,85,85,85,85,85,85,85,85,85],"card_choices":[{"not_picked":["Beam Cell","Sweeping Beam"],"picked":"FTL","floor":1.0},{"not_picked":["Chill","Conserve Battery"],"picked":"Undo","floor":3.0},{"not_picked":["Coolheaded","Leap"],"picked":"Ball Lightning","floor":7.0},{"not_picked":["Beam Cell+1","BootSequence"],"picked":"Coolheaded","floor":11.0},{"not_picked":["Redo","Force Field"],"picked":"Beam Cell+1","floor":13.0},{"not_picked":["Hyperbeam+1","Biased Cognition"],"picked":"Echo Form","floor":16.0},{"not_picked":["Capacitor","Ball Lightning+1","Coolheaded"],"picked":"SKIP","floor":18.0},{"not_picked":["Hello World","Turbo"],"picked":"Go for the Eyes+1","floor":21.0},{"not_picked":["Beam Cell+1","Rebound+1"],"picked":"BootSequence","floor":22.0},{"not_picked":["Melter+1","Steam"],"picked":"Buffer","floor":24.0},{"not_picked":["Barrage+1","Conserve Battery"],"picked":"Gash+1","floor":25.0},{"not_picked":["Redo","BootSequence","Compile Driver+1"],"picked":"Gash+1","floor":27.0},{"not_picked":["Loop+1","Gash+1","Coolheaded"],"picked":"Turbo","floor":29.0},{"not_picked":["Consume","Turbo","Rip and Tear+1","Double Energy"],"picked":"SKIP","floor":31.0},{"not_picked":["Hyperbeam+1","Echo Form","Fission"],"picked":"All For One+1","floor":33.0},{"not_picked":["Doom and Gloom+1","Stack","Steam"],"picked":"Recycle+1","floor":35.0},{"not_picked":["Compile Driver+1","Sweeping Beam+1","Turbo","Steam"],"picked":"SKIP","floor":36.0},{"not_picked":["Darkness","Chill","Steam"],"picked":"Reprogram","floor":37.0},{"not_picked":["Echo Form","Rebound+1","Capacitor","Coolheaded"],"picked":"SKIP","floor":38.0},{"not_picked":["Loop","Genetic Algorithm","White Noise"],"picked":"Conserve Battery","floor":42.0},{"not_picked":["Barrage+1","FTL+1","Go for the Eyes+1"],"picked":"Undo+1","floor":45.0},{"not_picked":["Stack","Sweeping Beam+1","Melter+1","Leap"],"picked":"SKIP","floor":46.0},{"not_picked":["Barrage+1","Rip and Tear+1","Gash+1","Stack"],"picked":"SKIP","floor":48}],"player_experience":951365,"relics_obtained":[{"floor":9.0,"key":"Molten Egg 2"},{"floor":11.0,"key":"Toy Ornithopter"},{"floor":12.0,"key":"Anchor"},{"floor":24.0,"key":"Mango"},{"floor":26.0,"key":"Question Card"},{"floor":27.0,"key":"Cables"},{"floor":41.0,"key":"Turnip"},{"floor":43.0,"key":"Bag of Marbles"},{"floor":46.0,"key":"DataDisk"}],"event_choices":[{"cards_removed":["Strike_B"],"damage_healed":0.0,"max_hp_gain":0.0,"max_hp_loss":0.0,"gold_gain":0.0,"event_name":"The Cleric","player_choice":"Card Removal","floor":2.0,"gold_loss":75.0,"damage_taken":0.0},{"damage_healed":0.0,"max_hp_gain":0.0,"max_hp_loss":0.0,"gold_gain":75.0,"event_name":"World of Goop","player_choice":"Gather Gold","floor":4.0,"gold_loss":0.0,"damage_taken":11.0},{"damage_healed":0.0,"max_hp_gain":0.0,"max_hp_loss":0.0,"gold_gain":0.0,"cards_transformed":["Strike_B"],"event_name":"Living Wall","player_choice":"Change","floor":5.0,"gold_loss":0.0,"damage_taken":0.0,"cards_obtained":["Fission"]},{"damage_healed":0.0,"max_hp_gain":0.0,"max_hp_loss":0.0,"gold_gain":0.0,"event_name":"Dead Adventurer","player_choice":"Searched \u00271\u0027 times","floor":12.0,"gold_loss":0.0,"damage_taken":0.0},{"cards_removed":["Strike_B"],"damage_healed":0.0,"max_hp_gain":0.0,"max_hp_loss":0.0,"gold_gain":0.0,"event_name":"Beggar","player_choice":"Gave Gold","floor":19.0,"gold_loss":75.0,"damage_taken":0.0},{"damage_healed":0.0,"max_hp_gain":0.0,"max_hp_loss":0.0,"gold_gain":0.0,"event_name":"Match and Keep!","player_choice":"0 cards matched","floor":20.0,"gold_loss":0.0,"damage_taken":0.0,"cards_obtained":[]},{"damage_healed":0.0,"max_hp_gain":0.0,"max_hp_loss":0.0,"gold_gain":0.0,"event_name":"MindBloom","player_choice":"Fight","floor":41.0,"gold_loss":0.0,"damage_taken":0.0},{"damage_healed":0.0,"max_hp_gain":0.0,"max_hp_loss":0.0,"gold_gain":0.0,"event_name":"Accursed Blacksmith","player_choice":"Forge","floor":47.0,"gold_loss":0.0,"damage_taken":0.0,"cards_upgraded":["Conserve Battery"]}],"is_beta":false,"boss_relics":[{"not_picked":["Calling Bell","Inserter"],"picked":"SlaversCollar"},{"not_picked":["Busted Crown","Coffee Dripper"],"picked":"Nuclear Battery"}],"items_purged_floors":[14,39,44],"is_endless":false,"potions_floor_spawned":[7,11,12,21,27,29,33,35,36,38,46,48],"ascension_level":19}}