{"host":"a484oiac96svwyi6","time":1607905774,"event":{"mods":["2.2 Compatiblity","AchievementEnabler","Act Like it!","Astrologer","BaseMod","Better Altar","Better Match","Better Sensory Stone","Better Skull","Better Third Choice","Better-Laid Plans","BetterRewards","Block Reminder","Clawfect","Colored Map","Colored Powertips","Conjunction","Conspire","Custom Start","Dio Mod","Displayed Cursed Tome","Duelist Mod","GifTheSpireLib","Gold Saver","Googly Eyes","Hallownest","Hubris","Infinite Spire","Ironclad Rager","Jorbs\u0027s Wanderer Trilogy","Melee Mod","Menagerie","Minty Spire (QoL Compilation)","Quick Restart","RNG Fix","Random Character Button","Relic Filter","Relic Sorter","Relic Stats","Replay The Spire","Retaliation","Shop Mod","Small Relic Pack","Spikes Relics","Spire Birthday Party","StSLib","Stuff the Spire","SuperFastMode","The Fake Hero","The Necromancer","The Poker Player","TheHero","Transform Curses","Uncapped","Virulent Crown","[JumpMod]????","everything is the same but u backflip on backflip","vexMod"],"gold_per_floor":[1707,1726,1745,1745,1745,1785,1799,1799,1881,1881,1916,1937,1957,1989,1989,2095,2095,2108,2122,2221,2221,2221,2248,2248,2277,2277,2277,2309,2309,2319,2345,2345,2443,2443,2457,2457,2467,2467,2483,2483,2483],"floor_reached":40,"playtime":2115,"items_purged":[],"score":1224,"play_id":"1d5d2f69-f82f-471c-9088-7283ad5d0e4b","local_time":"20201213192934","is_ascension_mode":true,"campfire_choices":[{"data":"dioMod:MudaMudaMuda","floor":8,"key":"SMITH"},{"data":"dioMod:DoubleTime","floor":10,"key":"SMITH"},{"floor":15,"key":"REST"},{"data":"dioMod:MudaMudaMuda","floor":24,"key":"SMITH"},{"data":"dioMod:SevenPageMuda","floor":29,"key":"SMITH"}],"circlet_count":0,"master_deck":["AscendersBane","dioMod:Strike","dioMod:Strike","dioMod:Strike","dioMod:Strike","Bite","dioMod:Defend","dioMod:Defend","dioMod:Defend","dioMod:Defend","dioMod:DaggerToss","dioMod:MudaMudaMuda+1","dioMod:DoubleTime+1","dioMod:DaggerToss+1","StuffTheSpire:MirrorStance","dioMod:DominatingPresence+1","dioMod:MudaMudaMuda+1","dioMod:SevenPageMuda+1","dioMod:ZaWarudo+1","theDuelist:ReducerOrbCard","dioMod:DoubleTime","dioMod:DarkRebirth+1"],"relics":["Matryoshka","Mark of the Bloom","StuffTheSpire:Experiment12","Membership Card","conspire:SeveredTorchhead","Conjunction:StoneHearth","theDuelist:BoosterPackPoolRelic","hubris:BundleOfHerbs","Peace Pipe","Cracked Core","replay:Trail_Library","StuffTheSpire:DiscardArchetype","theDuelist:OrbCardRelic","Charon\u0027s Ashes","theDuelist:MillenniumKey","Replay:Grab Bag","hubris:VirtuousBlindfold","Brimstone","Hallownest:HeavyBlowRelic","Ooze Armor","Chemical X","infinitespire:Chaos","ReplayTheSpireMod:DimensionalGlitch","StuffTheSpire:HeavyRock","hubris:TenFootPole"],"acts_visited":["Exordium","TheCity","TheBeyond"],"potions_floor_usage":[],"damage_taken":[{"damage":0,"enemies":"Small Slimes","floor":1,"turns":1},{"damage":7,"enemies":"Jaw Worm","floor":2,"turns":3},{"damage":6,"enemies":"conspire:RoseBush","floor":3,"turns":2},{"damage":16,"enemies":"Gremlin Nob","floor":6,"turns":3},{"damage":12,"enemies":"2 Fungi Beasts","floor":7,"turns":2},{"damage":5,"enemies":"3 Sentries","floor":11,"turns":3},{"damage":3,"enemies":"Large Slime","floor":12,"turns":3},{"damage":10,"enemies":"Exordium Thugs","floor":13,"turns":2},{"damage":35,"enemies":"Lagavulin","floor":14,"turns":4},{"damage":0,"enemies":"Slime Boss","floor":16,"turns":4},{"damage":0,"enemies":"2 Thieves","floor":18,"turns":1},{"damage":12,"enemies":"Shell Parasite","floor":19,"turns":2},{"damage":8,"enemies":"theDuelist:KaibaA2","floor":23,"turns":2},{"damage":0,"enemies":"conspire:SneckoGhost","floor":25,"turns":3},{"damage":9,"enemies":"Replay:Snechameleon","floor":28,"turns":2},{"damage":16,"enemies":"Snake Plant","floor":30,"turns":2},{"damage":26,"enemies":"theDuelist:KaibaA2","floor":31,"turns":3},{"damage":10,"enemies":"Champ","floor":33,"turns":2},{"damage":0,"enemies":"3 Darklings","floor":35,"turns":1},{"damage":43,"enemies":"3 Shapes","floor":37,"turns":2},{"damage":34,"enemies":"3 Darklings","floor":39,"turns":4},{"damage":27,"enemies":"R_Hoarder","floor":40,"turns":4}],"seed_played":"251762939917669268","potions_obtained":[{"floor":2,"key":"LiquidMemories"},{"floor":6,"key":"DuplicationPotion"},{"floor":19,"key":"FairyPotion"},{"floor":39,"key":"DDmod:CleansePotion"}],"is_trial":false,"path_per_floor":["M","M","M","?","?","E","M","R","T","R","E","M","M","E","R","B",null,"M","M","?","?","$","E","R","E","T","?","E","R","M","E","R_BF","B",null,"M","AVR","M","T","M","E"],"character_chosen":"THE_DEFAULT","items_purchased":["dioMod:DaggerToss","StuffTheSpire:Mouthbags","Replay:Lucky Slots","GiantMaggot","dioMod:MudaMudaMuda","dioMod:DoubleTime","conspire:TreasureMap","vexMod:PlasmaPancake"],"campfire_rested":1,"item_purchase_floors":[0,0,0,0,0,0,0,0],"current_hp_per_floor":[80,77,76,76,71,60,54,54,54,54,60,63,59,29,53,59,76,81,72,72,72,72,73,73,76,76,76,72,72,59,38,62,58,75,81,81,38,38,4,0,0],"gold":2483,"neow_bonus":"","is_daily":false,"chose_seed":false,"campfire_upgraded":4,"win_rate":0.0,"timestamp":1607905774,"path_taken":["M","M","M","?","?","E","M","R","T","R","E","?","?","E","R","BOSS","M","M","?","?","$","E","R","E","T","?","E","R","?","E","R_BF","BOSS","M","AVR","M","?","?","E"],"items_purchased_type":["Card","Relic","Relic","Relic","Card","Card","Relic","Relic"],"build_version":"2020-12-13","purchased_purges":0,"victory":false,"max_hp_per_floor":[81,81,81,81,81,81,81,81,81,81,81,81,81,81,81,81,81,81,81,81,81,81,81,81,81,81,81,81,81,81,81,81,81,81,81,81,81,81,81,81,81],"relic_stats":{"Peace Pipe":0,"Mark of the Bloom":18,"counters":[276,927],"Charon\u0027s Ashes":[25],"Chemical X":[0],"obtain_stats":[{"infinitespire:BottledMercury":28,"Golden Egg":14,"StuffTheSpire:Barrel":11,"vexMod:MemoryStick":26,"StuffTheSpire:Rhapsscallions":38,"Whetstone":8,"Ginger":9,"Hallownest:HeavyBlowRelic":36,"Boot":0,"Sling":5,"Old Coin":23,"Replay:Wanted Poster":17,"Blood Vial":19,"vexMod:InvisibilityCloak":24,"hubris:AstralHammer":0,"Sundial":3,"infinitespire:Golems Mask":24,"MealTicket":20,"hubris:DeckOfHolding":44,"Kunai":10,"relicPack:AllForOne":37,"Replay:Wax Seal":30,"Replay:Bottled Steam":7,"MerchantsRug":0,"conspire:TreasureMap":0,"GiantMaggot":0,"Counterbalance":7,"Pen Nib":45,"Akabeko":0,"relicPack:EdsArm":5,"SlaversCollar":34,"dioMod:VampireBlood":0,"Ooze Armor":36,"Pandora\u0027s Box":34,"conspire:BottledYoYo":46,"hubris:TenFootPole":38,"vexMod:ImprovementManual":28,"infinitespire:PuzzleCube":42,"vexMod:BigBerry":34,"vexMod:PlasmaPancake":0,"Lantern":0,"Regal Pillow":14,"Rawhide":11,"StuffTheSpire:EmeraldSignet":43,"Replay:Multitool":40,"Bag of Preparation":27,"StuffTheSpire:GrapeVine":0,"StuffTheSpire:DiscardArchetype":36,"HeavenlyBonsai":32,"hubris:EmptyBottle":0,"Smiling Mask":11,"Pet Ghost":2,"Replay:Rubber Ducky":9,"StuffTheSpire:RunicConfusion":17,"StuffTheSpire:Gunfinga":43,"Shovel":30,"Matryoshka":0,"Toolbox":0,"hubris:FunFungus":9,"Replay:Lucky Slots":28,"Chemical X":36,"Replay:Bottled Eggs":44,"Potion Belt":17,"StuffTheSpire:TintedRock":0,"Golden Idol":5,"StuffTheSpire:Expresso":11,"StuffTheSpire:Saxophone":0,"conspire:RunicOctahedron":34,"Omamori":31,"infinitespire:CheckeredPen":0,"infinitespire:Lucky Rock":40,"hubris:Towel":29,"MawBank":13,"Replay:Arrowhead":25,"Busted Crown":17,"StuffTheSpire:Mouthbags":43,"Ornamental Fan":13,"betterThird:SlimedRelic":3,"Bloody Idol":19,"dioMod:JoestarBlood":17,"Turnip":0,"SpikesRelics:DaevaFist":0,"Durian":9,"Garlic":43,"Art of War":5,"theDuelist:MillenniumKey":36,"Bottled Lightning":28,"ReplayTheSpireMod:Lightbulb":8,"Toy Ornithopter":25,"hubris:BottledRain":50,"infinitespire:Midas Blood":6,"Ice Cream":0,"Mark of the Bloom":36,"Gremlin Horn":46,"CeramicFish":40,"Vajra":13,"relicPack:StarArrow":17,"hubris:VirtuousBlindfold":36,"conspire:SeveredTorchhead":36,"theDuelist:OrbCardRelic":36,"DollysMirror":10,"Strawberry":26,"Philosopher\u0027s Stone":25,"Iron Hammer":0,"Toxic Egg 2":9,"LugNut":5,"replay:Trail_Library":36,"conspire:Dentures":27,"Girya":20,"hubris:Teleporter":47,"Happy Flower":6,"vexMod:ScavengeHelm":10,"Replay:Grab Bag":17,"StuffTheSpire:ForceGauntlet":11,"Oddly Smooth Stone":0,"infinitespire:Beetle Shell":0,"conspire:SlowCooker":0,"Charon\u0027s Ashes":36,"vexMod:PaidLearning":21,"Letter Opener":26,"BlackRope":0,"War Paint":4,"Question Card":24,"WarpedTongs":19,"Du-Vu Doll":0,"Bottled Flame":45,"Replay:Baseball":50,"relicPack:KazumaCape":34,"ReplayTheSpireMod:Shallot":37,"Shuriken":8,"Brimstone":36,"StuffTheSpire:DarkSteelAnvil":41,"Simple Rune":42,"Molten Egg 2":0,"hubris:PeanutButter":31,"ReplayTheSpireMod:TigerMarble":28,"infinitespire:EmpoweringShard":23,"StuffTheSpire:PointBlank":21,"ReplayTheSpireMod:DimensionalGlitch":38,"StuffTheSpire:OldFever":7,"Pocketwatch":40,"Meat on the Bone":27,"ReplayFunnel":0,"Darkstone Periapt":40,"SnailShell":38,"SacredBark":17,"RetroEgg":30,"conspire:SpecialSausage":17,"BrokenLever":0,"hubris:SlimyHat":0,"Juzu Bracelet":26,"Conjunction:StoneHearth":36,"Replay:Mystery Machine":6,"Empty Cage":17,"vexMod:Spyglass":0,"conspire:TopHat":47,"ReplayTheSpireMod:EnergyBall":36,"Frozen Eye":14,"StuffTheSpire:Experiment12":36,"Nunchaku":44,"Replay:Bandana":0,"theDuelist:BoosterPackPoolRelic":36,"hubris:Icosahedron":19,"Mummified Hand":0,"StuffTheSpire:HeavyRock":6,"MiniBlackHole":26,"Tiny Chest":20,"Red Mask":19,"infinitespire:Chaos":36,"Cracked Core":36,"Gremlin Food":10,"BargainBundle":0,"HowToJump":0,"Replay:Towering Pillar of Hats":48,"Quantum Egg":9,"SuspiciousGoo":0,"infinitespire:EmptyRelic":36,"vexMod:Dragonfruit":43,"Calling Bell":17,"Peace Pipe":36,"Strange Spoon":28,"Pondfish Scales":26,"CaptainsWheel":9,"vexMod:BarristanHead":9,"StuffTheSpire:CocoNut":44,"ChewingGum":34,"hubris:BundleOfHerbs":36,"Snack Pack":8,"Bag of Marbles":45,"StuffTheSpire:Kangaroo":34,"Membership Card":36,"FossilizedHelix":42},{"infinitespire:BottledMercury":83,"Golden Egg":202,"StuffTheSpire:Barrel":72,"vexMod:MemoryStick":127,"StuffTheSpire:Rhapsscallions":108,"Whetstone":4,"Ginger":28,"Hallownest:HeavyBlowRelic":273,"Boot":25,"Sling":96,"Old Coin":81,"Replay:Wanted Poster":8,"Blood Vial":47,"vexMod:InvisibilityCloak":11,"hubris:AstralHammer":139,"Sundial":141,"infinitespire:Golems Mask":104,"MealTicket":176,"hubris:DeckOfHolding":223,"Kunai":99,"relicPack:AllForOne":154,"Replay:Wax Seal":245,"Replay:Bottled Steam":43,"MerchantsRug":66,"conspire:TreasureMap":254,"GiantMaggot":254,"Counterbalance":97,"Pen Nib":62,"Akabeko":39,"relicPack:EdsArm":26,"SlaversCollar":55,"dioMod:VampireBlood":0,"Ooze Armor":273,"Pandora\u0027s Box":153,"conspire:BottledYoYo":161,"hubris:TenFootPole":274,"vexMod:ImprovementManual":13,"infinitespire:PuzzleCube":188,"vexMod:BigBerry":131,"vexMod:PlasmaPancake":254,"Lantern":66,"Regal Pillow":146,"Rawhide":28,"StuffTheSpire:EmeraldSignet":217,"Replay:Multitool":19,"Bag of Preparation":105,"StuffTheSpire:GrapeVine":115,"StuffTheSpire:DiscardArchetype":273,"HeavenlyBonsai":152,"hubris:EmptyBottle":228,"Smiling Mask":5,"Pet Ghost":116,"Replay:Rubber Ducky":4,"StuffTheSpire:RunicConfusion":8,"StuffTheSpire:Gunfinga":135,"Shovel":53,"Matryoshka":139,"Toolbox":25,"hubris:FunFungus":43,"Replay:Lucky Slots":105,"Chemical X":273,"Replay:Bottled Eggs":251,"Potion Belt":122,"StuffTheSpire:TintedRock":228,"Golden Idol":117,"StuffTheSpire:Expresso":28,"StuffTheSpire:Saxophone":163,"conspire:RunicOctahedron":107,"Omamori":106,"infinitespire:CheckeredPen":115,"infinitespire:Lucky Rock":249,"hubris:Towel":151,"MawBank":45,"Replay:Arrowhead":207,"Busted Crown":76,"StuffTheSpire:Mouthbags":20,"Ornamental Fan":74,"betterThird:SlimedRelic":1,"Bloody Idol":47,"dioMod:JoestarBlood":147,"Turnip":25,"SpikesRelics:DaevaFist":94,"Durian":171,"Garlic":250,"Art of War":257,"theDuelist:MillenniumKey":273,"Bottled Lightning":208,"ReplayTheSpireMod:Lightbulb":43,"Toy Ornithopter":268,"hubris:BottledRain":227,"infinitespire:Midas Blood":232,"Ice Cream":115,"Mark of the Bloom":273,"Gremlin Horn":63,"CeramicFish":157,"Vajra":145,"relicPack:StarArrow":175,"hubris:VirtuousBlindfold":273,"conspire:SeveredTorchhead":273,"theDuelist:OrbCardRelic":273,"DollysMirror":43,"Strawberry":82,"Philosopher\u0027s Stone":151,"Iron Hammer":228,"Toxic Egg 2":259,"LugNut":141,"replay:Trail_Library":273,"conspire:Dentures":36,"Girya":9,"hubris:Teleporter":253,"Happy Flower":97,"vexMod:ScavengeHelm":120,"Replay:Grab Bag":8,"StuffTheSpire:ForceGauntlet":200,"Oddly Smooth Stone":25,"infinitespire:Beetle Shell":139,"conspire:SlowCooker":168,"Charon\u0027s Ashes":273,"vexMod:PaidLearning":205,"Letter Opener":12,"BlackRope":66,"War Paint":41,"Question Card":35,"WarpedTongs":148,"Du-Vu Doll":254,"Bottled Flame":21,"Replay:Baseball":65,"relicPack:KazumaCape":16,"ReplayTheSpireMod:Shallot":213,"Shuriken":71,"Brimstone":273,"StuffTheSpire:DarkSteelAnvil":91,"Simple Rune":91,"Molten Egg 2":94,"hubris:PeanutButter":271,"ReplayTheSpireMod:TigerMarble":13,"infinitespire:EmpoweringShard":50,"StuffTheSpire:PointBlank":205,"ReplayTheSpireMod:DimensionalGlitch":18,"StuffTheSpire:OldFever":142,"Pocketwatch":110,"Meat on the Bone":208,"ReplayFunnel":94,"Darkstone Periapt":216,"SnailShell":18,"SacredBark":8,"RetroEgg":14,"conspire:SpecialSausage":31,"BrokenLever":94,"hubris:SlimyHat":66,"Juzu Bracelet":104,"Conjunction:StoneHearth":273,"Replay:Mystery Machine":118,"Empty Cage":8,"vexMod:Spyglass":66,"conspire:TopHat":219,"ReplayTheSpireMod:EnergyBall":88,"Frozen Eye":45,"StuffTheSpire:Experiment12":273,"Nunchaku":21,"Replay:Bandana":25,"theDuelist:BoosterPackPoolRelic":273,"hubris:Icosahedron":9,"Mummified Hand":192,"StuffTheSpire:HeavyRock":3,"MiniBlackHole":35,"Tiny Chest":239,"Red Mask":205,"infinitespire:Chaos":273,"Cracked Core":273,"Gremlin Food":43,"BargainBundle":139,"HowToJump":0,"Replay:Towering Pillar of Hats":226,"Quantum Egg":142,"SuspiciousGoo":163,"infinitespire:EmptyRelic":273,"vexMod:Dragonfruit":91,"Calling Bell":122,"Peace Pipe":273,"Strange Spoon":208,"Pondfish Scales":51,"CaptainsWheel":71,"vexMod:BarristanHead":119,"StuffTheSpire:CocoNut":62,"ChewingGum":272,"hubris:BundleOfHerbs":273,"Snack Pack":98,"Bag of Marbles":190,"StuffTheSpire:Kangaroo":211,"Membership Card":273,"FossilizedHelix":60},{"infinitespire:BottledMercury":314,"Golden Egg":753,"StuffTheSpire:Barrel":284,"vexMod:MemoryStick":464,"StuffTheSpire:Rhapsscallions":395,"Whetstone":21,"Ginger":96,"Hallownest:HeavyBlowRelic":917,"Boot":81,"Sling":356,"Old Coin":309,"Replay:Wanted Poster":32,"Blood Vial":191,"vexMod:InvisibilityCloak":40,"hubris:AstralHammer":507,"Sundial":515,"infinitespire:Golems Mask":379,"MealTicket":654,"hubris:DeckOfHolding":794,"Kunai":364,"relicPack:AllForOne":561,"Replay:Wax Seal":862,"Replay:Bottled Steam":169,"MerchantsRug":269,"conspire:TreasureMap":872,"GiantMaggot":872,"Counterbalance":359,"Pen Nib":254,"Akabeko":154,"relicPack:EdsArm":84,"SlaversCollar":227,"dioMod:VampireBlood":0,"Ooze Armor":917,"Pandora\u0027s Box":559,"conspire:BottledYoYo":586,"hubris:TenFootPole":919,"vexMod:ImprovementManual":43,"infinitespire:PuzzleCube":708,"vexMod:BigBerry":478,"vexMod:PlasmaPancake":872,"Lantern":269,"Regal Pillow":532,"Rawhide":96,"StuffTheSpire:EmeraldSignet":779,"Replay:Multitool":57,"Bag of Preparation":383,"StuffTheSpire:GrapeVine":415,"StuffTheSpire:DiscardArchetype":917,"HeavenlyBonsai":552,"hubris:EmptyBottle":812,"Smiling Mask":24,"Pet Ghost":418,"Replay:Rubber Ducky":21,"StuffTheSpire:RunicConfusion":32,"StuffTheSpire:Gunfinga":490,"Shovel":214,"Matryoshka":507,"Toolbox":81,"hubris:FunFungus":169,"Replay:Lucky Slots":383,"Chemical X":917,"Replay:Bottled Eggs":868,"Potion Belt":440,"StuffTheSpire:TintedRock":812,"Golden Idol":421,"StuffTheSpire:Expresso":96,"StuffTheSpire:Saxophone":591,"conspire:RunicOctahedron":392,"Omamori":385,"infinitespire:CheckeredPen":415,"infinitespire:Lucky Rock":866,"hubris:Towel":550,"MawBank":176,"Replay:Arrowhead":764,"Busted Crown":296,"StuffTheSpire:Mouthbags":61,"Ornamental Fan":291,"betterThird:SlimedRelic":3,"Bloody Idol":191,"dioMod:JoestarBlood":538,"Turnip":81,"SpikesRelics:DaevaFist":351,"Durian":629,"Garlic":867,"Art of War":878,"theDuelist:MillenniumKey":917,"Bottled Lightning":765,"ReplayTheSpireMod:Lightbulb":169,"Toy Ornithopter":907,"hubris:BottledRain":805,"infinitespire:Midas Blood":830,"Ice Cream":415,"Mark of the Bloom":917,"Gremlin Horn":257,"CeramicFish":569,"Vajra":529,"relicPack:StarArrow":650,"hubris:VirtuousBlindfold":917,"conspire:SeveredTorchhead":917,"theDuelist:OrbCardRelic":917,"DollysMirror":169,"Strawberry":312,"Philosopher\u0027s Stone":550,"Iron Hammer":812,"Toxic Egg 2":883,"LugNut":515,"replay:Trail_Library":917,"conspire:Dentures":140,"Girya":35,"hubris:Teleporter":870,"Happy Flower":359,"vexMod:ScavengeHelm":430,"Replay:Grab Bag":32,"StuffTheSpire:ForceGauntlet":749,"Oddly Smooth Stone":81,"infinitespire:Beetle Shell":507,"conspire:SlowCooker":609,"Charon\u0027s Ashes":917,"vexMod:PaidLearning":762,"Letter Opener":42,"BlackRope":269,"War Paint":160,"Question Card":137,"WarpedTongs":541,"Du-Vu Doll":872,"Bottled Flame":66,"Replay:Baseball":263,"relicPack:KazumaCape":51,"ReplayTheSpireMod:Shallot":773,"Shuriken":281,"Brimstone":917,"StuffTheSpire:DarkSteelAnvil":341,"Simple Rune":341,"Molten Egg 2":351,"hubris:PeanutButter":914,"ReplayTheSpireMod:TigerMarble":43,"infinitespire:EmpoweringShard":204,"StuffTheSpire:PointBlank":762,"ReplayTheSpireMod:DimensionalGlitch":53,"StuffTheSpire:OldFever":521,"Pocketwatch":400,"Meat on the Bone":765,"ReplayFunnel":351,"Darkstone Periapt":776,"SnailShell":53,"SacredBark":32,"RetroEgg":45,"conspire:SpecialSausage":114,"BrokenLever":351,"hubris:SlimyHat":269,"Juzu Bracelet":379,"Conjunction:StoneHearth":917,"Replay:Mystery Machine":424,"Empty Cage":32,"vexMod:Spyglass":269,"conspire:TopHat":781,"ReplayTheSpireMod:EnergyBall":331,"Frozen Eye":176,"StuffTheSpire:Experiment12":917,"Nunchaku":66,"Replay:Bandana":81,"theDuelist:BoosterPackPoolRelic":917,"hubris:Icosahedron":35,"Mummified Hand":727,"StuffTheSpire:HeavyRock":14,"MiniBlackHole":137,"Tiny Chest":856,"Red Mask":762,"infinitespire:Chaos":917,"Cracked Core":917,"Gremlin Food":169,"BargainBundle":507,"HowToJump":0,"Replay:Towering Pillar of Hats":801,"Quantum Egg":521,"SuspiciousGoo":591,"infinitespire:EmptyRelic":917,"vexMod:Dragonfruit":341,"Calling Bell":440,"Peace Pipe":917,"Strange Spoon":765,"Pondfish Scales":207,"CaptainsWheel":281,"vexMod:BarristanHead":426,"StuffTheSpire:CocoNut":254,"ChewingGum":916,"hubris:BundleOfHerbs":917,"Snack Pack":362,"Bag of Marbles":718,"StuffTheSpire:Kangaroo":771,"Membership Card":917,"FossilizedHelix":249}]},"card_choices":[{"not_picked":["dioMod:VengefulMuda","dioMod:WRYYY","dioMod:StreetSign"],"picked":"SKIP","floor":1},{"not_picked":["dioMod:WRYYY","dioMod:SlashThroughTime","dioMod:BloodSplash"],"picked":"SKIP","floor":2},{"not_picked":["dioMod:Muda","dioMod:TripleThreat"],"picked":"dioMod:DaggerToss","floor":3},{"not_picked":["dioMod:DaggerSpree","dioMod:CoffinBath"],"picked":"dioMod:DominatingPresence","floor":6},{"not_picked":["dioMod:ComposedMuda","dioMod:SlashThroughTime","dioMod:HeavyLifting"],"picked":"SKIP","floor":7},{"not_picked":["dioMod:VengefulMuda","dioMod:ComposedMuda","dioMod:Hiss+1"],"picked":"SKIP","floor":11},{"not_picked":["dioMod:VengefulMuda","dioMod:Hiss+1"],"picked":"dioMod:MudaMudaMuda","floor":12},{"not_picked":["dioMod:RoadRoller","dioMod:TripleThreat","dioMod:CoffinBath+1"],"picked":"SKIP","floor":13},{"not_picked":["dioMod:HeavyLifting+1","dioMod:DarkRebirth","dioMod:BloodSplash+1"],"picked":"SKIP","floor":14},{"not_picked":["dioMod:KonoDioDa+1","dioMod:RoadRoller"],"picked":"dioMod:SevenPageMuda","floor":16},{"not_picked":["dioMod:TripleThreat","dioMod:SecretPlan+1","dioMod:BloodShield+1"],"picked":"SKIP","floor":18},{"not_picked":["dioMod:BlendIn+1","dioMod:BloodSplash+1","dioMod:SadisticLaugh+1"],"picked":"SKIP","floor":19},{"not_picked":["dioMod:KonoDioDa+1","dioMod:ComposedMuda","dioMod:WRYYY"],"picked":"SKIP","floor":23},{"not_picked":["dioMod:SecretPlan+1","dioMod:BloodSplash+1","dioMod:ComposedMuda"],"picked":"SKIP","floor":25},{"not_picked":["dioMod:CautiousMuda","dioMod:Hiss+1","dioMod:HeavyLifting+1"],"picked":"SKIP","floor":28},{"not_picked":["dioMod:DisarmingVoice+1","dioMod:Freeze+1","dioMod:ComboFever+1"],"picked":"SKIP","floor":30},{"not_picked":["dioMod:TripleThreat","dioMod:SecretPlan+1","dioMod:ComboFever+1"],"picked":"SKIP","floor":31},{"not_picked":["dioMod:PhantomBlood","dioMod:UltimateSacrifice+1"],"picked":"dioMod:ZaWarudo+1","floor":33},{"not_picked":["dioMod:Muda","dioMod:StreetSign","dioMod:WRYYY"],"picked":"SKIP","floor":35},{"not_picked":["dioMod:CutDeep","dioMod:HeavyLifting"],"picked":"dioMod:DoubleTime","floor":37},{"not_picked":["dioMod:CautiousMuda","dioMod:SecretPlan"],"picked":"dioMod:DarkRebirth+1","floor":39}],"player_experience":326458,"relics_obtained":[{"floor":6,"key":"MiniBlackHole"},{"floor":9,"key":"Toxic Egg 2"},{"floor":11,"key":"Replay:Towering Pillar of Hats"},{"floor":14,"key":"Iron Hammer"},{"floor":23,"key":"Quantum Egg"},{"floor":25,"key":"Toy Ornithopter"},{"floor":26,"key":"Replay:Baseball"},{"floor":28,"key":"Darkstone Periapt"},{"floor":31,"key":"hubris:PeanutButter"},{"floor":38,"key":"StuffTheSpire:HeavyRock"},{"floor":38,"key":"hubris:TenFootPole"}],"event_choices":[{"damage_healed":76,"gold_gain":0,"player_choice":"Leave","damage_taken":0,"max_hp_gain":0,"max_hp_loss":81,"event_name":"betterThird:BetterShining","floor":4,"gold_loss":0},{"damage_healed":0,"gold_gain":99,"player_choice":"Steal","damage_taken":0,"max_hp_gain":0,"max_hp_loss":0,"event_name":"betterThird:BetterNest","floor":20,"gold_loss":0},{"damage_healed":0,"gold_gain":0,"player_choice":"Upgraded","damage_taken":0,"max_hp_gain":0,"max_hp_loss":0,"event_name":"Upgrade Shrine","floor":27,"gold_loss":0,"cards_upgraded":["dioMod:DaggerToss"]}],"is_beta":false,"boss_relics":[{"not_picked":["Fusion Hammer","conspire:SpecialSausage"],"picked":"StuffTheSpire:Kangaroo"},{"not_picked":["conspire:RunicOctahedron","hubris:VirtuousBlindfold"],"picked":"ChewingGum"}],"items_purged_floors":[],"is_endless":false,"potions_floor_spawned":[2,6,13,14,18,19,25,39],"killed_by":"R_Hoarder","ascension_level":12}}