{"host":"0cm5wy4nhuju7tij","time":1607918219,"event":{"mods":["2.2 Compatiblity","AchievementEnabler","BaseMod","Better Third Choice","BetterRewards","CCEM","CatGirl Mod","ChefMod","Colored Powertips","Custom Start","Displayed Cursed Tome","Downfall","Filter the Spire","Fireblade Mod","Hermit","Highlight Path","Minty Spire (QoL Compilation)","Permanent Neow","Spicy Shops","StSLib","The Bladedancer"],"gold_per_floor":[116,132,150,150,13,13,33,61,142,142,161,7,25,25,25,151,151,164,184,42,61,82,82,82],"floor_reached":23,"playtime":1293,"items_purged":["FireBladeMod:StrikeFireBlade","FireBladeMod:StrikeFireBlade"],"score":220,"play_id":"92aa04fb-55e6-48f6-b961-21f694835bb8","local_time":"20201213225659","is_ascension_mode":false,"campfire_choices":[{"data":"FireBladeMod:GetPumped","floor":6,"key":"SMITH"},{"floor":15,"key":"REST"}],"circlet_count":0,"master_deck":["FireBladeMod:StrikeFireBlade","FireBladeMod:DefendFireBlade","FireBladeMod:DefendFireBlade","FireBladeMod:DefendFireBlade","FireBladeMod:FlamingSword","FireBladeMod:FireBarrier","FireBladeMod:ComplexAttack","FireBladeMod:BasicSmash","FireBladeMod:GetPumped+1","FireBladeMod:BasicSmash","FireBladeMod:SmashingEndurance","FireBladeMod:AfterBurn+1","FireBladeMod:AdrenalineBoost","FireBladeMod:ComplexDefense","FireBladeMod:ScorchingStrike","FireBladeMod:BasicSmash","FireBladeMod:BattleMage","FireBladeMod:FerventSlash+1","FireBladeMod:BasicSmash+1","FireBladeMod:LayeredDefense","FireBladeMod:SoulSword","FireBladeMod:Tempo"],"relics":["FireBladeMod:DuelistLocket","Thread and Needle","Golden Idol","Empty Cage"],"acts_visited":["Exordium","TheCity"],"potions_floor_usage":[21,22,23],"damage_taken":[{"damage":1,"enemies":"2 Louse","floor":1,"turns":2},{"damage":8,"enemies":"Jaw Worm","floor":2,"turns":3},{"damage":18,"enemies":"Small Slimes","floor":3,"turns":4},{"damage":0,"enemies":"Looter","floor":7,"turns":3},{"damage":20,"enemies":"Lagavulin","floor":8,"turns":7},{"damage":8,"enemies":"2 Fungi Beasts","floor":11,"turns":3},{"damage":3,"enemies":"Exordium Thugs","floor":13,"turns":4},{"damage":3,"enemies":"The Guardian","floor":16,"turns":10},{"damage":6,"enemies":"Chosen","floor":18,"turns":5},{"damage":32,"enemies":"2 Thieves","floor":19,"turns":4},{"damage":6,"enemies":"Shelled Parasite and Fungi","floor":21,"turns":8},{"damage":25,"enemies":"3 Cultists","floor":22,"turns":5},{"damage":6,"enemies":"Book of Stabbing","floor":23,"turns":3}],"seed_played":"-7603911623264003750","potions_obtained":[{"floor":8,"key":"AttackPotion"},{"floor":13,"key":"SkillPotion"},{"floor":16,"key":"sneckomod:MuddlingPotion"},{"floor":22,"key":"Dexterity Potion"}],"is_trial":false,"path_per_floor":["M","M","M","?","$","R","M","E","T","?","M","$","M","?","R","B",null,"M","M","$","M","M","E"],"character_chosen":"THE_FIREBLADE","items_purchased":["FireBladeMod:SmashingEndurance","FireBladeMod:ScorchingStrike","FireBladeMod:LayeredDefense"],"campfire_rested":1,"item_purchase_floors":[5,12,20],"current_hp_per_floor":[69,61,43,48,48,48,48,28,28,28,20,20,17,17,37,40,69,69,37,37,31,6,0,0],"gold":82,"neow_bonus":"THREE_CARDS","is_daily":false,"chose_seed":false,"campfire_upgraded":1,"win_rate":0.0,"timestamp":1607918219,"path_taken":["M","M","M","?","$","R","M","E","T","?","M","?","M","?","R","BOSS","M","M","$","M","M","E"],"items_purchased_type":["Card","Card","Card"],"build_version":"2020-12-13","purchased_purges":2,"victory":false,"max_hp_per_floor":[70,70,70,75,75,75,75,75,75,75,75,75,75,69,69,69,69,69,69,69,69,69,69,69],"card_choices":[{"not_picked":["FireBladeMod:IronEndurance","FireBladeMod:Wildfire"],"picked":"FireBladeMod:ComplexAttack","floor":0},{"not_picked":["FireBladeMod:Flames","FireBladeMod:ComplexAttack"],"picked":"FireBladeMod:BasicSmash","floor":1},{"not_picked":["FireBladeMod:BackhandSwing","FireBladeMod:IronEndurance"],"picked":"FireBladeMod:GetPumped","floor":2},{"not_picked":["FireBladeMod:QuickJabs","FireBladeMod:Refreshment"],"picked":"FireBladeMod:BasicSmash","floor":3},{"not_picked":["FireBladeMod:WellPrepared","FireBladeMod:SpinningSmash"],"picked":"FireBladeMod:AfterBurn","floor":7},{"not_picked":["FireBladeMod:QuickJabs","FireBladeMod:SmokeInTheEyes"],"picked":"FireBladeMod:AdrenalineBoost","floor":8},{"not_picked":["FireBladeMod:BasicSmash","FireBladeMod:ComplexAttack"],"picked":"FireBladeMod:ComplexDefense","floor":11},{"not_picked":["FireBladeMod:ComplexAttack","FireBladeMod:SmashingEndurance"],"picked":"FireBladeMod:BasicSmash","floor":13},{"not_picked":["FireBladeMod:GlassGreatsword","FireBladeMod:FinalSmash"],"picked":"FireBladeMod:BattleMage","floor":16},{"not_picked":["FireBladeMod:Shove","FireBladeMod:GetPumped"],"picked":"FireBladeMod:FerventSlash+1","floor":18},{"not_picked":["FireBladeMod:BackhandSwing","FireBladeMod:WellPrepared"],"picked":"FireBladeMod:BasicSmash+1","floor":19},{"not_picked":["FireBladeMod:Shove+1","FireBladeMod:AbsorbEnergy+1"],"picked":"FireBladeMod:SoulSword","floor":21},{"not_picked":["FireBladeMod:ScorchingStrike+1","FireBladeMod:Refreshment"],"picked":"FireBladeMod:Tempo","floor":22}],"player_experience":190719,"relics_obtained":[{"floor":8,"key":"Thread and Needle"}],"event_choices":[{"damage_healed":0,"gold_gain":0,"player_choice":"Donut","damage_taken":0,"max_hp_gain":5,"max_hp_loss":0,"event_name":"Big Fish","floor":4,"gold_loss":0},{"damage_healed":0,"gold_gain":0,"player_choice":"Grow","damage_taken":0,"max_hp_gain":0,"max_hp_loss":0,"event_name":"Living Wall","floor":10,"gold_loss":0,"cards_upgraded":["FireBladeMod:AfterBurn"]},{"damage_healed":0,"gold_gain":0,"player_choice":"Lose Max HP","damage_taken":0,"relics_obtained":["Golden Idol"],"max_hp_gain":0,"max_hp_loss":6,"event_name":"Golden Idol","floor":14,"gold_loss":0}],"is_beta":false,"boss_relics":[{"not_picked":["Busted Crown","Coffee Dripper"],"picked":"Empty Cage"}],"items_purged_floors":[5,12],"is_endless":false,"potions_floor_spawned":[8,13,16,22],"killed_by":"Book of Stabbing","ascension_level":0}}