{"host":"j0a1jfichhxu8b8p","time":1607949299,"event":{"mods":["BaseMod","Colored Map","DeckTracker","Keyboard Shortcuts","Minty Spire (QoL Compilation)","Permanent Neow","everything is the same but u backflip on backflip"],"gold_per_floor":[219,64,64,84,84,112,112,123,169,169,202,202,215,234,234,331,331,342,359,106,106,124,154,154,185,185,205,11,21,41,60,60,165,165,176,193,241,241,261,261,261,275,275,275,125,137,151,165,165,165],"floor_reached":51,"playtime":3273,"items_purged":["Strike_P","Defend_P","Strike_P+1","LessonLearned"],"score":1142,"play_id":"b6d81021-b826-45bd-9ed0-f7b764048019","local_time":"20201214213459","is_ascension_mode":true,"campfire_choices":[{"data":"Eruption","floor":7.0,"key":"SMITH"},{"data":"Eruption","floor":10.0,"key":"SMITH"},{"data":"Vigilance","floor":12.0,"key":"SMITH"},{"data":"FollowUp","floor":15.0,"key":"SMITH"},{"data":"Wraith Form v2","floor":32.0,"key":"SMITH"},{"data":"Apotheosis","floor":40.0,"key":"SMITH"},{"data":"Headbutt","floor":44.0,"key":"SMITH"},{"data":"Halt","floor":49.0,"key":"SMITH"}],"circlet_count":0,"master_deck":["Defend_P+1","Defend_P","Eruption+1","Vigilance+1","Halt+1","MentalFortress+1","FollowUp+1","Panacea+1","Consecrate+1","Eruption+1","SashWhip+1","DeusExMachina+1","SandsOfTime+1","Perseverance+1","Headbutt+1","LessonLearned+1","Body Slam+1","Footwork+1","Adaptation+1","Wraith Form v2+1","Go for the Eyes+1","Trip+1","Apotheosis+1","Bandage Up+1","EmptyFist+1"],"relics":["PureWater","Anchor","GoldenEye","PreservedInsect","TungstenRod","Empty Cage","PrismaticShard","Pantograph","CloakClasp","HornCleat","Coffee Dripper","Mango","Bag of Preparation"],"acts_visited":["Exordium","TheCity","TheBeyond"],"potions_floor_usage":[50,50,50],"damage_taken":[{"damage":0.0,"enemies":"Small Slimes","floor":1.0,"turns":3.0},{"damage":11.0,"enemies":"Cultist","floor":4.0,"turns":5.0},{"damage":20.0,"enemies":"3 Sentries","floor":6.0,"turns":8.0},{"damage":4.0,"enemies":"Jaw Worm","floor":8.0,"turns":3.0},{"damage":0.0,"enemies":"Lagavulin","floor":11.0,"turns":5.0},{"damage":0.0,"enemies":"Large Slime","floor":13.0,"turns":3.0},{"damage":0.0,"enemies":"2 Fungi Beasts","floor":14.0,"turns":2.0},{"damage":0.0,"enemies":"Slime Boss","floor":16.0,"turns":6.0},{"damage":16.0,"enemies":"3 Byrds","floor":18.0,"turns":6.0},{"damage":15.0,"enemies":"Shell Parasite","floor":19.0,"turns":6.0},{"damage":0.0,"enemies":"Cultist and Chosen","floor":22.0,"turns":5.0},{"damage":0.0,"enemies":"Gremlin Leader","floor":23.0,"turns":4.0},{"damage":22.0,"enemies":"Book of Stabbing","floor":25.0,"turns":3.0},{"damage":0.0,"enemies":"Chosen and Byrds","floor":27.0,"turns":4.0},{"damage":0.0,"enemies":"Snake Plant","floor":29.0,"turns":4.0},{"damage":0.0,"enemies":"3 Cultists","floor":30.0,"turns":6.0},{"damage":0.0,"enemies":"Sentry and Sphere","floor":31.0,"turns":5.0},{"damage":36.0,"enemies":"Champ","floor":33.0,"turns":9.0},{"damage":0.0,"enemies":"Orb Walker","floor":35.0,"turns":4.0},{"damage":10.0,"enemies":"3 Darklings","floor":36.0,"turns":7.0},{"damage":18.0,"enemies":"2 Orb Walkers","floor":37.0,"turns":6.0},{"damage":7.0,"enemies":"4 Shapes","floor":39.0,"turns":6.0},{"damage":27.0,"enemies":"Writhing Mass","floor":42.0,"turns":3.0},{"damage":0.0,"enemies":"Transient","floor":46.0,"turns":5.0},{"damage":1.0,"enemies":"Maw","floor":47.0,"turns":7.0},{"damage":0.0,"enemies":"Sphere and 2 Shapes","floor":48.0,"turns":4.0},{"damage":14,"enemies":"Time Eater","floor":50,"turns":10}],"seed_played":"4694106508677625888","potions_obtained":[{"floor":11.0,"key":"EssenceOfSteel"},{"floor":13.0,"key":"BottledMiracle"},{"floor":14.0,"key":"EntropicBrew"},{"floor":16.0,"key":"Swift Potion"},{"floor":18.0,"key":"Regen Potion"},{"floor":22.0,"key":"SneckoOil"},{"floor":27.0,"key":"SkillPotion"},{"floor":30.0,"key":"Weak Potion"},{"floor":33.0,"key":"DuplicationPotion"},{"floor":48.0,"key":"SneckoOil"}],"is_trial":false,"path_per_floor":["M","$","?","M","?","E","R","M","T","R","E","R","M","M","R","B",null,"M","M","$","?","M","E","?","E","T","M","$","M","M","M","R","B",null,"M","M","?","?","M","R","?","M","T","R","$","M","M","M","R","B",null],"character_chosen":"WATCHER","items_purchased":["MentalFortress","PrismaticShard","Adaptation"],"campfire_rested":0,"item_purchase_floors":[2,20,28],"current_hp_per_floor":[65,65,62,51,51,31,31,27,27,27,27,27,27,27,27,27,61,45,45,45,45,45,45,45,23,23,23,23,23,23,23,23,12,57,57,47,43,34,33,33,33,6,6,6,6,12,17,23,23,40],"gold":165,"neow_bonus":"HUNDRED_GOLD","is_daily":false,"chose_seed":false,"campfire_upgraded":8,"win_rate":0.0,"timestamp":1607949299,"path_taken":["M","$","?","M","?","E","R","M","T","R","E","R","?","M","R","BOSS","M","M","$","?","M","E","?","E","T","?","$","?","M","M","R","BOSS","M","M","?","?","M","R","?","M","T","R","$","M","M","M","R","BOSS"],"items_purchased_type":["Card","Relic","Card"],"build_version":"2020-12-13","purchased_purges":4,"victory":true,"max_hp_per_floor":[72,72,72,72,72,72,72,72,72,72,72,72,72,72,72,72,72,72,72,72,72,72,72,72,72,72,72,72,72,72,72,72,72,72,72,72,86,86,86,86,82,82,82,82,82,82,82,82,82,82],"card_choices":[{"not_picked":["JustLucky","ClearTheMind"],"picked":"Halt","floor":1.0},{"not_picked":["ClearTheMind","SignatureMove"],"picked":"FollowUp","floor":4.0},{"not_picked":["Vengeance","JustLucky"],"picked":"SashWhip","floor":6.0},{"not_picked":["Consecrate","Study","Evaluate"],"picked":"SKIP","floor":8.0},{"not_picked":["Collect","Wireheading","Prostrate"],"picked":"SKIP","floor":11.0},{"not_picked":["CrushJoints","Wireheading"],"picked":"DeusExMachina","floor":13.0},{"not_picked":["Prostrate","Nirvana","SignatureMove"],"picked":"SKIP","floor":14.0},{"not_picked":["Blasphemy","DeusExMachina"],"picked":"LessonLearned","floor":16.0},{"not_picked":["CutThroughFate+1","EmptyBody"],"picked":"SandsOfTime","floor":18.0},{"not_picked":["PathToVictory","FollowUp+1"],"picked":"Perseverance","floor":19.0},{"not_picked":["Force Field+1","Blood for Blood","BowlingBash"],"picked":"SKIP","floor":22.0},{"not_picked":["Perfected Strike","Hello World"],"picked":"Headbutt","floor":23.0},{"not_picked":["Perseverance","Flying Knee"],"picked":"Body Slam+1","floor":25.0},{"not_picked":["Impatience","Infernal Blade"],"picked":"Footwork","floor":27.0},{"not_picked":["Sanctity","FlyingSleeves"],"picked":"Wraith Form v2","floor":29.0},{"not_picked":["Streamline","BootSequence","Capacitor"],"picked":"SKIP","floor":30.0},{"not_picked":["Wild Strike","Swivel","Twin Strike"],"picked":"SKIP","floor":31.0},{"not_picked":["Deadly Poison+1","Dodge and Roll"],"picked":"Go for the Eyes+1","floor":35.0},{"not_picked":["Setup","Barrage","Flying Knee+1"],"picked":"SKIP","floor":36.0},{"not_picked":["The Bomb","Magnetism"],"picked":"Trip","floor":38.0},{"not_picked":["Enlightenment","Purity"],"picked":"Apotheosis","floor":38.0},{"not_picked":["Jack Of All Trades","Good Instincts"],"picked":"Bandage Up","floor":38.0},{"not_picked":["Clash+1","Reinforced Body","Dash"],"picked":"SKIP","floor":39.0},{"not_picked":["Jack Of All Trades","WaveOfTheHand+1","Recycle"],"picked":"SKIP","floor":42.0},{"not_picked":["Sever Soul+1","Twin Strike+1"],"picked":"EmptyFist+1","floor":46.0},{"not_picked":["Quick Slash","Mind Blast+1","Meditate"],"picked":"SKIP","floor":47.0},{"not_picked":["Headbutt+1","Anger+1","Cleave+1"],"picked":"SKIP","floor":48.0}],"player_experience":299161,"relics_obtained":[{"floor":6.0,"key":"GoldenEye"},{"floor":9.0,"key":"PreservedInsect"},{"floor":11.0,"key":"TungstenRod"},{"floor":23.0,"key":"Pantograph"},{"floor":25.0,"key":"CloakClasp"},{"floor":26.0,"key":"HornCleat"},{"floor":37.0,"key":"Mango"},{"floor":43.0,"key":"Bag of Preparation"}],"event_choices":[{"damage_healed":0.0,"max_hp_gain":0.0,"max_hp_loss":0.0,"gold_gain":0.0,"event_name":"Scrap Ooze","player_choice":"Success","floor":3.0,"gold_loss":0.0,"damage_taken":3.0,"relics_obtained":["Anchor"]},{"damage_healed":0.0,"max_hp_gain":0.0,"max_hp_loss":0.0,"gold_gain":0.0,"event_name":"Match and Keep!","player_choice":"3 cards matched","floor":5.0,"gold_loss":0.0,"damage_taken":0.0,"cards_obtained":["Panacea","Consecrate","Eruption"]},{"cards_removed":["Strike_P"],"damage_healed":0.0,"max_hp_gain":0.0,"max_hp_loss":0.0,"gold_gain":0.0,"event_name":"Back to Basics","player_choice":"Elegance","floor":21.0,"gold_loss":0.0,"damage_taken":0.0},{"damage_healed":0.0,"max_hp_gain":0.0,"max_hp_loss":0.0,"gold_gain":0.0,"event_name":"Duplicator","player_choice":"Copied","floor":24.0,"gold_loss":0.0,"damage_taken":0.0,"cards_obtained":["LessonLearned"]},{"damage_healed":0.0,"max_hp_gain":0.0,"max_hp_loss":0.0,"gold_gain":0.0,"event_name":"Mysterious Sphere","player_choice":"Fight","floor":37.0,"gold_loss":0.0,"damage_taken":0.0},{"damage_healed":0.0,"max_hp_gain":0.0,"max_hp_loss":0.0,"gold_gain":0.0,"event_name":"SensoryStone","player_choice":"Memory 3","floor":38.0,"gold_loss":0.0,"damage_taken":10.0},{"damage_healed":0.0,"max_hp_gain":0.0,"max_hp_loss":4.0,"gold_gain":0.0,"event_name":"Winding Halls","player_choice":"Max HP","floor":41.0,"gold_loss":0.0,"damage_taken":0.0}],"is_beta":false,"boss_relics":[{"not_picked":["HolyWater","Philosopher\u0027s Stone"],"picked":"Empty Cage"},{"not_picked":["Pandora\u0027s Box","Busted Crown"],"picked":"Coffee Dripper"}],"items_purged_floors":[2,20,28,45],"is_endless":false,"potions_floor_spawned":[11,13,14,16,18,22,27,30,33,36,42,46,48],"ascension_level":7}}