{"host":"i9wanet4r0ff4t9y","time":1607950921,"event":{"mods":["2.2 Compatiblity","Act Like it!","BaseMod","Better Altar","Better Match","Better Note","Better Sensory Stone","Better Skull","Better Third Choice","Better Vampires","BetterRewards","CapriCore","Downfall","Minty Spire (QoL Compilation)","READ ME - Guardian Mod","READ ME - Snecko Mod","Relic Stats","Replay The Spire","Spicy Shops","StSLib","The Disciple","Waifu the Spire"],"gold_per_floor":[116,116,127,137,148,148,148,165,165,177,177,177,194,227,244,260,260,365,365,378,389,389,389,407,407,433,433,433,433,34,54,86,86,86,86,86],"floor_reached":35,"playtime":1160,"items_purged":[],"score":426,"play_id":"a12428f6-88d2-4067-8f41-1bdbcd669266","local_time":"20201214140201","is_ascension_mode":false,"campfire_choices":[{"data":"Analog","floor":6.0,"key":"SMITH"},{"floor":17.0,"key":"REST"},{"floor":25.0,"key":"REST"},{"data":"Analog","floor":27.0,"key":"SMITH"},{"data":"Replay:SS_forest_6","floor":29.0,"key":"SMITH"},{"floor":34.0,"key":"REST"}],"circlet_count":0,"master_deck":["Lento+1","Moderato","Allegro+1","Largo","Allegro","Strike_Br+1","Strike_Br","Strike_Br","Strike_Br","Defend_Br","Defend_Br","Defend_Br","Defend_Br","SecondHand","PatternShift","ReapSow","ExoVibe","HandsUpB+1","expansioncontent:PolyBeam","BeatsPerMinute","Replay:SS_forest_6+1","Echoward","Analog+1","HandsUpC","Pendulum","Allegretto","LockedScales","Analog+1","WindUp+1","LockedCalendar","LockedBlood+1","MasterKey","Pain","LockedScales+1","ReplayTheSpireMod:Splinters","ReapSow","Allargando+1","SlimeSpray+1","LockedTurtyl"],"relics":["Chronometer","Gremlin Food","Bronze Scales","Cursed Key","WarpedTongs","Ornamental Fan","Replay:Bottled Flurry","Mirror","Bag of Marbles","Bird Faced Urn"],"acts_visited":["Exordium","TheCity"],"potions_floor_usage":[35],"damage_taken":[{"damage":2.0,"enemies":"Small Slimes","floor":1.0,"turns":4.0},{"damage":2.0,"enemies":"Jaw Worm","floor":3.0,"turns":4.0},{"damage":1.0,"enemies":"2 Louse","floor":4.0,"turns":2.0},{"damage":4.0,"enemies":"Red Slaver","floor":5.0,"turns":5.0},{"damage":0.0,"enemies":"3 Louse","floor":8.0,"turns":2.0},{"damage":9.0,"enemies":"Blue Slaver","floor":10.0,"turns":5.0},{"damage":4.0,"enemies":"Exordium Thugs","floor":13.0,"turns":4.0},{"damage":9.0,"enemies":"Replay:BlueRogue","floor":14.0,"turns":8.0},{"damage":3.0,"enemies":"Gremlin Gang","floor":15.0,"turns":3.0},{"damage":21.0,"enemies":"Lots of Slimes","floor":16.0,"turns":3.0},{"damage":18.0,"enemies":"Slime Boss","floor":18.0,"turns":14.0},{"damage":10.0,"enemies":"3 Byrds","floor":20.0,"turns":5.0},{"damage":11.0,"enemies":"2 Thieves","floor":21.0,"turns":4.0},{"damage":10.0,"enemies":"Centurion and Healer","floor":24.0,"turns":6.0},{"damage":14.0,"enemies":"Gremlin Leader","floor":26.0,"turns":9.0},{"damage":7.0,"enemies":"Cultist and Chosen","floor":31.0,"turns":6.0},{"damage":60.0,"enemies":"Book of Stabbing","floor":32.0,"turns":5.0},{"damage":29,"enemies":"Pondfish","floor":35,"turns":3}],"seed_played":"7013803477843346037","potions_obtained":[{"floor":1.0,"key":"sneckomod:MuddlingPotion"},{"floor":3.0,"key":"BlessingOfTheForge"},{"floor":5.0,"key":"Strength Potion"},{"floor":13.0,"key":"Elixir"},{"floor":14.0,"key":"sneckomod:MuddlingPotion"},{"floor":21.0,"key":"Ancient Potion"},{"floor":22.0,"key":"Cursed Concoction"},{"floor":22.0,"key":"Slimebound:ThreeZeroPotion"},{"floor":31.0,"key":"SteroidPotion"}],"is_trial":false,"path_per_floor":["M","?","M","M","M","R","?","M","T","M","PTL","PTL","M","E","M","M","R","B",null,"M","M","?","?","M","R","E","R","T","R","$","M","E","?","R","B"],"character_chosen":"CHRONO_CLASS","items_purchased":["ReapSow","ExoVibe","HandsUpB+1","expansioncontent:PolyBeam","Mirror","Bag of Marbles"],"campfire_rested":3,"item_purchase_floors":[0,0,0,0,30,30],"current_hp_per_floor":[57,57,55,54,50,50,50,50,50,49,49,49,45,48,45,24,43,33,65,55,44,44,44,34,53,48,48,48,48,48,53,8,8,27,0,0],"gold":86,"neow_bonus":"","is_daily":false,"chose_seed":false,"campfire_upgraded":3,"win_rate":0.0,"timestamp":1607950921,"path_taken":["M","?","M","?","M","R","?","M","T","M","PTL","PTL","M","E","M","M","R","BOSS","M","M","?","?","?","R","E","R","T","R","?","?","E","?","R","BOSS"],"items_purchased_type":["Card","Card","Card","Card","Relic","Relic"],"build_version":"2020-12-13","purchased_purges":0,"victory":false,"max_hp_per_floor":[65,65,65,65,65,65,65,65,65,65,65,65,65,65,65,65,65,65,65,65,65,65,65,65,65,65,65,65,65,65,65,65,65,65,65,65],"relic_stats":{"counters":[34,167],"Ornamental Fan":[8],"Bronze Scales":[196],"Bird Faced Urn":[2],"Cursed Key":1,"obtain_stats":[{"Gremlin Food":28,"War Paint":14,"Boot":7,"Cursed Key":19,"WarpedTongs":23,"CaptainsWheel":26,"Chronometer":0,"Ornamental Fan":23,"Bronze Scales":14,"Bird Faced Urn":32,"Toolbox":12,"Pandora\u0027s Box":17,"Replay:Bottled Flurry":28,"Bag of Marbles":30,"Mirror":30,"InkBottle":9},{"Gremlin Food":15,"War Paint":8,"Boot":6,"Cursed Key":27,"WarpedTongs":29,"CaptainsWheel":14,"Chronometer":0,"Ornamental Fan":13,"Bronze Scales":24,"Bird Faced Urn":33,"Toolbox":7,"Pandora\u0027s Box":9,"Replay:Bottled Flurry":31,"Bag of Marbles":31,"Mirror":31,"InkBottle":6},{"Gremlin Food":74,"War Paint":30,"Boot":22,"Cursed Key":129,"WarpedTongs":138,"CaptainsWheel":63,"Chronometer":0,"Ornamental Fan":58,"Bronze Scales":109,"Bird Faced Urn":164,"Toolbox":25,"Pandora\u0027s Box":40,"Replay:Bottled Flurry":153,"Bag of Marbles":153,"Mirror":153,"InkBottle":22}],"WarpedTongs":[29]},"card_choices":[{"not_picked":["Break","CrunchTime"],"picked":"BeatsPerMinute","floor":1.0},{"not_picked":["Forethought","Mind Blast"],"picked":"Replay:SS_forest_6","floor":2.0},{"not_picked":["LockedBlood","ReapSow"],"picked":"BiteCommand","floor":3.0},{"not_picked":["LockedUrn","LockedTornado"],"picked":"Echoward","floor":4.0},{"not_picked":["LockedThread","Backlash"],"picked":"Analog","floor":5.0},{"not_picked":["PrimeTime","CrunchTime"],"picked":"HandsUpC","floor":8.0},{"not_picked":["WatchCommand","WindUp"],"picked":"Tempo","floor":10.0},{"not_picked":["WatchCommand","BiteCommand"],"picked":"Pendulum","floor":13.0},{"not_picked":["ExoVibe","Backlash"],"picked":"LockedScales","floor":14.0},{"not_picked":["PrimeTime","Goo"],"picked":"Analog","floor":15.0},{"not_picked":["HandsUpC","Goo"],"picked":"WindUp","floor":16.0},{"not_picked":["LockedLightning","LockedFlame"],"picked":"LockedCalendar","floor":18.0},{"not_picked":["LockedMercury","BiteCommand"],"picked":"LockedBlood+1","floor":20.0},{"not_picked":["HandsUpC+1","Tempo+1"],"picked":"MasterKey","floor":21.0},{"not_picked":["Goo+1","Backlash"],"picked":"LockedScales+1","floor":24.0},{"not_picked":["BiteCommand","TiringSlam"],"picked":"Tempo","floor":26.0},{"not_picked":["HandsUpC","Accruing"],"picked":"ReapSow","floor":31.0},{"not_picked":["LockedUrn+1","Engulf+1"],"picked":"SlimeSpray+1","floor":32.0}],"player_experience":345859,"relics_obtained":[{"floor":9.0,"key":"Gremlin Food"},{"floor":14.0,"key":"Bronze Scales"},{"floor":26.0,"key":"Ornamental Fan"},{"floor":28.0,"key":"Replay:Bottled Flurry"},{"floor":32.0,"key":"Bird Faced Urn"}],"event_choices":[{"damage_healed":0.0,"max_hp_gain":0.0,"max_hp_loss":0.0,"gold_gain":1.0,"event_name":"betterStone:BetterStone","player_choice":"1","floor":2.0,"gold_loss":0.0,"damage_taken":0.0},{"damage_healed":0.0,"max_hp_gain":0.0,"max_hp_loss":0.0,"gold_gain":0.0,"event_name":"Purifier","player_choice":"Ignored","floor":7.0,"gold_loss":0.0,"damage_taken":0.0},{"damage_healed":0.0,"max_hp_gain":0.0,"max_hp_loss":0.0,"gold_gain":0.0,"event_name":"Lab","player_choice":"Got Potions","floor":22.0,"gold_loss":0.0,"damage_taken":0.0},{"damage_healed":0.0,"max_hp_gain":0.0,"max_hp_loss":0.0,"gold_gain":0.0,"event_name":"Accursed Blacksmith","player_choice":"Rummage","floor":23.0,"gold_loss":0.0,"damage_taken":0.0,"relics_obtained":["WarpedTongs"],"cards_obtained":["Pain"]},{"damage_healed":0.0,"max_hp_gain":0.0,"max_hp_loss":0.0,"gold_gain":0.0,"cards_transformed":["BiteCommand"],"event_name":"Transmorgrifier","player_choice":"Transformed","floor":33.0,"gold_loss":0.0,"damage_taken":0.0,"cards_obtained":["LockedTurtyl"]}],"is_beta":false,"boss_relics":[{"not_picked":["SlaversCollar","Fusion Hammer"],"picked":"Cursed Key"}],"items_purged_floors":[],"is_endless":false,"potions_floor_spawned":[1,3,5,13,14,21,31],"killed_by":"Pondfish","ascension_level":0}}