{"host":"85dtmvttrcbdj5h5","time":1607987522,"event":{"mods":["AchievementEnabler","BaseMod","Bestiary","Colored Map","Colored Powertips","Filter the Spire","Minty Spire (QoL Compilation)","RNG Fix","Relic Stats"],"gold_per_floor":[111,122,138,189,189,223,223,223,247,247,17,49,25,45,45,142,142,158,158,68,35,55,88,88,117,117,117,131,148,0,17,17,120,120,140,140,140,155,45,45,78,53,99,125,125,175,221,235,235,235],"floor_reached":51,"playtime":4794,"items_purged":["Strike_B"],"score":799,"play_id":"41f70d1d-9a7f-471a-b08b-372fb5337666","local_time":"20201214181202","is_ascension_mode":false,"campfire_choices":[{"data":"Machine Learning","floor":7.0,"key":"SMITH"},{"data":"Streamline","floor":15.0,"key":"SMITH"},{"data":"Auto Shields","floor":24.0,"key":"SMITH"},{"data":"Buffer","floor":27.0,"key":"SMITH"},{"data":"Hologram","floor":32.0,"key":"SMITH"},{"data":"1","floor":40,"key":"LIFT"},{"data":"Darkness","floor":45,"key":"SMITH"},{"floor":49,"key":"REST"}],"circlet_count":0,"master_deck":["Defend_B","Defend_B+1","Defend_B","Defend_B","Zap+1","Dualcast","Sweeping Beam+1","Rebound+1","Streamline+1","Machine Learning+1","Beam Cell","Go for the Eyes","Buffer+1","Melter","Auto Shields+1","Darkness+1","Barrage","Self Repair+1","Hologram+1","Stack+1","Gash+1","Multi-Cast+1","CurseOfTheBell","Dark Shackles","Impatience+1","Purity","Conserve Battery","FTL","Finesse","Gash","Undo","Melter+1","White Noise"],"relics":["Sozu","MealTicket","Juzu Bracelet","Strawberry","Whetstone","Anchor","Black Star","Ornamental Fan","Bottled Flame","Centennial Puzzle","Gambling Chip","Girya","Membership Card","Calling Bell","Bag of Marbles","Matryoshka","Thread and Needle","PreservedInsect","Dream Catcher","Blood Vial","Question Card","Pen Nib","Ginger","War Paint","Toy Ornithopter"],"acts_visited":["Exordium","TheCity","TheBeyond"],"potions_floor_usage":[],"damage_taken":[{"damage":6.0,"enemies":"Jaw Worm","floor":1.0,"turns":4.0},{"damage":0.0,"enemies":"Small Slimes","floor":2.0,"turns":3.0},{"damage":3.0,"enemies":"2 Louse","floor":3.0,"turns":2.0},{"damage":21.0,"enemies":"Lagavulin","floor":6.0,"turns":5.0},{"damage":14.0,"enemies":"Gremlin Nob","floor":12.0,"turns":3.0},{"damage":0.0,"enemies":"Blue Slaver","floor":14.0,"turns":2.0},{"damage":19.0,"enemies":"Slime Boss","floor":16.0,"turns":8.0},{"damage":10.0,"enemies":"Spheric Guardian","floor":18.0,"turns":3.0},{"damage":0.0,"enemies":"Shell Parasite","floor":22.0,"turns":4.0},{"damage":50.0,"enemies":"Slavers","floor":23.0,"turns":6.0},{"damage":18.0,"enemies":"Book of Stabbing","floor":25.0,"turns":5.0},{"damage":0.0,"enemies":"Sentry and Sphere","floor":28.0,"turns":3.0},{"damage":3.0,"enemies":"Shelled Parasite and Fungi","floor":29.0,"turns":5.0},{"damage":0.0,"enemies":"Snecko","floor":31.0,"turns":6.0},{"damage":42,"enemies":"Automaton","floor":33,"turns":10},{"damage":0,"enemies":"3 Darklings","floor":35,"turns":9},{"damage":0,"enemies":"Orb Walker","floor":38,"turns":5},{"damage":0,"enemies":"Nemesis","floor":41,"turns":9},{"damage":0,"enemies":"Reptomancer","floor":44,"turns":6},{"damage":42,"enemies":"2 Orb Walkers","floor":46,"turns":7},{"damage":8,"enemies":"Maw","floor":48,"turns":7},{"damage":70,"enemies":"Donu and Deca","floor":50,"turns":12}],"seed_played":"4178168003701601396","potions_obtained":[],"is_trial":false,"path_per_floor":["M","M","M","T","?","E","R","?","T","?","$","E","$","M","R","B",null,"M","?","?","$","M","E","R","E","T","R","M","M","$","M","R","B",null,"M","?","?","M","$","R","E","$","T","E","R","?","T","M","R","B",null],"character_chosen":"DEFECT","items_purchased":["Whetstone","Go for the Eyes","Auto Shields","Membership Card","Conserve Battery","FTL","Finesse","Gash"],"campfire_rested":1,"item_purchase_floors":[11,13,21,30,39,39,39,42],"current_hp_per_floor":[69,69,66,66,66,45,45,38,45,50,65,51,66,66,66,47,87,77,77,77,87,87,37,37,19,19,19,29,36,51,51,51,19,87,87,77,77,87,87,87,87,87,87,87,87,55,55,59,85,27],"gold":235,"neow_bonus":"BOSS_RELIC","is_daily":false,"chose_seed":false,"campfire_upgraded":6,"win_rate":0.0,"timestamp":1607987522,"path_taken":["M","M","M","?","?","E","R","?","T","?","$","E","$","M","R","BOSS","M","?","?","$","M","E","R","E","T","R","M","M","$","M","R","BOSS","M","?","?","M","?","R","E","$","T","E","R","?","?","M","R","BOSS"],"items_purchased_type":["Relic","Card","Card","Relic","Card","Card","Card","Card"],"build_version":"2020-12-13","purchased_purges":1,"victory":true,"max_hp_per_floor":[75,75,75,75,75,75,75,75,82,87,87,87,87,87,87,87,87,87,87,87,87,87,87,87,87,87,87,87,87,87,87,87,87,87,87,87,87,87,87,87,87,87,87,87,87,87,87,87,87,87],"relic_stats":{"counters":[22,124],"PreservedInsect":60,"Pen Nib":[6],"Juzu Bracelet":1,"Whetstone":["Rebound","Sweeping Beam"],"Ginger":[3],"War Paint":["Impatience","Multi-Cast"],"Question Card":3,"Sozu":10,"Blood Vial":4,"Centennial Puzzle":[15],"Dream Catcher":1,"Ornamental Fan":[148],"Gambling Chip":[17],"MealTicket":55,"Black Star":4,"obtain_stats":[{"Juzu Bracelet":6,"Whetstone":11,"Ginger":46,"Sozu":0,"Blood Vial":43,"Centennial Puzzle":25,"Dream Catcher":41,"Matryoshka":34,"Strawberry":9,"Gambling Chip":25,"MealTicket":4,"Cracked Core":0,"Girya":26,"Thread and Needle":34,"PreservedInsect":41,"Pen Nib":44,"War Paint":47,"Question Card":44,"Calling Bell":34,"Anchor":12,"Bottled Flame":23,"Ornamental Fan":23,"Black Star":17,"Bag of Marbles":34,"Membership Card":30,"Toy Ornithopter":47},{"Juzu Bracelet":4,"Whetstone":4,"Ginger":20,"Sozu":0,"Blood Vial":18,"Centennial Puzzle":11,"Dream Catcher":18,"Matryoshka":15,"Strawberry":4,"Gambling Chip":11,"MealTicket":3,"Cracked Core":0,"Girya":11,"Thread and Needle":15,"PreservedInsect":18,"Pen Nib":19,"War Paint":20,"Question Card":19,"Calling Bell":15,"Anchor":5,"Bottled Flame":10,"Ornamental Fan":10,"Black Star":7,"Bag of Marbles":15,"Membership Card":13,"Toy Ornithopter":20},{"Juzu Bracelet":14,"Whetstone":14,"Ginger":105,"Sozu":0,"Blood Vial":92,"Centennial Puzzle":45,"Dream Catcher":92,"Matryoshka":69,"Strawberry":14,"Gambling Chip":45,"MealTicket":9,"Cracked Core":0,"Girya":45,"Thread and Needle":69,"PreservedInsect":92,"Pen Nib":98,"War Paint":105,"Question Card":98,"Calling Bell":69,"Anchor":17,"Bottled Flame":40,"Ornamental Fan":40,"Black Star":27,"Bag of Marbles":69,"Membership Card":53,"Toy Ornithopter":105}],"Toy Ornithopter":0},"card_choices":[{"not_picked":["Compile Driver","Hologram"],"picked":"Sweeping Beam","floor":1.0},{"not_picked":["Reprogram","Hologram"],"picked":"Rebound","floor":2.0},{"not_picked":["Scrape","Aggregate"],"picked":"Streamline","floor":3.0},{"not_picked":["Beam Cell","Go for the Eyes"],"picked":"Machine Learning","floor":6.0},{"not_picked":["Go for the Eyes","Stack"],"picked":"Beam Cell","floor":12.0},{"not_picked":["Capacitor","Hello World","Static Discharge"],"picked":"SKIP","floor":14.0},{"not_picked":["Seek","Electrodynamics"],"picked":"Buffer","floor":16.0},{"not_picked":["Conserve Battery","Leap"],"picked":"Melter","floor":18.0},{"not_picked":["Capacitor","Chaos"],"picked":"Darkness","floor":22.0},{"not_picked":["Coolheaded","Force Field"],"picked":"Barrage","floor":23.0},{"not_picked":["Go for the Eyes","Biased Cognition"],"picked":"Self Repair+1","floor":25.0},{"not_picked":["Beam Cell+1","Barrage+1"],"picked":"Hologram","floor":28.0},{"not_picked":["Blizzard","Barrage"],"picked":"Stack+1","floor":29.0},{"not_picked":["Hologram","Chill+1"],"picked":"Gash+1","floor":31.0},{"not_picked":["Thunder Strike","Amplify"],"picked":"Multi-Cast","floor":33},{"not_picked":["Loop","Barrage","Steam+1"],"picked":"SKIP","floor":35},{"not_picked":["Finesse","Enlightenment"],"picked":"Dark Shackles","floor":36},{"not_picked":["Trip","Panache"],"picked":"Impatience","floor":36},{"not_picked":["Metamorphosis","Discovery"],"picked":"Purity","floor":36},{"not_picked":["Stack+1","Cold Snap+1","Ball Lightning+1"],"picked":"SKIP","floor":38},{"not_picked":["Double Energy","Barrage+1","Coolheaded"],"picked":"SKIP","floor":41},{"not_picked":["Barrage+1","Redo+1"],"picked":"Undo","floor":44},{"not_picked":["Steam","Stack","Sweeping Beam"],"picked":"Melter+1","floor":46},{"not_picked":["Darkness","Melter","Streamline","Blizzard+1"],"picked":"SKIP","floor":48},{"not_picked":["Sweeping Beam+1","Beam Cell+1","Tempest+1"],"picked":"White Noise","floor":49}],"player_experience":37582,"relics_obtained":[{"floor":4.0,"key":"MealTicket"},{"floor":6.0,"key":"Juzu Bracelet"},{"floor":9.0,"key":"Strawberry"},{"floor":12.0,"key":"Anchor"},{"floor":23.0,"key":"Ornamental Fan"},{"floor":23.0,"key":"Bottled Flame"},{"floor":25.0,"key":"Centennial Puzzle"},{"floor":25.0,"key":"Gambling Chip"},{"floor":26.0,"key":"Girya"},{"floor":34,"key":"Bag of Marbles"},{"floor":34,"key":"Matryoshka"},{"floor":34,"key":"Thread and Needle"},{"floor":41,"key":"PreservedInsect"},{"floor":41,"key":"Dream Catcher"},{"floor":43,"key":"Blood Vial"},{"floor":44,"key":"Question Card"},{"floor":44,"key":"Pen Nib"},{"floor":46,"key":"Ginger"},{"floor":47,"key":"War Paint"},{"floor":47,"key":"Toy Ornithopter"}],"event_choices":[{"damage_healed":0.0,"max_hp_gain":0.0,"max_hp_loss":0.0,"gold_gain":0.0,"event_name":"Living Wall","player_choice":"Grow","floor":5.0,"gold_loss":0.0,"damage_taken":0.0,"cards_upgraded":["Zap"]},{"cards_removed":["Strike_B"],"damage_healed":0.0,"max_hp_gain":0.0,"max_hp_loss":0.0,"gold_gain":0.0,"event_name":"Golden Wing","player_choice":"Card Removal","floor":8.0,"gold_loss":0.0,"damage_taken":7.0},{"damage_healed":0.0,"max_hp_gain":5.0,"max_hp_loss":0.0,"gold_gain":0.0,"event_name":"Big Fish","player_choice":"Donut","floor":10.0,"gold_loss":0.0,"damage_taken":0.0},{"cards_removed":["Strike_B"],"damage_healed":0.0,"max_hp_gain":0.0,"max_hp_loss":0.0,"gold_gain":0.0,"event_name":"Bonfire Elementals","player_choice":"Offered Basic","floor":19.0,"gold_loss":0.0,"damage_taken":0.0},{"cards_removed":["Strike_B"],"damage_healed":0.0,"max_hp_gain":0.0,"max_hp_loss":0.0,"gold_gain":0.0,"event_name":"Designer","player_choice":"Upgrade and Remove","floor":20.0,"gold_loss":90.0,"damage_taken":0.0,"cards_upgraded":["Defend_B"]},{"damage_healed":0,"gold_gain":0,"player_choice":"Memory 3","damage_taken":10,"max_hp_gain":0,"max_hp_loss":0,"event_name":"SensoryStone","floor":36,"gold_loss":0},{"damage_healed":0,"gold_gain":0,"player_choice":"Ignored","damage_taken":0,"max_hp_gain":0,"max_hp_loss":0,"event_name":"Tomb of Lord Red Mask","floor":37,"gold_loss":0},{"damage_healed":0,"gold_gain":0,"player_choice":"Fight","damage_taken":0,"max_hp_gain":0,"max_hp_loss":0,"event_name":"Mysterious Sphere","floor":46,"gold_loss":0}],"is_beta":false,"boss_relics":[{"not_picked":["Empty Cage","Runic Pyramid"],"picked":"Black Star"},{"not_picked":["Inserter","Runic Dome"],"picked":"Calling Bell"}],"items_purged_floors":[11],"is_endless":false,"potions_floor_spawned":[3,6,12,14,18,22,28,33,35,44],"ascension_level":0}}