{"host":"kx62hxkutszy5nb0","time":1607930783,"event":{"mods":["2.2 Compatiblity","AchievementEnabler","Aspiration","BaseMod","Better Altar","Better Match","Better Note","Better Sensory Stone","Better Skull","Better Third Choice","Better Vampires","CCEM","Colored Map","Colored Powertips","Conspire","Custom Start","Defuse TimeMaze Blight","Displayed Cursed Tome","Downfall","Hermit","Hubris","Infinite Spire","Jorbs\u0027s Wanderer Trilogy","Koishi","Marked Mod","Minty Spire (QoL Compilation)","Prisma Mod","Relic Sorter","Relic Stats","Replay The Spire","Shade Mod","Shop Mod","Spikes Relics","StSLib","Td1madao Mod","The Alterego","The Bladedancer","The Construct","The Cursed","The Exalted","The Forsaken","The Hierophant","The Judge","The Jungle","TheSwordswoman","Virulent Crown","everything is the same but u backflip on backflip"],"gold_per_floor":[99,99,99,99,99,24,24,56,56,90,106,119,119,139,152,152,152],"floor_reached":16,"playtime":1148,"items_purged":[],"score":108,"play_id":"842f0c56-7d45-46fc-81d0-77ce90336149","local_time":"20201214172623","is_ascension_mode":false,"campfire_choices":[{"floor":1,"key":"RECALL"},{"data":"champ:FocusedDefense","floor":6,"key":"SMITH"},{"data":"champ:FocusedBerserking","floor":9,"key":"SMITH"}],"circlet_count":0,"master_deck":["champ:Strike","champ:Strike","champ:Strike","champ:Strike","champ:Defend","champ:Defend","champ:Defend","champ:Defend","champ:Execute","champ:Taunt+1","champ:RapidStrikes","champ:GladiatorsShout","champ:FocusedDefense+1","champ:FocusedBerserking+1","champ:Backstep","champ:AdrenalArmor","champ:FanOfKnives","Doubt","champ:BerserkersShout","champ:VampiricStrike"],"relics":["champ:ChampionCrown","downfall:HeartsMalice","downfall:HeartBlessingRed","Oddly Smooth Stone","CCEMRelics:PorcelainBowl","Pondfish Scales","Ring of Hypnosis"],"acts_visited":["Exordium"],"potions_floor_usage":[16,16,16],"damage_taken":[{"damage":0,"enemies":"2 Louse","floor":2,"turns":1},{"damage":0,"enemies":"Cultist","floor":3,"turns":1},{"damage":0,"enemies":"Jaw Worm","floor":5,"turns":1},{"damage":33,"enemies":"Replay:BlueRogue","floor":8,"turns":7},{"damage":49,"enemies":"Gremlin Nob","floor":10,"turns":5},{"damage":10,"enemies":"3 Louse","floor":11,"turns":5},{"damage":14,"enemies":"2 Fungi Beasts","floor":12,"turns":4},{"damage":13,"enemies":"Blue Slaver","floor":14,"turns":5},{"damage":30,"enemies":"Large Slime","floor":15,"turns":6},{"damage":44,"enemies":"downfall:Ironclad","floor":16,"turns":6}],"seed_played":"-151936580797131181","potions_obtained":[{"floor":8,"key":"champ:UltimateStancePotion"},{"floor":11,"key":"champ:CounterPotion"},{"floor":12,"key":"Languid Potion"},{"floor":14,"key":"AttackPotion"}],"is_trial":false,"path_per_floor":["R","M","M","?","M","R","T","E","R","E","M","M","?","M","M","B"],"character_chosen":"THE_CHAMP","items_purchased":[],"campfire_rested":0,"item_purchase_floors":[],"current_hp_per_floor":[90,90,90,90,90,90,90,72,72,28,23,16,16,18,20,0,0],"gold":152,"neow_bonus":"THREE_ENEMY_KILL","is_daily":false,"chose_seed":false,"campfire_upgraded":2,"win_rate":0.0,"timestamp":1607930783,"path_taken":["R","M","M","?","?","R","T","E","R","E","M","M","?","M","M","BOSS"],"items_purchased_type":[],"build_version":"2020-12-13","purchased_purges":0,"victory":false,"max_hp_per_floor":[90,90,90,90,90,90,90,90,90,90,90,90,90,90,90,90,90],"relic_stats":{"counters":[10,38],"obtain_stats":[{"CCEMRelics:PorcelainBowl":8,"Pondfish Scales":10,"downfall:HeartBlessingRed":6,"Ring of Hypnosis":13,"Oddly Smooth Stone":7,"champ:ChampionCrown":0,"downfall:HeartsMalice":0},{"CCEMRelics:PorcelainBowl":4,"Pondfish Scales":5,"downfall:HeartBlessingRed":3,"Ring of Hypnosis":7,"Oddly Smooth Stone":3,"champ:ChampionCrown":0,"downfall:HeartsMalice":0},{"CCEMRelics:PorcelainBowl":7,"Pondfish Scales":12,"downfall:HeartBlessingRed":0,"Ring of Hypnosis":21,"Oddly Smooth Stone":0,"champ:ChampionCrown":0,"downfall:HeartsMalice":0}]},"card_choices":[{"not_picked":["champ:BringItOn","champ:HeartStrike"],"picked":"champ:RapidStrikes","floor":2},{"not_picked":["champ:FlashCut","champ:CrookedStrike"],"picked":"champ:GladiatorsShout","floor":3},{"not_picked":["champ:Circumvent","champ:ViciousMockery"],"picked":"champ:FocusedDefense","floor":5},{"not_picked":["champ:GladiatorsShout","champ:SwordThrow"],"picked":"champ:FocusedBerserking","floor":8},{"not_picked":["champ:HeartStrike","champ:FocusedDefense"],"picked":"champ:Backstep","floor":10},{"not_picked":["champ:FocusedBerserking","champ:RecklessLeap"],"picked":"champ:AdrenalArmor","floor":11},{"not_picked":["champ:BerserkersShout","champ:PerfectedStrike"],"picked":"champ:FanOfKnives","floor":12},{"not_picked":["champ:PerfectedStrike","champ:AdrenalArmor"],"picked":"champ:BerserkersShout","floor":14},{"not_picked":["champ:DefensiveStyle","champ:FocusedGladiator"],"picked":"champ:VampiricStrike","floor":15}],"player_experience":745943,"relics_obtained":[{"floor":7,"key":"Oddly Smooth Stone"},{"floor":8,"key":"CCEMRelics:PorcelainBowl"},{"floor":10,"key":"Pondfish Scales"},{"floor":13,"key":"Ring of Hypnosis"}],"event_choices":[{"damage_healed":0,"gold_gain":0,"player_choice":"Forge","damage_taken":0,"max_hp_gain":0,"max_hp_loss":0,"event_name":"Accursed Blacksmith","floor":4,"gold_loss":0,"cards_upgraded":["champ:Taunt"]}],"is_beta":false,"boss_relics":[],"items_purged_floors":[],"is_endless":false,"potions_floor_spawned":[8,11,12,14,15],"killed_by":"downfall:Ironclad","ascension_level":0}}