{"host":"rgy6n2eoa9ji6d0c","time":1607960073,"event":{"mods":["BaseMod","Downfall","Minty Spire (QoL Compilation)","Quick Restart","StSLib"],"gold_per_floor":[99,114,114,134,159,193,193,118,148,73,88,33,33,18,28,28,28],"floor_reached":16,"playtime":959,"items_purged":[],"score":133,"play_id":"efba0a5a-bf3c-4238-b432-39ec5ceb2086","local_time":"20201214163433","is_ascension_mode":false,"campfire_choices":[{"data":"champ:Execute","floor":1,"key":"SMITH"},{"floor":8,"key":"RECALL"},{"data":"champ:BerserkerStyle","floor":10,"key":"SMITH"}],"circlet_count":0,"master_deck":["champ:Strike+1","champ:Strike","champ:Strike","champ:Strike","champ:Defend","champ:Defend","champ:Defend+1","champ:Defend+1","champ:Execute+1","champ:Taunt","champ:IronFortress","champ:RapidStrikes","champ:BerserkersShout","champ:BerserkerStyle+1","champ:AdrenalArmor+1","champ:BerserkerStyle+1","Regret"],"relics":["champ:ChampionCrown","champ:LiftRelic","Potion Belt","Strawberry","downfall:HeartBlessingBlue","War Paint","downfall:HeartBlessingRed"],"acts_visited":["Exordium"],"potions_floor_usage":[16,16,16],"damage_taken":[{"damage":7,"enemies":"2 Louse","floor":2,"turns":3},{"damage":6,"enemies":"Jaw Worm","floor":4,"turns":5},{"damage":24,"enemies":"3 Sentries","floor":6,"turns":8},{"damage":51,"enemies":"Gremlin Nob","floor":9,"turns":5},{"damage":18,"enemies":"Small Slimes","floor":11,"turns":4},{"damage":21,"enemies":"downfall:FleeingMerchant","floor":12,"turns":4},{"damage":38,"enemies":"downfall:FleeingMerchant","floor":14,"turns":4},{"damage":22,"enemies":"Blue Slaver","floor":15,"turns":3},{"damage":39,"enemies":"downfall:Silent","floor":16,"turns":4}],"seed_played":"-5791236227992748697","potions_obtained":[{"floor":4,"key":"FearPotion"},{"floor":11,"key":"DistilledChaos"},{"floor":15,"key":"Slimebound:ThreeZeroPotion"}],"is_trial":false,"path_per_floor":["R","M","?","M","T","E","T","R","E","R","M","$","?","$","M","B"],"character_chosen":"THE_CHAMP","items_purchased":["champ:BerserkerStyle"],"campfire_rested":0,"item_purchase_floors":[12],"current_hp_per_floor":[99,97,97,96,96,89,89,99,56,56,48,48,48,46,33,0,0],"gold":28,"neow_bonus":"TEN_PERCENT_HP_BONUS","is_daily":false,"chose_seed":false,"campfire_upgraded":2,"win_rate":0.0,"timestamp":1607960073,"path_taken":["R","M","?","M","?","E","T","R","E","R","M","$","?","$","M","BOSS"],"items_purchased_type":["Card"],"build_version":"2020-12-13","purchased_purges":0,"victory":false,"max_hp_per_floor":[99,99,99,99,99,106,106,116,116,116,116,116,116,116,116,116,116],"card_choices":[{"not_picked":["champ:EnragedBash","champ:DeathBlow"],"picked":"champ:IronFortress","floor":2},{"not_picked":["champ:BringItOn","champ:AdrenalArmor"],"picked":"champ:RapidStrikes","floor":4},{"not_picked":["champ:FocusedDefense","champ:FanOfKnives"],"picked":"champ:BerserkersShout","floor":6},{"not_picked":["champ:TornadoPunch","champ:RisingSlash"],"picked":"champ:BerserkerStyle","floor":9},{"not_picked":["champ:Circumvent","champ:GladiatorsShout"],"picked":"champ:AdrenalArmor","floor":11},{"not_picked":["champ:EnGarde","champ:FalseCounter","champ:GladiatorStyle"],"picked":"SKIP","floor":12},{"not_picked":["champ:RapidStrikes","champ:GladiatorStyle","champ:SkillfulDodge"],"picked":"SKIP","floor":14},{"not_picked":["champ:StanceDance","champ:PerfectedStrike","champ:FalseCounter"],"picked":"SKIP","floor":15}],"player_experience":1459960,"relics_obtained":[{"floor":5,"key":"Potion Belt"},{"floor":6,"key":"Strawberry"},{"floor":9,"key":"War Paint"}],"event_choices":[],"is_beta":false,"boss_relics":[],"items_purged_floors":[],"is_endless":false,"potions_floor_spawned":[4,11,15],"killed_by":"downfall:Silent","ascension_level":0}}