{"host":"ks12kfi5c4d9hdxy","time":1607962684,"event":{"mods":["BaseMod","Conspire","GifTheSpireLib","HololiveMod","Koishi","LagranYue(拉格朗・月)","Marisa（F雨　魔理沙）","Minty Spire (QoL Compilation)","Reimu（博丽灵梦）","Remilia（蕾米莉亚）","Replay The Spire","RumiaBox-露米娅的神秘盒子","StSLib","SuperFastMode","The Administrix","The Servant 0.9.4","Youmu（魂魄妖梦）","Yuyuko","【功能Mod】混沌之环修复补丁","【功能Mod】聪明的最终Boss","篝火指南"],"gold_per_floor":[111,111,33,33,33,33,68,79,160,171,198,198,212,246,246,320,320,336,336,261,261,274,274,298,348,348,382,397,415,87,87,87],"floor_reached":31,"playtime":805,"items_purged":["Strike_MRS"],"score":659,"play_id":"4752ffe3-3fc6-4ed7-b74e-3890a4640272","local_time":"20201215001804","is_ascension_mode":true,"campfire_choices":[{"data":"FairyDestructionRay","floor":6.0,"key":"SMITH"},{"data":"UpSweep","floor":12,"key":"SMITH"},{"data":"GrandCross","floor":15,"key":"SMITH"},{"data":"MillisecondPulsars","floor":23,"key":"SMITH"}],"circlet_count":0,"master_deck":["AscendersBane","Strike_MRS","Strike_MRS","Defend_MRS","Defend_MRS","Defend_MRS","Defend_MRS","MasterSpark","UpSweep+1","AlicesGift","FairyDestructionRay+1","ChargeUpSpray","ChargingUp","OortCloud","GrandCross+1","MillisecondPulsars+1","EventHorizon","EnergyFlow","GrandCross","Acceleration","Occultation+1","Bandage Up"],"relics":["MiniHakkero","LagranYue:RandomDrawCardRelic","NeowsBlessing","Tiny Chest","ReplayTheSpireMod:Shallot","Question Card","PlanX","Coffee Dripper","AntiCross","ReplayFunnel","conspire:Dentures","Bronze Scales","Anchor"],"acts_visited":["Exordium","TheCity"],"potions_floor_usage":[16],"damage_taken":[{"damage":0.0,"enemies":"Jaw Worm","floor":1.0,"turns":1.0},{"damage":0.0,"enemies":"3 Sentries","floor":7.0,"turns":1.0},{"damage":0.0,"enemies":"2 Louse","floor":8.0,"turns":1.0},{"damage":1.0,"enemies":"Small Slimes","floor":10.0,"turns":3.0},{"damage":20,"enemies":"Lagavulin","floor":11,"turns":7},{"damage":0,"enemies":"Exordium Wildlife","floor":13,"turns":1},{"damage":15,"enemies":"Gremlin Nob","floor":14,"turns":4},{"damage":33,"enemies":"Slime Boss","floor":16,"turns":10},{"damage":9,"enemies":"3 Byrds","floor":18,"turns":2},{"damage":6,"enemies":"Shell Parasite","floor":22,"turns":3},{"damage":20,"enemies":"Slavers","floor":24,"turns":5},{"damage":5,"enemies":"Gremlin Leader","floor":27,"turns":4},{"damage":7,"enemies":"Snake Plant","floor":28,"turns":2},{"damage":4,"enemies":"Centurion and Healer","floor":29,"turns":4},{"damage":5,"enemies":"Shelled Parasite and Fungi","floor":31,"turns":1}],"seed_played":"7264865014499740065","potions_obtained":[{"floor":11,"key":"DuplicationPotion"},{"floor":13,"key":"Ancient Potion"},{"floor":16,"key":"Explosive Potion"},{"floor":28,"key":"Strength Potion"},{"floor":29,"key":"FearPotion"}],"is_trial":false,"path_per_floor":["M","?","$","?","?","R","E","M","T","M","E","R","M","E","R","B",null,"M","?","?","T","M","R","E","?","T","E","M","M","$","M"],"character_chosen":"MARISA","items_purchased":["FairyDestructionRay","Anchor","Bandage Up"],"campfire_rested":0,"item_purchase_floors":[3,30,30],"current_hp_per_floor":[63,70,70,70,70,70,70,70,70,69,49,49,49,34,34,1,53,44,44,44,44,38,38,18,18,18,13,6,2,2,0,0],"gold":87,"neow_bonus":"THREE_ENEMY_KILL","is_daily":false,"chose_seed":false,"campfire_upgraded":4,"win_rate":0.0,"timestamp":1607962684,"path_taken":["M","?","$","?","?","R","E","M","T","M","E","R","?","E","R","BOSS","M","?","?","?","M","R","E","?","T","E","M","M","$","?"],"items_purchased_type":["Card","Relic","Card"],"build_version":"2020-12-13","purchased_purges":1,"victory":false,"max_hp_per_floor":[70,70,70,70,70,70,70,70,70,70,70,70,70,70,70,70,70,70,70,70,70,70,70,70,70,70,70,70,70,70,70,70],"card_choices":[{"not_picked":["LuminesStrike","DarkSpark"],"picked":"AlicesGift","floor":1.0},{"not_picked":["SporeBomb","DC"],"picked":"ChargeUpSpray","floor":7.0},{"not_picked":["6A","MysteriousBeam","StarBarrage"],"picked":"SKIP","floor":8.0},{"not_picked":["ShootTheMoon","Robbery"],"picked":"ChargingUp","floor":10.0},{"not_picked":["MilkyWay","PulseMagic"],"picked":"OortCloud","floor":11},{"not_picked":["SporeBomb","NonDirectionalLaser","DC","DarkSpark"],"picked":"SKIP","floor":13},{"not_picked":["SporeBomb","BlazingStar","PowerUp"],"picked":"GrandCross","floor":14},{"not_picked":["EscapeVelocity","MaximisePower","TreasureHunter"],"picked":"MillisecondPulsars","floor":16},{"not_picked":["MilkyWay","DC","StarlightTyphoon"],"picked":"EventHorizon","floor":18},{"not_picked":["StarBarrage","ChargeUpSpray","OpenUniverse","NonDirectionalLaser+1"],"picked":"SKIP","floor":22},{"not_picked":["AsteroidBelt","RefractionSpark+1","FinalSpark"],"picked":"EnergyFlow","floor":24},{"not_picked":["MilkyWay","IllusionStar","OrrerysSun"],"picked":"GrandCross","floor":27},{"not_picked":["GrandCross","DC","MachineGunSpark"],"picked":"Acceleration","floor":28},{"not_picked":["MysteriousBeam","GalacticHalo","BlazeAway"],"picked":"Occultation+1","floor":29}],"player_experience":477892,"relics_obtained":[{"floor":7.0,"key":"Tiny Chest"},{"floor":9.0,"key":"ReplayTheSpireMod:Shallot"},{"floor":11,"key":"Question Card"},{"floor":14,"key":"PlanX"},{"floor":21,"key":"AntiCross"},{"floor":24,"key":"ReplayFunnel"},{"floor":26,"key":"conspire:Dentures"},{"floor":27,"key":"Bronze Scales"}],"event_choices":[{"damage_healed":23.0,"max_hp_gain":0.0,"max_hp_loss":0.0,"gold_gain":0.0,"event_name":"Big Fish","player_choice":"Banana","floor":2.0,"gold_loss":0.0,"damage_taken":0.0},{"damage_healed":0.0,"max_hp_gain":0.0,"max_hp_loss":0.0,"gold_gain":0.0,"event_name":"conspire:LoneGhost","player_choice":"Disagree","floor":4.0,"gold_loss":0.0,"damage_taken":0.0},{"damage_healed":0,"gold_gain":0,"player_choice":"Ignored","damage_taken":0,"max_hp_gain":0,"max_hp_loss":0,"event_name":"Cursed Tome","floor":19,"gold_loss":0},{"cards_removed":["Strike_MRS"],"damage_healed":0,"gold_gain":0,"player_choice":"Gave Gold","damage_taken":0,"max_hp_gain":0,"max_hp_loss":0,"event_name":"Beggar","floor":20,"gold_loss":75},{"damage_healed":0,"gold_gain":50,"player_choice":"Stole From Cult","damage_taken":0,"max_hp_gain":0,"max_hp_loss":0,"event_name":"Nest","floor":25,"gold_loss":0}],"is_beta":false,"boss_relics":[{"not_picked":["conspire:SpecialSausage","Replay:Bronze Core"],"picked":"Coffee Dripper"}],"items_purged_floors":[30],"is_endless":false,"potions_floor_spawned":[11,13,16,24,27,28,29],"killed_by":"Shelled Parasite and Fungi","ascension_level":16}}