{"host":"684z1xpuwaoqmmh1","time":1607938056,"event":{"mods":["Bard","BaseMod","Downfall","Hermit","Jorbs\u0027s Wanderer Trilogy","Marisa????????","Minty Spire (QoL Compilation)","StSLib","The Hierophant","The Mystic","The Runesmith"],"gold_per_floor":[99,135,154,45,56,56,56,92,114,114,114],"floor_reached":10,"playtime":676,"items_purged":["champ:Strike"],"score":87,"play_id":"99c9af63-8082-4bcf-b871-888940f3e206","local_time":"20201214112736","is_ascension_mode":true,"campfire_choices":[{"floor":1.0,"key":"RECALL"},{"data":"champ:FocusedDefense","floor":6.0,"key":"SMITH"}],"circlet_count":0,"master_deck":["champ:Strike","champ:Strike","champ:Strike","champ:Defend","champ:Defend","champ:Defend","champ:Defend","champ:Execute","champ:Taunt","champ:FocusedDefense+1","champ:EnragedBash","champ:HeartStrike","champ:EndlessRage","champ:GladiatorStyle","champ:CalledShot"],"relics":["champ:ChampionCrown","CeramicFish","Strawberry","Anchor","Pocketwatch"],"acts_visited":["Exordium"],"potions_floor_usage":[10,10],"damage_taken":[{"damage":53.0,"enemies":"3 Sentries","floor":2.0,"turns":11.0},{"damage":9.0,"enemies":"2 Louse","floor":3.0,"turns":3.0},{"damage":16.0,"enemies":"downfall:FleeingMerchant","floor":4.0,"turns":4.0},{"damage":13.0,"enemies":"Small Slimes","floor":5.0,"turns":6.0},{"damage":71.0,"enemies":"Lagavulin","floor":8.0,"turns":8.0},{"damage":2.0,"enemies":"Jaw Worm","floor":9.0,"turns":3.0},{"damage":32,"enemies":"3 Sentries","floor":10,"turns":4}],"seed_played":"3909730544452926806","potions_obtained":[{"floor":3.0,"key":"Swift Potion"},{"floor":8.0,"key":"Regen Potion"},{"floor":9.0,"key":"SpeedPotion"}],"is_trial":false,"path_per_floor":["R","E","M","$","M","R","T","E","M","E"],"character_chosen":"THE_CHAMP","items_purchased":["champ:EndlessRage"],"campfire_rested":0,"item_purchase_floors":[4],"current_hp_per_floor":[90,64,60,60,59,59,59,12,12,0,0],"gold":114,"neow_bonus":"RANDOM_COMMON_RELIC","is_daily":false,"chose_seed":false,"campfire_upgraded":1,"win_rate":0.0,"timestamp":1607938056,"path_taken":["R","E","M","$","M","R","T","E","M","E"],"items_purchased_type":["Card"],"build_version":"2020-12-13","purchased_purges":1,"victory":false,"max_hp_per_floor":[90,97,97,97,97,97,97,97,97,97,97],"card_choices":[{"not_picked":["champ:Haymaker","champ:DefensiveShout"],"picked":"champ:FocusedDefense","floor":2.0},{"not_picked":["champ:FalseCounter","champ:PerfectedStrike"],"picked":"champ:EnragedBash","floor":3.0},{"not_picked":["champ:EnragedBash","champ:BladeFlurry"],"picked":"champ:HeartStrike","floor":4.0},{"not_picked":["champ:Shatter","champ:Haymaker","champ:BladeFlurry"],"picked":"SKIP","floor":5.0},{"not_picked":["champ:RecklessLeap","champ:BerserkersShout"],"picked":"champ:GladiatorStyle","floor":8.0},{"not_picked":["champ:FanOfKnives","champ:Backstep"],"picked":"champ:CalledShot","floor":9.0}],"player_experience":2294984,"relics_obtained":[{"floor":2.0,"key":"Strawberry"},{"floor":7.0,"key":"Anchor"},{"floor":8.0,"key":"Pocketwatch"}],"event_choices":[],"is_beta":false,"boss_relics":[],"items_purged_floors":[4],"is_endless":false,"potions_floor_spawned":[3,8,9],"killed_by":"3 Sentries","ascension_level":3}}