{"host":"o7j6aatxjwpw1421","time":1607958272,"event":{"mods":["2.2 Compatiblity","BaseMod","Colored Map","DeckTracker","Highlight Path","Keyboard Shortcuts","Minty Spire (QoL Compilation)","Permanent Neow","Quick Restart","StSLib","SuperFastMode","everything is the same but u backflip on backflip"],"gold_per_floor":[114,134,134,154,174,174,207,227,227,152,178,191,191,206,206,206,206],"floor_reached":16,"playtime":871,"items_purged":["Strike_G"],"score":200,"play_id":"0e600e4a-6099-444a-9f73-4c2fb527cda1","local_time":"20201215000432","is_ascension_mode":true,"campfire_choices":[{"data":"Bullet Time","floor":6,"key":"SMITH"},{"floor":15,"key":"REST"}],"circlet_count":0,"master_deck":["AscendersBane","Strike_G","Strike_G","Strike_G","Strike_G","Defend_G","Defend_G","Defend_G","Defend_G","Defend_G","Survivor","Neutralize","Bullet Time+1","Eviscerate","Acrobatics","Well Laid Plans","Prepared","Deadly Poison","After Image","Calculated Gamble","PiercingWail","Blur"],"relics":["Ring of the Snake","Juzu Bracelet","Mummified Hand","Eternal Feather"],"acts_visited":["Exordium"],"potions_floor_usage":[11,11,14,16,16],"damage_taken":[{"damage":5,"enemies":"Cultist","floor":1,"turns":4},{"damage":0,"enemies":"Jaw Worm","floor":2,"turns":4},{"damage":12,"enemies":"Small Slimes","floor":4,"turns":4},{"damage":10,"enemies":"Blue Slaver","floor":5,"turns":5},{"damage":20,"enemies":"Lagavulin","floor":7,"turns":7},{"damage":4,"enemies":"Exordium Wildlife","floor":8,"turns":3},{"damage":4,"enemies":"3 Sentries","floor":11,"turns":9},{"damage":0,"enemies":"Looter","floor":12,"turns":3},{"damage":0,"enemies":"Blue Slaver","floor":14,"turns":2},{"damage":39,"enemies":"Slime Boss","floor":16,"turns":9}],"seed_played":"-6113734336722234561","potions_obtained":[{"floor":1,"key":"SmokeBomb"},{"floor":4,"key":"DistilledChaos"},{"floor":7,"key":"Block Potion"},{"floor":11,"key":"Strength Potion"},{"floor":12,"key":"Fire Potion"},{"floor":14,"key":"DuplicationPotion"}],"is_trial":false,"path_per_floor":["M","M","?","M","M","R","E","M","T","$","E","M","?","M","R","B"],"character_chosen":"THE_SILENT","items_purchased":[],"campfire_rested":1,"item_purchase_floors":[],"current_hp_per_floor":[54,54,59,47,37,37,17,13,13,13,9,9,9,9,42,3,3],"gold":206,"neow_bonus":"ONE_RANDOM_RARE_CARD","is_daily":false,"chose_seed":false,"campfire_upgraded":1,"win_rate":0.0,"timestamp":1607958272,"path_taken":["M","M","?","M","M","R","E","M","T","$","E","M","?","M","R","BOSS"],"items_purchased_type":[],"build_version":"2020-12-13","purchased_purges":1,"victory":false,"max_hp_per_floor":[66,66,71,71,71,71,71,71,71,71,71,71,71,71,71,71,71],"card_choices":[{"not_picked":["Riddle With Holes","Bane"],"picked":"Eviscerate","floor":1},{"not_picked":["Terror","Bane"],"picked":"Acrobatics","floor":2},{"not_picked":["Deflect","Cloak And Dagger"],"picked":"Well Laid Plans","floor":4},{"not_picked":["Blade Dance","PiercingWail"],"picked":"Prepared","floor":5},{"not_picked":["Catalyst","All Out Attack"],"picked":"Deadly Poison","floor":7},{"not_picked":["Caltrops","Backflip"],"picked":"After Image","floor":8},{"not_picked":["Acrobatics","Catalyst"],"picked":"Calculated Gamble","floor":11},{"not_picked":["Well Laid Plans","Distraction"],"picked":"PiercingWail","floor":12},{"not_picked":["Caltrops","Deadly Poison"],"picked":"Blur","floor":14}],"player_experience":231896,"relics_obtained":[{"floor":7,"key":"Juzu Bracelet"},{"floor":9,"key":"Mummified Hand"},{"floor":11,"key":"Eternal Feather"}],"event_choices":[{"damage_healed":0,"gold_gain":0,"player_choice":"Donut","damage_taken":0,"max_hp_gain":5,"max_hp_loss":0,"event_name":"Big Fish","floor":3,"gold_loss":0},{"damage_healed":0,"gold_gain":0,"player_choice":"Ignored","damage_taken":0,"max_hp_gain":0,"max_hp_loss":0,"event_name":"Liars Game","floor":13,"gold_loss":0}],"is_beta":false,"boss_relics":[],"items_purged_floors":[10],"is_endless":false,"potions_floor_spawned":[1,4,7,11,12,14],"killed_by":"Slime Boss","ascension_level":15}}