{"host":"mvcnjx88tm0foan8","time":1607928450,"event":{"mods":["BaseMod","Colored Map","DeckTracker","Highlight Path","Keyboard Shortcuts","Minty Spire (QoL Compilation)","Permanent Neow","Quick Restart","Relic Stats","StSLib","SuperFastMode","everything is the same but u backflip on backflip"],"gold_per_floor":[119,130,130,143,143,143,161,161,161,161,161,184,38,57,57,57,57],"floor_reached":16,"playtime":386,"items_purged":[],"score":92,"play_id":"3fb846fb-e3ca-47fd-a460-c7b3820bc76a","local_time":"20201214154730","is_ascension_mode":false,"campfire_choices":[{"data":"Flex","floor":6,"key":"SMITH"},{"data":"Fire Breathing","floor":8,"key":"SMITH"},{"floor":10,"key":"RECALL"},{"data":"Offering","floor":15,"key":"SMITH"}],"circlet_count":0,"master_deck":["Strike_R","Strike_R","Strike_R","Strike_R","Strike_R","Defend_R","Defend_R","Defend_R","Defend_R","Bash","Flex+1","Sword Boomerang","Regret","Pommel Strike","Fire Breathing+1","Perfected Strike","Seeing Red","Offering+1","Juggernaut","Hemokinesis","Inflame"],"relics":["Philosopher\u0027s Stone","Letter Opener","Golden Idol","Orrery"],"acts_visited":["Exordium"],"potions_floor_usage":[16,16,16],"damage_taken":[{"damage":2,"enemies":"Cultist","floor":1,"turns":3},{"damage":1,"enemies":"2 Louse","floor":2,"turns":3},{"damage":4,"enemies":"Jaw Worm","floor":4,"turns":3},{"damage":8,"enemies":"Blue Slaver","floor":7,"turns":2},{"damage":16,"enemies":"Exordium Wildlife","floor":12,"turns":5},{"damage":0,"enemies":"Large Slime","floor":14,"turns":3},{"damage":31,"enemies":"The Guardian","floor":16,"turns":4}],"seed_played":"233380705993090044","potions_obtained":[{"floor":1,"key":"Block Potion"},{"floor":2,"key":"DistilledChaos"},{"floor":7,"key":"ColorlessPotion"}],"is_trial":false,"path_per_floor":["M","M","?","M","?","R","M","R","T","R","?","M","$","M","R","B"],"character_chosen":"IRONCLAD","items_purchased":["Orrery"],"campfire_rested":0,"item_purchase_floors":[13],"current_hp_per_floor":[78,77,77,73,53,53,45,45,45,45,45,29,29,29,29,0,0],"gold":57,"neow_bonus":"BOSS_RELIC","is_daily":false,"chose_seed":false,"campfire_upgraded":3,"win_rate":0.0,"timestamp":1607928450,"path_taken":["M","?","?","M","?","R","M","R","T","R","?","M","$","M","R","BOSS"],"items_purchased_type":["Relic"],"build_version":"2020-12-13","purchased_purges":0,"victory":false,"max_hp_per_floor":[80,80,80,80,80,80,80,80,80,80,80,80,80,80,80,80,80],"relic_stats":{"counters":[7,23],"Golden Idol":13,"Letter Opener":[10],"obtain_stats":[{"Golden Idol":5,"Orrery":13,"Philosopher\u0027s Stone":0,"Letter Opener":3,"Burning Blood":0},{"Golden Idol":3,"Orrery":5,"Philosopher\u0027s Stone":0,"Letter Opener":2,"Burning Blood":0},{"Golden Idol":9,"Orrery":16,"Philosopher\u0027s Stone":0,"Letter Opener":6,"Burning Blood":0}]},"card_choices":[{"not_picked":["Bloodletting","Clothesline"],"picked":"Flex","floor":1},{"not_picked":["Flex","Dark Embrace"],"picked":"Sword Boomerang","floor":2},{"not_picked":["Exhume","Battle Trance"],"picked":"Pommel Strike","floor":4},{"not_picked":["Rupture","Dual Wield"],"picked":"Fire Breathing","floor":7},{"not_picked":["Wild Strike","Anger"],"picked":"Perfected Strike","floor":12},{"not_picked":["Feed","Pummel"],"picked":"Seeing Red","floor":13},{"not_picked":["Blood for Blood","Heavy Blade"],"picked":"Offering","floor":13},{"not_picked":["Headbutt","Rupture"],"picked":"Juggernaut","floor":13},{"not_picked":["Disarm","Flex"],"picked":"Hemokinesis","floor":13},{"not_picked":["Reckless Charge","Rupture"],"picked":"Inflame","floor":14}],"player_experience":260775,"relics_obtained":[],"event_choices":[{"damage_healed":0,"gold_gain":0,"player_choice":"Box","damage_taken":0,"relics_obtained":["Letter Opener"],"max_hp_gain":0,"max_hp_loss":0,"event_name":"Big Fish","floor":3,"gold_loss":0,"cards_obtained":["Regret"]},{"damage_healed":0,"gold_gain":0,"player_choice":"Take Damage","damage_taken":20,"relics_obtained":["Golden Idol"],"max_hp_gain":0,"max_hp_loss":0,"event_name":"Golden Idol","floor":5,"gold_loss":0},{"damage_healed":0,"gold_gain":0,"player_choice":"Ignored","damage_taken":0,"max_hp_gain":0,"max_hp_loss":0,"event_name":"Liars Game","floor":11,"gold_loss":0}],"is_beta":false,"boss_relics":[],"items_purged_floors":[],"is_endless":false,"potions_floor_spawned":[1,2,7],"killed_by":"The Guardian","ascension_level":0}}