{"host":"Crutt","time":1607946249,"event":{"mods":["2.2 Compatiblity","Aspiration","Bard","BaseMod","Better Altar","Better Skull","Better Third Choice","Googly Eyes","Hermit","Jedi Mod","Jorbs\u0027s Wanderer Trilogy","Minty Spire (QoL Compilation)","Optimize The Spire","Potionbrewer","Spicy Shops","StSLib","The Construct","The Cursed","The Disciple","The Hierophant","The Runesmith","thorton","vexMod"],"gold_per_floor":[137,137,22,22,41,88,88,133,156,156,208,158,198,228,228,248,248,248],"floor_reached":16,"playtime":505,"items_purged":["Normality"],"score":215,"play_id":"36890148-f238-4eff-a0f2-787eb0468582","local_time":"20201214054409","is_ascension_mode":true,"campfire_choices":[{"data":"thethorton:Heckle","floor":7,"key":"SMITH"},{"data":"thethorton:DualBap","floor":10,"key":"SMITH"},{"floor":15,"key":"REST"}],"circlet_count":0,"master_deck":["AscendersBane","thethorton:Strike","thethorton:Strike","thethorton:Strike","thethorton:Strike","thethorton:Defend","thethorton:Defend","thethorton:Defend","thethorton:Defend","thethorton:Heckle+1","thethorton:CreditCard","thethorton:StampSmack","thethorton:PowerUp","thethorton:ElbowSmash","thethorton:CoinShield+1","thethorton:CallIn+1","thethorton:DualBap+1","thethorton:BusinessCard+1","thethorton:BusinessCard+1"],"relics":["thethorton:CouragePotion","NeowsBlessing","Toxic Egg 2","potionbrewer:SlideRule","vexMod:InvisibilityCloak","thethorton:BusinessCardPrinter","vexMod:BarristanHead"],"acts_visited":["Exordium"],"potions_floor_usage":[8,8,16,16],"damage_taken":[{"damage":0,"enemies":"Small Slimes","floor":1,"turns":1},{"damage":0,"enemies":"Jaw Worm","floor":5,"turns":1},{"damage":0,"enemies":"3 Sentries","floor":6,"turns":2},{"damage":3,"enemies":"Gremlin Nob","floor":8,"turns":4},{"damage":10,"enemies":"3 Sentries","floor":11,"turns":7},{"damage":0,"enemies":"2 Louse","floor":13,"turns":2},{"damage":24,"enemies":"Exordium Thugs","floor":14,"turns":7},{"damage":45,"enemies":"Slime Boss","floor":16,"turns":11}],"seed_played":"6770627177366768998","potions_obtained":[{"floor":1,"key":"AttackPotion"},{"floor":6,"key":"potionbrewer:SplittingPotion"},{"floor":13,"key":"GamblersBrew"}],"is_trial":false,"path_per_floor":["M","?","$","?","M","E","R","E","T","R","E","?","M","M","R","B"],"character_chosen":"THE_THORT","items_purchased":["thethorton:PowerUp"],"campfire_rested":1,"item_purchase_floors":[3],"current_hp_per_floor":[61,61,61,61,61,61,61,58,58,58,48,48,48,24,44,0,0,0],"gold":248,"neow_bonus":"THREE_ENEMY_KILL","is_daily":false,"chose_seed":false,"campfire_upgraded":2,"win_rate":0.0,"timestamp":1607946249,"path_taken":["M","?","?","?","?","E","R","E","T","R","E","?","M","M","R","BOSS"],"items_purchased_type":["Card"],"build_version":"2020-12-07","purchased_purges":1,"victory":false,"max_hp_per_floor":[68,68,68,68,68,68,68,68,68,68,68,68,68,68,68,68,68,68],"card_choices":[{"not_picked":["thethorton:RichRun","thethorton:CoinShield"],"picked":"thethorton:StampSmack","floor":1},{"not_picked":["thethorton:TakeAccounts","thethorton:DualBap"],"picked":"thethorton:CoinShield+1","floor":5},{"not_picked":["thethorton:CannonShot","thethorton:GoldBuffer+1"],"picked":"thethorton:CallIn+1","floor":6},{"not_picked":["thethorton:HitAhead","thethorton:FeelNoBrain"],"picked":"thethorton:DualBap","floor":8},{"not_picked":["thethorton:Escape+1","thethorton:CallIn+1"],"picked":"thethorton:BusinessCard+1","floor":11},{"not_picked":["thethorton:WhirlingBriefcase","thethorton:BookBash","thethorton:RichRun+1"],"picked":"SKIP","floor":13},{"not_picked":["thethorton:BookBash","thethorton:LongTermPayoff+1"],"picked":"thethorton:BusinessCard+1","floor":14}],"player_experience":3518957,"relics_obtained":[{"floor":6,"key":"potionbrewer:SlideRule"},{"floor":8,"key":"vexMod:InvisibilityCloak"},{"floor":9,"key":"thethorton:BusinessCardPrinter"},{"floor":11,"key":"vexMod:BarristanHead"}],"event_choices":[{"damage_healed":0,"gold_gain":0,"player_choice":"1 cards matched","damage_taken":0,"max_hp_gain":0,"max_hp_loss":0,"event_name":"Match and Keep!","floor":4,"gold_loss":0,"cards_obtained":["thethorton:ElbowSmash"]},{"cards_removed":["Injury"],"damage_healed":0,"gold_gain":0,"player_choice":"Card Removal","damage_taken":0,"max_hp_gain":0,"max_hp_loss":0,"event_name":"The Cleric","floor":12,"gold_loss":50}],"is_beta":true,"boss_relics":[],"items_purged_floors":[3],"is_endless":false,"potions_floor_spawned":[1,6,13],"killed_by":"Slime Boss","ascension_level":10}}