{"host":"cyei475933pvpemq","time":1607956017,"event":{"mods":["Act Like it!","Aspiration","BaseMod","Better Third Choice","BetterRewards","Colored Map","Colored Powertips","Downfall","Energized Spire","Highlight Path","Hubris","Hyrulean Relics","Lobotomy","Mimic Mod","Minty Spire (QoL Compilation)","Replay The Spire","Spicy Shops","Spikes Relics","StSLib","Uncapped"],"gold_per_floor":[115,115,131,131,206,206,206,206],"floor_reached":7,"playtime":193,"items_purged":[],"score":39,"play_id":"c1a9e316-7a45-43d6-b11f-0a54539e1046","local_time":"20201214152657","is_ascension_mode":false,"campfire_choices":[],"circlet_count":0,"master_deck":["Strike_R","Strike_R","Strike_R","Strike_R","Strike_R","Defend_R","Defend_R","Defend_R","Defend_R","Bash","Metallicize","Burn","Replay:Undeath\u0027s Touch"],"relics":["Burning Blood","Meat on the Bone"],"acts_visited":["Exordium"],"potions_floor_usage":[7],"damage_taken":[{"damage":7,"enemies":"2 Louse","floor":1,"turns":3},{"damage":8,"enemies":"Jaw Worm","floor":3,"turns":6},{"damage":55,"enemies":"Lagavulin","floor":7,"turns":9}],"seed_played":"2171830111054450747","potions_obtained":[{"floor":1,"key":"Adrenaline Potion"}],"is_trial":false,"path_per_floor":["M","?","M","?","?","?","E"],"character_chosen":"IRONCLAD","items_purchased":[],"campfire_rested":0,"item_purchase_floors":[],"current_hp_per_floor":[82,82,80,85,74,49,0,0],"gold":206,"neow_bonus":"RANDOM_EVENT","is_daily":false,"chose_seed":false,"campfire_upgraded":0,"win_rate":0.0,"timestamp":1607956017,"path_taken":["M","?","M","?","?","?","E"],"items_purchased_type":[],"build_version":"2020-12-13","purchased_purges":0,"victory":false,"max_hp_per_floor":[83,83,83,88,88,88,88,88],"card_choices":[{"not_picked":["ReplayTheSpireMod:LeadingStrike","Headbutt"],"picked":"Metallicize","floor":1},{"not_picked":["Pommel Strike","Clash"],"picked":"Replay:Undeath\u0027s Touch","floor":3}],"player_experience":308926,"relics_obtained":[],"event_choices":[{"damage_healed":82,"gold_gain":0,"player_choice":"Embrace Burn","damage_taken":0,"max_hp_gain":0,"max_hp_loss":83,"event_name":"betterThird:BetterShining","floor":2,"gold_loss":0},{"damage_healed":0,"gold_gain":0,"player_choice":"Donut","damage_taken":0,"max_hp_gain":5,"max_hp_loss":0,"event_name":"Big Fish","floor":4,"gold_loss":0},{"damage_healed":0,"gold_gain":75,"player_choice":"Gold","damage_taken":11,"max_hp_gain":0,"max_hp_loss":0,"event_name":"betterThird:BetterGoop","floor":5,"gold_loss":0},{"damage_healed":0,"gold_gain":0,"player_choice":"Relic ","damage_taken":25,"max_hp_gain":0,"max_hp_loss":0,"event_name":"betterThird:BetterScrap","floor":6,"gold_loss":0,"cards_obtained":["Flechettes"]}],"is_beta":false,"boss_relics":[],"items_purged_floors":[],"is_endless":false,"potions_floor_spawned":[1],"killed_by":"Lagavulin","ascension_level":0}}