{"host":"ks12kfi5c4d9hdxy","time":1607986439,"event":{"mods":["BaseMod","Conspire","GifTheSpireLib","Koishi","LagranYue(拉格朗・月)","Marisa（F雨　魔理沙）","Minty Spire (QoL Compilation)","Reimu（博丽灵梦）","Remilia（蕾米莉亚）","Replay The Spire","RumiaBox-露米娅的神秘盒子","StSLib","SuperFastMode","The Administrix","The Servant 0.9.4","Youmu（魂魄妖梦）","Yuyuko","【功能Mod】混沌之环修复补丁","【功能Mod】聪明的最终Boss","篝火指南"],"gold_per_floor":[116,131,131,145,103,103,131,56,82,82,117,150,91,120,120,-65,-65,-69,-69,15,33,33,33],"floor_reached":22,"playtime":500,"items_purged":["BigCrunch+1"],"score":508,"play_id":"b225a1c4-2063-427c-934c-0352985d20de","local_time":"20201215065359","is_ascension_mode":true,"campfire_choices":[{"data":"MachineGunSpark","floor":6.0,"key":"SMITH"},{"data":"RefractionSpark","floor":10,"key":"SMITH"},{"floor":15,"key":"REST"}],"circlet_count":0,"master_deck":["AscendersBane","Strike_MRS","Strike_MRS","Strike_MRS","Strike_MRS","Defend_MRS","Defend_MRS","Defend_MRS","Defend_MRS","MasterSpark","UpSweep","RefractionSpark+1","RefractionSpark+1","MachineGunSpark+1","UnstableBomb","PowerUp","Acceleration"],"relics":["BewitchedHakkero","LagranYue:RandomDrawCardRelic","NeowsBlessing","Baka2","Boot","Ccalipers","Nunchaku","RuthlessExorcism:ReiMu"],"acts_visited":["Exordium","TheCity"],"potions_floor_usage":[7,7,22],"damage_taken":[{"damage":0.0,"enemies":"Cultist","floor":1.0,"turns":1.0},{"damage":0.0,"enemies":"2 Louse","floor":2.0,"turns":1.0},{"damage":0.0,"enemies":"Jaw Worm","floor":4.0,"turns":1.0},{"damage":22,"enemies":"3 Sentries","floor":7,"turns":4},{"damage":8,"enemies":"Gremlin Nob","floor":11,"turns":3},{"damage":7,"enemies":"Exordium Thugs","floor":12,"turns":2},{"damage":0,"enemies":"Lagavulin","floor":14,"turns":3},{"damage":10,"enemies":"Fading Forest","floor":16,"turns":11},{"damage":0,"enemies":"Chosen","floor":18,"turns":2},{"damage":5,"enemies":"2 Thieves","floor":20,"turns":2},{"damage":16,"enemies":"Centurion and Healer","floor":21,"turns":3},{"damage":87,"enemies":"3 Cultists","floor":22,"turns":6}],"seed_played":"3743516331080209726","potions_obtained":[{"floor":1.0,"key":"Elixir"},{"floor":4.0,"key":"Adrenaline Potion"},{"floor":12,"key":"BottledSpark"},{"floor":20,"key":"Flashbang"}],"is_trial":false,"path_per_floor":["M","M","?","M","?","R","E","$","T","R","E","M","$","E","R","B",null,"M","$","M","M","M"],"character_chosen":"MARISA","items_purchased":["PowerUp"],"campfire_rested":1,"item_purchase_floors":[13],"current_hp_per_floor":[63,63,63,63,63,63,41,41,41,41,33,26,26,26,47,49,65,65,65,64,48,0,0],"gold":33,"neow_bonus":"THREE_ENEMY_KILL","is_daily":false,"chose_seed":false,"campfire_upgraded":2,"win_rate":0.0,"timestamp":1607986439,"path_taken":["M","?","?","M","?","R","E","?","T","R","E","M","$","E","R","BOSS","M","$","M","M","M"],"items_purchased_type":["Card"],"build_version":"2020-12-13","purchased_purges":1,"victory":false,"max_hp_per_floor":[70,70,70,70,70,70,70,70,70,70,70,70,70,70,70,70,70,70,70,70,70,63,63],"card_choices":[{"not_picked":["WitchOfGreed","StarBarrage"],"picked":"RefractionSpark","floor":1.0},{"not_picked":["DragonMeteor","GalacticHalo"],"picked":"DoubleSpark","floor":2.0},{"not_picked":["AlicesGift","UnstableBomb"],"picked":"MachineGunSpark","floor":4.0},{"not_picked":["PulseMagic","SprinkleStarSeal"],"picked":"UnstableBomb","floor":7},{"not_picked":["DC","EnergyRecoil","DeepEcoloBomb"],"picked":"SKIP","floor":11},{"not_picked":["EnergyFlow","MysteriousBeam","AlicesGift"],"picked":"SKIP","floor":12},{"not_picked":["MagicAbsorber","GravityBeat"],"picked":"EarthLightRay","floor":14},{"not_picked":["PowerUp","MilkyWay","MagicChant"],"picked":"SKIP","floor":18},{"not_picked":["StarBarrage","WitchOfGreed","MagicAbsorber"],"picked":"SKIP","floor":20},{"not_picked":["ShootingEcho","6A"],"picked":"Acceleration","floor":21}],"player_experience":496214,"relics_obtained":[{"floor":1.0,"key":"Baka"},{"floor":2.0,"key":"Baka2"},{"floor":7,"key":"Boot"},{"floor":9,"key":"Ccalipers"},{"floor":11,"key":"Nunchaku"},{"floor":14,"key":"RuthlessExorcism:ReiMu"}],"event_choices":[{"damage_healed":0.0,"max_hp_gain":0.0,"max_hp_loss":0.0,"gold_gain":0.0,"event_name":"World of Goop","player_choice":"Left Gold","floor":5.0,"gold_loss":42.0,"damage_taken":0.0}],"is_beta":false,"boss_relics":[{"not_picked":["RedLine:ReiMu","Replay:Wanted Poster"],"picked":"BewitchedHakkero"}],"items_purged_floors":[8],"is_endless":false,"potions_floor_spawned":[1,4,12,20],"killed_by":"3 Cultists","ascension_level":18}}