{"host":"j0a1jfichhxu8b8p","time":1607968855,"event":{"mods":["BaseMod","Colored Map","DeckTracker","Keyboard Shortcuts","Minty Spire (QoL Compilation)","Permanent Neow","StSLib"],"gold_per_floor":[111,124,124,136,155,155,171,196,196,196,207,224,149,164,164,238,238,253,267,267,283,2,29,29,60,60,94,94,94,104,121,121,198,198,216,216,216,232,152,177,177,193,219,37,37,108,118,133,133,133],"floor_reached":51,"playtime":2336,"items_purged":["Strike_R","Strike_R","Strike_R"],"score":1384,"play_id":"76275742-5286-48bc-96fa-4c30675b6dff","local_time":"20201215030055","is_ascension_mode":true,"campfire_choices":[{"data":"Dark Embrace","floor":6.0,"key":"SMITH"},{"data":"Corruption","floor":10,"key":"SMITH"},{"data":"Immolate","floor":15,"key":"SMITH"},{"data":"Fiend Fire","floor":24,"key":"SMITH"},{"data":"Feel No Pain","floor":28,"key":"SMITH"},{"data":"Dark Embrace","floor":32,"key":"SMITH"},{"data":"Immolate","floor":41,"key":"SMITH"},{"data":"Dual Wield","floor":45,"key":"SMITH"},{"data":"Feel No Pain","floor":49,"key":"SMITH"}],"circlet_count":0,"master_deck":["AscendersBane","Strike_R","Strike_R+1","Defend_R","Defend_R+1","Defend_R","Defend_R+1","Bash+1","Corruption+1","Battle Trance","Power Through","Immolate+1","Shrug It Off","Dark Embrace+1","Evolve","Fiend Fire+1","Flame Barrier","Power Through","Feel No Pain+1","Dual Wield+1","Feel No Pain+1","Impervious","Dark Embrace+1","Immolate+1","Madness","Madness","Dramatic Entrance","Secret Weapon","Dark Shackles","Shrug It Off+1","Sentinel+1","Flash of Steel","Armaments+1"],"relics":["Burning Blood","FossilizedHelix","Pantograph","SlaversCollar","Mummified Hand","War Paint","The Courier","Charon\u0027s Ashes","Whetstone","Sozu","Blood Vial","Red Skull","White Beast Statue"],"acts_visited":["Exordium","TheCity","TheBeyond"],"potions_floor_usage":[8,23,25,33],"damage_taken":[{"damage":2.0,"enemies":"Jaw Worm","floor":1.0,"turns":4.0},{"damage":1.0,"enemies":"Cultist","floor":2.0,"turns":4.0},{"damage":7.0,"enemies":"Small Slimes","floor":4.0,"turns":2.0},{"damage":6.0,"enemies":"Blue Slaver","floor":5.0,"turns":4.0},{"damage":0,"enemies":"Gremlin Gang","floor":7,"turns":2},{"damage":29,"enemies":"Gremlin Nob","floor":8,"turns":4},{"damage":1,"enemies":"Red Slaver","floor":11,"turns":3},{"damage":0,"enemies":"2 Fungi Beasts","floor":12,"turns":3},{"damage":11,"enemies":"Exordium Wildlife","floor":14,"turns":4},{"damage":15,"enemies":"Slime Boss","floor":16,"turns":9},{"damage":14,"enemies":"Shell Parasite","floor":18,"turns":5},{"damage":0,"enemies":"Chosen","floor":19,"turns":4},{"damage":18,"enemies":"Snake Plant","floor":21,"turns":5},{"damage":25,"enemies":"Book of Stabbing","floor":23,"turns":5},{"damage":7,"enemies":"Slavers","floor":25,"turns":4},{"damage":0,"enemies":"Book of Stabbing","floor":27,"turns":4},{"damage":11,"enemies":"Sentry and Sphere","floor":30,"turns":5},{"damage":0,"enemies":"Centurion and Healer","floor":31,"turns":6},{"damage":42,"enemies":"Champ","floor":33,"turns":17},{"damage":0,"enemies":"Orb Walker","floor":35,"turns":3},{"damage":13,"enemies":"3 Shapes","floor":38,"turns":3},{"damage":0,"enemies":"Nemesis","floor":40,"turns":5},{"damage":14,"enemies":"Sphere and 2 Shapes","floor":42,"turns":3},{"damage":1,"enemies":"Transient","floor":47,"turns":5},{"damage":0,"enemies":"3 Darklings","floor":48,"turns":3},{"damage":69,"enemies":"Awakened One","floor":50,"turns":9}],"seed_played":"-937165187386638871","potions_obtained":[{"floor":1.0,"key":"Swift Potion"},{"floor":5.0,"key":"Regen Potion"},{"floor":12,"key":"FearPotion"},{"floor":25,"key":"Strength Potion"},{"floor":27,"key":"LiquidBronze"}],"is_trial":false,"path_per_floor":["M","M","?","M","M","R","M","E","T","R","M","M","$","M","R","B",null,"M","M","?","M","$","E","R","E","T","E","R","?","M","M","R","B",null,"M","?","?","M","$","E","R","M","T","$","R","T","M","M","R","B",null],"character_chosen":"IRONCLAD","items_purchased":["Mummified Hand","Flash of Steel"],"campfire_rested":0,"item_purchase_floors":[22,44],"current_hp_per_floor":[68,68,68,67,67,67,68,45,45,45,50,56,56,51,51,59,66,58,64,45,33,33,28,28,27,27,33,33,33,28,34,34,23,61,67,54,44,37,37,43,43,37,37,37,37,37,44,52,52,10],"gold":133,"neow_bonus":"THREE_RARE_CARDS","is_daily":false,"chose_seed":false,"campfire_upgraded":9,"win_rate":0.0,"timestamp":1607968855,"path_taken":["M","M","?","M","?","R","M","E","T","R","M","M","$","M","R","BOSS","M","M","?","M","$","E","R","E","T","E","R","?","M","?","R","BOSS","M","?","?","M","?","E","R","M","T","$","R","?","M","M","R","BOSS"],"items_purchased_type":["Relic","Card"],"build_version":"2020-12-13","purchased_purges":3,"victory":true,"max_hp_per_floor":[68,68,68,68,68,68,68,68,68,68,68,68,68,68,68,68,68,68,68,73,73,73,73,73,73,73,73,73,73,73,73,73,73,73,73,73,73,73,73,73,73,73,73,73,73,73,73,73,73,73],"card_choices":[{"not_picked":["Impervious","Offering"],"picked":"Corruption","floor":0.0},{"not_picked":["Flame Barrier","Twin Strike"],"picked":"Battle Trance","floor":1.0},{"not_picked":["Sever Soul","Iron Wave"],"picked":"Power Through","floor":2.0},{"not_picked":["Sentinel","Armaments"],"picked":"Shrug It Off","floor":4.0},{"not_picked":["Flex","Rampage"],"picked":"Dark Embrace","floor":5.0},{"not_picked":["Iron Wave","Cleave","Armaments"],"picked":"SKIP","floor":7},{"not_picked":["Intimidate","Blood for Blood","Pummel"],"picked":"SKIP","floor":8},{"not_picked":["Intimidate","Metallicize","True Grit"],"picked":"SKIP","floor":11},{"not_picked":["Pommel Strike","Heavy Blade","Flex"],"picked":"SKIP","floor":12},{"not_picked":["Twin Strike","Sword Boomerang"],"picked":"Evolve","floor":14},{"not_picked":["Berserk","Corruption"],"picked":"Fiend Fire","floor":16},{"not_picked":["Body Slam","Hemokinesis+1","Rage"],"picked":"SKIP","floor":18},{"not_picked":["Armaments","Warcry","Body Slam"],"picked":"SKIP","floor":19},{"not_picked":["Cleave","Reckless Charge"],"picked":"Flame Barrier","floor":21},{"not_picked":["Hemokinesis","Body Slam"],"picked":"Power Through","floor":23},{"not_picked":["Warcry","Sentinel"],"picked":"Feel No Pain","floor":25},{"not_picked":["True Grit","Iron Wave"],"picked":"Dual Wield","floor":27},{"not_picked":["Cleave","Metallicize"],"picked":"Impervious","floor":30},{"not_picked":["Sword Boomerang","Seeing Red"],"picked":"Dark Embrace","floor":31},{"not_picked":["Brutality","Exhume"],"picked":"Immolate","floor":33},{"not_picked":["Cleave+1","Infernal Blade","Body Slam"],"picked":"SKIP","floor":35},{"not_picked":["PanicButton","Good Instincts"],"picked":"Dramatic Entrance","floor":37},{"not_picked":["Finesse","Mind Blast"],"picked":"Secret Weapon","floor":37},{"not_picked":["HandOfGreed","Panache"],"picked":"Dark Shackles","floor":37},{"not_picked":["Clothesline+1","Perfected Strike"],"picked":"Shrug It Off+1","floor":38},{"not_picked":["Wild Strike","Flame Barrier+1"],"picked":"Sentinel+1","floor":40},{"not_picked":["Body Slam","Anger","Inflame"],"picked":"SKIP","floor":42},{"not_picked":["Iron Wave","Rampage"],"picked":"Armaments+1","floor":47},{"not_picked":["Armaments","Searing Blow","Demon Form"],"picked":"SKIP","floor":48}],"player_experience":307003,"relics_obtained":[{"floor":8,"key":"FossilizedHelix"},{"floor":9,"key":"Pantograph"},{"floor":23,"key":"War Paint"},{"floor":25,"key":"The Courier"},{"floor":26,"key":"Charon\u0027s Ashes"},{"floor":27,"key":"Whetstone"},{"floor":40,"key":"Blood Vial"},{"floor":43,"key":"Red Skull"},{"floor":46,"key":"White Beast Statue"}],"event_choices":[{"damage_healed":0.0,"max_hp_gain":0.0,"max_hp_loss":0.0,"gold_gain":0.0,"event_name":"Match and Keep!","player_choice":"1 cards matched","floor":3.0,"gold_loss":0.0,"damage_taken":0.0,"cards_obtained":["Immolate"]},{"damage_healed":0,"gold_gain":0,"player_choice":"Shed Blood","damage_taken":24,"max_hp_gain":5,"max_hp_loss":0,"event_name":"Forgotten Altar","floor":20,"gold_loss":0},{"damage_healed":0,"gold_gain":0,"player_choice":"1 cards matched","damage_taken":0,"max_hp_gain":0,"max_hp_loss":0,"event_name":"Match and Keep!","floor":29,"gold_loss":0,"cards_obtained":["Feel No Pain"]},{"damage_healed":0,"gold_gain":0,"player_choice":"Embrace Madness","damage_taken":13,"max_hp_gain":0,"max_hp_loss":0,"event_name":"Winding Halls","floor":36,"gold_loss":0,"cards_obtained":["Madness","Madness"]},{"damage_healed":0,"gold_gain":0,"player_choice":"Memory 3","damage_taken":10,"max_hp_gain":0,"max_hp_loss":0,"event_name":"SensoryStone","floor":37,"gold_loss":0}],"is_beta":false,"boss_relics":[{"not_picked":["Ectoplasm","SacredBark"],"picked":"SlaversCollar"},{"not_picked":["Busted Crown","Philosopher\u0027s Stone"],"picked":"Sozu"}],"items_purged_floors":[13,39,44],"is_endless":false,"potions_floor_spawned":[1,5,12,16,21,25,27,38,40,47,48],"ascension_level":16}}