{"host":"svab9sudlrudptws","time":1607978210,"event":{"mods":["BaseMod","Colored Powertips","Minty Spire (QoL Compilation)","Robot Space Explorer","Shade Mod","StSLib","The Blackbeard","The Mystic","The Necromancer","The Poker Player","The Servant 0.9.4"],"gold_per_floor":[119,155,5,55,93,122,122,122,148,73,73,114,192,208,208,305,355,371,410,158,73,90,116,141,141],"floor_reached":24,"playtime":3551,"items_purged":["Shame","mysticmod:Strike_Mystic"],"score":264,"play_id":"107c39b4-cb80-47dd-b903-9ade5719893b","local_time":"20201214223650","is_ascension_mode":true,"campfire_choices":[{"data":"HandOfGreed","floor":8,"key":"SMITH"},{"data":"mysticmod:PunishingArmor","floor":11,"key":"SMITH"},{"data":"mysticmod:HeavyStrike","floor":15,"key":"SMITH"}],"circlet_count":0,"master_deck":["mysticmod:Strike_Mystic","mysticmod:Strike_Mystic","mysticmod:Strike_Mystic","mysticmod:Defend_Mystic","mysticmod:Defend_Mystic","mysticmod:Defend_Mystic","mysticmod:Defend_Mystic","mysticmod:ArcaneDodge","mysticmod:ShockingGrasp","HandOfGreed+1","mysticmod:Flurry","mysticmod:PunishingArmor+1","mysticmod:LightningBolt","mysticmod:PunishingArmor+1","mysticmod:HeavyStrike+1","mysticmod:Sideswipe","mysticmod:GeminiForm","mysticmod:CureLightWounds","mysticmod:CorrosiveTouch","mysticmod:ComponentsPouch+1","mysticmod:MightyMagic+1"],"relics":["mysticmod:SpellBook","ClockworkSouvenir","Bag of Marbles","Toy Ornithopter","Akabeko","Tiny House","Juzu Bracelet","Bronze Scales","Blue Candle"],"acts_visited":["Exordium","TheCity"],"potions_floor_usage":[6,13,23,24],"damage_taken":[{"damage":1,"enemies":"Cultist","floor":1,"turns":3},{"damage":1,"enemies":"Jaw Worm","floor":2,"turns":4},{"damage":2,"enemies":"Small Slimes","floor":4,"turns":5},{"damage":1,"enemies":"Looter","floor":5,"turns":4},{"damage":37,"enemies":"Lagavulin","floor":6,"turns":7},{"damage":0,"enemies":"Blue Slaver","floor":12,"turns":4},{"damage":17,"enemies":"3 Sentries","floor":13,"turns":7},{"damage":0,"enemies":"Lots of Slimes","floor":14,"turns":1},{"damage":17,"enemies":"Hexaghost","floor":16,"turns":8},{"damage":15,"enemies":"Spheric Guardian","floor":18,"turns":4},{"damage":13,"enemies":"Shell Parasite","floor":19,"turns":5},{"damage":16,"enemies":"Sentry and Sphere","floor":22,"turns":5},{"damage":27,"enemies":"Gremlin Leader","floor":23,"turns":7},{"damage":48,"enemies":"3 Cultists","floor":24,"turns":5}],"seed_played":"-684689276784886811","potions_obtained":[{"floor":1,"key":"SkillPotion"},{"floor":2,"key":"Energy Potion"},{"floor":13,"key":"Fruit Juice"},{"floor":17,"key":"Ancient Potion"}],"is_trial":false,"path_per_floor":["M","M","$","M","M","E","?","R","T","$","R","M","E","M","R","B",null,"M","M","$","?","M","E","M"],"character_chosen":"MYSTIC_CLASS","items_purchased":["ClockworkSouvenir","Juzu Bracelet"],"campfire_rested":0,"item_purchase_floors":[3,20],"current_hp_per_floor":[76,75,75,73,72,35,40,40,40,40,40,40,33,33,33,16,92,77,67,67,67,54,35,0,0],"gold":141,"neow_bonus":"RANDOM_COLORLESS_2","is_daily":false,"chose_seed":false,"campfire_upgraded":3,"win_rate":0.0,"timestamp":1607978210,"path_taken":["M","M","$","M","M","E","?","R","T","?","R","M","E","M","R","BOSS","M","?","$","?","M","E","M"],"items_purchased_type":["Relic","Relic"],"build_version":"2020-12-13","purchased_purges":2,"victory":false,"max_hp_per_floor":[77,77,77,77,77,77,82,82,82,82,82,82,87,87,87,87,92,92,92,92,92,92,92,92,92],"card_choices":[{"not_picked":["Transmutation","Magnetism"],"picked":"HandOfGreed","floor":0},{"not_picked":["mysticmod:MagicMissile","mysticmod:Probe"],"picked":"mysticmod:Flurry","floor":1},{"not_picked":["mysticmod:PowerAttack","mysticmod:Daze"],"picked":"mysticmod:PunishingArmor","floor":2},{"not_picked":["mysticmod:BulkUp","mysticmod:TomeOfSpells","mysticmod:Daze"],"picked":"SKIP","floor":4},{"not_picked":["mysticmod:BulkUp","mysticmod:PowerSlash"],"picked":"mysticmod:LightningBolt","floor":5},{"not_picked":["mysticmod:PreparedCaster","mysticmod:Grease"],"picked":"mysticmod:PunishingArmor","floor":6},{"not_picked":["mysticmod:EarthenWall","mysticmod:TomeOfSpells"],"picked":"mysticmod:HeavyStrike","floor":12},{"not_picked":["mysticmod:Flurry","mysticmod:Natural20","mysticmod:Disengage"],"picked":"SKIP","floor":13},{"not_picked":["mysticmod:Disengage","mysticmod:HeavyStrike"],"picked":"mysticmod:Sideswipe","floor":14},{"not_picked":["mysticmod:Natural20","mysticmod:SpontaneousCaster"],"picked":"mysticmod:GeminiForm","floor":16},{"not_picked":["mysticmod:LightningBolt","mysticmod:Riposte"],"picked":"mysticmod:CureLightWounds","floor":17},{"not_picked":["mysticmod:PowerSlash","mysticmod:LightningBolt"],"picked":"mysticmod:CorrosiveTouch","floor":18},{"not_picked":["mysticmod:PowerSlash+1","mysticmod:BladedDash","mysticmod:BladeMaster"],"picked":"SKIP","floor":19},{"not_picked":["mysticmod:SuddenClarity","mysticmod:StyleChange+1"],"picked":"mysticmod:ComponentsPouch+1","floor":22},{"not_picked":["mysticmod:MagicMissile","mysticmod:Natural20"],"picked":"mysticmod:MightyMagic+1","floor":23}],"player_experience":1555520,"relics_obtained":[{"floor":6,"key":"Bag of Marbles"},{"floor":9,"key":"Toy Ornithopter"},{"floor":13,"key":"Akabeko"},{"floor":23,"key":"Blue Candle"}],"event_choices":[{"damage_healed":0,"gold_gain":0,"player_choice":"Donut","damage_taken":0,"max_hp_gain":5,"max_hp_loss":0,"event_name":"Big Fish","floor":7,"gold_loss":0},{"damage_healed":0,"gold_gain":0,"player_choice":"Obtained Relic","damage_taken":0,"relics_obtained":["Bronze Scales"],"max_hp_gain":0,"max_hp_loss":0,"event_name":"Addict","floor":21,"gold_loss":85}],"is_beta":false,"boss_relics":[{"not_picked":["Coffee Dripper","Ectoplasm"],"picked":"Tiny House"}],"items_purged_floors":[10,20],"is_endless":false,"potions_floor_spawned":[1,2,13],"killed_by":"3 Cultists","ascension_level":1}}