{"host":"p6y17sixyu8q9v1f","time":1607977038,"event":{"mods":["BaseMod","Colored Map","Minty Spire (QoL Compilation)"],"gold_per_floor":[110,42,65,77,89,101,131,161,196,64,64,96,110,130,130,232,232,243,46,46,59,77,77,104,104,131,145,163,163,163],"floor_reached":29,"playtime":5931,"items_purged":["Defend_B"],"score":296,"play_id":"88de381f-117a-43c8-866c-cb633f3b6c87","local_time":"20201214141718","is_ascension_mode":true,"campfire_choices":[{"data":"Zap","floor":6,"key":"SMITH"},{"data":"Chill","floor":11,"key":"SMITH"},{"data":"Static Discharge","floor":15,"key":"SMITH"},{"data":"Panache","floor":23,"key":"SMITH"},{"floor":25,"key":"REST"}],"circlet_count":0,"master_deck":["Defend_B","Defend_B","Defend_B","Zap+1","Dualcast","White Noise","Cold Snap","Scrape","Amplify","Leap","Chill+1","Static Discharge+1","Gash","Electrodynamics","Hello World","Panache+1","Loop","Gash"],"relics":["Cracked Core","NeowsBlessing","MawBank","DataDisk","Unceasing Top","Empty Cage","Ginger","Oddly Smooth Stone"],"acts_visited":["Exordium","TheCity"],"potions_floor_usage":[13,22,24,24,27,29],"damage_taken":[{"damage":0,"enemies":"Jaw Worm","floor":1,"turns":1},{"damage":0,"enemies":"Cultist","floor":3,"turns":1},{"damage":0,"enemies":"2 Louse","floor":7,"turns":1},{"damage":15,"enemies":"Exordium Thugs","floor":8,"turns":5},{"damage":3,"enemies":"3 Sentries","floor":12,"turns":8},{"damage":6,"enemies":"Large Slime","floor":13,"turns":4},{"damage":6,"enemies":"Red Slaver","floor":14,"turns":4},{"damage":37,"enemies":"Slime Boss","floor":16,"turns":6},{"damage":0,"enemies":"3 Byrds","floor":18,"turns":1},{"damage":9,"enemies":"Shell Parasite","floor":21,"turns":3},{"damage":18,"enemies":"Centurion and Healer","floor":22,"turns":5},{"damage":41,"enemies":"Book of Stabbing","floor":24,"turns":4},{"damage":15,"enemies":"Snake Plant","floor":27,"turns":3},{"damage":6,"enemies":"Sentry and Sphere","floor":28,"turns":4},{"damage":9,"enemies":"Centurion and Healer","floor":29,"turns":4}],"seed_played":"6633143795281224043","potions_obtained":[{"floor":3,"key":"Strength Potion"},{"floor":7,"key":"Dexterity Potion"},{"floor":8,"key":"Swift Potion"},{"floor":14,"key":"EntropicBrew"},{"floor":27,"key":"Energy Potion"}],"is_trial":false,"path_per_floor":["M","?","M","$","?","R","M","M","T","$","R","E","M","M","R","B",null,"M","$","?","M","M","R","E","R","T","M","M","M"],"character_chosen":"DEFECT","items_purchased":["Chill","Panache"],"campfire_rested":1,"item_purchase_floors":[10,19],"current_hp_per_floor":[75,75,75,75,75,75,75,60,60,60,60,57,51,45,45,8,75,75,75,75,66,48,48,7,29,29,14,8,0,0],"gold":163,"neow_bonus":"THREE_ENEMY_KILL","is_daily":false,"chose_seed":false,"campfire_upgraded":4,"win_rate":0.0,"timestamp":1607977038,"path_taken":["M","?","?","$","?","R","M","M","T","?","R","E","M","M","R","BOSS","M","$","?","M","?","R","E","R","T","M","?","M"],"items_purchased_type":["Card","Card"],"build_version":"2020-12-13","purchased_purges":1,"victory":false,"max_hp_per_floor":[75,75,75,75,75,75,75,75,75,75,75,75,75,75,75,75,75,75,75,75,75,75,75,75,75,75,75,75,75,75],"card_choices":[{"not_picked":["Cold Snap","Chill"],"picked":"White Noise","floor":1},{"not_picked":["Rebound","Go for the Eyes"],"picked":"Cold Snap","floor":3},{"not_picked":["Storm","Coolheaded"],"picked":"Amplify","floor":7},{"not_picked":["Redo","Rebound"],"picked":"Leap","floor":8},{"not_picked":["Hologram","Auto Shields"],"picked":"Static Discharge","floor":12},{"not_picked":["Compile Driver","Go for the Eyes"],"picked":"Gash","floor":13},{"not_picked":["Redo","Steam Power","Leap"],"picked":"SKIP","floor":14},{"not_picked":["Machine Learning","All For One"],"picked":"Electrodynamics","floor":16},{"not_picked":["Skim","Ball Lightning"],"picked":"Hello World","floor":18},{"not_picked":["Streamline","Rip and Tear","Doom and Gloom"],"picked":"SKIP","floor":21},{"not_picked":["Ball Lightning","Turbo","Go for the Eyes"],"picked":"SKIP","floor":22},{"not_picked":["Steam+1","Cold Snap"],"picked":"Loop","floor":24},{"not_picked":["Genetic Algorithm","Hello World"],"picked":"Gash","floor":27},{"not_picked":["Glacier","Beam Cell","Reinforced Body+1"],"picked":"SKIP","floor":28}],"player_experience":750549,"relics_obtained":[{"floor":9,"key":"DataDisk"},{"floor":12,"key":"Unceasing Top"},{"floor":24,"key":"Ginger"},{"floor":26,"key":"Oddly Smooth Stone"}],"event_choices":[{"damage_healed":0,"gold_gain":0,"player_choice":"Paid Gold","damage_taken":0,"relics_obtained":["MawBank"],"max_hp_gain":0,"max_hp_loss":0,"event_name":"WeMeetAgain","floor":2,"gold_loss":68},{"damage_healed":0,"gold_gain":0,"cards_transformed":["Strike_B"],"player_choice":"Transformed","damage_taken":0,"max_hp_gain":0,"max_hp_loss":0,"event_name":"Transmorgrifier","floor":5,"gold_loss":0,"cards_obtained":["Scrape"]},{"cards_removed":["Strike_B"],"damage_healed":0,"gold_gain":0,"player_choice":"Offered Basic","damage_taken":0,"max_hp_gain":0,"max_hp_loss":0,"event_name":"Bonfire Elementals","floor":20,"gold_loss":0}],"is_beta":false,"boss_relics":[{"not_picked":["Velvet Choker","SlaversCollar"],"picked":"Empty Cage"}],"items_purged_floors":[10],"is_endless":false,"potions_floor_spawned":[3,7,8,14,18,27],"killed_by":"Centurion and Healer","ascension_level":4}}