{"host":"a3oe3gstxz77c7qu","time":1607975975,"event":{"mods":["2.2 Compatiblity","Act Like it!","BaseMod","Bestiary","Better Altar","Better Match","Better Note","Better Sensory Stone","Better Skull","Better Third Choice","Block Reminder","Conspire","Curses Come First","Custom Start","Downfall","Friendly Minions","GifTheSpireLib","Humility","Infinite Spire","Lobotomy","LobotomyExtend","Marisa????????","Minty Spire (QoL Compilation)","Permanent Neow","Quick Restart","Relic Stats","Replay The Spire","Robot Space Explorer","StSLib","The Blue Laboratory","Uncapped","Wandering Minibosses"],"gold_per_floor":[99,111,125,125,136,136,136,148,161,161,161],"floor_reached":10,"playtime":785,"items_purged":[],"score":60,"play_id":"0c45a459-7a75-4dba-859c-a23d211c2ad9","local_time":"20201214195935","is_ascension_mode":false,"campfire_choices":[{"data":"champ:Taunt","floor":1,"key":"SMITH"}],"circlet_count":0,"master_deck":["champ:Strike","champ:Strike","champ:Strike","champ:Defend","champ:Defend","champ:Defend","champ:Defend","champ:Execute","champ:Taunt+1","champ:Improvising","champ:DefensiveShout","champ:IgnorePain","champ:GladiatorsShout","champ:ShieldWall","champ:Backstep","champ:EnragedBash"],"relics":["champ:ChampionCrown","LetterFromLob","infinitespire:Lychee Nut"],"acts_visited":["Exordium"],"potions_floor_usage":[],"damage_taken":[{"damage":10,"enemies":"2 Louse","floor":2,"turns":3},{"damage":10,"enemies":"Cultist","floor":3,"turns":4},{"damage":17,"enemies":"Jaw Worm","floor":5,"turns":4},{"damage":13,"enemies":"Exordium Wildlife","floor":8,"turns":5},{"damage":27,"enemies":"Exordium Thugs","floor":9,"turns":8},{"damage":63,"enemies":"3 Sentries","floor":10,"turns":6}],"seed_played":"5424198012079007605","potions_obtained":[{"floor":3,"key":"blueLaboratory:NullPotion"}],"is_trial":false,"path_per_floor":["R","M","M","?","M","?","T","M","M","E"],"character_chosen":"THE_CHAMP","items_purchased":[],"campfire_rested":0,"item_purchase_floors":[],"current_hp_per_floor":[90,85,80,80,73,78,71,71,55,0,0],"gold":161,"neow_bonus":"ONE_RANDOM_RARE_CARD","is_daily":false,"chose_seed":false,"campfire_upgraded":1,"win_rate":0.0,"timestamp":1607975975,"path_taken":["R","M","M","?","?","?","T","M","M","E"],"items_purchased_type":[],"build_version":"2020-12-13","purchased_purges":0,"victory":false,"max_hp_per_floor":[90,90,90,90,90,95,71,71,71,71,71],"relic_stats":{"counters":[6,30],"obtain_stats":[{"infinitespire:Lychee Nut":7,"champ:ChampionCrown":0,"LetterFromLob":2},{"infinitespire:Lychee Nut":3,"champ:ChampionCrown":0,"LetterFromLob":1},{"infinitespire:Lychee Nut":11,"champ:ChampionCrown":0,"LetterFromLob":3}]},"card_choices":[{"not_picked":["champ:TornadoPunch","champ:PerfectedStrike"],"picked":"champ:DefensiveShout","floor":2},{"not_picked":["champ:CrookedStrike","champ:DefensiveShout"],"picked":"champ:IgnorePain","floor":3},{"not_picked":["champ:CalledShot","champ:GladiatorsShout"],"picked":"champ:ShieldWall","floor":5},{"not_picked":["champ:PerfectedStrike","champ:AdrenalArmor"],"picked":"champ:Backstep","floor":8},{"not_picked":["champ:CrookedStrike","champ:FaceSlap"],"picked":"champ:EnragedBash","floor":9}],"player_experience":810134,"relics_obtained":[{"floor":2,"key":"LetterFromLob"},{"floor":7,"key":"infinitespire:Lychee Nut"}],"event_choices":[{"damage_healed":0,"gold_gain":0,"cards_transformed":["champ:Strike"],"player_choice":"Transformed","damage_taken":0,"max_hp_gain":0,"max_hp_loss":0,"event_name":"Transmorgrifier","floor":4,"gold_loss":0,"cards_obtained":["champ:GladiatorsShout"]},{"damage_healed":0,"gold_gain":0,"player_choice":"Donut","damage_taken":0,"max_hp_gain":5,"max_hp_loss":0,"event_name":"Big Fish","floor":6,"gold_loss":0}],"is_beta":false,"boss_relics":[],"items_purged_floors":[],"is_endless":false,"potions_floor_spawned":[3],"killed_by":"3 Sentries","ascension_level":0}}