{"host":"0xoib765171ofkym","time":1607949539,"event":{"mods":["AchievementEnabler","BaseMod","Colored Map","Minty Spire (QoL Compilation)","StSLib"],"gold_per_floor":[119,194,194,204,54,86,86,98,124,124,158,170,182,206,218,329,341,367,398,144,144,156,156,189,201,201,234,234,247,247,247,247,343,343,362,380,430,482,90,125,0,30,84,84,84,84,97,97,97,97,97,97,97,126,126],"floor_reached":56,"playtime":1233,"items_purged":["Strike_G","Blade Dance","Storm of Steel"],"score":1939,"play_id":"6c6b61f0-8b51-476a-857f-c2b483bbaf32","local_time":"20201214213859","is_ascension_mode":true,"campfire_choices":[{"data":"Grand Finale","floor":7.0,"key":"SMITH"},{"floor":10.0,"key":"REST"},{"data":"Neutralize","floor":13.0,"key":"SMITH"},{"floor":15.0,"key":"REST"},{"data":"Phantasmal Killer","floor":23,"key":"SMITH"},{"data":"Acrobatics","floor":28,"key":"SMITH"},{"floor":32,"key":"RECALL"},{"floor":45,"key":"DIG"},{"floor":49,"key":"DIG"},{"data":"Adrenaline","floor":52,"key":"SMITH"}],"circlet_count":0,"master_deck":["Neutralize+1","Grand Finale+1","Backflip","Phantasmal Killer+1","Acrobatics+1","Adrenaline+1","Deadly Poison","Flechettes","Injury","Injury"],"relics":["Ring of the Snake","Runic Pyramid","Anchor","Tiny Chest","Omamori","MawBank","Cursed Key","Bag of Marbles","FaceOfCleric","Pear","Incense Burner","Bronze Scales","StrikeDummy","Pandora\u0027s Box","Mango","Shovel","Blood Vial","Singing Bowl","Meat on the Bone","Blue Candle","The Specimen","Turnip"],"acts_visited":["Exordium","TheCity","TheBeyond","TheEnding"],"potions_floor_usage":[33,50,50,50],"damage_taken":[{"damage":8.0,"enemies":"2 Louse","floor":1.0,"turns":3.0},{"damage":0.0,"enemies":"Small Slimes","floor":4.0,"turns":3.0},{"damage":0.0,"enemies":"Gremlin Nob","floor":6.0,"turns":2.0},{"damage":0.0,"enemies":"Cultist","floor":8.0,"turns":2.0},{"damage":0.0,"enemies":"Lagavulin","floor":11.0,"turns":2.0},{"damage":0.0,"enemies":"Red Slaver","floor":14.0,"turns":1.0},{"damage":0.0,"enemies":"Slime Boss","floor":16.0,"turns":2.0},{"damage":0,"enemies":"Shell Parasite","floor":18,"turns":2},{"damage":4,"enemies":"2 Thieves","floor":19,"turns":2},{"damage":0,"enemies":"Sentry and Sphere","floor":22,"turns":1},{"damage":0,"enemies":"Book of Stabbing","floor":24,"turns":2},{"damage":0,"enemies":"Snecko","floor":25,"turns":2},{"damage":0,"enemies":"Gremlin Leader","floor":27,"turns":1},{"damage":0,"enemies":"Cultist and Chosen","floor":29,"turns":1},{"damage":0,"enemies":"Collector","floor":33,"turns":2},{"damage":0,"enemies":"3 Darklings","floor":35,"turns":1},{"damage":0,"enemies":"Orb Walker","floor":36,"turns":1},{"damage":0,"enemies":"Mind Bloom Boss Battle","floor":37,"turns":1},{"damage":0,"enemies":"2 Orb Walkers","floor":38,"turns":1},{"damage":0,"enemies":"Giant Head","floor":40,"turns":2},{"damage":0,"enemies":"Nemesis","floor":42,"turns":1},{"damage":1,"enemies":"Sphere and 2 Shapes","floor":47,"turns":1},{"damage":2,"enemies":"Awakened One","floor":50,"turns":3},{"damage":2,"enemies":"Shield and Spear","floor":54,"turns":1},{"damage":44,"enemies":"The Heart","floor":55,"turns":5}],"seed_played":"3930209550409515162","potions_obtained":[{"floor":1.0,"key":"GhostInAJar"},{"floor":4.0,"key":"Fire Potion"},{"floor":11.0,"key":"Regen Potion"},{"floor":33,"key":"PowerPotion"},{"floor":38,"key":"EssenceOfSteel"},{"floor":54,"key":"SpeedPotion"}],"is_trial":false,"path_per_floor":["M","?","?","M","$","E","R","M","T","R","E","?","R","M","R","B",null,"M","M","$","?","M","R","E","M","T","E","R","M","T","?","R","B",null,"M","M","?","?","$","E","$","E","T","T","R","$","M","?","R","B",null,"R","$","E","B",null],"character_chosen":"THE_SILENT","items_purchased":["Anchor","Bag of Marbles","Acrobatics","Shovel"],"campfire_rested":2,"item_purchase_floors":[5,20,20,39],"current_hp_per_floor":[62,51,37,37,37,37,37,37,37,58,58,58,58,58,70,70,70,70,66,66,66,67,67,78,79,79,80,80,81,81,65,65,71,91,92,93,108,109,109,110,110,113,113,113,113,113,115,110,110,109,111,111,111,112,71],"gold":126,"neow_bonus":"THREE_CARDS","is_daily":false,"chose_seed":false,"campfire_upgraded":5,"win_rate":0.0,"timestamp":1607949539,"path_taken":["M","?","?","M","$","E","R","M","T","R","E","?","R","M","R","BOSS","M","M","$","?","M","R","E","M","T","E","R","?","?","?","R","BOSS","M","M","?","?","$","E","$","E","T","?","R","$","?","?","R","BOSS","R","$","E","BOSS"],"items_purchased_type":["Relic","Relic","Card","Relic"],"build_version":"2020-12-13","purchased_purges":3,"victory":true,"max_hp_per_floor":[70,70,70,70,70,70,70,70,70,70,70,70,70,70,70,70,70,70,70,70,70,71,71,82,83,83,84,84,85,85,90,90,91,91,92,93,108,109,109,110,110,113,113,113,113,113,116,110,110,111,111,111,111,114,115],"card_choices":[{"not_picked":["Crippling Poison","Sucker Punch","Endless Agony"],"picked":"SKIP","floor":1.0},{"not_picked":["All Out Attack","Bane","Blade Dance"],"picked":"SKIP","floor":4.0},{"not_picked":["All Out Attack","Bane","Blade Dance"],"picked":"SKIP","floor":4.0},{"not_picked":["Heel Hook","Dodge and Roll","Crippling Poison"],"picked":"SKIP","floor":6.0},{"not_picked":["Flying Knee","Dagger Throw"],"picked":"Backflip","floor":8.0},{"not_picked":["Blade Dance","Wraith Form v2","Predator"],"picked":"SKIP","floor":11.0},{"not_picked":["Heel Hook","Dodge and Roll","Reflex"],"picked":"SKIP","floor":14.0},{"not_picked":["Doppelganger","Die Die Die"],"picked":"Phantasmal Killer","floor":16.0},{"not_picked":["Crippling Poison","Cloak And Dagger+1","Bane+1"],"picked":"SKIP","floor":18},{"not_picked":["Endless Agony","Dagger Throw","Accuracy"],"picked":"SKIP","floor":19},{"not_picked":["Dodge and Roll+1","Dagger Throw","Noxious Fumes"],"picked":"SKIP","floor":22},{"not_picked":["Finisher","Concentrate","Bane"],"picked":"SKIP","floor":24},{"not_picked":["Outmaneuver","Distraction","Backflip"],"picked":"SKIP","floor":25},{"not_picked":["Well Laid Plans+1","Dodge and Roll","Slice"],"picked":"SKIP","floor":27},{"not_picked":["Acrobatics","Deadly Poison+1","Sucker Punch"],"picked":"SKIP","floor":29},{"not_picked":["Glass Knife","A Thousand Cuts"],"picked":"Adrenaline","floor":33},{"not_picked":["Tactician+1","Dodge and Roll","Calculated Gamble+1"],"picked":"SKIP","floor":35},{"not_picked":["Bouncing Flask+1","Sucker Punch+1","Riddle With Holes"],"picked":"SKIP","floor":36},{"not_picked":["Malaise","Footwork+1","Dodge and Roll"],"picked":"SKIP","floor":40},{"not_picked":["Doppelganger","Cloak And Dagger","Expertise"],"picked":"Singing Bowl","floor":42},{"not_picked":["Dash","Outmaneuver","Cloak And Dagger"],"picked":"Singing Bowl","floor":47},{"not_picked":["Slice","Quick Slash+1","Underhanded Strike"],"picked":"Singing Bowl","floor":54}],"player_experience":262225,"relics_obtained":[{"floor":6.0,"key":"Tiny Chest"},{"floor":9.0,"key":"Omamori"},{"floor":11.0,"key":"MawBank"},{"floor":24,"key":"Pear"},{"floor":26,"key":"Incense Burner"},{"floor":27,"key":"Bronze Scales"},{"floor":30,"key":"StrikeDummy"},{"floor":37,"key":"Mango"},{"floor":40,"key":"Blood Vial"},{"floor":42,"key":"Singing Bowl"},{"floor":44,"key":"Meat on the Bone"},{"floor":45,"key":"Blue Candle"},{"floor":49,"key":"The Specimen"},{"floor":54,"key":"Turnip"}],"event_choices":[{"damage_healed":0.0,"max_hp_gain":0.0,"max_hp_loss":0.0,"gold_gain":75.0,"event_name":"World of Goop","player_choice":"Gather Gold","floor":2.0,"gold_loss":0.0,"damage_taken":11.0},{"damage_healed":0.0,"max_hp_gain":0.0,"max_hp_loss":0.0,"gold_gain":0.0,"event_name":"Shining Light","player_choice":"Entered Light","floor":3.0,"gold_loss":0.0,"damage_taken":14.0,"cards_upgraded":["Strike_G","Strike_G"]},{"cards_removed":["Survivor"],"damage_healed":0.0,"max_hp_gain":0.0,"max_hp_loss":0.0,"gold_gain":0.0,"event_name":"Bonfire Elementals","player_choice":"Offered Basic","floor":12.0,"gold_loss":0.0,"damage_taken":0.0},{"damage_healed":0,"gold_gain":0,"player_choice":"Trade","damage_taken":0,"relics_obtained":["FaceOfCleric"],"max_hp_gain":0,"max_hp_loss":0,"event_name":"FaceTrader","floor":21,"gold_loss":0},{"damage_healed":0,"gold_gain":0,"player_choice":"Shed Blood","damage_taken":21,"max_hp_gain":5,"max_hp_loss":0,"event_name":"Forgotten Altar","floor":31,"gold_loss":0},{"damage_healed":0,"gold_gain":0,"player_choice":"Fight","damage_taken":0,"max_hp_gain":0,"max_hp_loss":0,"event_name":"MindBloom","floor":37,"gold_loss":0},{"damage_healed":0,"gold_gain":0,"player_choice":"Fight","damage_taken":0,"max_hp_gain":0,"max_hp_loss":0,"event_name":"Mysterious Sphere","floor":38,"gold_loss":0},{"damage_healed":0,"gold_gain":0,"player_choice":"Max HP","damage_taken":0,"max_hp_gain":0,"max_hp_loss":6,"event_name":"Winding Halls","floor":48,"gold_loss":0}],"is_beta":false,"boss_relics":[{"not_picked":["Velvet Choker","SacredBark"],"picked":"Cursed Key"},{"not_picked":["Ring of the Serpent","Empty Cage"],"picked":"Pandora\u0027s Box"}],"items_purged_floors":[20,39,41],"is_endless":false,"potions_floor_spawned":[1,4,11,16,18,19,33,36,38,40,42,54],"ascension_level":4}}