{"host":"Krakhan","time":1607906909,"event":{"mods":["AchievementEnabler","BaseMod","Colored Map","Colored Powertips","Faster Ascension Climbing","Highlight Path","Minty Spire (QoL Compilation)","Rare Cards Sparkle","Relic Stats","StSLib"],"gold_per_floor":[114,59,73,86,96,96,123,123,195,226,226,251,251,267,267,345,345,359,394,409,409,423,423,437,450,529,529,529],"floor_reached":27,"playtime":1678,"items_purged":[],"score":470,"play_id":"8441f434-41e3-4fe2-be20-17e9f98a84f4","local_time":"20201213194829","is_ascension_mode":true,"campfire_choices":[{"data":"Uppercut","floor":6,"key":"SMITH"},{"data":"1","floor":8,"key":"LIFT"},{"data":"2","floor":13,"key":"LIFT"},{"data":"Demon Form","floor":15,"key":"SMITH"},{"floor":23,"key":"REST"}],"circlet_count":0,"master_deck":["AscendersBane","Strike_R","Strike_R","Defend_R","Defend_R","Defend_R","Defend_R","Bash","Uppercut+1","Cleave","Twin Strike","Metallicize","True Grit","Demon Form+1","Hemokinesis","Shrug It Off+1","Reaper","Intimidate+1","Offering+1","Headbutt+1","Sword Boomerang","True Grit","Shrug It Off"],"relics":["Sozu","Girya","Nunchaku","Oddly Smooth Stone","Astrolabe","Red Mask","Ornamental Fan"],"acts_visited":["Exordium","TheCity"],"potions_floor_usage":[],"damage_taken":[{"damage":1,"enemies":"Cultist","floor":1,"turns":4},{"damage":2,"enemies":"2 Louse","floor":3,"turns":2},{"damage":0,"enemies":"Jaw Worm","floor":4,"turns":3},{"damage":4,"enemies":"Red Slaver","floor":5,"turns":3},{"damage":7,"enemies":"Lagavulin","floor":7,"turns":5},{"damage":16,"enemies":"Gremlin Nob","floor":10,"turns":4},{"damage":16,"enemies":"3 Sentries","floor":12,"turns":6},{"damage":10,"enemies":"Exordium Wildlife","floor":14,"turns":3},{"damage":27,"enemies":"Slime Boss","floor":16,"turns":4},{"damage":8,"enemies":"Chosen","floor":18,"turns":3},{"damage":48,"enemies":"Masked Bandits","floor":19,"turns":4},{"damage":32,"enemies":"2 Thieves","floor":20,"turns":3},{"damage":4,"enemies":"Centurion and Healer","floor":22,"turns":6},{"damage":20,"enemies":"Sentry and Sphere","floor":24,"turns":8},{"damage":31,"enemies":"Cultist and Chosen","floor":25,"turns":7},{"damage":4,"enemies":"Centurion and Healer","floor":27,"turns":3}],"seed_played":"-1544008515573797473","potions_obtained":[],"is_trial":false,"path_per_floor":["M","$","M","M","M","R","E","R","T","E","?","E","R","M","R","B",null,"M","?","M","?","M","R","M","M","T","M"],"character_chosen":"IRONCLAD","items_purchased":["Cleave"],"campfire_rested":1,"item_purchase_floors":[2],"current_hp_per_floor":[67,67,65,65,61,61,54,54,54,38,63,47,47,37,37,10,59,57,19,9,9,17,39,32,2,2,0,0],"gold":529,"neow_bonus":"BOSS_RELIC","is_daily":false,"chose_seed":false,"campfire_upgraded":2,"win_rate":0.0,"timestamp":1607906909,"path_taken":["M","?","M","M","M","R","E","R","T","E","?","E","R","M","R","BOSS","M","?","M","?","?","R","M","M","T","M"],"items_purchased_type":["Card"],"build_version":"2020-12-07","purchased_purges":0,"victory":false,"max_hp_per_floor":[75,75,75,75,75,75,75,75,75,75,75,75,75,75,75,75,75,75,75,75,75,75,75,75,75,75,75,75],"relic_stats":{"Sozu":8,"Nunchaku":[7],"counters":[16,68],"Ornamental Fan":[0],"Astrolabe":["Intimidate","Offering","Headbutt"],"obtain_stats":[{"Sozu":0,"Girya":7,"Nunchaku":10,"Ornamental Fan":26,"Astrolabe":17,"Oddly Smooth Stone":12,"Red Mask":19,"Burning Blood":0},{"Sozu":0,"Girya":5,"Nunchaku":6,"Ornamental Fan":15,"Astrolabe":9,"Oddly Smooth Stone":7,"Red Mask":11,"Burning Blood":0},{"Sozu":0,"Girya":17,"Nunchaku":21,"Ornamental Fan":65,"Astrolabe":34,"Oddly Smooth Stone":27,"Red Mask":41,"Burning Blood":0}]},"card_choices":[{"not_picked":["Shrug It Off","Combust"],"picked":"Uppercut","floor":1},{"not_picked":["Dark Embrace","Flex"],"picked":"Twin Strike","floor":3},{"not_picked":["Armaments","Disarm"],"picked":"Metallicize","floor":4},{"not_picked":["Flex","Clash"],"picked":"True Grit","floor":5},{"not_picked":["Cleave","Armaments"],"picked":"Demon Form","floor":7},{"not_picked":["Fiend Fire","Warcry"],"picked":"Hemokinesis","floor":10},{"not_picked":["Anger","Rupture","Dark Embrace"],"picked":"SKIP","floor":12},{"not_picked":["Perfected Strike","Spot Weakness"],"picked":"Shrug It Off","floor":14},{"not_picked":["Fiend Fire","Bludgeon"],"picked":"Reaper","floor":16},{"not_picked":["Second Wind","Rampage"],"picked":"Sword Boomerang","floor":18},{"not_picked":["Seeing Red","Anger"],"picked":"True Grit","floor":19},{"not_picked":["Havoc","Headbutt","Pommel Strike"],"picked":"SKIP","floor":20},{"not_picked":["Clothesline","Clash"],"picked":"Shrug It Off","floor":22},{"not_picked":["Thunderclap","Rage","Whirlwind"],"picked":"SKIP","floor":24},{"not_picked":["Sentinel","Twin Strike","Armaments"],"picked":"SKIP","floor":25}],"player_experience":1190966,"relics_obtained":[{"floor":7,"key":"Girya"},{"floor":10,"key":"Nunchaku"},{"floor":12,"key":"Oddly Smooth Stone"},{"floor":19,"key":"Red Mask"},{"floor":26,"key":"Ornamental Fan"}],"event_choices":[{"damage_healed":25,"gold_gain":0,"player_choice":"Banana","damage_taken":0,"max_hp_gain":0,"max_hp_loss":0,"event_name":"Big Fish","floor":11,"gold_loss":0},{"damage_healed":0,"gold_gain":0,"player_choice":"Fought Bandits","damage_taken":0,"max_hp_gain":0,"max_hp_loss":0,"event_name":"Masked Bandits","floor":19,"gold_loss":0},{"damage_healed":0,"gold_gain":0,"player_choice":"Forge","damage_taken":0,"max_hp_gain":0,"max_hp_loss":0,"event_name":"Accursed Blacksmith","floor":21,"gold_loss":0,"cards_upgraded":["Shrug It Off"]}],"is_beta":true,"boss_relics":[{"not_picked":["Empty Cage","Calling Bell"],"picked":"Astrolabe"}],"items_purged_floors":[],"is_endless":false,"potions_floor_spawned":[3,10,12,16,18,20,24,25],"killed_by":"Centurion and Healer","ascension_level":20}}