{"host":"vucub2jtaeo9vgh1","time":1607939222,"event":{"mods":["BaseMod","Minty Spire (QoL Compilation)","Quick Restart","Slay-I","StSLib"],"gold_per_floor":[359,129,129,141,160,160,195,195,218,218,229,229,229,240,240,340,340,354,365,365,382,382,382,407,407,432,467,467,482,497,517,517,617,617,628,346,361,60,73,101,101,101,126,126,136,171,187,187,187,187],"floor_reached":51,"playtime":1371,"items_purged":["Bash","Warcry"],"score":822,"play_id":"2538e977-d809-4735-93ac-3ecf6b776e49","local_time":"20201214104702","is_ascension_mode":false,"campfire_choices":[{"data":"Perfected Strike","floor":6,"key":"SMITH"},{"data":"Twin Strike","floor":10,"key":"SMITH"},{"data":"Defend_R","floor":12,"key":"SMITH"},{"data":"Iron Wave","floor":15,"key":"SMITH"},{"data":"Flame Barrier","floor":23,"key":"SMITH"},{"data":"Perfected Strike","floor":25,"key":"SMITH"},{"floor":28,"key":"DIG"},{"floor":32,"key":"DIG"},{"floor":42,"key":"RECALL"},{"floor":44,"key":"DIG"},{"floor":49,"key":"DIG"}],"circlet_count":0,"master_deck":["Strike_R","Strike_R","Strike_R","Strike_R","Strike_R","Defend_R","Defend_R","Defend_R+1","Perfected Strike+1","Perfected Strike+1","Twin Strike+1","Iron Wave+1","Offering","Flame Barrier+1","Spot Weakness+1","Wild Strike","Armaments+1","Perfected Strike+1","Perfected Strike+1","Reaper","Apotheosis","Perfected Strike+1"],"relics":["Burning Blood","DollysMirror","Lantern","GremlinMask","Red Skull","Snecko Eye","Lizard Tail","Orichalcum","Shovel","Dream Catcher","PreservedInsect","Fusion Hammer","Magic Flower","Darkstone Periapt","Anchor","Art of War","Gremlin Horn","Blood Vial"],"acts_visited":["Exordium","TheCity","TheBeyond"],"potions_floor_usage":[16,16,16,22,24,24,24,33,50,50,50],"damage_taken":[{"damage":11,"enemies":"Jaw Worm","floor":1,"turns":5},{"damage":6,"enemies":"2 Louse","floor":4,"turns":2},{"damage":0,"enemies":"Cultist","floor":5,"turns":2},{"damage":6,"enemies":"Gremlin Nob","floor":7,"turns":3},{"damage":7,"enemies":"Blue Slaver","floor":11,"turns":2},{"damage":5,"enemies":"3 Louse","floor":14,"turns":2},{"damage":4,"enemies":"Slime Boss","floor":16,"turns":6},{"damage":11,"enemies":"Shell Parasite","floor":18,"turns":3},{"damage":0,"enemies":"Chosen","floor":19,"turns":4},{"damage":6,"enemies":"Shelled Parasite and Fungi","floor":21,"turns":3},{"damage":0,"enemies":"Book of Stabbing","floor":24,"turns":3},{"damage":43,"enemies":"Gremlin Leader","floor":27,"turns":6},{"damage":0,"enemies":"Snake Plant","floor":29,"turns":2},{"damage":3,"enemies":"Cultist and Chosen","floor":30,"turns":4},{"damage":7,"enemies":"Snecko","floor":31,"turns":3},{"damage":60,"enemies":"Automaton","floor":33,"turns":7},{"damage":6,"enemies":"3 Shapes","floor":35,"turns":3},{"damage":9,"enemies":"3 Darklings","floor":37,"turns":3},{"damage":25,"enemies":"Sphere and 2 Shapes","floor":39,"turns":4},{"damage":38,"enemies":"Giant Head","floor":40,"turns":7},{"damage":28,"enemies":"Jaw Worm Horde","floor":45,"turns":3},{"damage":6,"enemies":"Nemesis","floor":46,"turns":3},{"damage":0,"enemies":"4 Shapes","floor":47,"turns":2},{"damage":106,"enemies":"Awakened One","floor":50,"turns":10}],"seed_played":"-6473191458134005804","potions_obtained":[{"floor":4,"key":"SteroidPotion"},{"floor":7,"key":"Explosive Potion"},{"floor":11,"key":"Explosive Potion"},{"floor":16,"key":"Ancient Potion"},{"floor":21,"key":"Fire Potion"},{"floor":22,"key":"Fire Potion"},{"floor":22,"key":"Fruit Juice"},{"floor":22,"key":"Fire Potion"},{"floor":24,"key":"Regen Potion"},{"floor":33,"key":"Regen Potion"},{"floor":37,"key":"LiquidBronze"},{"floor":39,"key":"CultistPotion"}],"is_trial":false,"path_per_floor":["M","$","?","M","M","R","E","?","T","R","M","R","$","M","R","B",null,"M","M","?","M","?","R","E","R","T","E","R","M","M","M","R","B",null,"M","$","M","$","M","E","?","R","T","R","M","E","M","?","R","B",null],"character_chosen":"IRONCLAD","items_purchased":["DollysMirror","Apotheosis","Magic Flower"],"campfire_rested":0,"item_purchase_floors":[2,36,38],"current_hp_per_floor":[51,51,51,51,57,57,57,57,57,57,56,56,56,57,57,59,80,75,80,80,80,85,85,85,85,85,48,48,54,57,56,56,17,85,85,85,82,82,69,45,45,45,45,45,62,65,85,85,85,38],"gold":187,"neow_bonus":"TWO_FIFTY_GOLD","is_daily":false,"chose_seed":false,"campfire_upgraded":6,"win_rate":0.0,"timestamp":1607939222,"path_taken":["M","$","?","M","M","R","E","?","T","R","?","R","$","M","R","BOSS","M","M","?","M","?","R","E","R","T","E","R","M","M","M","R","BOSS","M","$","M","?","?","E","?","R","T","R","M","E","M","?","R","BOSS"],"items_purchased_type":["Relic","Card","Relic"],"build_version":"2020-12-13","purchased_purges":2,"victory":true,"max_hp_per_floor":[80,80,80,80,80,80,80,80,80,80,80,80,80,80,80,80,80,80,80,80,80,85,85,85,85,85,85,85,85,85,85,85,85,85,85,85,85,85,85,85,85,85,85,85,85,85,85,85,85,85],"card_choices":[{"not_picked":["Cleave","Ghostly Armor"],"picked":"Perfected Strike","floor":1},{"not_picked":["Anger","Rampage"],"picked":"Warcry","floor":4},{"not_picked":["Reckless Charge","Havoc"],"picked":"Twin Strike","floor":5},{"not_picked":["Uppercut","Warcry","Barricade"],"picked":"SKIP","floor":7},{"not_picked":["Thunderclap","Headbutt","Ghostly Armor"],"picked":"SKIP","floor":11},{"not_picked":["Clash","Demon Form"],"picked":"Iron Wave","floor":14},{"not_picked":["Barricade","Exhume"],"picked":"Offering","floor":16},{"not_picked":["Battle Trance","Hemokinesis"],"picked":"Flame Barrier","floor":18},{"not_picked":["Warcry","Headbutt"],"picked":"Spot Weakness+1","floor":19},{"not_picked":["Sword Boomerang","True Grit"],"picked":"Armaments+1","floor":21},{"not_picked":["Shrug It Off","Fiend Fire"],"picked":"Perfected Strike","floor":24},{"not_picked":["Reckless Charge","Thunderclap","Brutality"],"picked":"SKIP","floor":27},{"not_picked":["Spot Weakness","Body Slam","Inflame"],"picked":"SKIP","floor":29},{"not_picked":["Wild Strike","Clash"],"picked":"Perfected Strike+1","floor":30},{"not_picked":["Berserk","Hemokinesis","Thunderclap"],"picked":"SKIP","floor":31},{"not_picked":["Immolate","Berserk"],"picked":"Reaper","floor":33},{"not_picked":["Hemokinesis","Twin Strike","Cleave"],"picked":"SKIP","floor":35},{"not_picked":["Anger","Cleave+1","Heavy Blade"],"picked":"SKIP","floor":37},{"not_picked":["Iron Wave","Feel No Pain"],"picked":"Perfected Strike+1","floor":39},{"not_picked":["Perfected Strike","Disarm","Seeing Red+1"],"picked":"SKIP","floor":40},{"not_picked":["Perfected Strike","Havoc","Warcry+1"],"picked":"SKIP","floor":45},{"not_picked":["Fire Breathing+1","Bloodletting+1","Thunderclap+1"],"picked":"SKIP","floor":46},{"not_picked":["Heavy Blade","Whirlwind","Armaments"],"picked":"SKIP","floor":47}],"player_experience":259206,"relics_obtained":[{"floor":7,"key":"Lantern"},{"floor":9,"key":"Red Skull"},{"floor":24,"key":"Lizard Tail"},{"floor":26,"key":"Orichalcum"},{"floor":27,"key":"Shovel"},{"floor":28,"key":"Dream Catcher"},{"floor":32,"key":"PreservedInsect"},{"floor":40,"key":"Darkstone Periapt"},{"floor":43,"key":"Anchor"},{"floor":44,"key":"Art of War"},{"floor":46,"key":"Gremlin Horn"},{"floor":49,"key":"Blood Vial"}],"event_choices":[{"damage_healed":0,"gold_gain":0,"player_choice":"Grow","damage_taken":0,"max_hp_gain":0,"max_hp_loss":0,"event_name":"Living Wall","floor":3,"gold_loss":0,"cards_upgraded":["Perfected Strike"]},{"damage_healed":0,"gold_gain":0,"player_choice":"Trade","damage_taken":0,"relics_obtained":["GremlinMask"],"max_hp_gain":0,"max_hp_loss":0,"event_name":"FaceTrader","floor":8,"gold_loss":0},{"damage_healed":0,"gold_gain":0,"player_choice":"Read","damage_taken":0,"max_hp_gain":0,"max_hp_loss":0,"event_name":"The Library","floor":20,"gold_loss":0,"cards_obtained":["Wild Strike"]},{"damage_healed":0,"gold_gain":0,"player_choice":"Got Potions","damage_taken":0,"max_hp_gain":0,"max_hp_loss":0,"event_name":"Lab","floor":22,"gold_loss":0},{"cards_removed":["Defend_R"],"damage_healed":0,"gold_gain":0,"player_choice":"Removed Skill","damage_taken":0,"max_hp_gain":0,"max_hp_loss":0,"event_name":"Falling","floor":41,"gold_loss":0},{"damage_healed":0,"gold_gain":0,"player_choice":"Ignored","damage_taken":0,"max_hp_gain":0,"max_hp_loss":0,"event_name":"Duplicator","floor":48,"gold_loss":0}],"is_beta":false,"boss_relics":[{"not_picked":["Mark of Pain","Sozu"],"picked":"Snecko Eye"},{"not_picked":["SlaversCollar","Tiny House"],"picked":"Fusion Hammer"}],"items_purged_floors":[2,36],"is_endless":false,"potions_floor_spawned":[4,7,11,16,21,24,33,37,39],"ascension_level":0}}