{"host":"if46sxignvy4ka0k","time":1607909458,"event":{"mods":["BaseMod","Minty Spire (QoL Compilation)","StSLib","The Cursed"],"gold_per_floor":[110,120,136,156,167,167,195,42,66,86,86,102,102,136,136,232,232,248,248,248,262,262,262,294,313,313,343,361,361,381,391,391,391,391],"floor_reached":33,"playtime":1759,"items_purged":["TheCursedMod:HellsGateOpen"],"score":301,"play_id":"d2da520f-473f-4cc4-a3ca-10c215668d4d","local_time":"20201213193058","is_ascension_mode":false,"campfire_choices":[{"data":"TheCursedMod:CircleOfFlame","floor":6,"key":"SMITH"},{"data":"TheCursedMod:EmpowerCircles","floor":11,"key":"SMITH"},{"floor":15,"key":"REST"},{"data":"TheCursedMod:CircleOfFlame","floor":29,"key":"SMITH"},{"floor":32,"key":"REST"}],"circlet_count":0,"master_deck":["TheCursedMod:Strike_TheCursed+1","TheCursedMod:Strike_TheCursed+1","TheCursedMod:Strike_TheCursed+1","TheCursedMod:Defend_TheCursed+1","TheCursedMod:Defend_TheCursed+1","TheCursedMod:Defend_TheCursed+1","TheCursedMod:CursedWand","TheCursedMod:CleanUpWorkshop","TheCursedMod:Dregs","TheCursedMod:WearCloak","TheCursedMod:CursedBlade","TheCursedMod:CursedShiv+1","TheCursedMod:CircleOfFlame+1","TheCursedMod:BlessingInDisguise","TheCursedMod:EmpowerCircles+1","TheCursedMod:AbyssShockwave","TheCursedMod:CircleOfAbyss","TheCursedMod:CircleOfBlood","TheCursedMod:NeowsMight+1","TheCursedMod:CircleOfFlame+1","TheCursedMod:SpitefulStrike","TheCursedMod:SaltUponWound+1","TheCursedMod:ReleasedStrength+1","TheCursedMod:Hemoplague","TheCursedMod:CursedBlade","TheCursedMod:Obscuration+1","TheCursedMod:CircleOfCorruption","TheCursedMod:DemonSword","TheCursedMod:CursedShiv"],"relics":["TheCursedMod:BlackMagicAdvanced","NeowsBlessing","Turnip","Art of War","Tiny Chest","TheCursedMod:CrystalBall","Orichalcum","Du-Vu Doll","War Paint"],"acts_visited":["Exordium","TheCity"],"potions_floor_usage":[12,14,16,18,24,27,31,33],"damage_taken":[{"damage":0,"enemies":"Cultist","floor":1,"turns":1},{"damage":0,"enemies":"Small Slimes","floor":2,"turns":1},{"damage":0,"enemies":"2 Louse","floor":3,"turns":1},{"damage":0,"enemies":"Large Slime","floor":4,"turns":6},{"damage":0,"enemies":"2 Fungi Beasts","floor":5,"turns":2},{"damage":22,"enemies":"Gremlin Nob","floor":7,"turns":6},{"damage":0,"enemies":"Blue Slaver","floor":10,"turns":4},{"damage":3,"enemies":"Large Slime","floor":12,"turns":5},{"damage":4,"enemies":"3 Sentries","floor":14,"turns":3},{"damage":40,"enemies":"Slime Boss","floor":16,"turns":9},{"damage":0,"enemies":"Spheric Guardian","floor":18,"turns":3},{"damage":19,"enemies":"Chosen","floor":21,"turns":5},{"damage":10,"enemies":"Book of Stabbing","floor":24,"turns":4},{"damage":0,"enemies":"Centurion and Healer","floor":25,"turns":4},{"damage":3,"enemies":"Gremlin Leader","floor":27,"turns":5},{"damage":21,"enemies":"Snecko","floor":28,"turns":4},{"damage":0,"enemies":"Cultist and Chosen","floor":30,"turns":3},{"damage":22,"enemies":"Snake Plant","floor":31,"turns":4},{"damage":73,"enemies":"Champ","floor":33,"turns":10}],"seed_played":"-447785646948543192","potions_obtained":[{"floor":3,"key":"Dexterity Potion"},{"floor":5,"key":"SteroidPotion"},{"floor":7,"key":"Fire Potion"},{"floor":12,"key":"Dexterity Potion"},{"floor":16,"key":"DistilledChaos"},{"floor":24,"key":"SpeedPotion"},{"floor":27,"key":"Energy Potion"},{"floor":31,"key":"Weak Potion"}],"is_trial":false,"path_per_floor":["M","M","M","M","M","R","E","$","T","M","R","M","?","E","R","B",null,"M","?","?","M","?","T","E","M","T","E","M","R","M","M","R","B"],"character_chosen":"THE_CURSED","items_purchased":["TheCursedMod:EmpowerCircles"],"campfire_rested":2,"item_purchase_floors":[8],"current_hp_per_floor":[75,75,75,75,75,75,53,53,53,53,53,50,35,31,53,19,75,75,75,75,56,56,56,54,58,58,59,42,42,42,24,46,0,0],"gold":391,"neow_bonus":"THREE_ENEMY_KILL","is_daily":false,"chose_seed":false,"campfire_upgraded":3,"win_rate":0.0,"timestamp":1607909458,"path_taken":["M","M","M","M","M","R","E","?","T","M","R","M","?","E","R","BOSS","M","?","?","M","?","?","E","M","T","E","M","R","?","M","R","BOSS"],"items_purchased_type":["Card"],"build_version":"2020-12-13","purchased_purges":1,"victory":false,"max_hp_per_floor":[75,75,75,75,75,75,75,75,75,75,75,75,75,75,75,75,75,75,75,75,75,75,75,75,75,75,75,75,75,75,75,75,75,75],"card_choices":[{"not_picked":["TheCursedMod:VitalStrike","TheCursedMod:SpitefulStrike"],"picked":"TheCursedMod:WearCloak","floor":1},{"not_picked":["TheCursedMod:VitalStrike","TheCursedMod:WearCloak"],"picked":"TheCursedMod:HellsGateOpen","floor":2},{"not_picked":["TheCursedMod:CursedAmulet","TheCursedMod:Torture"],"picked":"TheCursedMod:CursedBlade","floor":3},{"not_picked":["TheCursedMod:Evocation","TheCursedMod:SpitefulStrike"],"picked":"TheCursedMod:CursedShiv","floor":4},{"not_picked":["TheCursedMod:Stretching","TheCursedMod:CursedBlade"],"picked":"TheCursedMod:CircleOfFlame","floor":5},{"not_picked":["TheCursedMod:FuryStrike","TheCursedMod:CursedShiv"],"picked":"TheCursedMod:BlessingInDisguise","floor":7},{"not_picked":["TheCursedMod:SpitefulStrike","TheCursedMod:CursedAmulet"],"picked":"TheCursedMod:AbyssShockwave","floor":10},{"not_picked":["TheCursedMod:CursedAmulet","TheCursedMod:Grudge"],"picked":"TheCursedMod:CircleOfAbyss","floor":12},{"not_picked":["TheCursedMod:StingEye","TheCursedMod:DoubleShield"],"picked":"TheCursedMod:CircleOfBlood","floor":14},{"not_picked":["TheCursedMod:CollectTribute","TheCursedMod:ManaCirculation"],"picked":"TheCursedMod:NeowsMight","floor":16},{"not_picked":["TheCursedMod:BlessingInDisguise","TheCursedMod:SmokeScreen"],"picked":"TheCursedMod:CircleOfFlame","floor":18},{"not_picked":["TheCursedMod:Obscuration","TheCursedMod:Stretching+1"],"picked":"TheCursedMod:ReleasedStrength+1","floor":21},{"not_picked":["TheCursedMod:StingEye","TheCursedMod:Obscuration"],"picked":"TheCursedMod:CursedBlade","floor":24},{"not_picked":["TheCursedMod:CursedMace+1","TheCursedMod:Stigma","TheCursedMod:RavingStaff"],"picked":"SKIP","floor":25},{"not_picked":["TheCursedMod:Grudge","TheCursedMod:CollectTribute"],"picked":"TheCursedMod:Obscuration+1","floor":27},{"not_picked":["TheCursedMod:TacticalStrike","TheCursedMod:ReleasedKnowledge+1"],"picked":"TheCursedMod:CircleOfCorruption","floor":28},{"not_picked":["TheCursedMod:PrepareRite","TheCursedMod:Obscuration"],"picked":"TheCursedMod:DemonSword","floor":30},{"not_picked":["TheCursedMod:PrepareRite","TheCursedMod:RavingStaff"],"picked":"TheCursedMod:CursedShiv","floor":31}],"player_experience":2086783,"relics_obtained":[{"floor":7,"key":"Turnip"},{"floor":9,"key":"Art of War"},{"floor":14,"key":"Tiny Chest"},{"floor":23,"key":"TheCursedMod:CrystalBall"},{"floor":24,"key":"Orichalcum"},{"floor":26,"key":"Du-Vu Doll"},{"floor":27,"key":"War Paint"}],"event_choices":[{"damage_healed":0,"gold_gain":0,"player_choice":"Entered Light","damage_taken":15,"max_hp_gain":0,"max_hp_loss":0,"event_name":"Shining Light","floor":13,"gold_loss":0,"cards_upgraded":["TheCursedMod:CursedShiv","TheCursedMod:Defend_TheCursed"]},{"damage_healed":0,"gold_gain":0,"player_choice":"Simplicity","damage_taken":0,"max_hp_gain":0,"max_hp_loss":0,"event_name":"Back to Basics","floor":19,"gold_loss":0,"cards_upgraded":["TheCursedMod:Strike_TheCursed","TheCursedMod:Strike_TheCursed","TheCursedMod:Strike_TheCursed","TheCursedMod:Strike_TheCursed","TheCursedMod:Defend_TheCursed","TheCursedMod:Defend_TheCursed","TheCursedMod:Defend_TheCursed"]},{"damage_healed":0,"gold_gain":0,"cards_transformed":["TheCursedMod:Strike_TheCursed","TheCursedMod:Defend_TheCursed"],"player_choice":"Became Test Subject","damage_taken":0,"max_hp_gain":0,"max_hp_loss":0,"event_name":"Drug Dealer","floor":20,"gold_loss":0,"cards_obtained":["TheCursedMod:SpitefulStrike","TheCursedMod:SaltUponWound"]},{"damage_healed":0,"gold_gain":0,"player_choice":"Read","damage_taken":0,"max_hp_gain":0,"max_hp_loss":0,"event_name":"The Library","floor":22,"gold_loss":0,"cards_obtained":["TheCursedMod:Hemoplague"]}],"is_beta":false,"boss_relics":[{"not_picked":["Ectoplasm","Velvet Choker"],"picked":"TheCursedMod:BlackMagicAdvanced"}],"items_purged_floors":[8],"is_endless":false,"potions_floor_spawned":[3,5,7,12,16,24,27,31],"killed_by":"Champ","ascension_level":0}}