{"host":"o7j6aatxjwpw1421","time":1607959545,"event":{"mods":["2.2 Compatiblity","BaseMod","Colored Map","DeckTracker","Highlight Path","Keyboard Shortcuts","Minty Spire (QoL Compilation)","Permanent Neow","Quick Restart","StSLib","SuperFastMode","everything is the same but u backflip on backflip"],"gold_per_floor":[110,110,130,141,155,188,188,188,214,66,82,82,82,96,96,172,172,186,205,82,82,101,101,121,150,150,200,200,200],"floor_reached":28,"playtime":1233,"items_purged":["Strike_G"],"score":420,"play_id":"9a6c8259-0527-4699-81ae-e0e1344d92dc","local_time":"20201215002545","is_ascension_mode":true,"campfire_choices":[{"data":"Poisoned Stab","floor":7.0,"key":"SMITH"},{"floor":15,"key":"REST"},{"floor":23,"key":"REST"}],"circlet_count":0,"master_deck":["AscendersBane","Survivor","Neutralize","Poisoned Stab+1","Blade Dance","Quick Slash","Masterful Stab","PiercingWail","Footwork","Noxious Fumes","Corpse Explosion","Unload","After Image","Prepared","Outmaneuver","Bane","Grand Finale","Tactician","Prepared","Adrenaline","Backflip","Calculated Gamble","Well Laid Plans+1","Burst"],"relics":["Ring of the Snake","Regal Pillow","Nunchaku","Pandora\u0027s Box","Lantern","Bag of Marbles"],"acts_visited":["Exordium","TheCity"],"potions_floor_usage":[14,16,22,28],"damage_taken":[{"damage":2.0,"enemies":"Jaw Worm","floor":1.0,"turns":6.0},{"damage":1.0,"enemies":"Cultist","floor":3.0,"turns":4.0},{"damage":0.0,"enemies":"Small Slimes","floor":4.0,"turns":3.0},{"damage":30.0,"enemies":"Gremlin Gang","floor":5.0,"turns":6.0},{"damage":19.0,"enemies":"Lagavulin","floor":6.0,"turns":5.0},{"damage":0,"enemies":"Blue Slaver","floor":11,"turns":3},{"damage":0,"enemies":"3 Louse","floor":14,"turns":3},{"damage":17,"enemies":"The Guardian","floor":16,"turns":9},{"damage":15,"enemies":"Spheric Guardian","floor":18,"turns":4},{"damage":10,"enemies":"Chosen","floor":19,"turns":4},{"damage":16,"enemies":"Snecko","floor":22,"turns":4},{"damage":19,"enemies":"Centurion and Healer","floor":24,"turns":5},{"damage":9,"enemies":"Slavers","floor":25,"turns":2},{"damage":21,"enemies":"Shelled Parasite and Fungi","floor":28,"turns":3}],"seed_played":"-590708258827151253","potions_obtained":[{"floor":3.0,"key":"FairyPotion"},{"floor":4.0,"key":"FearPotion"},{"floor":8.0,"key":"ColorlessPotion"},{"floor":8.0,"key":"Ancient Potion"},{"floor":14,"key":"FearPotion"},{"floor":18,"key":"GamblersBrew"},{"floor":24,"key":"Energy Potion"},{"floor":25,"key":"Strength Potion"}],"is_trial":false,"path_per_floor":["M","?","M","M","M","E","R","?","T","$","M","?","?","M","R","B",null,"M","M","$","?","M","R","M","E","T","?","M"],"character_chosen":"THE_SILENT","items_purchased":["Footwork","Adrenaline","Backflip"],"campfire_rested":2,"item_purchase_floors":[10,20,20],"current_hp_per_floor":[42,42,41,41,11,19,19,19,19,19,19,24,24,24,60,43,64,49,39,39,39,23,59,40,31,31,31,10,10],"gold":200,"neow_bonus":"REMOVE_TWO","is_daily":false,"chose_seed":false,"campfire_upgraded":1,"win_rate":0.0,"timestamp":1607959545,"path_taken":["M","?","M","?","M","E","R","?","T","$","?","?","?","M","R","BOSS","M","M","$","?","M","R","M","E","T","?","?"],"items_purchased_type":["Card","Card","Card"],"build_version":"2020-12-13","purchased_purges":1,"victory":false,"max_hp_per_floor":[66,66,66,66,66,66,66,66,66,66,66,71,71,71,71,71,71,71,71,71,71,71,71,71,71,71,71,71,71],"card_choices":[{"not_picked":["Cloak And Dagger","Deflect"],"picked":"Poisoned Stab","floor":1.0},{"not_picked":["Reflex","Predator"],"picked":"Blade Dance","floor":3.0},{"not_picked":["Sucker Punch","Outmaneuver"],"picked":"Quick Slash","floor":4.0},{"not_picked":["Caltrops","Wraith Form v2"],"picked":"Masterful Stab","floor":5.0},{"not_picked":["Quick Slash","Blur"],"picked":"PiercingWail","floor":6.0},{"not_picked":["Flechettes","Flying Knee","Quick Slash"],"picked":"SKIP","floor":11},{"not_picked":["Sucker Punch","Predator"],"picked":"Noxious Fumes","floor":14},{"not_picked":["Malaise","Doppelganger"],"picked":"Corpse Explosion","floor":16},{"not_picked":["Caltrops","Escape Plan"],"picked":"Tactician","floor":18},{"not_picked":["Dagger Spray","PiercingWail"],"picked":"Prepared","floor":19},{"not_picked":["Flying Knee","Deadly Poison"],"picked":"Calculated Gamble","floor":22},{"not_picked":["Riddle With Holes","Dagger Throw"],"picked":"Well Laid Plans+1","floor":24},{"not_picked":["Terror","Sucker Punch"],"picked":"Burst","floor":25}],"player_experience":231896,"relics_obtained":[{"floor":6.0,"key":"Regal Pillow"},{"floor":9.0,"key":"Nunchaku"},{"floor":25,"key":"Lantern"},{"floor":26,"key":"Bag of Marbles"}],"event_choices":[{"cards_removed":["Strike_G"],"damage_healed":0.0,"max_hp_gain":0.0,"max_hp_loss":0.0,"gold_gain":0.0,"event_name":"Purifier","player_choice":"Purged","floor":2.0,"gold_loss":0.0,"damage_taken":0.0},{"damage_healed":0.0,"max_hp_gain":0.0,"max_hp_loss":0.0,"gold_gain":0.0,"event_name":"Lab","player_choice":"Got Potions","floor":8.0,"gold_loss":0.0,"damage_taken":0.0},{"damage_healed":0,"gold_gain":0,"player_choice":"Donut","damage_taken":0,"max_hp_gain":5,"max_hp_loss":0,"event_name":"Big Fish","floor":12,"gold_loss":0},{"damage_healed":0,"gold_gain":0,"player_choice":"0 cards matched","damage_taken":0,"max_hp_gain":0,"max_hp_loss":0,"event_name":"Match and Keep!","floor":13,"gold_loss":0,"cards_obtained":[]},{"damage_healed":0,"gold_gain":100,"player_choice":"Bet on Murderer","damage_taken":0,"max_hp_gain":0,"max_hp_loss":0,"event_name":"The Joust","floor":27,"gold_loss":50}],"is_beta":false,"boss_relics":[{"not_picked":["Fusion Hammer","Snecko Eye"],"picked":"Pandora\u0027s Box"}],"items_purged_floors":[10],"is_endless":false,"potions_floor_spawned":[3,4,14,18,24,25],"killed_by":"Shelled Parasite and Fungi","ascension_level":15}}