{"host":"y9jgkjnf95sujozk","time":1607980336,"event":{"mods":["2.2 Compatiblity","AchievementEnabler","BaseMod","Block Reminder","Colored Map","Colored Powertips","Downfall","Friendly Minions","GifTheSpireLib","Hermit","Highlight Path","MarisaÅiñ∂âJÅ@ñÇóùçπÅj","Minty Spire (QoL Compilation)","Random Character Button","Rare Cards Sparkle","Replay The Spire","StSLib","SuperFastMode","The Animator","The Bug Knight","The Cursed","The Servant 0.9.4"],"gold_per_floor":[99,549,549,605,636,636,636,636,653,653,653,131,131,231,231,231,231],"floor_reached":16,"playtime":408,"items_purged":[],"score":217,"play_id":"ab6b2644-d780-4b62-9971-f833bbbd9f7e","local_time":"20201214221216","is_ascension_mode":false,"campfire_choices":[{"data":"hermit:Vantage","floor":8,"key":"SMITH"},{"data":"hermit:ItchyTrigger","floor":11,"key":"SMITH"},{"data":"expansioncontent:PolyBeam","floor":13,"key":"SMITH"},{"floor":15,"key":"REST"}],"circlet_count":0,"master_deck":["hermit:Strike_Hermit","hermit:Strike_Hermit","hermit:Strike_Hermit","hermit:Strike_Hermit","hermit:Defend_Hermit","hermit:Defend_Hermit","hermit:Defend_Hermit","hermit:Defend_Hermit","hermit:Snapshot","hermit:Covet","hermit:Ricochet","Slimebound:Icky","Slimebound:Icky","Slimebound:Icky","Hallucinations","ReplayTheSpireMod:Splinters","hermit:Roughhouse","hermit:Snipe","hermit:Vantage+1","hermit:ItchyTrigger+1","Normality","hermit:Vantage","hermit:CalledShot","hermit:CalledShot","hermit:Dive","hermit:TakeAim","hermit:Ricochet","hermit:Ricochet","hermit:Grudge","hermit:Scavenge","hermit:CalledShot","expansioncontent:PolyBeam+1","hermit:Misfire"],"relics":["hermit:Momento","downfall:HeartsMalice","Ring of Fangs","Ring of Fury","Pear","Replay:Baseball","Blue Doll","Orrery","Toy Ornithopter","White Beast Statue"],"acts_visited":["Exordium"],"potions_floor_usage":[12,12,16,16,16],"damage_taken":[{"damage":0,"enemies":"Small Slimes","floor":1,"turns":1},{"damage":0,"enemies":"Gremlin Nob","floor":5,"turns":1},{"damage":0,"enemies":"Jaw Worm","floor":6,"turns":1},{"damage":0,"enemies":"2 Louse","floor":9,"turns":2},{"damage":0,"enemies":"downfall:FleeingMerchant","floor":12,"turns":5},{"damage":34,"enemies":"downfall:LadyInBlue","floor":14,"turns":7},{"damage":87,"enemies":"downfall:Defect","floor":16,"turns":6}],"seed_played":"-3755551856771413069","potions_obtained":[{"floor":4,"key":"Flashbang"},{"floor":9,"key":"Elixir"},{"floor":14,"key":"hexamod:EctoCoolerPotion"},{"floor":14,"key":"Slimebound:ThreeZeroPotion"},{"floor":14,"key":"CultistPotion"}],"is_trial":false,"path_per_floor":["M","?","?","?","E","M","T","R","M","?","R","$","R","?","R","B"],"character_chosen":"HERMIT","items_purchased":["hermit:CalledShot","hermit:Dive","hermit:TakeAim","Orrery","expansioncontent:PolyBeam","Toy Ornithopter"],"campfire_rested":1,"item_purchase_floors":[12,12,12,12,12,12],"current_hp_per_floor":[75,75,75,85,85,85,85,85,85,85,85,85,85,51,76,0,0],"gold":231,"neow_bonus":"THREE_ENEMY_KILL","is_daily":false,"chose_seed":false,"campfire_upgraded":3,"win_rate":0.0,"timestamp":1607980336,"path_taken":["M","?","?","?","E","M","T","R","M","?","R","$","R","?","R","BOSS"],"items_purchased_type":["Card","Card","Card","Relic","Card","Relic"],"build_version":"2020-12-13","purchased_purges":0,"victory":false,"max_hp_per_floor":[75,75,75,85,85,85,85,85,85,85,85,85,85,85,85,85,85],"card_choices":[{"not_picked":["hermit:Roulette","hermit:Quickdraw"],"picked":"hermit:Ricochet","floor":1},{"not_picked":["hermit:Maintenance","hermit:Misfire"],"picked":"hermit:Roughhouse","floor":4},{"not_picked":["hermit:WideOpen","hermit:Roulette"],"picked":"hermit:Snipe","floor":5},{"not_picked":["hermit:LuckOfTheDraw","hermit:SprayPray"],"picked":"hermit:Vantage","floor":6},{"not_picked":["hermit:Manifest","hermit:Desperado"],"picked":"hermit:ItchyTrigger","floor":9},{"not_picked":["hermit:Gambit","hermit:Headshot"],"picked":"hermit:Vantage","floor":12},{"not_picked":["hermit:HoleUp","hermit:HighCaliber"],"picked":"hermit:Ricochet","floor":12},{"not_picked":["hermit:TrackingShot","hermit:FullyLoaded"],"picked":"hermit:Ricochet","floor":12},{"not_picked":["hermit:LowProfile","hermit:Spite"],"picked":"hermit:Grudge","floor":12},{"not_picked":["hermit:FinalCanter","hermit:Adapt"],"picked":"hermit:Scavenge","floor":12},{"not_picked":["hermit:HighCaliber","hermit:Purgatory"],"picked":"hermit:CalledShot","floor":12},{"not_picked":["hermit:Spite","hermit:Roulette"],"picked":"hermit:Misfire","floor":14}],"player_experience":90258,"relics_obtained":[{"floor":3,"key":"Ring of Fangs"},{"floor":3,"key":"Ring of Fury"},{"floor":4,"key":"Pear"},{"floor":5,"key":"Replay:Baseball"},{"floor":7,"key":"Blue Doll"},{"floor":14,"key":"White Beast Statue"}],"event_choices":[],"is_beta":false,"boss_relics":[],"items_purged_floors":[],"is_endless":false,"potions_floor_spawned":[9],"killed_by":"downfall:Defect","ascension_level":0}}