{"host":"ul103bh19qas5vs8","time":1607911716,"event":{"mods":["BaseMod","Downfall","Googly Eyes","Minty Spire (QoL Compilation)","Replay The Spire","Shop Mod","StSLib"],"gold_per_floor":[99,127,138,138,238,238,238],"floor_reached":6,"playtime":281,"items_purged":[],"score":134,"play_id":"b95f0a2c-3971-4b27-9701-84c8f7eba5de","local_time":"20201214100836","daily_mods":["SealedDeck","Heirloom","Flight","downfall:Lament"],"is_ascension_mode":true,"campfire_choices":[{"data":"Slimebound:LevelUp","floor":1.0,"key":"SMITH"}],"circlet_count":0,"master_deck":["AscendersBane","Slimebound:GoopSpray","Slimebound:FinishingTackle","Slimebound:SplitAcid","Slimebound:SplitBruiser","Slimebound:Prepare","Slimebound:Replication","Slimebound:SlimeTap","Slimebound:SlimeBrawl","Slimebound:LevelUp+1","Slimebound:LeadByExample","Slimebound:FormOfPuddle","Slimebound:Dissolve"],"relics":["Slimebound:AbsorbEndCombat","NeowsBlessing","Prayer Wheel","Onion Ring","Potion Belt","downfall:CloakOfManyFaces","CultistMask","FaceOfCleric","NlothsMask","GremlinMask","SsserpentHead"],"acts_visited":["Exordium"],"potions_floor_usage":[6],"damage_taken":[{"damage":4.0,"enemies":"Gremlin Nob","floor":2.0,"turns":2.0},{"damage":16.0,"enemies":"Jaw Worm","floor":3.0,"turns":2.0},{"damage":4.0,"enemies":"downfall:FaceTrader","floor":5.0,"turns":1.0},{"damage":34,"enemies":"3 Sentries","floor":6,"turns":3}],"seed_played":"-78560754998765940","potions_obtained":[{"floor":2.0,"key":"Fire Potion"}],"is_trial":true,"path_per_floor":["R","E","M","?","?","E"],"character_chosen":"SLIMEBOUND","items_purchased":[],"campfire_rested":0,"item_purchase_floors":[],"current_hp_per_floor":[49,49,37,26,26,0,0],"gold":238,"neow_bonus":"","is_daily":false,"chose_seed":false,"campfire_upgraded":1,"win_rate":0.0,"timestamp":1607911716,"path_taken":["R","E","M","?","?","E"],"items_purchased_type":[],"build_version":"2020-12-13","purchased_purges":0,"victory":false,"max_hp_per_floor":[54,54,54,54,54,54,54],"card_choices":[{"not_picked":["Slimebound:SpikyOuterGoop","Slimebound:DivideAndConquer","Slimebound:SlimeSpikes"],"picked":"SKIP","floor":2.0},{"not_picked":["Slimebound:SamplingLick","Slimebound:SplitSpecialist"],"picked":"Slimebound:FormOfPuddle","floor":3.0},{"not_picked":["Slimebound:LeechEnergy","Slimebound:ServeAndProtect","Slimebound:LeechingTouch"],"picked":"SKIP","floor":3.0},{"not_picked":["Slimebound:RainOfGoop","Slimebound:GrowthPunch"],"picked":"Slimebound:Dissolve","floor":5},{"not_picked":["Slimebound:FlameTackle","Slimebound:SplitBruiser","Slimebound:PressTheAttack"],"picked":"SKIP","floor":5}],"player_experience":101972,"relics_obtained":[{"floor":2.0,"key":"Onion Ring"},{"floor":5,"key":"downfall:CloakOfManyFaces"}],"event_choices":[{"damage_healed":0.0,"max_hp_gain":0.0,"max_hp_loss":0.0,"gold_gain":0.0,"event_name":"Scrap Ooze","player_choice":"Success","floor":4.0,"gold_loss":0.0,"damage_taken":11.0,"relics_obtained":["Potion Belt"]}],"is_beta":false,"boss_relics":[],"items_purged_floors":[],"is_endless":false,"potions_floor_spawned":[2],"killed_by":"3 Sentries","ascension_level":20}}