{"host":"1z4hbl9vfqrhg136","time":1607908262,"event":{"mods":["BaseMod","Minty Spire (QoL Compilation)"],"gold_per_floor":[14,14,31,31,44,78,78,113,113,113,113],"floor_reached":10,"playtime":647,"items_purged":[],"score":152,"play_id":"d7c3a9e6-e613-432a-8ec3-f3775953a544","local_time":"20201214011102","is_ascension_mode":true,"campfire_choices":[{"floor":7,"key":"REST"}],"circlet_count":0,"master_deck":["AscendersBane","Strike_G","Strike_G","Strike_G","Strike_G","Strike_G","Defend_G","Defend_G","Defend_G","Defend_G","Defend_G","Survivor","Neutralize","Dagger Spray","Venomology","Tactician","Backflip","Footwork","Dagger Throw","Poisoned Stab"],"relics":["Ring of the Snake","Tough Bandages","Gremlin Horn","Blood Vial","The Courier","Bottled Tornado"],"acts_visited":["Exordium"],"potions_floor_usage":[6,6,6,8,8],"damage_taken":[{"damage":6.0,"enemies":"Jaw Worm","floor":1.0,"turns":8.0},{"damage":2.0,"enemies":"Cultist","floor":3.0,"turns":4.0},{"damage":0.0,"enemies":"2 Louse","floor":5.0,"turns":4.0},{"damage":38,"enemies":"Gremlin Nob","floor":6,"turns":6},{"damage":7,"enemies":"3 Sentries","floor":8,"turns":7},{"damage":32,"enemies":"Lagavulin","floor":10,"turns":6}],"seed_played":"-3854466303206963296","potions_obtained":[{"floor":6,"key":"Block Potion"}],"is_trial":false,"path_per_floor":["M","?","M","T","M","E","R","E","T","E"],"character_chosen":"THE_SILENT","items_purchased":[],"campfire_rested":1,"item_purchase_floors":[],"current_hp_per_floor":[53,53,51,51,51,13,32,27,27,0,0],"gold":113,"neow_bonus":"ONE_RARE_RELIC","is_daily":false,"chose_seed":false,"campfire_upgraded":0,"win_rate":0.0,"timestamp":1607908262,"path_taken":["M","?","?","?","M","E","R","E","T","E"],"items_purchased_type":[],"build_version":"2020-12-13","purchased_purges":0,"victory":false,"max_hp_per_floor":[66,66,66,66,66,66,66,66,66,66,66],"card_choices":[{"not_picked":["Quick Slash","Poisoned Stab"],"picked":"Dagger Spray","floor":1.0},{"not_picked":["Bane","Heel Hook"],"picked":"Backflip","floor":3.0},{"not_picked":["Backflip","Sucker Punch"],"picked":"Footwork","floor":5.0},{"not_picked":["Dagger Spray","Endless Agony"],"picked":"Dagger Throw","floor":6},{"not_picked":["A Thousand Cuts","Calculated Gamble"],"picked":"Poisoned Stab","floor":8}],"player_experience":1822017,"relics_obtained":[{"floor":4.0,"key":"Gremlin Horn"},{"floor":6,"key":"Blood Vial"},{"floor":8,"key":"The Courier"},{"floor":9,"key":"Bottled Tornado"}],"event_choices":[{"damage_healed":0.0,"max_hp_gain":0.0,"max_hp_loss":0.0,"gold_gain":0.0,"event_name":"Match and Keep!","player_choice":"2 cards matched","floor":2.0,"gold_loss":0.0,"damage_taken":0.0,"cards_obtained":["Venomology","Tactician"]}],"is_beta":false,"boss_relics":[],"items_purged_floors":[],"is_endless":false,"potions_floor_spawned":[6],"killed_by":"Lagavulin","ascension_level":20}}