{"host":"mrc3cf8wjlkkqes7","time":1607937569,"event":{"mods":["BaseMod","Downfall","Hermit","Infinite Spire","Minty Spire (QoL Compilation)","Replay The Spire","StSLib","The Cursed","The Servant 0.9.4"],"gold_per_floor":[99,99,99,127,227,82,82,82,99,134,157,0,19,54,70,168,218,218,259,244,244],"floor_reached":20,"playtime":1177,"items_purged":[],"score":225,"play_id":"a6a5fd74-6879-4160-b1ff-c53e2d692907","local_time":"20201214031929","is_ascension_mode":false,"campfire_choices":[{"floor":1,"key":"RECALL"},{"data":"hexamod:Sear","floor":18,"key":"SMITH"}],"circlet_count":0,"master_deck":["hexamod:Strike","hexamod:Strike","hexamod:Strike","hexamod:Defend","hexamod:Defend","hexamod:Defend+1","hexamod:Defend","hexamod:Sear+1","hexamod:Float","hexamod:SwordOfDarkness","hexamod:AdvancingGuard","hexamod:HauntingEcho","hexamod:SecondSeal","hexamod:GhostflameBarrier","hexamod:AdvancingGuard+1","hexamod:NightmareGuise","hexamod:EmpoweringStance","hexamod:StepThrough","hexamod:ShieldOfDarkness","hexamod:GhostOfSpirePresent","hexamod:StepThrough","hexamod:WildfireWeapon","hexamod:GhostOfSpireFuture","hexamod:ThermalTransfer","hexamod:BacktrackSmack"],"relics":["hexamod:SpiritBrand","downfall:HeartsMalice","ReplayTheSpireMod:Shallot","StoneCalendar","Replay:WaspNest","Toolbox","Tiny House","ReplayTheSpireMod:Lightbulb"],"acts_visited":["Exordium","TheCity"],"potions_floor_usage":[12,16,19,20],"damage_taken":[{"damage":0,"enemies":"Jaw Worm","floor":2,"turns":1},{"damage":0,"enemies":"Lagavulin","floor":4,"turns":1},{"damage":0,"enemies":"downfall:FleeingMerchant","floor":6,"turns":1},{"damage":0,"enemies":"2 Louse","floor":9,"turns":3},{"damage":24,"enemies":"3 Sentries","floor":10,"turns":7},{"damage":0,"enemies":"Small Slimes","floor":11,"turns":5},{"damage":0,"enemies":"downfall:FleeingMerchant","floor":12,"turns":4},{"damage":8,"enemies":"Exordium Wildlife","floor":13,"turns":2},{"damage":0,"enemies":"Lots of Slimes","floor":14,"turns":6},{"damage":0,"enemies":"3 Louse","floor":15,"turns":3},{"damage":46,"enemies":"downfall:Defect","floor":16,"turns":8},{"damage":14,"enemies":"Gremlin Leader","floor":19,"turns":7},{"damage":0,"enemies":"downfall:FleeingMerchant","floor":20,"turns":4}],"seed_played":"-1470244839859342237","potions_obtained":[{"floor":9,"key":"Swift Potion"},{"floor":10,"key":"SkillPotion"},{"floor":14,"key":"Elixir"},{"floor":15,"key":"Regen Potion"},{"floor":17,"key":"Milkshake"},{"floor":19,"key":"hexamod:DoubleChargePotion"}],"is_trial":false,"path_per_floor":["R","M","?","E","?","$","T","?","M","E","M","$","M","M","M","B",null,"R","E","$"],"character_chosen":"THE_SPIRIT","items_purchased":["hexamod:SecondSeal","hexamod:GhostflameBarrier","Toolbox"],"campfire_rested":0,"item_purchase_floors":[6,6,12],"current_hp_per_floor":[70,70,70,70,70,70,70,70,70,46,46,46,38,38,38,7,75,75,61,61,61],"gold":244,"neow_bonus":"THREE_ENEMY_KILL","is_daily":false,"chose_seed":false,"campfire_upgraded":1,"win_rate":0.0,"timestamp":1607937569,"path_taken":["R","M","?","E","?","$","T","?","M","E","M","$","M","?","M","BOSS","R","E","$"],"items_purchased_type":["Card","Card","Relic"],"build_version":"2020-12-13","purchased_purges":0,"victory":false,"max_hp_per_floor":[70,70,70,70,70,70,70,70,70,70,70,70,70,70,70,70,75,75,75,75,75],"card_choices":[{"not_picked":["hexamod:SoulSteal","hexamod:ShieldOfDarkness"],"picked":"hexamod:SwordOfDarkness","floor":2},{"not_picked":["hexamod:HeatCrush","hexamod:FastForward"],"picked":"hexamod:AdvancingGuard","floor":4},{"not_picked":["hexamod:DynamicBlow","hexamod:Hexaguard"],"picked":"hexamod:HauntingEcho","floor":6},{"not_picked":["hexamod:AdvancingGuard","hexamod:GhostLash"],"picked":"hexamod:NightmareGuise","floor":9},{"not_picked":["hexamod:ExtraCrispy","hexamod:HeatCrush"],"picked":"hexamod:EmpoweringStance","floor":10},{"not_picked":["hexamod:NightmareGuise","hexamod:SoulSteal"],"picked":"hexamod:StepThrough","floor":11},{"not_picked":["hexamod:Again","hexamod:RainOfEmbers","hexamod:PhantomCloak"],"picked":"SKIP","floor":12},{"not_picked":["hexamod:GhostShield","hexamod:GhostLash"],"picked":"hexamod:ShieldOfDarkness","floor":13},{"not_picked":["hexamod:InspiringFlames","hexamod:BacktrackSmack"],"picked":"hexamod:GhostOfSpirePresent","floor":14},{"not_picked":["hexamod:SecondSeal","hexamod:RainOfEmbers"],"picked":"hexamod:StepThrough","floor":15},{"not_picked":["hexamod:SixthSeal","hexamod:ParanormalForm"],"picked":"hexamod:WildfireWeapon","floor":16},{"not_picked":["hexamod:HauntingEcho","hexamod:AdvancingGuard"],"picked":"hexamod:GhostOfSpireFuture","floor":17},{"not_picked":["hexamod:ShieldOfDarkness","hexamod:InspiringFlames+1"],"picked":"hexamod:ThermalTransfer","floor":19},{"not_picked":["hexamod:NightmareGuise","hexamod:GhostLash"],"picked":"hexamod:BacktrackSmack","floor":20}],"player_experience":200133,"relics_obtained":[{"floor":4,"key":"ReplayTheSpireMod:Shallot"},{"floor":7,"key":"StoneCalendar"},{"floor":10,"key":"Replay:WaspNest"},{"floor":19,"key":"ReplayTheSpireMod:Lightbulb"}],"event_choices":[],"is_beta":false,"boss_relics":[{"not_picked":["ReplayTheSpireMod:SealedPack","Runic Dome"],"picked":"Tiny House"}],"items_purged_floors":[],"is_endless":false,"potions_floor_spawned":[9,10,14,15,19],"ascension_level":0}}