{"host":"ow9msrs9p2ctkx99","time":1607956500,"event":{"mods":["AchievementEnabler","BaseMod","Colored Map","Colored Powertips","Minty Spire (QoL Compilation)","Permanent Neow","Quick Restart","SuperFastMode"],"gold_per_floor":[112,112,125,136,146,146,146,178,178,178,178,198,218,237,237,316,316,334,349,349,349,349,349,375,0,50,84,95,95,108,127,127,198,198,209,227,227,227,2,2,13,42,122,122,147,178,178,195,195,195,195,195,22,55,55],"floor_reached":56,"playtime":1635,"items_purged":["Writhe","Strike_G"],"score":2076,"play_id":"e2c10d39-81ac-47a1-b54c-dd44b3151bb2","local_time":"20201214153500","is_ascension_mode":true,"campfire_choices":[{"data":"Cloak And Dagger","floor":7.0,"key":"SMITH"},{"data":"Neutralize","floor":10.0,"key":"SMITH"},{"data":"Survivor","floor":15.0,"key":"SMITH"},{"data":"Corpse Explosion","floor":23.0,"key":"SMITH"},{"floor":29.0,"key":"REST"},{"data":"1","floor":32.0,"key":"LIFT"},{"data":"2","floor":40.0,"key":"LIFT"},{"floor":44.0,"key":"RECALL"},{"data":"3","floor":47.0,"key":"LIFT"},{"floor":49.0,"key":"REST"},{"floor":52,"key":"REST"}],"circlet_count":0,"master_deck":["AscendersBane","Strike_G","Strike_G","Strike_G","Defend_G","Defend_G+1","Defend_G","Defend_G","Defend_G+1","Survivor+1","Neutralize+1","CurseOfTheBell","Sucker Punch+1","Cloak And Dagger+1","Well Laid Plans+1","All Out Attack+1","Poisoned Stab+1","Corpse Explosion+1","Noxious Fumes+1","Terror","Footwork+1","Cloak And Dagger+1","Acrobatics","Accuracy+1","Burst","Catalyst","Blur","Blade Dance","Choke+1","Envenom+1","PiercingWail","Bane+1","PiercingWail","Accuracy+1","Reflex"],"relics":["Calling Bell","Pen Nib","Molten Egg 2","Thread and Needle","Frozen Egg 2","Bird Faced Urn","Torii","Black Star","Enchiridion","War Paint","Prayer Wheel","Shuriken","Girya","Vajra","Mango","Akabeko","Fusion Hammer","Membership Card","Snake Skull","Ninja Scroll","FossilizedHelix","Potion Belt","Pantograph","Toolbox","StoneCalendar","Turnip"],"acts_visited":["Exordium","TheCity","TheBeyond","TheEnding"],"potions_floor_usage":[54,55,55],"damage_taken":[{"damage":0.0,"enemies":"Small Slimes","floor":1.0,"turns":6.0},{"damage":0.0,"enemies":"Cultist","floor":3.0,"turns":4.0},{"damage":1.0,"enemies":"2 Louse","floor":4.0,"turns":3.0},{"damage":3.0,"enemies":"2 Fungi Beasts","floor":5.0,"turns":5.0},{"damage":4.0,"enemies":"3 Sentries","floor":8.0,"turns":16.0},{"damage":2.0,"enemies":"Gremlin Gang","floor":12.0,"turns":5.0},{"damage":0.0,"enemies":"Large Slime","floor":13.0,"turns":6.0},{"damage":1.0,"enemies":"3 Louse","floor":14.0,"turns":3.0},{"damage":19.0,"enemies":"Hexaghost","floor":16.0,"turns":11.0},{"damage":4.0,"enemies":"Shell Parasite","floor":18.0,"turns":8.0},{"damage":1.0,"enemies":"Chosen","floor":19.0,"turns":6.0},{"damage":20.0,"enemies":"Gremlin Leader","floor":24.0,"turns":6.0},{"damage":24.0,"enemies":"Book of Stabbing","floor":27.0,"turns":5.0},{"damage":9.0,"enemies":"Snecko","floor":28.0,"turns":4.0},{"damage":20.0,"enemies":"Centurion and Healer","floor":30.0,"turns":4.0},{"damage":0.0,"enemies":"3 Cultists","floor":31.0,"turns":2.0},{"damage":27.0,"enemies":"Automaton","floor":33.0,"turns":9.0},{"damage":6.0,"enemies":"3 Shapes","floor":35.0,"turns":3.0},{"damage":2.0,"enemies":"Orb Walker","floor":36.0,"turns":4.0},{"damage":0.0,"enemies":"Spire Growth","floor":41.0,"turns":5.0},{"damage":51.0,"enemies":"Giant Head","floor":42.0,"turns":8.0},{"damage":2.0,"enemies":"Mind Bloom Boss Battle","floor":45.0,"turns":4.0},{"damage":0.0,"enemies":"Nemesis","floor":46.0,"turns":3.0},{"damage":6.0,"enemies":"Writhing Mass","floor":48.0,"turns":4.0},{"damage":25,"enemies":"Donu and Deca","floor":50,"turns":4},{"damage":31,"enemies":"Shield and Spear","floor":54,"turns":4},{"damage":117,"enemies":"The Heart","floor":55,"turns":7}],"seed_played":"-4701372077313965759","potions_obtained":[{"floor":1.0,"key":"CunningPotion"},{"floor":4.0,"key":"EssenceOfSteel"},{"floor":5.0,"key":"Ancient Potion"},{"floor":13.0,"key":"DuplicationPotion"},{"floor":19.0,"key":"FairyPotion"},{"floor":30.0,"key":"Weak Potion"},{"floor":31.0,"key":"LiquidMemories"},{"floor":36.0,"key":"ColorlessPotion"},{"floor":45.0,"key":"Fire Potion"},{"floor":46.0,"key":"Strength Potion"},{"floor":54,"key":"Strength Potion"}],"is_trial":false,"path_per_floor":["M","?","M","M","M","?","R","E","T","R","?","M","M","M","R","B",null,"M","M","?","?","?","R","E","$","T","E","M","R","M","M","R","B",null,"M","M","?","?","$","R","M","E","T","R","?","E","R","M","R","B",null,"R","$","E","B",null],"character_chosen":"THE_SILENT","items_purchased":["Footwork+1","Girya","Membership Card","Blur","PiercingWail","Toolbox","Accuracy+1"],"campfire_rested":3,"item_purchase_floors":[25,25,39,39,53,53,53],"current_hp_per_floor":[59,59,59,58,55,60,60,56,56,56,56,54,56,55,55,38,63,61,64,43,43,43,43,29,29,29,27,24,49,35,37,37,22,69,67,71,71,71,71,71,81,32,32,32,36,44,44,46,70,60,76,81,81,52,20],"gold":55,"neow_bonus":"BOSS_RELIC","is_daily":false,"chose_seed":false,"campfire_upgraded":4,"win_rate":0.0,"timestamp":1607956500,"path_taken":["M","?","?","M","M","?","R","E","T","R","?","M","?","M","R","BOSS","M","M","?","?","?","R","E","$","T","E","M","R","M","M","R","BOSS","M","M","?","?","$","R","M","E","T","R","?","E","R","M","R","BOSS","R","$","E","BOSS"],"items_purchased_type":["Card","Relic","Relic","Card","Card","Relic","Card"],"build_version":"2020-12-13","purchased_purges":2,"victory":true,"max_hp_per_floor":[66,66,66,66,66,71,71,71,71,71,71,71,71,71,71,71,71,71,71,71,71,71,71,71,71,71,85,85,85,85,85,85,85,85,85,85,81,81,81,81,81,81,81,81,81,81,81,81,81,81,81,81,81,81,81],"card_choices":[{"not_picked":["Dagger Throw+1","Dodge and Roll"],"picked":"Sucker Punch+1","floor":1.0},{"not_picked":["Dodge and Roll","Outmaneuver","Acrobatics"],"picked":"SKIP","floor":3.0},{"not_picked":["Quick Slash+1","Acrobatics","Flechettes+1"],"picked":"SKIP","floor":4.0},{"not_picked":["Bouncing Flask","Endless Agony+1"],"picked":"Cloak And Dagger","floor":5.0},{"not_picked":["Blade Dance","Envenom+1"],"picked":"Well Laid Plans+1","floor":8.0},{"not_picked":["Slice+1","Dagger Throw+1"],"picked":"All Out Attack+1","floor":12.0},{"not_picked":["Backflip","Choke+1"],"picked":"Poisoned Stab+1","floor":13.0},{"not_picked":["Skewer+1","Setup","Flying Knee+1"],"picked":"SKIP","floor":14.0},{"not_picked":["Die Die Die+1","Venomology"],"picked":"Corpse Explosion","floor":16.0},{"not_picked":["Expertise","Deflect"],"picked":"Noxious Fumes+1","floor":18.0},{"not_picked":["Dodge and Roll","Skewer+1","Quick Slash+1"],"picked":"SKIP","floor":19.0},{"not_picked":["Prepared","Dodge and Roll"],"picked":"Terror","floor":24.0},{"not_picked":["PiercingWail","Storm of Steel"],"picked":"Cloak And Dagger+1","floor":27.0},{"not_picked":["Flying Knee+1","Masterful Stab+1"],"picked":"Caltrops+1","floor":28.0},{"not_picked":["Poisoned Stab+1","Prepared","Skewer+1"],"picked":"SKIP","floor":28.0},{"not_picked":["Eviscerate+1","Deflect"],"picked":"Acrobatics","floor":30.0},{"not_picked":["Bouncing Flask","Terror","Flying Knee+1"],"picked":"SKIP","floor":30.0},{"not_picked":["Endless Agony+1","Caltrops+1"],"picked":"Accuracy+1","floor":31.0},{"not_picked":["Accuracy+1","Underhanded Strike+1","Dagger Throw+1"],"picked":"SKIP","floor":31.0},{"not_picked":["Grand Finale+1","Storm of Steel"],"picked":"Burst","floor":33.0},{"not_picked":["Dagger Throw+1","Endless Agony+1"],"picked":"Catalyst","floor":35.0},{"not_picked":["Outmaneuver","Dagger Throw+1","Slice+1"],"picked":"SKIP","floor":35.0},{"not_picked":["Eviscerate+1","Endless Agony+1","Accuracy+1"],"picked":"SKIP","floor":36.0},{"not_picked":["Deflect","Sucker Punch+1","Prepared"],"picked":"SKIP","floor":36.0},{"not_picked":["Flying Knee+1","Deflect"],"picked":"Blade Dance","floor":41.0},{"not_picked":["Cloak And Dagger","Dodge and Roll+1","Underhanded Strike+1"],"picked":"SKIP","floor":41.0},{"not_picked":["Terror","All Out Attack+1"],"picked":"Choke+1","floor":42.0},{"not_picked":["Flying Knee+1","Prepared"],"picked":"Envenom+1","floor":45.0},{"not_picked":["All Out Attack+1","Deadly Poison"],"picked":"PiercingWail","floor":46.0},{"not_picked":["Dagger Spray+1","Outmaneuver"],"picked":"Bane+1","floor":48.0},{"not_picked":["Cloak And Dagger+1","Skewer+1","Poisoned Stab+1"],"picked":"SKIP","floor":48.0},{"not_picked":["Slice+1","Burst"],"picked":"Reflex","floor":54}],"player_experience":1060669,"relics_obtained":[{"floor":0.0,"key":"Pen Nib"},{"floor":0.0,"key":"Molten Egg 2"},{"floor":0.0,"key":"Thread and Needle"},{"floor":8.0,"key":"Bird Faced Urn"},{"floor":9.0,"key":"Torii"},{"floor":20.0,"key":"Enchiridion"},{"floor":24.0,"key":"Prayer Wheel"},{"floor":24.0,"key":"Shuriken"},{"floor":26.0,"key":"Vajra"},{"floor":27.0,"key":"Mango"},{"floor":27.0,"key":"Akabeko"},{"floor":42.0,"key":"Snake Skull"},{"floor":42.0,"key":"Ninja Scroll"},{"floor":45.0,"key":"FossilizedHelix"},{"floor":46.0,"key":"Potion Belt"},{"floor":46.0,"key":"Pantograph"},{"floor":54,"key":"StoneCalendar"},{"floor":54,"key":"Turnip"}],"event_choices":[{"damage_healed":0.0,"max_hp_gain":0.0,"max_hp_loss":0.0,"gold_gain":0.0,"event_name":"WeMeetAgain","player_choice":"Gave Potion","floor":2.0,"gold_loss":0.0,"damage_taken":0.0,"relics_obtained":["Frozen Egg 2"]},{"damage_healed":0.0,"max_hp_gain":5.0,"max_hp_loss":0.0,"gold_gain":0.0,"event_name":"Big Fish","player_choice":"Donut","floor":6.0,"gold_loss":0.0,"damage_taken":0.0},{"cards_removed":["Strike_G"],"damage_healed":0.0,"max_hp_gain":0.0,"max_hp_loss":0.0,"gold_gain":0.0,"event_name":"Bonfire Elementals","player_choice":"Offered Basic","floor":11.0,"gold_loss":0.0,"damage_taken":0.0},{"damage_healed":0.0,"max_hp_gain":0.0,"max_hp_loss":0.0,"gold_gain":0.0,"event_name":"Cursed Tome","player_choice":"Obtained Book","floor":20.0,"gold_loss":0.0,"damage_taken":21.0},{"damage_healed":0.0,"max_hp_gain":0.0,"max_hp_loss":0.0,"gold_gain":0.0,"event_name":"Vampires","player_choice":"Ignored","floor":21.0,"gold_loss":0.0,"damage_taken":0.0},{"damage_healed":0.0,"max_hp_gain":0.0,"max_hp_loss":0.0,"gold_gain":0.0,"event_name":"The Mausoleum","player_choice":"Opened","floor":22.0,"gold_loss":0.0,"damage_taken":0.0,"relics_obtained":["War Paint"],"cards_obtained":["Writhe"]},{"damage_healed":0.0,"max_hp_gain":0.0,"max_hp_loss":4.0,"gold_gain":0.0,"event_name":"Winding Halls","player_choice":"Max HP","floor":37.0,"gold_loss":0.0,"damage_taken":0.0},{"cards_removed":["Caltrops"],"damage_healed":0.0,"max_hp_gain":0.0,"max_hp_loss":0.0,"gold_gain":0.0,"event_name":"Falling","player_choice":"Removed Power","floor":38.0,"gold_loss":0.0,"damage_taken":0.0},{"damage_healed":0.0,"max_hp_gain":0.0,"max_hp_loss":0.0,"gold_gain":0.0,"event_name":"MindBloom","player_choice":"Fight","floor":45.0,"gold_loss":0.0,"damage_taken":0.0}],"is_beta":false,"boss_relics":[{"not_picked":["SlaversCollar","Pandora\u0027s Box"],"picked":"Black Star"},{"not_picked":["Tiny House","Snecko Eye"],"picked":"Fusion Hammer"}],"items_purged_floors":[39,53],"is_endless":false,"potions_floor_spawned":[1,4,5,13,19,30,31,36,45,46,54],"ascension_level":15}}