{"host":"i9wanet4r0ff4t9y","time":1607952329,"event":{"mods":["2.2 Compatiblity","Act Like it!","BaseMod","Better Altar","Better Match","Better Note","Better Sensory Stone","Better Skull","Better Third Choice","Better Vampires","BetterRewards","CapriCore","Downfall","Minty Spire (QoL Compilation)","READ ME - Guardian Mod","READ ME - Snecko Mod","Relic Stats","Replay The Spire","Spicy Shops","StSLib","The Disciple","Waifu the Spire"],"gold_per_floor":[117,82,94,110,110,139,159,159,159,189,189,203,203,221,221,320,320,330,5,21,40,40,40,372,372,372,372,47,47,66,95,95,190,190,204,231,245,344,356,383,399,426,453,453,468,482,48,60,60,60],"floor_reached":51,"playtime":1383,"items_purged":[],"score":1129,"play_id":"1f05c7ae-41d3-4165-bcad-158357fb2a0f","local_time":"20201214142529","is_ascension_mode":false,"campfire_choices":[{"data":"Apotheosis","floor":8,"key":"SMITH"},{"data":"Inflame","floor":13,"key":"SMITH"},{"data":"Cleave","floor":15,"key":"SMITH"},{"data":"expansioncontent:DashGenerateEvil","floor":23,"key":"SMITH"},{"data":"Berserk","floor":25,"key":"SMITH"},{"floor":32,"key":"REST"},{"data":"Limit Break","floor":44,"key":"SMITH"},{"data":"Replay:SS_hec_2","floor":49,"key":"SMITH"}],"circlet_count":0,"master_deck":["Strike_R","Strike_R","Strike_R","Strike_R","Strike_R","Defend_R","Defend_R","Defend_R","Defend_R","Bash","Apotheosis+1","Cleave","Headbutt","Power Through","Whirlwind+1","Regret","Cleave","Cleave+1","ReplayTheSpireMod:Stacked","Inflame+1","Ghostly Armor","Berserk+1","Thunderclap","expansioncontent:DashGenerateEvil+1","Specialist","Anger","Shockwave","Defy Death","Sever Soul","Evolve","Cleave","Sword Boomerang","Shockwave","Flex","Blood for Blood+1","Ghostly Armor","Limit Break+1","Metallicize","ReplayTheSpireMod:Muscle Training+1","Reaper","Fire Breathing+1","Replay:Undeath\u0027s Touch+1","Pummel+1","Shockwave+1","Inflame+1","Combust+1","Replay:SS_hec_2+1","Armaments+1"],"relics":["Burning Blood","Membership Card","Quantum Egg","Mercury Hourglass","TungstenRod","Regal Pillow","Ice Cream","Replay:WaspNest","Strawberry","Electric Blood","FossilizedHelix","BargainBundle","ReplayTheSpireMod:Shallot","Red Skull","Old Coin","Lizard Tail","Pet Ghost","ReplayTheSpireMod:Lightbulb","MawBank","Kunai","Toy Ornithopter","Snack Pack","Akabeko","Mark of Pain","Happy Flower","Replay:Baseball","Mango","Omamori","Orichalcum","Another Sword","Replay:Ringing Soul","Sling","King of Hearts"],"acts_visited":["Exordium","TheCity","TheBeyond"],"potions_floor_usage":[7,10,16,16,21,24,30,33,33,48],"damage_taken":[{"damage":6,"enemies":"Jaw Worm","floor":1,"turns":3},{"damage":0,"enemies":"2 Louse","floor":3,"turns":2},{"damage":0,"enemies":"Small Slimes","floor":4,"turns":3},{"damage":13,"enemies":"3 Sentries","floor":6,"turns":5},{"damage":0,"enemies":"3 Louse","floor":7,"turns":1},{"damage":13,"enemies":"Gremlin Nob","floor":10,"turns":4},{"damage":1,"enemies":"Exordium Wildlife","floor":12,"turns":2},{"damage":0,"enemies":"Lots of Slimes","floor":14,"turns":1},{"damage":7,"enemies":"Hexaghost","floor":16,"turns":7},{"damage":3,"enemies":"Chosen","floor":18,"turns":3},{"damage":6,"enemies":"3 Byrds","floor":20,"turns":3},{"damage":7,"enemies":"Snake Plant","floor":21,"turns":2},{"damage":7,"enemies":"Gremlin Leader","floor":24,"turns":4},{"damage":0,"enemies":"Centurion and Healer","floor":30,"turns":2},{"damage":3,"enemies":"Slavers","floor":31,"turns":3},{"damage":22,"enemies":"Automaton","floor":33,"turns":7},{"damage":7,"enemies":"3 Darklings","floor":35,"turns":3},{"damage":0,"enemies":"Orb Walker","floor":37,"turns":2},{"damage":11,"enemies":"Maw","floor":39,"turns":5},{"damage":17,"enemies":"R_Hoarder","floor":40,"turns":5},{"damage":1,"enemies":"Jaw Worm Horde","floor":41,"turns":2},{"damage":1,"enemies":"Spire Growth","floor":45,"turns":2},{"damage":4,"enemies":"4 Shapes","floor":46,"turns":2},{"damage":19,"enemies":"Maw","floor":48,"turns":4},{"damage":12,"enemies":"Donu and Deca","floor":50,"turns":5}],"seed_played":"-6302813351671874216","potions_obtained":[{"floor":3,"key":"Languid Potion"},{"floor":4,"key":"Weak Potion"},{"floor":6,"key":"Explosive Potion"},{"floor":7,"key":"LifebloodPotion"},{"floor":12,"key":"Elixir"},{"floor":24,"key":"Explosive Potion"},{"floor":31,"key":"PowerPotion"},{"floor":41,"key":"BlessingOfTheForge"},{"floor":45,"key":"Milkshake"}],"is_trial":false,"path_per_floor":["M","?","M","M","?","E","M","R","T","E","?","M","R","M","R","B",null,"M","$","M","M","?","R","E","R","T","?","$","?","M","E","R","B",null,"M","T","M","?","M","E","M","T","T","R","M","M","$","M","R","B",null],"character_chosen":"IRONCLAD","items_purchased":["Membership Card","Apotheosis","Quantum Egg","Mercury Hourglass","Cleave","FossilizedHelix","BargainBundle","expansioncontent:DashGenerateEvil","Specialist","Anger","Shockwave","Defy Death","Sever Soul","Evolve","ReplayTheSpireMod:Shallot","Red Skull","Venom Potion","Energy Potion","Kunai","Toy Ornithopter","Snack Pack","Flex","Replay:SS_hec_2","Another Sword","Replay:Ringing Soul","Sling","King of Hearts"],"campfire_rested":1,"item_purchase_floors":[0,0,0,0,0,19,19,19,19,19,19,19,19,19,19,19,19,19,28,28,28,28,47,47,47,47,47],"current_hp_per_floor":[50,70,76,80,80,73,79,79,79,79,79,84,84,87,87,86,87,87,87,87,86,87,87,86,86,86,29,29,29,42,47,87,76,87,87,87,87,87,82,95,101,101,101,101,101,101,101,91,91,99],"gold":60,"neow_bonus":"","is_daily":false,"chose_seed":false,"campfire_upgraded":7,"win_rate":0.0,"timestamp":1607952329,"path_taken":["M","?","M","M","?","E","M","R","T","E","?","M","R","M","R","BOSS","M","$","M","M","?","R","E","R","T","?","$","?","M","E","R","BOSS","M","?","M","?","M","E","M","?","T","R","?","M","$","M","R","BOSS"],"items_purchased_type":["Relic","Card","Relic","Relic","Card","Relic","Relic","Card","Card","Card","Card","Card","Card","Card","Relic","Relic","Potion","Potion","Relic","Relic","Relic","Card","Card","Relic","Relic","Relic","Relic"],"build_version":"2020-12-13","purchased_purges":0,"victory":true,"max_hp_per_floor":[80,80,80,80,80,80,80,80,80,87,87,87,87,87,87,87,87,87,87,87,87,87,87,87,87,87,87,87,87,87,87,87,87,87,87,87,87,87,87,101,101,101,101,101,101,101,101,104,104,104],"relic_stats":{"Regal Pillow":14,"Lizard Tail":0,"Happy Flower":[9],"counters":[104,473],"Kunai":[22],"Orichalcum":[0],"MawBank":12,"obtain_stats":[{"Ice Cream":6,"Calipers":6,"Nilry\u0027s Codex":22,"CeramicFish":24,"Vajra":8,"Sling":47,"Old Coin":24,"Blood Vial":22,"Replay:Ringing Soul":47,"Lizard Tail":42,"HornCleat":52,"FaceOfCleric":13,"Sundial":17,"Strawberry":10,"MealTicket":26,"Prayer Wheel":40,"Iron Hammer":9,"Kunai":10,"Toxic Egg 2":36,"Replay:Wax Seal":0,"Electric Blood":17,"Happy Flower":14,"Dead Branch":17,"ReplayTheSpireMod:Ring of Addiction":36,"Oddly Smooth Stone":41,"Replay:Ancient Bell":34,"Letter Opener":9,"Replay:Kaleidoscope":37,"Akabeko":31,"WarpedTongs":29,"Bottled Flame":26,"Replay:Baseball":38,"ReplayTheSpireMod:Shallot":27,"Shuriken":34,"Bird Faced Urn":9,"Molten Egg 2":43,"Onion Ring":54,"Mark of Pain":17,"ReplayTheSpireMod:TigerMarble":23,"Regal Pillow":24,"Lantern":34,"Torii":47,"Magic Flower":0,"StoneCalendar":0,"Mango":40,"King of Hearts":47,"Replay:Mystery Machine":26,"Cursed Key":34,"Burning Blood":0,"Pet Ghost":44,"ClockworkSouvenir":44,"Nunchaku":45,"Shovel":34,"Chameleon Ring":49,"Pantograph":0,"Toolbox":0,"Red Mask":41,"Chemical X":21,"Red Skull":17,"Paper Frog":23,"Potion Belt":36,"Gremlin Food":37,"Lee\u0027s Waffle":44,"BargainBundle":19,"Quantum Egg":42,"Replay:WaspNest":3,"Omamori":42,"Odd Mushroom":12,"Orichalcum":43,"MawBank":27,"White Beast Statue":36,"Mercury Hourglass":43,"Calling Bell":17,"CaptainsWheel":0,"Bloody Idol":22,"Ring of Misfortune":36,"Another Sword":47,"Art of War":40,"Snack Pack":28,"Membership Card":24,"ReplayTheSpireMod:Lightbulb":27,"FossilizedHelix":12,"TungstenRod":7,"Toy Ornithopter":28},{"Ice Cream":83,"Calipers":32,"Nilry\u0027s Codex":13,"CeramicFish":66,"Vajra":7,"Sling":102,"Old Coin":92,"Blood Vial":39,"Replay:Ringing Soul":102,"Lizard Tail":24,"HornCleat":54,"FaceOfCleric":9,"Sundial":11,"Strawberry":85,"MealTicket":14,"Prayer Wheel":23,"Iron Hammer":33,"Kunai":33,"Toxic Egg 2":20,"Replay:Wax Seal":28,"Electric Blood":62,"Happy Flower":36,"Dead Branch":11,"ReplayTheSpireMod:Ring of Addiction":47,"Oddly Smooth Stone":75,"Replay:Ancient Bell":46,"Letter Opener":60,"Replay:Kaleidoscope":73,"Akabeko":94,"WarpedTongs":67,"Bottled Flame":41,"Replay:Baseball":97,"ReplayTheSpireMod:Shallot":67,"Shuriken":46,"Bird Faced Urn":7,"Molten Egg 2":24,"Onion Ring":55,"Mark of Pain":37,"ReplayTheSpireMod:TigerMarble":66,"Regal Pillow":14,"Lantern":46,"Torii":77,"Magic Flower":28,"StoneCalendar":55,"Mango":99,"King of Hearts":102,"Replay:Mystery Machine":66,"Cursed Key":19,"Burning Blood":0,"Pet Ghost":75,"ClockworkSouvenir":75,"Nunchaku":51,"Shovel":46,"Chameleon Ring":53,"Pantograph":55,"Toolbox":28,"Red Mask":23,"Chemical X":13,"Red Skull":11,"Paper Frog":40,"Potion Belt":47,"Gremlin Food":47,"Lee\u0027s Waffle":75,"BargainBundle":89,"Quantum Egg":50,"Replay:WaspNest":29,"Omamori":100,"Odd Mushroom":9,"Orichalcum":100,"MawBank":92,"White Beast Statue":47,"Mercury Hourglass":75,"Calling Bell":11,"CaptainsWheel":0,"Bloody Idol":39,"Ring of Misfortune":47,"Another Sword":102,"Art of War":49,"Snack Pack":92,"Membership Card":66,"ReplayTheSpireMod:Lightbulb":92,"FossilizedHelix":34,"TungstenRod":59,"Toy Ornithopter":92},{"Ice Cream":404,"Calipers":142,"Nilry\u0027s Codex":46,"CeramicFish":335,"Vajra":28,"Sling":464,"Old Coin":431,"Blood Vial":183,"Replay:Ringing Soul":464,"Lizard Tail":102,"HornCleat":280,"FaceOfCleric":32,"Sundial":38,"Strawberry":409,"MealTicket":52,"Prayer Wheel":101,"Iron Hammer":146,"Kunai":146,"Toxic Egg 2":85,"Replay:Wax Seal":125,"Electric Blood":319,"Happy Flower":161,"Dead Branch":38,"ReplayTheSpireMod:Ring of Addiction":228,"Oddly Smooth Stone":375,"Replay:Ancient Bell":224,"Letter Opener":306,"Replay:Kaleidoscope":363,"Akabeko":436,"WarpedTongs":338,"Bottled Flame":193,"Replay:Baseball":448,"ReplayTheSpireMod:Shallot":338,"Shuriken":224,"Bird Faced Urn":28,"Molten Egg 2":102,"Onion Ring":286,"Mark of Pain":174,"ReplayTheSpireMod:TigerMarble":335,"Regal Pillow":52,"Lantern":224,"Torii":381,"Magic Flower":125,"StoneCalendar":286,"Mango":458,"King of Hearts":464,"Replay:Mystery Machine":335,"Cursed Key":81,"Burning Blood":0,"Pet Ghost":375,"ClockworkSouvenir":375,"Nunchaku":256,"Shovel":224,"Chameleon Ring":267,"Pantograph":286,"Toolbox":125,"Red Mask":101,"Chemical X":46,"Red Skull":38,"Paper Frog":188,"Potion Belt":228,"Gremlin Food":228,"Lee\u0027s Waffle":375,"BargainBundle":422,"Quantum Egg":245,"Replay:WaspNest":129,"Omamori":460,"Odd Mushroom":32,"Orichalcum":460,"MawBank":431,"White Beast Statue":228,"Mercury Hourglass":375,"Calling Bell":38,"CaptainsWheel":0,"Bloody Idol":183,"Ring of Misfortune":228,"Another Sword":464,"Art of War":239,"Snack Pack":431,"Membership Card":335,"ReplayTheSpireMod:Lightbulb":431,"FossilizedHelix":150,"TungstenRod":303,"Toy Ornithopter":431}],"Burning Blood":652,"TungstenRod":355,"Toy Ornithopter":5,"Mercury Hourglass":[453]},"card_choices":[{"not_picked":["Havoc","ReplayTheSpireMod:Strike From Hell"],"picked":"Headbutt","floor":1},{"not_picked":["Whirlwind","Carnage"],"picked":"Power Through","floor":3},{"not_picked":["Sever Soul","Second Wind"],"picked":"Whirlwind","floor":4},{"not_picked":["Clothesline","Headbutt"],"picked":"Cleave","floor":6},{"not_picked":["Havoc","Headbutt"],"picked":"Cleave","floor":7},{"not_picked":["Thunderclap","Defy Death"],"picked":"ReplayTheSpireMod:Stacked","floor":10},{"not_picked":["Pommel Strike","Clash"],"picked":"Inflame","floor":12},{"not_picked":["Entrench","ReplayTheSpireMod:Strike From Hell"],"picked":"Ghostly Armor","floor":14},{"not_picked":["Juggernaut","Impervious"],"picked":"Berserk","floor":16},{"not_picked":["True Grit","Warcry"],"picked":"Thunderclap","floor":18},{"not_picked":["True Grit","Berserk"],"picked":"Cleave","floor":20},{"not_picked":["Clash","Warcry"],"picked":"Sword Boomerang","floor":21},{"not_picked":["Sword Boomerang","Burning Pact+1"],"picked":"Shockwave","floor":24},{"not_picked":["Cleave","Shockwave"],"picked":"Blood for Blood+1","floor":30},{"not_picked":["ReplayTheSpireMod:LeadingStrike","Shrug It Off"],"picked":"Ghostly Armor","floor":31},{"not_picked":["Immolate","Impervious"],"picked":"Limit Break","floor":33},{"not_picked":["Twin Strike","Entrench+1"],"picked":"Metallicize","floor":35},{"not_picked":["Pommel Strike+1","Clash"],"picked":"ReplayTheSpireMod:Muscle Training+1","floor":37},{"not_picked":["True Grit+1","Inflame+1"],"picked":"Reaper","floor":38},{"not_picked":["True Grit+1","Second Wind"],"picked":"Fire Breathing+1","floor":38},{"not_picked":["Entrench+1","Perfected Strike+1"],"picked":"Replay:Undeath\u0027s Touch+1","floor":39},{"not_picked":["Reckless Charge+1","Iron Wave"],"picked":"Pummel+1","floor":40},{"not_picked":["Feel No Pain","Wild Strike"],"picked":"Shockwave+1","floor":41},{"not_picked":["Anger","Flex"],"picked":"Inflame+1","floor":45},{"not_picked":["Warcry+1","Wild Strike"],"picked":"Combust+1","floor":46},{"not_picked":["Replay:Undeath\u0027s Touch+1","Thunderclap+1"],"picked":"Armaments+1","floor":48}],"player_experience":347019,"relics_obtained":[{"floor":6,"key":"Ice Cream"},{"floor":9,"key":"Replay:WaspNest"},{"floor":10,"key":"Strawberry"},{"floor":24,"key":"Old Coin"},{"floor":26,"key":"Lizard Tail"},{"floor":31,"key":"Akabeko"},{"floor":36,"key":"Happy Flower"},{"floor":38,"key":"Replay:Baseball"},{"floor":40,"key":"Mango"},{"floor":42,"key":"Omamori"},{"floor":43,"key":"Orichalcum"}],"event_choices":[{"damage_healed":20,"gold_gain":0,"player_choice":"Healed","damage_taken":0,"max_hp_gain":0,"max_hp_loss":0,"event_name":"The Cleric","floor":2,"gold_loss":35},{"damage_healed":0,"gold_gain":0,"player_choice":"Box","damage_taken":0,"relics_obtained":["Regal Pillow"],"max_hp_gain":0,"max_hp_loss":0,"event_name":"Big Fish","floor":5,"gold_loss":0,"cards_obtained":["Regret"]},{"damage_healed":0,"gold_gain":0,"player_choice":"Grow","damage_taken":0,"max_hp_gain":0,"max_hp_loss":0,"event_name":"Living Wall","floor":11,"gold_loss":0,"cards_upgraded":["Whirlwind"]},{"damage_healed":1,"gold_gain":0,"player_choice":"Full Heal","damage_taken":0,"max_hp_gain":0,"max_hp_loss":0,"event_name":"Wheel of Change","floor":22,"gold_loss":0},{"damage_healed":0,"gold_gain":0,"player_choice":"RE RE RE ","damage_taken":67,"relics_obtained":["Pet Ghost","ReplayTheSpireMod:Lightbulb","MawBank"],"max_hp_gain":0,"max_hp_loss":0,"event_name":"betterSkull:BetterSkull","floor":27,"gold_loss":0,"cards_upgraded":[]},{"cards_removed":["Apotheosis"],"damage_healed":0,"gold_gain":0,"player_choice":"Give","damage_taken":0,"max_hp_gain":0,"max_hp_loss":0,"event_name":"betterNote:BetterNote","floor":29,"gold_loss":0,"cards_obtained":["Apotheosis"]}],"is_beta":false,"boss_relics":[{"not_picked":["Sozu","Empty Cage"],"picked":"Electric Blood"},{"not_picked":["Philosopher\u0027s Stone","Astrolabe"],"picked":"Mark of Pain"}],"items_purged_floors":[],"is_endless":false,"potions_floor_spawned":[3,4,6,7,12,20,21,24,31,41,45,46],"ascension_level":0}}