{"host":"0tiuc76yumknr6qf","time":1607970503,"event":{"mods":["BaseMod","Highlight Path","Jedi Mod","Minty Spire (QoL Compilation)","StSLib"],"gold_per_floor":[113,129,109,128,128,128,140,111,136,136,167,167,186,243,243,317,317,330,330,330,245,259,286,286,286,309,343,134,134,134],"floor_reached":29,"playtime":1370,"items_purged":[],"score":518,"play_id":"817b9a98-c0e5-4bb4-b43d-13d9017f1afc","local_time":"20201214122823","is_ascension_mode":true,"campfire_choices":[{"data":"Bash","floor":6,"key":"SMITH"},{"data":"Cleave","floor":10,"key":"SMITH"},{"floor":15,"key":"REST"},{"data":"Limit Break","floor":25,"key":"SMITH"}],"circlet_count":0,"master_deck":["AscendersBane","Strike_R","Strike_R","Strike_R","Strike_R","Strike_R","Defend_R","Defend_R","Defend_R","Defend_R","Bash+1","Flame Barrier","Cleave+1","Limit Break+1","Spot Weakness","Armaments","Iron Wave","Evolve","Offering","jedi:controlledanger","Spot Weakness","Barricade","Apotheosis"],"relics":["Burning Blood","Torii","Juzu Bracelet","jedi:crownofsimplicity","Meat on the Bone","Toy Ornithopter","jedi:paperlyon","Nilry\u0027s Codex","MealTicket","jedi:leech","jedi:shrinkray","Omamori"],"acts_visited":["Exordium","TheCity"],"potions_floor_usage":[14,22,23,29,29],"damage_taken":[{"damage":2,"enemies":"Jaw Worm","floor":1,"turns":4},{"damage":6,"enemies":"Cultist","floor":2,"turns":4},{"damage":2,"enemies":"Small Slimes","floor":4,"turns":4},{"damage":10,"enemies":"Blue Slaver","floor":7,"turns":4},{"damage":46,"enemies":"Lagavulin","floor":11,"turns":9},{"damage":1,"enemies":"Red Slaver","floor":13,"turns":4},{"damage":11,"enemies":"3 Sentries","floor":14,"turns":5},{"damage":39,"enemies":"Slime Boss","floor":16,"turns":9},{"damage":13,"enemies":"2 Thieves","floor":18,"turns":4},{"damage":21,"enemies":"Shell Parasite","floor":22,"turns":2},{"damage":30,"enemies":"Slavers","floor":23,"turns":4},{"damage":22,"enemies":"Book of Stabbing","floor":27,"turns":5},{"damage":64,"enemies":"Slavers","floor":29,"turns":4}],"seed_played":"6772091827766033186","potions_obtained":[{"floor":2,"key":"SteroidPotion"},{"floor":3,"key":"BlessingOfTheForge"},{"floor":14,"key":"EssenceOfSteel"},{"floor":16,"key":"Strength Potion"},{"floor":22,"key":"Fire Potion"},{"floor":27,"key":"PowerPotion"}],"is_trial":false,"path_per_floor":["M","M","?","M","$","R","M","$","T","R","E","T","M","?","R","B",null,"M","?","?","?","M","E","?","R","T","E","$","E"],"character_chosen":"IRONCLAD","items_purchased":["Armaments","Apotheosis"],"campfire_rested":1,"item_purchase_floors":[8,28],"current_hp_per_floor":[54,54,54,58,58,58,54,54,54,54,14,14,31,38,60,39,66,59,59,38,38,40,33,33,33,33,29,44,0,0],"gold":134,"neow_bonus":"ONE_RARE_RELIC","is_daily":false,"chose_seed":false,"campfire_upgraded":3,"win_rate":0.0,"timestamp":1607970503,"path_taken":["M","M","?","M","$","R","?","$","T","R","E","?","M","?","R","BOSS","M","?","?","?","M","E","?","R","T","E","?","E"],"items_purchased_type":["Card","Card"],"build_version":"2020-12-13","purchased_purges":0,"victory":false,"max_hp_per_floor":[75,75,75,75,75,75,75,75,75,75,75,75,75,75,75,75,75,75,75,75,75,75,75,75,75,75,75,75,75,75],"card_choices":[{"not_picked":["Headbutt","Thunderclap"],"picked":"Flame Barrier","floor":1},{"not_picked":["Havoc","Power Through"],"picked":"Cleave","floor":2},{"not_picked":["Armaments","Clothesline"],"picked":"Limit Break","floor":4},{"not_picked":["Battle Trance","Wild Strike"],"picked":"Spot Weakness","floor":7},{"not_picked":["Cleave","Warcry"],"picked":"Iron Wave","floor":11},{"not_picked":["Pommel Strike","Metallicize"],"picked":"Evolve","floor":13},{"not_picked":["Berserk","Limit Break"],"picked":"Offering","floor":16},{"not_picked":["Clash+1","Cleave","Metallicize"],"picked":"SKIP","floor":18},{"not_picked":["Heavy Blade+1","Wild Strike"],"picked":"jedi:controlledanger","floor":22},{"not_picked":["Flex+1","Heavy Blade"],"picked":"Spot Weakness","floor":23},{"not_picked":["Sever Soul","Rupture","jedi:fear"],"picked":"SKIP","floor":27}],"player_experience":1803894,"relics_obtained":[{"floor":9,"key":"Juzu Bracelet"},{"floor":11,"key":"jedi:crownofsimplicity"},{"floor":12,"key":"Meat on the Bone"},{"floor":14,"key":"Toy Ornithopter"},{"floor":20,"key":"Nilry\u0027s Codex"},{"floor":23,"key":"jedi:leech"},{"floor":26,"key":"jedi:shrinkray"},{"floor":27,"key":"Omamori"}],"event_choices":[{"damage_healed":0,"gold_gain":0,"player_choice":"Bought 1 Potion","damage_taken":0,"max_hp_gain":0,"max_hp_loss":0,"event_name":"The Woman in Blue","floor":3,"gold_loss":0},{"damage_healed":0,"gold_gain":30,"player_choice":"Searched \u00272\u0027 times","damage_taken":0,"max_hp_gain":0,"max_hp_loss":0,"event_name":"Dead Adventurer","floor":14,"gold_loss":0},{"damage_healed":0,"gold_gain":0,"player_choice":"Got Potions","damage_taken":0,"max_hp_gain":0,"max_hp_loss":0,"event_name":"Lab","floor":19,"gold_loss":0},{"damage_healed":0,"gold_gain":0,"player_choice":"Obtained Book","damage_taken":21,"max_hp_gain":0,"max_hp_loss":0,"event_name":"Cursed Tome","floor":20,"gold_loss":0},{"damage_healed":0,"gold_gain":0,"player_choice":"Obtained Relic","damage_taken":0,"relics_obtained":["MealTicket"],"max_hp_gain":0,"max_hp_loss":0,"event_name":"Addict","floor":21,"gold_loss":85},{"damage_healed":0,"gold_gain":0,"player_choice":"Read","damage_taken":0,"max_hp_gain":0,"max_hp_loss":0,"event_name":"The Library","floor":24,"gold_loss":0,"cards_obtained":["Barricade"]}],"is_beta":false,"boss_relics":[{"not_picked":["Snecko Eye","Coffee Dripper"],"picked":"jedi:paperlyon"}],"items_purged_floors":[],"is_endless":false,"potions_floor_spawned":[2,7,14,16,22,27],"killed_by":"Slavers","ascension_level":20}}