{"host":"Sumable","time":1607907544,"event":{"mods":["AchievementEnabler","BaseMod","Better Note","BetterRewards","Googly Eyes","Hermit","Minty Spire (QoL Compilation)","Quick Restart","Shop Mod","StSLib","The Cursed","everything is the same but u backflip on backflip","slay the spire mod where everything is the same but ironclad has a cowboy hat"],"gold_per_floor":[115,115,125,200,20,20,47,99,99,99,131,143,155,185,185,290,290,308,321,176,201,0,35,35,35,35,35,35],"floor_reached":27,"playtime":747,"items_purged":[],"score":340,"play_id":"264c758b-62b5-4f41-9809-32e186444784","local_time":"20201213175904","is_ascension_mode":true,"campfire_choices":[{"data":"Loop","floor":6,"key":"SMITH"},{"data":"Zap","floor":10,"key":"SMITH"},{"floor":15,"key":"REST"},{"floor":24,"key":"REST"}],"circlet_count":0,"master_deck":["Strike_B","Strike_B","Strike_B","Strike_B","Defend_B","Defend_B","Defend_B","Defend_B","Zap+1","Dualcast","Beam Cell","Loop+1","Doom and Gloom","Melter","Go for the Eyes","Reinforced Body","Beam Cell","White Noise","Coolheaded","Multi-Cast","Skim+1","Chill+1","Lockon+1"],"relics":["Cracked Core","NeowsBlessing","Eternal Feather","Gremlin Horn","Cables","MealTicket","SacredBark","Blood Vial","Red Mask","Tiny Chest","Anchor","Oddly Smooth Stone"],"acts_visited":["Exordium","TheCity"],"potions_floor_usage":[11,14,14,18,21,23,23,23,23],"damage_taken":[{"damage":0,"enemies":"Jaw Worm","floor":1,"turns":1},{"damage":0,"enemies":"Cultist","floor":3,"turns":1},{"damage":0,"enemies":"Gremlin Nob","floor":7,"turns":1},{"damage":18,"enemies":"3 Sentries","floor":11,"turns":4},{"damage":0,"enemies":"2 Louse","floor":12,"turns":1},{"damage":4,"enemies":"2 Fungi Beasts","floor":13,"turns":2},{"damage":24,"enemies":"Gremlin Nob","floor":14,"turns":4},{"damage":19,"enemies":"Hexaghost","floor":16,"turns":7},{"damage":1,"enemies":"2 Thieves","floor":18,"turns":3},{"damage":0,"enemies":"Chosen","floor":19,"turns":4},{"damage":56,"enemies":"Masked Bandits","floor":21,"turns":6},{"damage":8,"enemies":"Book of Stabbing","floor":23,"turns":3},{"damage":83,"enemies":"Gremlin Leader","floor":27,"turns":4}],"seed_played":"-882977860645958021","potions_obtained":[{"floor":3,"key":"Fire Potion"},{"floor":7,"key":"Swift Potion"},{"floor":11,"key":"EssenceOfSteel"},{"floor":16,"key":"AttackPotion"},{"floor":18,"key":"Block Potion"},{"floor":21,"key":"EntropicBrew"},{"floor":23,"key":"BlessingOfTheForge"}],"is_trial":false,"path_per_floor":["M","?","M","?","$","R","E","?","T","R","E","M","M","E","R","B",null,"M","M","$","?","$","E","R","$","T","E"],"character_chosen":"DEFECT","items_purchased":["Loop","Doom and Gloom","Melter","Blood Vial","Tiny Chest","Fire Potion"],"campfire_rested":2,"item_purchase_floors":[5,5,5,20,22,22],"current_hp_per_floor":[75,75,75,64,64,64,64,64,64,73,55,55,51,27,58,39,66,65,65,75,19,34,28,62,75,75,0,0],"gold":35,"neow_bonus":"THREE_ENEMY_KILL","is_daily":false,"chose_seed":false,"campfire_upgraded":2,"win_rate":0.0,"timestamp":1607907544,"path_taken":["M","?","?","?","$","R","E","?","T","R","E","M","M","E","R","BOSS","M","M","$","?","$","E","R","$","T","E"],"items_purchased_type":["Card","Card","Card","Relic","Relic","Potion"],"build_version":"2020-12-07","purchased_purges":0,"victory":false,"max_hp_per_floor":[75,75,75,75,75,75,75,75,75,75,75,75,75,75,75,75,75,75,75,75,75,75,75,75,75,75,75,75],"card_choices":[{"not_picked":["Coolheaded","Redo"],"picked":"Gash","floor":1},{"not_picked":["Sweeping Beam","Fusion"],"picked":"Beam Cell","floor":3},{"not_picked":["Ball Lightning","Beam Cell"],"picked":"Go for the Eyes","floor":7},{"not_picked":["Double Energy","Barrage"],"picked":"Reinforced Body","floor":11},{"not_picked":["Sunder","Cold Snap"],"picked":"Beam Cell","floor":12},{"not_picked":["Gash","Sunder"],"picked":"White Noise","floor":13},{"not_picked":["Sweeping Beam","Steam"],"picked":"Coolheaded","floor":14},{"not_picked":["Amplify","Core Surge"],"picked":"Multi-Cast","floor":16},{"not_picked":["Sweeping Beam","Undo+1"],"picked":"Skim+1","floor":18},{"not_picked":["Steam+1","Barrage"],"picked":"Chill+1","floor":19},{"not_picked":["Undo","Coolheaded"],"picked":"Lockon+1","floor":21},{"not_picked":["Rebound","Coolheaded","Double Energy"],"picked":"SKIP","floor":23}],"player_experience":955574,"relics_obtained":[{"floor":7,"key":"Eternal Feather"},{"floor":9,"key":"Gremlin Horn"},{"floor":11,"key":"Cables"},{"floor":14,"key":"MealTicket"},{"floor":21,"key":"Red Mask"},{"floor":23,"key":"Anchor"},{"floor":26,"key":"Oddly Smooth Stone"}],"event_choices":[{"cards_removed":["Gash"],"damage_healed":5,"gold_gain":0,"player_choice":"Offered Common","damage_taken":0,"max_hp_gain":0,"max_hp_loss":0,"event_name":"Bonfire Elementals","floor":2,"gold_loss":0},{"cards_removed":["Gash"],"damage_healed":5,"gold_gain":0,"player_choice":"Offered Special","damage_taken":0,"max_hp_gain":0,"max_hp_loss":0,"event_name":"Bonfire Elementals","floor":2,"gold_loss":0},{"damage_healed":0,"gold_gain":75,"player_choice":"Gather Gold","damage_taken":11,"max_hp_gain":0,"max_hp_loss":0,"event_name":"World of Goop","floor":4,"gold_loss":0},{"damage_healed":0,"gold_gain":52,"player_choice":"Gained Gold","damage_taken":0,"max_hp_gain":0,"max_hp_loss":0,"event_name":"Golden Wing","floor":8,"gold_loss":0},{"damage_healed":0,"gold_gain":0,"player_choice":"Fought Bandits","damage_taken":0,"max_hp_gain":0,"max_hp_loss":0,"event_name":"Masked Bandits","floor":21,"gold_loss":0}],"is_beta":true,"boss_relics":[{"not_picked":["Runic Dome","Inserter"],"picked":"SacredBark"}],"items_purged_floors":[],"is_endless":false,"potions_floor_spawned":[3,7,11,16,18,21,23],"killed_by":"Gremlin Leader","ascension_level":5}}