{"host":"3jpwrwmmgyabjceh","time":1607972384,"event":{"mods":["BaseMod","Minty Spire (QoL Compilation)","StSLib"],"gold_per_floor":[362,362,113,127,1,1,34,34,61,71,71,71,83,103,103,208,208,221,235,245,262,282,282,282,207,207,232,248,248,32,132,132,236,236,253,275,97,120,134,178,206,234,260,134,166,204,204,241,241,241],"floor_reached":51,"playtime":2975,"items_purged":["Strike_B"],"score":800,"play_id":"fc1d5368-6414-443b-b937-d1a1a25d6632","local_time":"20201214215944","is_ascension_mode":true,"campfire_choices":[{"data":"Zap","floor":6,"key":"SMITH"},{"data":"Self Repair","floor":11,"key":"SMITH"},{"data":"Defragment","floor":15,"key":"SMITH"},{"data":"Coolheaded","floor":23,"key":"SMITH"},{"data":"Redo","floor":29,"key":"SMITH"},{"data":"Blizzard","floor":32,"key":"SMITH"},{"data":"Defragment","floor":47,"key":"SMITH"},{"data":"Loop","floor":49,"key":"SMITH"}],"circlet_count":0,"master_deck":["Defend_B+1","Defend_B","Defend_B","Defend_B","Zap+1","Dualcast","Cold Snap","Leap","Self Repair+1","Conserve Battery","Redo+1","Force Field","Defragment+1","Seek","Coolheaded+1","Cold Snap","Redo+1","Conserve Battery","Doom and Gloom","Capacitor","Loop+1","Blizzard+1","Coolheaded","Skim","Self Repair+1","Capacitor","Storm+1","Blizzard+1","Defragment+1","Heatsinks","Cold Snap","Leap","Blizzard+1","Hologram+1","Conserve Battery+1"],"relics":["Cracked Core","DataDisk","Matryoshka","Akabeko","War Paint","SacredBark","CeramicFish","Nuclear Battery","Lee\u0027s Waffle","Prayer Wheel","Orichalcum","Smiling Mask","Toy Ornithopter"],"acts_visited":["Exordium","TheCity","TheBeyond"],"potions_floor_usage":[7,16,20,22,39,40,46,46,50],"damage_taken":[{"damage":0,"enemies":"Small Slimes","floor":1,"turns":3},{"damage":1,"enemies":"Jaw Worm","floor":4,"turns":3},{"damage":37,"enemies":"Gremlin Nob","floor":7,"turns":6},{"damage":0,"enemies":"Cultist","floor":10,"turns":3},{"damage":0,"enemies":"Blue Slaver","floor":13,"turns":3},{"damage":4,"enemies":"3 Louse","floor":14,"turns":4},{"damage":9,"enemies":"Slime Boss","floor":16,"turns":12},{"damage":0,"enemies":"Spheric Guardian","floor":18,"turns":6},{"damage":0,"enemies":"Shell Parasite","floor":19,"turns":7},{"damage":0,"enemies":"Snecko","floor":20,"turns":7},{"damage":53,"enemies":"Cultist and Chosen","floor":21,"turns":15},{"damage":1,"enemies":"Chosen and Byrds","floor":22,"turns":8},{"damage":0,"enemies":"Centurion and Healer","floor":27,"turns":6},{"damage":0,"enemies":"Snecko","floor":28,"turns":6},{"damage":8,"enemies":"Collector","floor":33,"turns":11},{"damage":37,"enemies":"3 Shapes","floor":35,"turns":5},{"damage":3,"enemies":"3 Darklings","floor":36,"turns":7},{"damage":41,"enemies":"Jaw Worm Horde","floor":38,"turns":6},{"damage":37,"enemies":"4 Shapes","floor":39,"turns":5},{"damage":0,"enemies":"Reptomancer","floor":40,"turns":9},{"damage":0,"enemies":"Transient","floor":41,"turns":5},{"damage":4,"enemies":"Sphere and 2 Shapes","floor":42,"turns":5},{"damage":7,"enemies":"Giant Head","floor":45,"turns":10},{"damage":23,"enemies":"Jaw Worm Horde","floor":46,"turns":4},{"damage":28,"enemies":"Writhing Mass","floor":48,"turns":5},{"damage":74,"enemies":"Awakened One","floor":50,"turns":15}],"seed_played":"-3957431945473123612","potions_obtained":[{"floor":1,"key":"GamblersBrew"},{"floor":4,"key":"LiquidMemories"},{"floor":10,"key":"Dexterity Potion"},{"floor":16,"key":"SteroidPotion"},{"floor":20,"key":"Ancient Potion"},{"floor":21,"key":"PowerPotion"},{"floor":27,"key":"Swift Potion"},{"floor":38,"key":"BlessingOfTheForge"},{"floor":41,"key":"Energy Potion"},{"floor":42,"key":"Swift Potion"},{"floor":48,"key":"BlessingOfTheForge"}],"is_trial":false,"path_per_floor":["M","?","$","M","$","R","E","?","T","M","R","?","M","M","R","B",null,"M","M","M","M","M","R","?","?","T","M","M","R","$","?","R","B",null,"M","M","$","M","M","E","M","M","T","?","E","M","R","M","R","B",null],"character_chosen":"DEFECT","items_purchased":["DataDisk","Leap","Self Repair","Conserve Battery","Loop","Blizzard","Coolheaded","Skim","Capacitor","Lee\u0027s Waffle"],"campfire_rested":0,"item_purchase_floors":[3,3,5,5,30,30,30,30,37,37],"current_hp_per_floor":[54,54,54,53,53,53,23,23,23,30,30,30,40,46,46,47,75,75,75,75,32,41,41,41,41,41,51,61,61,61,61,61,63,75,48,55,82,61,34,54,74,82,82,82,82,79,79,71,71,22],"gold":241,"neow_bonus":"TWO_FIFTY_GOLD","is_daily":false,"chose_seed":false,"campfire_upgraded":8,"win_rate":0.0,"timestamp":1607972384,"path_taken":["M","?","$","M","$","R","E","?","T","?","R","?","M","M","R","BOSS","M","M","M","M","M","R","?","?","T","?","M","R","$","?","R","BOSS","M","M","$","M","M","E","M","M","T","?","E","M","R","M","R","BOSS"],"items_purchased_type":["Relic","Card","Card","Card","Card","Card","Card","Card","Card","Relic"],"build_version":"2020-12-13","purchased_purges":1,"victory":true,"max_hp_per_floor":[75,75,75,75,75,75,75,75,75,75,75,75,75,75,75,75,75,75,75,75,75,75,75,75,75,75,75,75,75,75,75,75,75,75,75,75,82,82,82,82,82,82,82,82,82,82,82,82,82,82],"card_choices":[{"not_picked":["Tempest","Conserve Battery"],"picked":"Cold Snap","floor":1},{"not_picked":["Doom and Gloom","Stack","Skim"],"picked":"SKIP","floor":4},{"not_picked":["Barrage","FTL","Steam Power"],"picked":"SKIP","floor":7},{"not_picked":["Reinforced Body","FTL","Go for the Eyes"],"picked":"SKIP","floor":10},{"not_picked":["Darkness","Beam Cell"],"picked":"Defragment","floor":13},{"not_picked":["Go for the Eyes","Streamline","Double Energy"],"picked":"SKIP","floor":14},{"not_picked":["Hyperbeam","Echo Form"],"picked":"Seek","floor":16},{"not_picked":["Barrage+1","Fusion"],"picked":"Coolheaded","floor":18},{"not_picked":["Double Energy","Gash"],"picked":"Cold Snap","floor":19},{"not_picked":["Gash+1","Double Energy+1"],"picked":"Redo","floor":20},{"not_picked":["Leap","Ball Lightning"],"picked":"Conserve Battery","floor":21},{"not_picked":["Compile Driver","Streamline","Stack+1"],"picked":"SKIP","floor":22},{"not_picked":["Hello World","Chill"],"picked":"Capacitor","floor":27},{"not_picked":["Aggregate","Tempest","Thunder Strike"],"picked":"SKIP","floor":28},{"not_picked":["Sunder+1","Streamline+1","Go for the Eyes"],"picked":"SKIP","floor":35},{"not_picked":["Conserve Battery","Storm"],"picked":"Self Repair+1","floor":36},{"not_picked":["Beam Cell","Gash"],"picked":"Storm+1","floor":38},{"not_picked":["Compile Driver","Undo","Aggregate"],"picked":"SKIP","floor":39},{"not_picked":["Cold Snap+1","Steam"],"picked":"Blizzard+1","floor":40},{"not_picked":["Gash+1","Lockon"],"picked":"Defragment","floor":41},{"not_picked":["Sweeping Beam+1","Fusion","Lockon"],"picked":"SKIP","floor":41},{"not_picked":["Melter+1","Chaos"],"picked":"Heatsinks","floor":42},{"not_picked":["Beam Cell+1","Stack"],"picked":"Cold Snap","floor":42},{"not_picked":["Meteor Strike","Steam+1","Stack+1"],"picked":"SKIP","floor":45},{"not_picked":["Rebound+1","Darkness"],"picked":"Leap","floor":46},{"not_picked":["Redo","Cold Snap+1"],"picked":"Blizzard+1","floor":46},{"not_picked":["Compile Driver","Beam Cell+1"],"picked":"Hologram+1","floor":48},{"not_picked":["Double Energy","Stack"],"picked":"Conserve Battery+1","floor":48}],"player_experience":192444,"relics_obtained":[{"floor":7,"key":"Matryoshka"},{"floor":9,"key":"Akabeko"},{"floor":9,"key":"War Paint"},{"floor":26,"key":"CeramicFish"},{"floor":40,"key":"Prayer Wheel"},{"floor":43,"key":"Orichalcum"},{"floor":45,"key":"Toy Ornithopter"}],"event_choices":[{"cards_removed":["Strike_B"],"damage_healed":0,"gold_gain":0,"player_choice":"Forget","damage_taken":0,"max_hp_gain":0,"max_hp_loss":0,"event_name":"Living Wall","floor":2,"gold_loss":0},{"damage_healed":0,"gold_gain":0,"player_choice":"2 cards matched","damage_taken":0,"max_hp_gain":0,"max_hp_loss":0,"event_name":"Match and Keep!","floor":8,"gold_loss":0,"cards_obtained":["Redo","Force Field"]},{"damage_healed":0,"gold_gain":0,"player_choice":"Fled","damage_taken":0,"max_hp_gain":0,"max_hp_loss":0,"event_name":"Scrap Ooze","floor":12,"gold_loss":0},{"damage_healed":0,"gold_gain":0,"cards_transformed":["Strike_B","Strike_B"],"player_choice":"Became Test Subject","damage_taken":0,"max_hp_gain":0,"max_hp_loss":0,"event_name":"Drug Dealer","floor":24,"gold_loss":0,"cards_obtained":["Doom and Gloom","Consume"]},{"cards_removed":["Consume"],"damage_healed":0,"gold_gain":0,"player_choice":"Gave Gold","damage_taken":0,"max_hp_gain":0,"max_hp_loss":0,"event_name":"Beggar","floor":25,"gold_loss":75},{"damage_healed":0,"gold_gain":100,"player_choice":"Pray","damage_taken":0,"max_hp_gain":0,"max_hp_loss":0,"event_name":"Golden Shrine","floor":31,"gold_loss":0},{"damage_healed":0,"gold_gain":0,"player_choice":"Paid Gold","damage_taken":0,"relics_obtained":["Smiling Mask"],"max_hp_gain":0,"max_hp_loss":0,"event_name":"WeMeetAgain","floor":44,"gold_loss":126}],"is_beta":false,"boss_relics":[{"not_picked":["Cursed Key","SlaversCollar"],"picked":"SacredBark"},{"not_picked":["Black Star","Astrolabe"],"picked":"Nuclear Battery"}],"items_purged_floors":[3],"is_endless":false,"potions_floor_spawned":[1,4,10,16,20,21,27,38,41,42,45,48],"ascension_level":1}}