{"host":"juuoa7vmvqchtaqr","time":1607986081,"event":{"mods":["AchievementEnabler","BaseMod","BetterRewards","Card Forge","Downfall","Friendly Minions","Hero for Fun","Hubris","Infinite Spire","Kiyohime????","Koishi","Mad Scientist","Marisa????????","Minty Spire (QoL Compilation)","Replay The Spire","StSLib","The Bug Knight","The Construct","The Cursed","The Factory","The Jungle","Yohane!","Yuri Mod","[IsaacMod]????"],"gold_per_floor":[19,294,306,374,424,424,454,454,479,491,516,267,267,280,280,384,384,394,144,106,156,166,166,194,194,263,291,306,306,320,340,340,440,740,757,281,281,314,314,314,352,404,404,440,483,529,529,529],"floor_reached":47,"playtime":1954,"items_purged":[],"score":1075,"play_id":"9ef70415-1abc-480c-b43a-b8b5284e8ad0","local_time":"20201214234801","is_ascension_mode":false,"campfire_choices":[{"floor":6,"key":"RECALL"},{"data":"Serious_Punch","floor":8,"key":"SMITH"},{"data":"Hip_Strike","floor":15,"key":"SMITH"},{"data":"Pot Of Greed","floor":23,"key":"SMITH"},{"data":"Pot Of Greed","floor":25,"key":"SMITH"},{"data":"Magnetism","floor":40,"key":"SMITH"}],"circlet_count":0,"master_deck":["Slap","Serious_Punch+1","CurseOfTheBell","GremboGang","Consecutive_Normal_Punch","Pot Of Greed+1","Pot Of Greed+1","Magnetism+1","Replay:Fractal Strike","Slap+1"],"relics":["Cape","Hammer of Thor","Seething Fire","Anvil of the Gods","HushsDoor","KeepersGift","Pet Ghost","Sling","Replay:Towering Pillar of Hats","Ancient Tea Set","Chameleon Ring","Bag of Preparation","Singing Bowl","Blood Vial","Shuriken","Replay:Ringing Soul","Calling Bell","Bag of Marbles","hubris:Teleporter","hubris:MysteriousPyramids","Grinning Jar","hubris:MobiusCoin","NineVolt","Omamori","Blue Candle","hubris:Backtick","hubris:IronBody","infinitespire:EvilPickle","Boot","Bronze Scales","hubris:Icosahedron","BookofShadows","Bottled Tornado"],"acts_visited":["Exordium","TheCity","TheBeyond"],"potions_floor_usage":[],"damage_taken":[{"damage":0,"enemies":"Small Slimes","floor":1,"turns":2},{"damage":0,"enemies":"Cultist","floor":3,"turns":1},{"damage":0,"enemies":"Hiden Room Battle","floor":5,"turns":1},{"damage":0,"enemies":"Gremlin Nob","floor":7,"turns":1},{"damage":0,"enemies":"2 Louse","floor":10,"turns":1},{"damage":0,"enemies":"HollowMod:MossKnight","floor":11,"turns":1},{"damage":0,"enemies":"Large Slime","floor":14,"turns":1},{"damage":0,"enemies":"Slime Boss","floor":16,"turns":1},{"damage":0,"enemies":"3 Byrds","floor":18,"turns":2},{"damage":0,"enemies":"Hiden Room Battle","floor":21,"turns":2},{"damage":0,"enemies":"Spheric Guardian","floor":22,"turns":1},{"damage":0,"enemies":"Replay:Snechameleon","floor":24,"turns":1},{"damage":0,"enemies":"Book of Stabbing","floor":27,"turns":1},{"damage":0,"enemies":"Snake Plant","floor":28,"turns":1},{"damage":0,"enemies":"Cultist and Chosen","floor":30,"turns":1},{"damage":0,"enemies":"Shelled Parasite and Fungi","floor":31,"turns":1},{"damage":0,"enemies":"Pondfish","floor":33,"turns":3},{"damage":0,"enemies":"3 Shapes","floor":35,"turns":2},{"damage":0,"enemies":"3 Darklings","floor":38,"turns":2},{"damage":0,"enemies":"Spire Growth","floor":41,"turns":1},{"damage":0,"enemies":"Transient","floor":44,"turns":1},{"damage":0,"enemies":"4 Shapes","floor":45,"turns":1},{"damage":0,"enemies":"Writhing Mass","floor":46,"turns":1},{"damage":0,"enemies":"4 Shapes","floor":47,"turns":1}],"seed_played":"-4469534018460851096","potions_obtained":[{"floor":5,"key":"sneckomod:MuddlingPotion"},{"floor":10,"key":"Energy Potion"},{"floor":16,"key":"BlessingOfTheForge"},{"floor":24,"key":"BlessingOfTheForge"}],"is_trial":false,"path_per_floor":["M","?","M","?","?","R","E","R","T","M","E","$","?","M","R","B",null,"M","?","$","?","M","R","E","R","T","E","M","AVR","M","M","R","B",null,"M","$","?","M","AVR","R","M","T","T","M","M","M","M"],"character_chosen":"OPM","items_purchased":["Pet Ghost","Sling","Wear_Disguise+1","Replay:Towering Pillar of Hats","Replay:Ringing Soul","Consecutive_Normal_Punch","Boot","Bronze Scales","Magnetism"],"campfire_rested":0,"item_purchase_floors":[0,0,0,0,12,20,36,36,36],"current_hp_per_floor":[994,994,994,994,994,994,994,994,994,994,994,994,997,1000,1000,1003,1006,1006,1009,1012,1015,1018,1018,1021,1021,1021,1021,1021,1021,1021,1021,1024,1027,1027,1027,1030,1030,1032,1035,1035,1037,1037,1037,1039,1042,1044,-999999,-999999],"gold":529,"neow_bonus":"","is_daily":false,"chose_seed":false,"campfire_upgraded":5,"win_rate":0.0,"timestamp":1607986081,"path_taken":["M","?","M","?","?","R","E","R","T","M","E","$","?","M","R","BOSS","M","?","$","?","M","R","E","R","T","E","M","AVR","M","M","R","BOSS","M","$","?","M","AVR","R","M","?","T","M","M","?","M"],"items_purchased_type":["Relic","Relic","Card","Relic","Relic","Card","Relic","Relic","Card"],"build_version":"2020-12-13","purchased_purges":0,"victory":false,"max_hp_per_floor":[994,994,994,994,994,994,994,994,994,994,994,994,997,1000,1000,1003,1006,1006,1009,1012,1015,1018,1018,1021,1021,1021,1021,1021,1021,1021,1021,1024,1027,1027,1027,1030,1030,1032,1035,1035,1037,1037,1037,1039,1042,1044,1044,1044],"card_choices":[{"not_picked":[],"picked":"SuicideKing","floor":0},{"not_picked":["Side_Hop","Hop"],"picked":"Normal_Punch","floor":1},{"not_picked":["Bomb","Side_Hop"],"picked":"Wear_Disguise","floor":3},{"not_picked":["Toss_Stone","Yawn"],"picked":"Slap","floor":4},{"not_picked":["Yawn","Hop"],"picked":"Normal_Punch","floor":5},{"not_picked":["Hip_Strike","Consecutive_Normal_Punch"],"picked":"Serious_Punch","floor":7},{"not_picked":["Wear_Disguise","Normal_Punch"],"picked":"Bomb","floor":10},{"not_picked":["Slap","Do_Nothing"],"picked":"Bomb","floor":11},{"not_picked":["Normal_Punch","Bomb"],"picked":"Toss_Stone","floor":14},{"not_picked":["Terrifying_Presence","Hip_Strike"],"picked":"Get_Hopes_Up","floor":16},{"not_picked":["Yawn","Hop","Side_Hop"],"picked":"SKIP","floor":18},{"not_picked":["Ignore+1","Toss_Stone+1"],"picked":"Serious_Side_Hops","floor":22},{"not_picked":["Slap","Normal_Punch+1"],"picked":"Consecutive_Normal_Punch","floor":24},{"not_picked":["Hop","Side_Hop","Yawn"],"picked":"SKIP","floor":27},{"not_picked":["Slap","Normal_Punch","Wear_Disguise+1"],"picked":"SKIP","floor":28},{"not_picked":["Normal_Punch+1","Hop+1","Side_Hop"],"picked":"SKIP","floor":30},{"not_picked":["Do_Nothing","Toss_Stone","Ignore"],"picked":"SKIP","floor":31},{"not_picked":["Hip_Strike","Serious_Side_Hops"],"picked":"Terrifying_Presence","floor":33},{"not_picked":["Ignore+1","Side_Hop+1","Do_Nothing+1"],"picked":"SKIP","floor":35},{"not_picked":["Yawn","Hop","Normal_Punch+1"],"picked":"Singing Bowl","floor":38},{"not_picked":["Yawn+1","Wear_Disguise+1","Toss_Stone+1"],"picked":"Singing Bowl","floor":41},{"not_picked":["Normal_Punch+1","Do_Nothing","Slap+1"],"picked":"Singing Bowl","floor":44},{"not_picked":["Consecutive_Normal_Punch","Ignore+1"],"picked":"Slap+1","floor":45},{"not_picked":["Hop+1","Side_Hop","Consecutive_Normal_Punch+1"],"picked":"Singing Bowl","floor":46}],"player_experience":764554,"relics_obtained":[{"floor":4,"key":"Ancient Tea Set"},{"floor":5,"key":"Chameleon Ring"},{"floor":5,"key":"Bag of Preparation"},{"floor":7,"key":"Singing Bowl"},{"floor":9,"key":"Blood Vial"},{"floor":11,"key":"Shuriken"},{"floor":17,"key":"Bag of Marbles"},{"floor":17,"key":"hubris:Teleporter"},{"floor":17,"key":"hubris:MysteriousPyramids"},{"floor":21,"key":"Grinning Jar"},{"floor":21,"key":"hubris:MobiusCoin"},{"floor":24,"key":"NineVolt"},{"floor":27,"key":"Omamori"},{"floor":42,"key":"BookofShadows"},{"floor":43,"key":"Bottled Tornado"}],"event_choices":[{"damage_healed":0,"gold_gain":275,"player_choice":"Desecrate","damage_taken":0,"max_hp_gain":0,"max_hp_loss":0,"event_name":"Golden Shrine","floor":2,"gold_loss":0,"cards_obtained":["Regret"]},{"damage_healed":0,"gold_gain":0,"player_choice":"Fight","damage_taken":0,"max_hp_gain":0,"max_hp_loss":0,"event_name":"HidenRoomEvent","floor":5,"gold_loss":0},{"damage_healed":0,"gold_gain":0,"player_choice":"1 cards matched","damage_taken":0,"max_hp_gain":0,"max_hp_loss":0,"event_name":"Match and Keep!","floor":13,"gold_loss":0,"cards_obtained":["Hip_Strike"]},{"damage_healed":0,"gold_gain":0,"player_choice":"Fight","damage_taken":0,"max_hp_gain":0,"max_hp_loss":0,"event_name":"HidenRoomEvent","floor":21,"gold_loss":0}],"is_beta":false,"boss_relics":[{"not_picked":["Replay:Fungal Core","Replay:Grab Bag"],"picked":"Calling Bell"},{"not_picked":[]},{"not_picked":["hubris:TerracottaHorce","Empty Cage"],"picked":"hubris:Backtick"},{"not_picked":[]}],"items_purged_floors":[],"is_endless":false,"potions_floor_spawned":[5,10,16,18,21,24,31,46],"killed_by":"4 Shapes","ascension_level":0}}