{"host":"j4g6ia6asvpyu2b0","time":1607959877,"event":{"mods":["BaseMod","Colored Map","Minty Spire (QoL Compilation)","Permanent Neow","Quick Restart","Relic Stats","StSLib","Unceasing Turn Reminder"],"gold_per_floor":[364,375,394,394,404,433,433,464,518,518,693,724,734,143,143,238,238,256,118,43,58,18,18,43,55,55,86,86,86,117,134,134,234,234,248,248,258,273,283,309,309,343,369,398,171,188,202,202,202,202,202,202,15,47,47,47],"floor_reached":55,"playtime":1763,"items_purged":["Doubt","Strike_R"],"score":1379,"play_id":"98cea326-07d0-4c56-a5c4-cf22fe47fbb5","local_time":"20201214083117","is_ascension_mode":true,"campfire_choices":[{"data":"Shockwave","floor":7.0,"key":"SMITH"},{"data":"Bash","floor":10.0,"key":"SMITH"},{"data":"1","floor":15.0,"key":"LIFT"},{"data":"2","floor":23.0,"key":"LIFT"},{"data":"3","floor":28.0,"key":"LIFT"},{"data":"Limit Break","floor":32.0,"key":"SMITH"},{"floor":41.0,"key":"RECALL"},{"data":"Madness","floor":49,"key":"SMITH"},{"data":"Discovery","floor":52,"key":"SMITH"}],"circlet_count":0,"master_deck":["Strike_R","Strike_R","Strike_R","Strike_R","Defend_R+1","Defend_R","Defend_R","Bash+1","Anger","Pummel+1","Shockwave+1","Hemokinesis","Carnage","Metallicize","Double Tap","Discovery+1","Bludgeon","Thunderclap+1","Immolate","Clothesline+1","Evolve","Twin Strike+1","Rage+1","Pommel Strike","Limit Break+1","Battle Trance","Feed","Cleave","Pain","Havoc+1","Clothesline+1","Flame Barrier","Entrench+1","Infernal Blade","Feel No Pain+1","Pommel Strike+1","Madness","Madness+1","Sword Boomerang","Burning Pact","Limit Break"],"relics":["Burning Blood","Pear","Letter Opener","Anchor","MealTicket","Brimstone","Girya","Runic Dome","HornCleat","Frozen Egg 2","War Paint","Nilry\u0027s Codex","Ice Cream","Busted Crown","WarpedTongs","Pocketwatch","Whetstone","Vajra","PreservedInsect","Mummified Hand"],"acts_visited":["Exordium","TheCity","TheBeyond","TheEnding"],"potions_floor_usage":[55,55,55],"damage_taken":[{"damage":10.0,"enemies":"Jaw Worm","floor":1.0,"turns":6.0},{"damage":4.0,"enemies":"2 Louse","floor":2.0,"turns":2.0},{"damage":0.0,"enemies":"Cultist","floor":3.0,"turns":2.0},{"damage":13.0,"enemies":"Blue Slaver","floor":5.0,"turns":2.0},{"damage":21.0,"enemies":"Lagavulin","floor":6.0,"turns":6.0},{"damage":10.0,"enemies":"Gremlin Nob","floor":8.0,"turns":3.0},{"damage":10.0,"enemies":"Lagavulin","floor":12.0,"turns":7.0},{"damage":0.0,"enemies":"Large Slime","floor":13.0,"turns":4.0},{"damage":2.0,"enemies":"Slime Boss","floor":16.0,"turns":5.0},{"damage":0.0,"enemies":"Spheric Guardian","floor":18.0,"turns":3.0},{"damage":5.0,"enemies":"Shell Parasite","floor":21.0,"turns":3.0},{"damage":13.0,"enemies":"Gremlin Leader","floor":24.0,"turns":4.0},{"damage":2.0,"enemies":"Centurion and Healer","floor":25.0,"turns":3.0},{"damage":0.0,"enemies":"Slavers","floor":27.0,"turns":3.0},{"damage":2.0,"enemies":"Gremlin Leader","floor":30.0,"turns":3.0},{"damage":3.0,"enemies":"Shelled Parasite and Fungi","floor":31.0,"turns":3.0},{"damage":17.0,"enemies":"Collector","floor":33.0,"turns":4.0},{"damage":0.0,"enemies":"3 Darklings","floor":35.0,"turns":2.0},{"damage":0.0,"enemies":"Orb Walker","floor":37.0,"turns":1.0},{"damage":3.0,"enemies":"Transient","floor":38.0,"turns":5.0},{"damage":21.0,"enemies":"Maw","floor":39.0,"turns":5.0},{"damage":7.0,"enemies":"Giant Head","floor":40.0,"turns":5.0},{"damage":2.0,"enemies":"Reptomancer","floor":42.0,"turns":2.0},{"damage":6,"enemies":"Giant Head","floor":44,"turns":4},{"damage":0,"enemies":"Jaw Worm Horde","floor":46,"turns":2},{"damage":11,"enemies":"Writhing Mass","floor":47,"turns":2},{"damage":47,"enemies":"Donu and Deca","floor":50,"turns":6},{"damage":2,"enemies":"Shield and Spear","floor":54,"turns":3}],"seed_played":"3396309383917302643","potions_obtained":[{"floor":2.0,"key":"SneckoOil"},{"floor":8.0,"key":"SkillPotion"},{"floor":16.0,"key":"LiquidMemories"},{"floor":18.0,"key":"Fire Potion"},{"floor":25.0,"key":"ColorlessPotion"},{"floor":30.0,"key":"BlessingOfTheForge"},{"floor":33.0,"key":"GamblersBrew"},{"floor":42.0,"key":"PowerPotion"},{"floor":47,"key":"LiquidMemories"}],"is_trial":false,"path_per_floor":["M","M","M","?","M","E","R","E","T","R","?","E","M","$","R","B",null,"M","$","?","M","$","R","E","M","T","E","R","?","E","M","R","B",null,"M","?","M","M","M","E","R","E","T","E","$","M","M","?","R","B",null,"R","$","E","B"],"character_chosen":"IRONCLAD","items_purchased":["Brimstone","Girya","Discovery","Immolate","Evolve","PreservedInsect","Feel No Pain+1","Sword Boomerang","Burning Pact"],"campfire_rested":0,"item_purchase_floors":[14,14,14,19,22,45,45,53,53],"current_hp_per_floor":[52,54,60,53,46,41,41,37,37,37,37,33,39,54,54,58,90,90,90,90,90,90,90,83,87,87,90,90,74,78,81,81,70,90,90,90,90,90,75,74,74,78,78,78,90,93,91,79,79,38,96,96,96,100,0,0],"gold":47,"neow_bonus":"TWO_FIFTY_GOLD","is_daily":false,"chose_seed":false,"campfire_upgraded":5,"win_rate":0.0,"timestamp":1607959877,"path_taken":["M","M","M","?","M","E","R","E","T","R","?","E","M","$","R","BOSS","M","$","?","M","$","R","E","M","T","E","R","?","E","M","R","BOSS","M","?","?","M","M","E","R","E","T","E","$","M","M","?","R","BOSS","R","$","E","BOSS"],"items_purchased_type":["Relic","Relic","Card","Card","Card","Relic","Card","Card","Card"],"build_version":"2020-12-13","purchased_purges":2,"victory":false,"max_hp_per_floor":[80,80,80,80,80,90,90,90,90,90,90,90,90,90,90,90,90,90,90,90,90,90,90,90,90,90,90,90,90,90,90,90,90,90,90,90,90,90,90,90,90,90,90,90,90,93,96,96,96,96,96,96,96,100,100,100],"relic_stats":{"Busted Crown":20,"counters":[29,106],"Mummified Hand":[8],"MealTicket":27,"PreservedInsect":68,"Letter Opener":[107],"Whetstone":["Pummel","Thunderclap"],"War Paint":["Rage","Defend_R"],"obtain_stats":[{"Ice Cream":30,"Girya":14,"Pear":6,"Nilry\u0027s Codex":29,"Vajra":44,"PreservedInsect":45,"Letter Opener":8,"Whetstone":42,"Frozen Egg 2":26,"War Paint":27,"Burning Blood":0,"WarpedTongs":36,"Runic Dome":17,"Anchor":9,"HornCleat":24,"Busted Crown":34,"Brimstone":14,"Mummified Hand":54,"MealTicket":12,"Pocketwatch":40},{"Ice Cream":15,"Girya":8,"Pear":5,"Nilry\u0027s Codex":14,"Vajra":24,"PreservedInsect":24,"Letter Opener":6,"Whetstone":23,"Frozen Egg 2":13,"War Paint":14,"Burning Blood":0,"WarpedTongs":18,"Runic Dome":9,"Anchor":6,"HornCleat":12,"Busted Crown":17,"Brimstone":8,"Mummified Hand":28,"MealTicket":7,"Pocketwatch":22},{"Ice Cream":56,"Girya":32,"Pear":18,"Nilry\u0027s Codex":53,"Vajra":87,"PreservedInsect":87,"Letter Opener":21,"Whetstone":83,"Frozen Egg 2":50,"War Paint":53,"Burning Blood":0,"WarpedTongs":65,"Runic Dome":37,"Anchor":21,"HornCleat":47,"Busted Crown":63,"Brimstone":32,"Mummified Hand":100,"MealTicket":28,"Pocketwatch":81}],"Burning Blood":133,"WarpedTongs":[41],"Pocketwatch":[9]},"card_choices":[{"not_picked":["Headbutt","Second Wind"],"picked":"Anger","floor":1.0},{"not_picked":["Cleave","Pommel Strike"],"picked":"Perfected Strike","floor":2.0},{"not_picked":["Pommel Strike","Sever Soul"],"picked":"Pummel","floor":3.0},{"not_picked":["Combust","Clash"],"picked":"Shockwave","floor":5.0},{"not_picked":["Pommel Strike","Headbutt"],"picked":"Hemokinesis","floor":6.0},{"not_picked":["Rupture","Bloodletting"],"picked":"Carnage","floor":8.0},{"not_picked":["Second Wind","Evolve"],"picked":"Metallicize","floor":12.0},{"not_picked":["Sword Boomerang","Cleave"],"picked":"Double Tap","floor":13.0},{"not_picked":["Brutality","Barricade"],"picked":"Bludgeon","floor":16.0},{"not_picked":["Dual Wield+1","True Grit"],"picked":"Thunderclap","floor":18.0},{"not_picked":["Cleave","Body Slam"],"picked":"Clothesline+1","floor":21.0},{"not_picked":["Disarm","Armaments"],"picked":"Twin Strike+1","floor":24.0},{"not_picked":["Wild Strike+1","Cleave"],"picked":"Rage","floor":25.0},{"not_picked":["Bloodletting","Metallicize+1"],"picked":"Pommel Strike","floor":27.0},{"not_picked":["Reckless Charge","Flame Barrier"],"picked":"Limit Break","floor":30.0},{"not_picked":["Iron Wave","Ghostly Armor"],"picked":"Battle Trance","floor":31.0},{"not_picked":["Immolate","Exhume"],"picked":"Feed","floor":33.0},{"not_picked":[],"picked":"Cleave","floor":35.0},{"not_picked":[],"picked":"Havoc+1","floor":37.0},{"not_picked":[],"picked":"Clothesline+1","floor":38.0},{"not_picked":[],"picked":"Flame Barrier","floor":39.0},{"not_picked":[],"picked":"Entrench+1","floor":40.0},{"not_picked":["Armaments"],"picked":"SKIP","floor":42.0},{"not_picked":[],"picked":"Infernal Blade","floor":44},{"not_picked":["Armaments"],"picked":"SKIP","floor":46},{"not_picked":[],"picked":"Pommel Strike+1","floor":47},{"not_picked":[],"picked":"Limit Break","floor":54}],"player_experience":646108,"relics_obtained":[{"floor":6.0,"key":"Pear"},{"floor":8.0,"key":"Letter Opener"},{"floor":9.0,"key":"Anchor"},{"floor":12.0,"key":"MealTicket"},{"floor":24.0,"key":"HornCleat"},{"floor":26.0,"key":"Frozen Egg 2"},{"floor":27.0,"key":"War Paint"},{"floor":29.0,"key":"Nilry\u0027s Codex"},{"floor":30.0,"key":"Ice Cream"},{"floor":40.0,"key":"Pocketwatch"},{"floor":42.0,"key":"Whetstone"},{"floor":44,"key":"Vajra"},{"floor":54,"key":"Mummified Hand"}],"event_choices":[{"cards_removed":["Defend_R"],"damage_healed":0.0,"max_hp_gain":0.0,"max_hp_loss":0.0,"gold_gain":0.0,"event_name":"Golden Wing","player_choice":"Card Removal","floor":4.0,"gold_loss":0.0,"damage_taken":7.0},{"damage_healed":0.0,"max_hp_gain":0.0,"max_hp_loss":0.0,"gold_gain":175.0,"event_name":"Liars Game","player_choice":"AGREE","floor":11.0,"gold_loss":0.0,"damage_taken":0.0,"cards_obtained":["Doubt"]},{"cards_removed":["Perfected Strike"],"damage_healed":0.0,"max_hp_gain":0.0,"max_hp_loss":0.0,"gold_gain":0.0,"event_name":"Beggar","player_choice":"Gave Gold","floor":20.0,"gold_loss":75.0,"damage_taken":0.0},{"damage_healed":0.0,"max_hp_gain":0.0,"max_hp_loss":0.0,"gold_gain":0.0,"event_name":"Cursed Tome","player_choice":"Obtained Book","floor":29.0,"gold_loss":0.0,"damage_taken":16.0},{"damage_healed":0.0,"max_hp_gain":0.0,"max_hp_loss":0.0,"gold_gain":0.0,"event_name":"Accursed Blacksmith","player_choice":"Rummage","floor":36.0,"gold_loss":0.0,"damage_taken":0.0,"relics_obtained":["WarpedTongs"],"cards_obtained":["Pain"]},{"damage_healed":0,"gold_gain":0,"player_choice":"Embrace Madness","damage_taken":12,"max_hp_gain":0,"max_hp_loss":0,"event_name":"Winding Halls","floor":48,"gold_loss":0,"cards_obtained":["Madness","Madness"]}],"is_beta":false,"boss_relics":[{"not_picked":["Calling Bell","SlaversCollar"],"picked":"Runic Dome"},{"not_picked":["Mark of Pain","Runic Pyramid"],"picked":"Busted Crown"}],"items_purged_floors":[14,53],"is_endless":false,"potions_floor_spawned":[2,8,16,18,25,30,33,37,42,44,47],"killed_by":"The Heart","ascension_level":2}}