{"host":"t6j3b2be3h8sm33f","time":1607926182,"event":{"mods":["BaseMod","Better Match","Better Skull","Colored Map","Colored Powertips","Downfall","Highlight Path","Infinite Spire","Jedi Mod","Minty Spire (QoL Compilation)","Quick Restart","Rare Cards Sparkle","Replay The Spire","StSLib","The Cursed"],"gold_per_floor":[99,160,178,6,20,53,53,53,67,100,117,129,145,163,183,288,288,213,229,245,245,245,265,265,190,215,215,265,265,265,289,330,471,571,571,602,602,655,675,675],"floor_reached":39,"playtime":3212,"items_purged":[],"score":565,"play_id":"fe088125-6844-4071-963c-91f33849d8be","local_time":"20201214010942","is_ascension_mode":false,"campfire_choices":[{"data":"Slimebound:Split","floor":1,"key":"SMITH"},{"data":"Slimebound:LeechEnergy","floor":8,"key":"SMITH"},{"floor":18,"key":"RECALL"},{"floor":25,"key":"REST"},{"data":"Slimebound:DuplicatedForm","floor":27,"key":"SMITH"},{"data":"Slimebound:LeechLife","floor":35,"key":"SMITH"}],"circlet_count":0,"master_deck":["Slimebound:Tackle+1","Slimebound:Defend_Slimebound","Slimebound:Defend_Slimebound","Slimebound:Defend_Slimebound","Slimebound:Defend_Slimebound","Slimebound:Split+1","Slimebound:CorrosiveSpit","Slimebound:LeechEnergy+1","Slimebound:ItLooksTasty","Slimebound:LeechingTouch","Slimebound:DuplicatedForm+1","Slimebound:ComboTackle","Slimebound:HauntingLick","Slimebound:TongueLash","Slimebound:SlimeSpikes","Slimebound:Dissolve","Slimebound:LeechingTouch","Slimebound:SplitLeeching","Slimebound:OozeBath","Slimebound:Schlurp","Slimebound:GoopSpray+1","Writhe","Slimebound:SamplingLick+1","Slimebound:SplitLeeching","Shame","Slimebound:SplitBruiser+1","Slimebound:Repurpose+1","Normality","Slimebound:LeechLife+1","jedi:frostbite","Slimebound:RallyTheTroops+1","Slimebound:SlimeSlap+1","Slimebound:SlimeSpikes+1","Slimebound:SpikyOuterGoop","Slimebound:RainOfGoop+1","Replay:Hysterical Blindness"],"relics":["Slimebound:AbsorbEndCombatUpgraded","Whetstone","Replay:Mystery Machine","Blue Doll","Honey Jar","downfall:HeartBlessingBlue","MealTicket","Counterbalance","downfall:HeartBlessingRed","Snack Pack","Ring of Greed","Ring of Fury","infinitespire:Midas Blood","Golden Idol","jedi:angrymask","Replay:Grab Bag","Replay:Bronze Core","Replay:Wanted Poster","Astrolabe"],"acts_visited":["Exordium","TheCity","TheBeyond"],"potions_floor_usage":[4,10,12,16,16,26,26,32,33,33,33,36],"damage_taken":[{"damage":42,"enemies":"3 Sentries","floor":2,"turns":8},{"damage":9,"enemies":"2 Louse","floor":3,"turns":3},{"damage":26,"enemies":"downfall:FleeingMerchant","floor":4,"turns":4},{"damage":17,"enemies":"Jaw Worm","floor":5,"turns":4},{"damage":48,"enemies":"Replay:BlueRogue","floor":6,"turns":5},{"damage":11,"enemies":"Cultist","floor":9,"turns":2},{"damage":9,"enemies":"Gremlin Nob","floor":10,"turns":2},{"damage":8,"enemies":"Exordium Thugs","floor":11,"turns":2},{"damage":24,"enemies":"2 Fungi Beasts","floor":12,"turns":2},{"damage":13,"enemies":"Blue Slaver","floor":13,"turns":2},{"damage":36,"enemies":"Exordium Wildlife","floor":14,"turns":4},{"damage":36,"enemies":"Gremlin Gang","floor":15,"turns":4},{"damage":65,"enemies":"downfall:Defect","floor":16,"turns":5},{"damage":60,"enemies":"Spheric Guardian","floor":19,"turns":5},{"damage":25,"enemies":"3 Byrds","floor":20,"turns":4},{"damage":54,"enemies":"Snake Plant","floor":23,"turns":4},{"damage":48,"enemies":"Gremlin Leader","floor":26,"turns":3},{"damage":28,"enemies":"Chosen and Byrds","floor":31,"turns":4},{"damage":39,"enemies":"3 Cultists","floor":32,"turns":5},{"damage":36,"enemies":"downfall:Silent","floor":33,"turns":5},{"damage":44,"enemies":"Orb Walker","floor":36,"turns":4},{"damage":99,"enemies":"3 Darklings","floor":38,"turns":8},{"damage":86,"enemies":"Giant Head","floor":39,"turns":7}],"seed_played":"-1257131794162651336","potions_obtained":[{"floor":3,"key":"Death Potion"},{"floor":6,"key":"LiquidMemories"},{"floor":9,"key":"DuplicationPotion"},{"floor":11,"key":"champ:CounterPotion"},{"floor":12,"key":"CultistPotion"},{"floor":14,"key":"jedi:StrikingPotion"},{"floor":16,"key":"SpeedPotion"},{"floor":20,"key":"LiquidBronze"},{"floor":23,"key":"jedi:StrikingPotion"},{"floor":26,"key":"LifebloodPotion"},{"floor":29,"key":"CultistPotion"},{"floor":33,"key":"Elixir"},{"floor":36,"key":"Fruit Juice"}],"is_trial":false,"path_per_floor":["R","?","M","$","M","E","T","R","M","E","M","M","M","M","M","B",null,"R","M","M","AVR","?","M","T","R","E","R","?","?","?","M","M","B",null,"R","M","?","M","E"],"character_chosen":"SLIMEBOUND","items_purchased":["Slimebound:DuplicatedForm"],"campfire_rested":1,"item_purchase_floors":[4],"current_hp_per_floor":[60,42,49,48,51,38,38,38,47,46,50,45,52,51,35,16,60,70,49,52,52,52,33,33,54,26,26,26,26,26,41,34,50,70,70,75,75,53,0,0],"gold":675,"neow_bonus":"TRANSFORM_CARD","is_daily":false,"chose_seed":false,"campfire_upgraded":4,"win_rate":0.0,"timestamp":1607926182,"path_taken":["R","?","M","?","?","E","T","R","M","E","M","M","M","?","M","BOSS","R","M","M","AVR","?","M","T","R","E","R","?","?","?","?","M","BOSS","R","M","?","M","E"],"items_purchased_type":["Card"],"build_version":"2020-12-13","purchased_purges":0,"victory":false,"max_hp_per_floor":[60,60,60,60,60,60,60,60,60,60,60,60,60,60,60,60,60,70,70,70,70,70,70,70,70,70,70,70,70,70,70,70,70,70,70,75,75,75,75,75],"card_choices":[{"not_picked":["Slimebound:FlameTackle","Slimebound:FinishingTackle"],"picked":"Slimebound:ItLooksTasty","floor":3},{"not_picked":["Slimebound:ComboTackle","Slimebound:GoopTackle"],"picked":"Slimebound:LeechingTouch","floor":4},{"not_picked":["Slimebound:ForwardTackle","Slimebound:SlimeBarrage"],"picked":"Slimebound:ViciousTackle","floor":5},{"not_picked":["Slimebound:GoopSpray","Slimebound:SplitBruiser"],"picked":"Slimebound:ComboTackle","floor":6},{"not_picked":["Slimebound:SplitMire","Slimebound:ProtectTheBoss"],"picked":"Slimebound:HauntingLick","floor":9},{"not_picked":["Slimebound:RollThrough","Slimebound:SlimeSpikes"],"picked":"Slimebound:TongueLash","floor":10},{"not_picked":["Slimebound:PressTheAttack","Slimebound:Teamwork"],"picked":"Slimebound:SlimeSpikes","floor":11},{"not_picked":["Slimebound:Schlurp","Slimebound:SplitMire"],"picked":"Slimebound:Dissolve","floor":12},{"not_picked":["Slimebound:RollThrough","Slimebound:SlimeSpikes"],"picked":"Slimebound:LeechingTouch","floor":13},{"not_picked":["Slimebound:FinishingTackle","Slimebound:ViciousTackle"],"picked":"Slimebound:SplitLeeching","floor":14},{"not_picked":["Slimebound:GoopSpray","Slimebound:RollThrough"],"picked":"Slimebound:DouseInSlime","floor":15},{"not_picked":["Slimebound:Overexert","Slimebound:DouseInSlime"],"picked":"Slimebound:OozeBath","floor":16},{"not_picked":["Slimebound:FinishingTackle+1","Slimebound:SplitAcid+1","Slimebound:SlimeBarrage"],"picked":"Slimebound:Schlurp","floor":19},{"not_picked":["Slimebound:ProtectTheBoss","Slimebound:RollThrough+1","Slimebound:Schlurp+1"],"picked":"Slimebound:GoopSpray+1","floor":20},{"not_picked":["Slimebound:FinishingTackle","Slimebound:PrepareCrush","Slimebound:RollThrough"],"picked":"Slimebound:SamplingLick+1","floor":23},{"not_picked":["Slimebound:FlameTackle","Slimebound:SplitAcid+1","Slimebound:SlimeTap"],"picked":"Slimebound:SplitLeeching","floor":26},{"not_picked":["Slimebound:SamplingLick","Slimebound:LeechingTouch","Slimebound:SlimeSpikes"],"picked":"Slimebound:SplitBruiser+1","floor":31},{"not_picked":["Slimebound:GrowthPunch","Slimebound:ComboTackle+1","Slimebound:SplitMire"],"picked":"Slimebound:Repurpose+1","floor":32},{"not_picked":["Slimebound:SelfFormingGoo","Slimebound:MassFeed","Slimebound:Teamwork"],"picked":"Slimebound:LeechLife","floor":33},{"not_picked":["Slimebound:RainOfGoop","Slimebound:SlimeSpikes+1","Slimebound:LeechEnergy"],"picked":"Slimebound:SpikyOuterGoop","floor":36},{"not_picked":["Slimebound:SplitAcid+1","Slimebound:Overexert","Slimebound:SplitBruiser"],"picked":"Slimebound:RainOfGoop+1","floor":38}],"player_experience":42244,"relics_obtained":[{"floor":2,"key":"Whetstone"},{"floor":6,"key":"Replay:Mystery Machine"},{"floor":10,"key":"Blue Doll"},{"floor":24,"key":"Counterbalance"},{"floor":26,"key":"Snack Pack"},{"floor":28,"key":"Ring of Greed"},{"floor":28,"key":"Ring of Fury"},{"floor":28,"key":"infinitespire:Midas Blood"},{"floor":28,"key":"Golden Idol"}],"event_choices":[{"damage_healed":0,"gold_gain":0,"player_choice":"Stole Relic","damage_taken":0,"relics_obtained":["jedi:angrymask"],"max_hp_gain":0,"max_hp_loss":0,"event_name":"Addict","floor":30,"gold_loss":0,"cards_obtained":["Shame"]},{"cards_removed":["Slimebound:ViciousTackle"],"damage_healed":0,"gold_gain":0,"player_choice":"Removed Attack","damage_taken":0,"max_hp_gain":0,"max_hp_loss":0,"event_name":"Falling","floor":37,"gold_loss":0}],"is_beta":false,"boss_relics":[{"not_picked":["Slimebound:TarBlob","SacredBark"],"picked":"Honey Jar"},{"not_picked":["Cursed Key","Philosopher\u0027s Stone"],"picked":"Replay:Grab Bag"},{"not_picked":["Coffee Dripper","Sozu"],"picked":"Replay:Bronze Core"},{"not_picked":["Runic Dome","jedi:hotpepper"],"picked":"Replay:Wanted Poster"},{"not_picked":["Snecko Eye","Empty Cage"],"picked":"Slimebound:AbsorbEndCombatUpgraded"},{"not_picked":["Ring of Chaos","SlaversCollar"],"picked":"Astrolabe"}],"items_purged_floors":[],"is_endless":false,"potions_floor_spawned":[3,6,9,11,12,14,16,20,23,26,33,36],"killed_by":"Giant Head","ascension_level":0}}