{"host":"gzwwvnucm264f2jm","time":1607977457,"event":{"mods":["AchievementEnabler","BaseMod","Better Note","BetterRewards","Colored Map","Minty Spire (QoL Compilation)","Permanent Neow","Quick Restart","Rare Cards Sparkle","Slay-I","Spicy Shops","StSLib","SuperFastMode"],"gold_per_floor":[109,109,123,198,214,214,214,245,245,278,307,339,351,351,351,447,447,458,368,368,368,368,397,430,430,430,430,459,491,491,505,505,600,600,613,613,628,374,424,424,424,424,451,451,486,183,183,215,215,215],"floor_reached":51,"playtime":1512,"items_purged":["Normality","Rage+1"],"score":1201,"play_id":"022255c7-0f79-40f8-8611-c06de82f03c6","local_time":"20201214152417","daily_mods":["Draft","Vintage","Flight"],"is_ascension_mode":false,"campfire_choices":[{"data":"Armaments","floor":6,"key":"SMITH"},{"data":"Dual Wield","floor":7,"key":"SMITH"},{"data":"Metallicize","floor":15,"key":"SMITH"},{"data":"Barricade","floor":25,"key":"SMITH"},{"data":"Entrench","floor":27,"key":"SMITH"},{"data":"Flex","floor":32,"key":"PURGE"},{"data":"Inflame","floor":40,"key":"PURGE"},{"data":"Sword Boomerang","floor":41,"key":"PURGE"},{"data":"Pommel Strike","floor":42,"key":"PURGE"},{"floor":47,"key":"REST"},{"floor":49,"key":"REST"}],"circlet_count":0,"master_deck":["Armaments+1","Body Slam","Shrug It Off+1","Dual Wield+1","Metallicize+1","Entrench+1","Body Slam","Shrug It Off","Impervious","Offering","Trip","Battle Trance+1","Barricade+1","Entrench+1"],"relics":["Burning Blood","Mummified Hand","Peace Pipe","Anchor","Bottled Tornado","Lantern","Boot","MealTicket","Toy Ornithopter","Molten Egg 2","Philosopher\u0027s Stone","Self Forming Clay","Gremlin Horn","Ornamental Fan","Magic Flower","InkBottle","Thread and Needle","Toxic Egg 2","Blood Vial","Fusion Hammer","Bronze Scales","Smiling Mask","ClockworkSouvenir","Oddly Smooth Stone","Ancient Tea Set","Art of War","Question Card","Bottled Lightning","Omamori"],"acts_visited":["Exordium","TheCity","TheBeyond"],"potions_floor_usage":[],"damage_taken":[{"damage":4,"enemies":"Small Slimes","floor":1,"turns":5},{"damage":1,"enemies":"2 Louse","floor":3,"turns":2},{"damage":3,"enemies":"Cultist","floor":5,"turns":4},{"damage":0,"enemies":"3 Sentries","floor":8,"turns":8},{"damage":0,"enemies":"Gremlin Nob","floor":10,"turns":4},{"damage":0,"enemies":"Lagavulin","floor":11,"turns":4},{"damage":11,"enemies":"Gremlin Nob","floor":12,"turns":3},{"damage":0,"enemies":"Blue Slaver","floor":13,"turns":3},{"damage":28,"enemies":"Hexaghost","floor":16,"turns":10},{"damage":6,"enemies":"Shell Parasite","floor":18,"turns":1},{"damage":6,"enemies":"Book of Stabbing","floor":23,"turns":2},{"damage":6,"enemies":"Gremlin Leader","floor":24,"turns":1},{"damage":0,"enemies":"Book of Stabbing","floor":28,"turns":2},{"damage":6,"enemies":"Gremlin Leader","floor":29,"turns":2},{"damage":6,"enemies":"3 Byrds","floor":31,"turns":2},{"damage":6,"enemies":"Champ","floor":33,"turns":6},{"damage":0,"enemies":"3 Shapes","floor":35,"turns":3},{"damage":6,"enemies":"3 Darklings","floor":37,"turns":2},{"damage":6,"enemies":"Mind Bloom Boss Battle","floor":39,"turns":2},{"damage":6,"enemies":"Giant Head","floor":45,"turns":2},{"damage":6,"enemies":"Nemesis","floor":48,"turns":1},{"damage":6,"enemies":"Time Eater","floor":50,"turns":2}],"seed_played":"-2343048667199989218","potions_obtained":[{"floor":1,"key":"SpeedPotion"},{"floor":3,"key":"Dexterity Potion"},{"floor":31,"key":"Dexterity Potion"},{"floor":37,"key":"EssenceOfSteel"}],"is_trial":true,"path_per_floor":["M","?","M","?","M","R","R","E","T","E","E","E","M","?","R","B",null,"M","$","?","$","?","E","E","R","T","R","E","E","?","M","R","B",null,"M","?","M","$","?","R","R","R","T","T","E","$","R","E","R","B",null],"character_chosen":"IRONCLAD","items_purchased":["Trip","ClockworkSouvenir","Oddly Smooth Stone","Bottled Lightning"],"campfire_rested":2,"item_purchase_floors":[19,38,38,46],"current_hp_per_floor":[80,64,69,61,64,64,64,70,70,76,80,75,80,80,80,58,80,80,80,80,80,80,80,80,80,80,80,80,80,80,80,80,80,80,80,80,80,80,80,80,80,80,80,80,80,80,80,80,80,80],"gold":215,"neow_bonus":"","is_daily":false,"chose_seed":false,"campfire_upgraded":5,"win_rate":0.0,"timestamp":1607977457,"path_taken":["M","?","M","?","M","R","R","E","T","E","E","E","?","?","R","BOSS","M","$","?","$","?","E","E","R","T","R","E","E","?","?","R","BOSS","M","?","?","$","?","R","R","R","T","?","E","$","R","E","R","BOSS"],"items_purchased_type":["Card","Relic","Relic","Relic"],"build_version":"2020-12-13","purchased_purges":2,"victory":true,"max_hp_per_floor":[80,80,80,80,80,80,80,80,80,80,80,80,80,80,80,80,80,80,80,80,80,80,80,80,80,80,80,80,80,80,80,80,80,80,80,80,80,80,80,80,80,80,80,80,80,80,80,80,80,80],"card_choices":[{"not_picked":["Second Wind","Spot Weakness"],"picked":"Armaments","floor":0},{"not_picked":["Heavy Blade","Clothesline"],"picked":"Seeing Red","floor":0},{"not_picked":["Infernal Blade","Clothesline"],"picked":"Body Slam","floor":0},{"not_picked":["Pummel","Sever Soul"],"picked":"Rage","floor":0},{"not_picked":["Warcry","Cleave"],"picked":"Shrug It Off","floor":0},{"not_picked":["Iron Wave","Headbutt"],"picked":"Pommel Strike","floor":0},{"not_picked":["Feel No Pain","Clothesline"],"picked":"Inflame","floor":0},{"not_picked":["Reckless Charge","Headbutt"],"picked":"Flex","floor":0},{"not_picked":["Armaments","Wild Strike"],"picked":"Sword Boomerang","floor":0},{"not_picked":["Iron Wave","Dropkick"],"picked":"Dual Wield","floor":0},{"not_picked":["Cleave","Flex"],"picked":"Metallicize","floor":0},{"not_picked":["Rampage","Sever Soul"],"picked":"Entrench","floor":0},{"not_picked":["Warcry","Feel No Pain"],"picked":"Body Slam","floor":0},{"not_picked":["Perfected Strike","Havoc"],"picked":"Seeing Red","floor":0},{"not_picked":["Pommel Strike","Anger"],"picked":"Shrug It Off","floor":0},{"not_picked":["Bloodletting","Shockwave"],"picked":"Impervious","floor":8},{"not_picked":["Iron Wave","Clothesline","Infernal Blade"],"picked":"SKIP","floor":10},{"not_picked":["Wild Strike","Clash","Clothesline"],"picked":"SKIP","floor":11},{"not_picked":["Thunderclap","Cleave","Fire Breathing"],"picked":"SKIP","floor":12},{"not_picked":["Bludgeon+1","Brutality"],"picked":"Offering","floor":16},{"not_picked":["True Grit+1","Wild Strike+1"],"picked":"Battle Trance+1","floor":23},{"not_picked":["Armaments","Havoc"],"picked":"Barricade","floor":24},{"not_picked":["Pummel+1","Flex","Shrug It Off"],"picked":"SKIP","floor":28},{"not_picked":["Sever Soul+1","True Grit+1","Havoc+1"],"picked":"SKIP","floor":29},{"not_picked":["Disarm+1","Evolve","Shockwave+1"],"picked":"SKIP","floor":45},{"not_picked":["Clash+1","Thunderclap+1","Body Slam+1","Hemokinesis+1"],"picked":"SKIP","floor":48}],"player_experience":427278,"relics_obtained":[{"floor":1,"key":"Mummified Hand"},{"floor":3,"key":"Peace Pipe"},{"floor":5,"key":"Anchor"},{"floor":8,"key":"Bottled Tornado"},{"floor":9,"key":"Lantern"},{"floor":10,"key":"Boot"},{"floor":11,"key":"MealTicket"},{"floor":12,"key":"Toy Ornithopter"},{"floor":13,"key":"Molten Egg 2"},{"floor":18,"key":"Self Forming Clay"},{"floor":23,"key":"Ornamental Fan"},{"floor":24,"key":"Magic Flower"},{"floor":26,"key":"InkBottle"},{"floor":28,"key":"Thread and Needle"},{"floor":29,"key":"Toxic Egg 2"},{"floor":31,"key":"Blood Vial"},{"floor":35,"key":"Bronze Scales"},{"floor":37,"key":"Smiling Mask"},{"floor":43,"key":"Ancient Tea Set"},{"floor":44,"key":"Art of War"},{"floor":45,"key":"Question Card"},{"floor":48,"key":"Omamori"}],"event_choices":[{"damage_healed":0,"gold_gain":0,"player_choice":"Entered Light","damage_taken":16,"max_hp_gain":0,"max_hp_loss":0,"event_name":"Shining Light","floor":2,"gold_loss":0,"cards_upgraded":["Rage","Shrug It Off"]},{"damage_healed":0,"gold_gain":75,"player_choice":"Touch","damage_taken":8,"max_hp_gain":0,"max_hp_loss":0,"event_name":"FaceTrader","floor":4,"gold_loss":0},{"cards_removed":["Seeing Red"],"damage_healed":0,"gold_gain":0,"player_choice":"Offered Uncommon","damage_taken":0,"max_hp_gain":0,"max_hp_loss":0,"event_name":"Bonfire Elementals","floor":14,"gold_loss":0},{"damage_healed":0,"gold_gain":0,"player_choice":"Ignored","damage_taken":0,"max_hp_gain":0,"max_hp_loss":0,"event_name":"N\u0027loth","floor":20,"gold_loss":0},{"cards_removed":["Seeing Red"],"damage_healed":0,"gold_gain":0,"player_choice":"Gave Card","damage_taken":0,"relics_obtained":["Gremlin Horn"],"max_hp_gain":0,"max_hp_loss":0,"event_name":"WeMeetAgain","floor":22,"gold_loss":0},{"damage_healed":0,"gold_gain":0,"player_choice":"Ignored","damage_taken":0,"max_hp_gain":0,"max_hp_loss":0,"event_name":"betterNote:BetterNote","floor":30,"gold_loss":0,"cards_obtained":["Trip"]},{"damage_healed":0,"gold_gain":0,"player_choice":"Copied","damage_taken":0,"max_hp_gain":0,"max_hp_loss":0,"event_name":"Duplicator","floor":36,"gold_loss":0,"cards_obtained":["Entrench"]},{"damage_healed":0,"gold_gain":0,"player_choice":"Fight","damage_taken":0,"max_hp_gain":0,"max_hp_loss":0,"event_name":"MindBloom","floor":39,"gold_loss":0}],"is_beta":false,"boss_relics":[{"not_picked":["Runic Cube","Runic Dome"],"picked":"Philosopher\u0027s Stone"},{"not_picked":["SacredBark","Astrolabe"],"picked":"Fusion Hammer"}],"items_purged_floors":[38,46],"is_endless":false,"potions_floor_spawned":[1,3,8,29,31,33,35,37,48],"ascension_level":0}}