{"host":"4oozkyb2rmpv0j2l","time":1607943839,"event":{"mods":["Act Like it!","Aspiration","BaseMod","Colored Map","Conspire","Gensokyo","Hallownest","Hubris","KinomotoSakuraMod(木之本樱)","Koishi","Lobotomy","LobotomyExtend","Marisa（F雨　魔理沙）","Minty Spire (QoL Compilation)","Prisma Mod","Quick Restart","Rare Cards Sparkle","Reimu（博丽灵梦）","Remilia（蕾米莉亚）","Replay The Spire","Robot Space Explorer","Shop Mod","Spicy Shops","StSLib","TestMod","The Animator","The Bladedancer","The Bug Knight","The Cursed","The Disciple","The Hierophant","The Mystic","The Necromancer","The Runesmith","The Servant 0.9.4","WarShipGirlsR/战舰少女R mod","Youmu（魂魄妖梦）","Yuri Mod","Yuyuko","vexMod","yUi","【东方二次创作】八云紫mod","【遗物卡牌】REMEMod"],"gold_per_floor":[118,118,118,129,129,158,169,204,204,232,242,242,252,7,7,107,107,117,117,117],"floor_reached":19,"playtime":1160,"items_purged":["hubris:Compulsion","Voices"],"score":264,"play_id":"ea19f1fa-8a8c-42f6-b852-be25f750ddab","local_time":"20201214190359","is_ascension_mode":true,"campfire_choices":[],"circlet_count":0,"master_deck":["Strike_MRS","Strike_MRS","Strike_MRS","Strike_MRS","Defend_MRS","Defend_MRS","UpSweep","UnstableBomb","Occultation","UnstableBomb","PrismaMod:MiyuCarnivalDefend","UnstableBomb","UnstableBomb","PowerUp+1","DarkMatter","StarBarrage"],"relics":["MiniHakkero","testmod-TestBox","REME_ComplimentaryCards","LetterFromLob","Ring of Fury","Ring of Peace","Gensokyo:CelestialsFlawlessClothing","Happy Flower","hubris:ToyBattleship","Blue Doll","conspire:BottledYoYo","White Beast Statue","Gensokyo:MarisaPhilosophersStone","Replay:Multitool","Painkiller Herb"],"acts_visited":["Gensokyo:Gensokyo","Gensokyo:Gensokyoer"],"potions_floor_usage":[12,16,16],"damage_taken":[{"damage":3.0,"enemies":"Gensokyo:Gryphon","floor":1.0,"turns":3.0},{"damage":0.0,"enemies":"Gensokyo:3_Fairies","floor":4.0,"turns":4.0},{"damage":6.0,"enemies":"Gensokyo:Aya","floor":6.0,"turns":4.0},{"damage":0.0,"enemies":"Gensokyo:2_Kodama","floor":7.0,"turns":3.0},{"damage":16.0,"enemies":"Gensokyo:Cirno","floor":8.0,"turns":6.0},{"damage":0,"enemies":"Gensokyo:Mamizou","floor":10,"turns":5},{"damage":0,"enemies":"Gensokyo:2_Rabbits","floor":11,"turns":3},{"damage":17,"enemies":"Gensokyo:2_Rabbits","floor":12,"turns":7},{"damage":3,"enemies":"Gensokyo:3_Kodama","floor":13,"turns":4},{"damage":4,"enemies":"Gensokyo:Yukari","floor":16,"turns":8},{"damage":0,"enemies":"Gensokyo:2_Gloops","floor":18,"turns":4},{"damage":10,"enemies":"Gensokyo:Chomper","floor":19,"turns":4}],"seed_played":"-3112697672054628504","potions_obtained":[{"floor":1.0,"key":"Elixir"},{"floor":7.0,"key":"testmod-SpacePotion"},{"floor":10,"key":"Fire Potion"},{"floor":11,"key":"Languid Potion"},{"floor":12,"key":"Adrenaline Potion"},{"floor":13,"key":"Toxic Potion"},{"floor":16,"key":"SkillPotion"},{"floor":18,"key":"LifebloodPotion"}],"is_trial":false,"path_per_floor":["M","?","?","M","?","E","M","E","T","E","M","?","M","$","R","B",null,"?","?"],"character_chosen":"MARISA","items_purchased":["Replay:Multitool"],"campfire_rested":0,"item_purchase_floors":[14],"current_hp_per_floor":[72,72,54,54,54,48,48,32,32,32,32,15,12,12,34,30,75,75,65,65],"gold":117,"neow_bonus":"TRANSFORM_TWO_CARDS","is_daily":false,"chose_seed":false,"campfire_upgraded":0,"win_rate":0.0,"timestamp":1607943839,"path_taken":["M","?","?","M","?","E","M","E","T","E","?","?","M","$","R","BOSS","?","?"],"items_purchased_type":["Relic"],"build_version":"2020-12-13","purchased_purges":2,"victory":false,"max_hp_per_floor":[75,75,75,75,75,75,75,75,75,75,75,75,75,75,75,75,75,75,75,75],"card_choices":[{"not_picked":["ShootingEcho","OortCloud"],"picked":"UnstableBomb","floor":1.0},{"not_picked":["LuminesStrike","ManaRampage"],"picked":"UnstableBomb","floor":4.0},{"not_picked":["NonDirectionalLaser","IllusionStar"],"picked":"UnstableBomb","floor":6.0},{"not_picked":["UnstableBomb","MeteoricShower","NonDirectionalLaser"],"picked":"SKIP","floor":7.0},{"not_picked":["SporeBomb","ChargeUpSpray","GravityBeat"],"picked":"SKIP","floor":8.0},{"not_picked":["MachineGunSpark","CollectingQuirk"],"picked":"PowerUp","floor":10},{"not_picked":["PropBag","AsteroidBelt","OrrerysSun"],"picked":"SKIP","floor":11},{"not_picked":["UnstableBomb","SporeBomb","ShootingEcho"],"picked":"SKIP","floor":13},{"not_picked":["MachineGunSpark","GalacticHalo"],"picked":"StarBarrage","floor":18}],"player_experience":526644,"relics_obtained":[{"floor":1.0,"key":"LetterFromLob"},{"floor":2.0,"key":"Ring of Fury"},{"floor":2.0,"key":"Ring of Peace"},{"floor":6.0,"key":"hubris:ToyBattleship"},{"floor":8.0,"key":"Blue Doll"},{"floor":9.0,"key":"conspire:BottledYoYo"},{"floor":10,"key":"White Beast Statue"},{"floor":12,"key":"Gensokyo:MarisaPhilosophersStone"}],"event_choices":[],"is_beta":false,"boss_relics":[{"not_picked":["Runic Pyramid","testmod-DreamHouse"],"picked":"Painkiller Herb"}],"items_purged_floors":[14,14],"is_endless":false,"potions_floor_spawned":[1,7,10,11,12,13,16,18],"killed_by":"Gensokyo:Chomper","ascension_level":3}}