{"host":"ks12kfi5c4d9hdxy","time":1607966493,"event":{"mods":["BaseMod","Conspire","GifTheSpireLib","HololiveMod","Koishi","LagranYue(拉格朗・月)","Marisa（F雨　魔理沙）","Minty Spire (QoL Compilation)","Reimu（博丽灵梦）","Remilia（蕾米莉亚）","Replay The Spire","RumiaBox-露米娅的神秘盒子","StSLib","SuperFastMode","The Administrix","The Servant 0.9.4","Youmu（魂魄妖梦）","Yuyuko","【功能Mod】混沌之环修复补丁","【功能Mod】聪明的最终Boss","篝火指南"],"gold_per_floor":[98,98,94,105,99,105,105,85,85],"floor_reached":8,"playtime":242,"items_purged":[],"score":154,"play_id":"680feda3-a898-48e9-94c1-cc6f631980ff","local_time":"20201215012133","is_ascension_mode":true,"campfire_choices":[{"floor":7,"key":"REST"}],"circlet_count":0,"master_deck":["AscendersBane","Strike_MRS","Strike_MRS","Strike_MRS+1","Strike_MRS","Defend_MRS","Defend_MRS","Defend_MRS","Defend_MRS+1","MasterSpark","UpSweep","Poor:ReiMu","MilkyWay","GalacticHalo","Singularity"],"relics":["MiniHakkero","LagranYue:RandomDrawCardRelic","EasyGame_NEW","Garlic"],"acts_visited":["Exordium"],"potions_floor_usage":[6],"damage_taken":[{"damage":9,"enemies":"Jaw Worm","floor":1,"turns":4},{"damage":8,"enemies":"2 Louse","floor":3,"turns":3},{"damage":0,"enemies":"Cultist","floor":4,"turns":3},{"damage":7,"enemies":"Exordium Wildlife","floor":5,"turns":5},{"damage":0,"enemies":"3 Sentries","floor":6,"turns":8},{"damage":39,"enemies":"Gremlin Nob","floor":8,"turns":5}],"seed_played":"3657779834947370951","potions_obtained":[{"floor":3,"key":"CultistPotion"}],"is_trial":false,"path_per_floor":["M","?","M","M","M","E","R","E"],"character_chosen":"MARISA","items_purchased":[],"campfire_rested":1,"item_purchase_floors":[],"current_hp_per_floor":[54,33,25,25,18,18,39,0,0],"gold":85,"neow_bonus":"CURSED_BOSS_RELIC","is_daily":false,"chose_seed":false,"campfire_upgraded":0,"win_rate":0.0,"timestamp":1607966493,"path_taken":["M","?","M","M","M","E","R","E"],"items_purchased_type":[],"build_version":"2020-12-13","purchased_purges":0,"victory":false,"max_hp_per_floor":[70,70,70,70,70,70,70,70,70],"card_choices":[{"not_picked":["DoubleSpark","MysteriousBeam"],"picked":"MilkyWay","floor":1},{"not_picked":["WitchOfGreed","DarkMatter","FairyDestructionRay"],"picked":"SKIP","floor":3},{"not_picked":["SuperPerseids","LuminesStrike"],"picked":"GalacticHalo","floor":4},{"not_picked":["ShootingEcho","WitchOfGreed","EventHorizon"],"picked":"SKIP","floor":5},{"not_picked":["GravityBeat","Occultation"],"picked":"Singularity","floor":6}],"player_experience":482068,"relics_obtained":[{"floor":6,"key":"Garlic"}],"event_choices":[{"damage_healed":0,"gold_gain":0,"player_choice":"Entered Light","damage_taken":21,"max_hp_gain":0,"max_hp_loss":0,"event_name":"Shining Light","floor":2,"gold_loss":0,"cards_upgraded":["Defend_MRS","Strike_MRS"]}],"is_beta":false,"boss_relics":[],"items_purged_floors":[],"is_endless":false,"potions_floor_spawned":[3],"killed_by":"Gremlin Nob","ascension_level":17}}