{"host":"wukocnei7dgudpva","time":1607935227,"event":{"mods":["AchievementEnabler","BaseMod","Colored Map","Minty Spire (QoL Compilation)","StSLib","SuperFastMode"],"gold_per_floor":[119,45,45,45,45,61,61,95,95,114,114,133,133,145,145,243,243,257,272,197,215,231,231,242,261,333,346,346,346,346],"floor_reached":29,"playtime":1329,"items_purged":[],"score":254,"play_id":"e123a75e-fa47-4af8-86df-265511438b57","local_time":"20201214174027","is_ascension_mode":false,"campfire_choices":[{"floor":11.0,"key":"REST"},{"floor":13.0,"key":"REST"},{"data":"Chaos","floor":15.0,"key":"SMITH"},{"floor":23.0,"key":"REST"}],"circlet_count":0,"master_deck":["Strike_B","Strike_B","Strike_B","Strike_B","Defend_B","Defend_B","Defend_B","Defend_B","Zap","Dualcast","Conserve Battery","Doom and Gloom+1","Melter","Leap","Defragment","Chaos+1","Lockon+1","Double Energy","Conserve Battery+1","Doom and Gloom+1","Cold Snap"],"relics":["Cracked Core","Strawberry","Singing Bowl","Eternal Feather","Bag of Marbles"],"acts_visited":["TheCity"],"potions_floor_usage":[29],"damage_taken":[{"damage":0.0,"enemies":"2 Louse","floor":1.0,"turns":2.0},{"damage":6.0,"enemies":"Jaw Worm","floor":6.0,"turns":3.0},{"damage":54.0,"enemies":"Gremlin Nob","floor":8.0,"turns":5.0},{"damage":8.0,"enemies":"Small Slimes","floor":10.0,"turns":2.0},{"damage":14.0,"enemies":"Blue Slaver","floor":12.0,"turns":4.0},{"damage":11.0,"enemies":"Looter","floor":14.0,"turns":4.0},{"damage":22.0,"enemies":"The Guardian","floor":16.0,"turns":10.0},{"damage":5.0,"enemies":"3 Byrds","floor":18.0,"turns":2.0},{"damage":14.0,"enemies":"Spheric Guardian","floor":19.0,"turns":4.0},{"damage":22.0,"enemies":"Snake Plant","floor":21.0,"turns":6.0},{"damage":0.0,"enemies":"Sentry and Sphere","floor":22.0,"turns":3.0},{"damage":20.0,"enemies":"Snecko","floor":24.0,"turns":5.0},{"damage":16.0,"enemies":"Snake Plant","floor":25.0,"turns":5.0},{"damage":25.0,"enemies":"Centurion and Healer","floor":27.0,"turns":5.0},{"damage":37,"enemies":"Shelled Parasite and Fungi","floor":29,"turns":3}],"seed_played":"-6660824020125333140","potions_obtained":[{"floor":6.0,"key":"Explosive Potion"},{"floor":14.0,"key":"PowerPotion"},{"floor":16.0,"key":"GamblersBrew"},{"floor":18.0,"key":"Weak Potion"},{"floor":22.0,"key":"Swift Potion"},{"floor":24.0,"key":"BlessingOfTheForge"}],"is_trial":false,"path_per_floor":["M","$","?","?","?","M","?","E","T","M","R","M","R","M","R","B",null,"M","M","?","M","M","R","M","M","T","M","?","M"],"character_chosen":"DEFECT","items_purchased":["Doom and Gloom"],"campfire_rested":3,"item_purchase_floors":[2],"current_hp_per_floor":[82,82,87,87,87,81,85,33,33,25,59,45,82,71,80,58,96,93,81,81,59,59,98,78,62,62,37,37,0,0],"gold":346,"neow_bonus":"TEN_PERCENT_HP_BONUS","is_daily":false,"chose_seed":false,"campfire_upgraded":1,"win_rate":0.0,"timestamp":1607935227,"path_taken":["M","$","?","?","?","M","?","E","T","?","R","M","R","M","R","BOSS","M","M","?","M","M","R","M","M","T","M","?","?"],"items_purchased_type":["Card"],"build_version":"2020-12-13","purchased_purges":0,"victory":false,"max_hp_per_floor":[82,82,87,87,87,87,94,96,96,96,96,96,96,96,96,96,96,98,100,100,100,100,100,100,100,100,100,100,100,100],"card_choices":[{"not_picked":["Sweeping Beam","Beam Cell"],"picked":"Conserve Battery","floor":1.0},{"not_picked":["Steam","Rebound"],"picked":"Melter","floor":6.0},{"not_picked":["Creative AI","Ball Lightning","Seek"],"picked":"Singing Bowl","floor":8.0},{"not_picked":["Conserve Battery","Genetic Algorithm"],"picked":"Leap","floor":10.0},{"not_picked":["Melter","Coolheaded"],"picked":"Defragment","floor":12.0},{"not_picked":["Melter","Stack"],"picked":"Chaos","floor":14.0},{"not_picked":["Thunder Strike","Meteor Strike"],"picked":"Rainbow","floor":16.0},{"not_picked":["White Noise","Go for the Eyes","Streamline"],"picked":"Singing Bowl","floor":18.0},{"not_picked":["White Noise","Steam","Genetic Algorithm"],"picked":"Singing Bowl","floor":19.0},{"not_picked":["Hologram+1","Steam"],"picked":"Lockon+1","floor":21.0},{"not_picked":["Undo","Force Field"],"picked":"Double Energy","floor":22.0},{"not_picked":["Genetic Algorithm","Gash"],"picked":"Conserve Battery+1","floor":24.0},{"not_picked":["BootSequence+1","Streamline"],"picked":"Doom and Gloom+1","floor":25.0},{"not_picked":["Hyperbeam","BootSequence"],"picked":"Cold Snap","floor":27.0}],"player_experience":215751,"relics_obtained":[{"floor":8.0,"key":"Singing Bowl"},{"floor":9.0,"key":"Eternal Feather"},{"floor":28.0,"key":"Bag of Marbles"}],"event_choices":[{"damage_healed":0.0,"max_hp_gain":5.0,"max_hp_loss":0.0,"gold_gain":0.0,"event_name":"Big Fish","player_choice":"Donut","floor":3.0,"gold_loss":0.0,"damage_taken":0.0},{"damage_healed":0.0,"max_hp_gain":0.0,"max_hp_loss":0.0,"gold_gain":0.0,"event_name":"The Cleric","player_choice":"Leave","floor":4.0,"gold_loss":0.0,"damage_taken":0.0},{"damage_healed":0.0,"max_hp_gain":0.0,"max_hp_loss":0.0,"gold_gain":0.0,"event_name":"Living Wall","player_choice":"Grow","floor":5.0,"gold_loss":0.0,"damage_taken":0.0,"cards_upgraded":["Doom and Gloom"]},{"damage_healed":0.0,"max_hp_gain":0.0,"max_hp_loss":0.0,"gold_gain":0.0,"event_name":"Scrap Ooze","player_choice":"Success","floor":7.0,"gold_loss":0.0,"damage_taken":3.0,"relics_obtained":["Strawberry"]},{"cards_removed":["Rainbow"],"damage_healed":0.0,"max_hp_gain":0.0,"max_hp_loss":0.0,"gold_gain":0.0,"event_name":"Beggar","player_choice":"Gave Gold","floor":20.0,"gold_loss":75.0,"damage_taken":0.0},{"damage_healed":0.0,"max_hp_gain":0.0,"max_hp_loss":0.0,"gold_gain":0.0,"event_name":"Wheel of Change","player_choice":"Relic","floor":28.0,"gold_loss":0.0,"damage_taken":0.0}],"is_beta":false,"boss_relics":[{"not_picked":["Coffee Dripper","Runic Dome","Snecko Eye"]}],"items_purged_floors":[],"is_endless":false,"potions_floor_spawned":[6,14,16,18,19,22,24],"killed_by":"Shelled Parasite and Fungi","ascension_level":0}}