{"host":"1c52r9kaxdyo25eq","time":1607962462,"event":{"mods":["AchievementEnabler","BaseMod","Minty Spire (QoL Compilation)","Rare Cards Sparkle","SuperFastMode","everything is the same but u backflip on backflip"],"gold_per_floor":[119,119,129,204,129,129,157,157,181,212,223,223,223,237,237,237,237],"floor_reached":16,"playtime":308,"items_purged":["Strike_R"],"score":160,"play_id":"63342503-9d5c-4c5e-9a00-10bfff9262a0","local_time":"20201215011422","is_ascension_mode":true,"campfire_choices":[{"data":"Evolve","floor":6,"key":"SMITH"},{"data":"Wild Strike","floor":12,"key":"SMITH"},{"floor":15,"key":"REST"}],"circlet_count":0,"master_deck":["Strike_R","Strike_R","Strike_R+1","Defend_R","Defend_R","Defend_R","Defend_R+1","Bash","Evolve+1","Burning Pact","Entrench","Wild Strike+1"],"relics":["Burning Blood","NeowsBlessing","Juzu Bracelet","Regal Pillow","Singing Bowl","Vajra"],"acts_visited":["Exordium"],"potions_floor_usage":[10,16,16],"damage_taken":[{"damage":0,"enemies":"Jaw Worm","floor":1,"turns":1},{"damage":0,"enemies":"Small Slimes","floor":3,"turns":1},{"damage":0,"enemies":"3 Sentries","floor":7,"turns":2},{"damage":50,"enemies":"Lagavulin","floor":10,"turns":8},{"damage":0,"enemies":"2 Louse","floor":11,"turns":4},{"damage":0,"enemies":"Large Slime","floor":14,"turns":4},{"damage":76,"enemies":"Hexaghost","floor":16,"turns":11}],"seed_played":"-2593610751508142632","potions_obtained":[{"floor":7,"key":"Energy Potion"},{"floor":10,"key":"Strength Potion"},{"floor":11,"key":"Regen Potion"}],"is_trial":false,"path_per_floor":["M","?","M","?","$","R","E","?","T","E","M","R","?","M","R","B"],"character_chosen":"IRONCLAD","items_purchased":[],"campfire_rested":1,"item_purchase_floors":[],"current_hp_per_floor":[80,64,70,59,59,59,65,65,65,23,29,29,17,25,65,3,3],"gold":237,"neow_bonus":"THREE_ENEMY_KILL","is_daily":false,"chose_seed":false,"campfire_upgraded":2,"win_rate":0.0,"timestamp":1607962462,"path_taken":["M","?","M","?","$","R","E","?","T","E","M","R","?","M","R","BOSS"],"items_purchased_type":[],"build_version":"2020-12-13","purchased_purges":1,"victory":false,"max_hp_per_floor":[80,80,80,80,80,80,80,80,80,82,82,82,82,84,84,84,84],"card_choices":[{"not_picked":["Armaments","Clothesline"],"picked":"Evolve","floor":1},{"not_picked":["Sword Boomerang","Anger","Blood for Blood"],"picked":"SKIP","floor":3},{"not_picked":["Iron Wave","Warcry"],"picked":"Burning Pact","floor":7},{"not_picked":["Burning Pact","Entrench","Armaments"],"picked":"Singing Bowl","floor":10},{"not_picked":["Pommel Strike","Heavy Blade"],"picked":"Wild Strike","floor":11},{"not_picked":["Intimidate","Combust","Perfected Strike"],"picked":"Singing Bowl","floor":14}],"player_experience":477229,"relics_obtained":[{"floor":7,"key":"Juzu Bracelet"},{"floor":9,"key":"Regal Pillow"},{"floor":10,"key":"Singing Bowl"}],"event_choices":[{"damage_healed":0,"gold_gain":0,"player_choice":"Entered Light","damage_taken":16,"max_hp_gain":0,"max_hp_loss":0,"event_name":"Shining Light","floor":2,"gold_loss":0,"cards_upgraded":["Defend_R","Strike_R"]},{"damage_healed":0,"gold_gain":75,"player_choice":"Gather Gold","damage_taken":11,"max_hp_gain":0,"max_hp_loss":0,"event_name":"World of Goop","floor":4,"gold_loss":0},{"damage_healed":0,"gold_gain":0,"cards_transformed":["Strike_R"],"player_choice":"Change","damage_taken":0,"max_hp_gain":0,"max_hp_loss":0,"event_name":"Living Wall","floor":8,"gold_loss":0,"cards_obtained":["Entrench"]},{"damage_healed":0,"gold_gain":0,"player_choice":"Success","damage_taken":12,"relics_obtained":["Vajra"],"max_hp_gain":0,"max_hp_loss":0,"event_name":"Scrap Ooze","floor":13,"gold_loss":0}],"is_beta":false,"boss_relics":[],"items_purged_floors":[5],"is_endless":false,"potions_floor_spawned":[7,10,11],"killed_by":"Hexaghost","ascension_level":4}}