{"host":"1","time":1607971841,"event":{"mods":["Act Like it!","BaseMod","Better Third Choice","Hubris","Jorbs\u0027s Wanderer Trilogy","Minty Spire (QoL Compilation)","Replay The Spire","Shade Mod","StSLib","The Cursed","The Mystic","Wandering Minibosses"],"gold_per_floor":[109,109,0,34,34,34,65,65,65,95,95,38,52,68,68,167,167,185,153,153,153],"floor_reached":20,"playtime":1011,"items_purged":[],"score":268,"play_id":"ddc596a5-1b5e-4f5e-a39f-fe70cc3756ca","local_time":"20201214215041","is_ascension_mode":true,"campfire_choices":[{"floor":6,"key":"REST"},{"floor":11,"key":"RECALL"},{"data":"Enlightenment","floor":15,"key":"SMITH"}],"circlet_count":0,"master_deck":["Strike_P","Strike_P","Strike_P","Strike_P","Defend_P+1","Defend_P","Defend_P+1","Defend_P","Eruption+1","Vigilance","WindmillStrike","Enlightenment+1","FollowUp","ForeignInfluence","BattleHymn+1","Halt","DevaForm","Replay:Cycle","CutThroughFate"],"relics":["PureWater","hubris:Towel","Replay:Accelerometer","Darkstone Periapt","Philosopher\u0027s Stone"],"acts_visited":["TheCity"],"potions_floor_usage":[10,18,18,18,18,18,19],"damage_taken":[{"damage":0,"enemies":"2 Louse","floor":1,"turns":4},{"damage":20,"enemies":"Gremlin Nob","floor":7,"turns":4},{"damage":0,"enemies":"Lagavulin","floor":10,"turns":2},{"damage":3,"enemies":"Jaw Worm","floor":13,"turns":2},{"damage":0,"enemies":"Small Slimes","floor":14,"turns":2},{"damage":0,"enemies":"Slime Boss","floor":16,"turns":5},{"damage":46,"enemies":"Chosen","floor":18,"turns":6},{"damage":21,"enemies":"Spheric Guardian","floor":19,"turns":5},{"damage":14,"enemies":"Centurion and Healer","floor":20,"turns":1}],"seed_played":"-175456905532452268","potions_obtained":[{"floor":1,"key":"Fire Potion"},{"floor":4,"key":"Milkshake"},{"floor":4,"key":"Block Potion"},{"floor":4,"key":"Weak Potion"},{"floor":7,"key":"EntropicBrew"},{"floor":13,"key":"SteroidPotion"}],"is_trial":false,"path_per_floor":["M","?","?","?","?","R","E","?","T","E","R","$","M","M","R","B",null,"M","M","M"],"character_chosen":"WATCHER","items_purchased":["BattleHymn+1"],"campfire_rested":1,"item_purchase_floors":[12],"current_hp_per_floor":[72,58,64,45,45,68,48,48,48,48,48,48,45,45,45,45,78,32,11,0,0],"gold":153,"neow_bonus":"RANDOM_EVENT","is_daily":false,"chose_seed":false,"campfire_upgraded":1,"win_rate":0.0,"timestamp":1607971841,"path_taken":["M","?","?","?","?","R","E","?","T","E","R","?","M","?","R","BOSS","M","M","M"],"items_purchased_type":["Card"],"build_version":"2020-11-17","purchased_purges":0,"victory":false,"max_hp_per_floor":[72,72,78,78,78,78,78,78,78,78,78,78,78,78,78,78,78,78,78,78,78],"card_choices":[{"not_picked":["Replay:AtTheReady","Replay:ManipulateFuture"],"picked":"WindmillStrike","floor":1},{"not_picked":["Wireheading","WindmillStrike"],"picked":"FollowUp","floor":4},{"not_picked":["EmptyBody","PathToVictory","CrushJoints"],"picked":"SKIP","floor":7},{"not_picked":["EmptyFist","FlyingSleeves"],"picked":"ForeignInfluence","floor":10},{"not_picked":["Evaluate","EmptyFist","FlyingSleeves"],"picked":"SKIP","floor":13},{"not_picked":["PathToVictory","Replay:ManipulateFuture"],"picked":"Halt","floor":14},{"not_picked":["Vault","Ragnarok"],"picked":"DevaForm","floor":16},{"not_picked":["Worship+1","Replay:AtTheReady"],"picked":"Replay:Cycle","floor":18},{"not_picked":["Prostrate","Replay:BluntJabs"],"picked":"CutThroughFate","floor":19}],"player_experience":71257,"relics_obtained":[{"floor":7,"key":"PreservedInsect"},{"floor":9,"key":"Replay:Accelerometer"},{"floor":10,"key":"Darkstone Periapt"}],"event_choices":[{"damage_healed":0,"gold_gain":0,"player_choice":"Grow","damage_taken":0,"max_hp_gain":0,"max_hp_loss":0,"event_name":"Living Wall","floor":0,"gold_loss":0,"cards_upgraded":["Eruption"]},{"damage_healed":72,"gold_gain":0,"player_choice":"Upgrade","damage_taken":14,"max_hp_gain":0,"max_hp_loss":72,"event_name":"betterThird:BetterShining","floor":2,"gold_loss":0,"cards_upgraded":["Defend_P","Defend_P"]},{"damage_healed":0,"gold_gain":0,"player_choice":"RENOUNCE","damage_taken":109,"max_hp_gain":0,"max_hp_loss":0,"event_name":"betterThird:BetterSerpent","floor":3,"gold_loss":109,"cards_obtained":["Enlightenment"]}],"is_beta":true,"boss_relics":[{"not_picked":["Tiny House","Velvet Choker"],"picked":"Philosopher\u0027s Stone"}],"items_purged_floors":[],"is_endless":false,"potions_floor_spawned":[1,7,13],"killed_by":"Centurion and Healer","ascension_level":1}}