{"host":"7ttbe3gzet1mthv0","time":1607985824,"event":{"mods":["AchievementEnabler","BaseMod","CapriCore","Colored Map","Colored Powertips","Downfall","Highlight Path","Jorbs\u0027s Wanderer Trilogy","Marisa????????","Minty Spire (QoL Compilation)","Rare Cards Sparkle","Relic Stats","StSLib","The Alterego","The Bug Knight","The Hierophant"],"gold_per_floor":[119,134,151,151,166,166,195,195,219,229,229,261,336,27,27,132,132,132],"floor_reached":17,"playtime":688,"items_purged":["Strike_R"],"score":165,"play_id":"2554da3c-8244-4952-a8d4-ccee974b5ef0","local_time":"20201214234344","is_ascension_mode":false,"campfire_choices":[{"data":"Bash","floor":6,"key":"SMITH"},{"data":"True Grit","floor":8,"key":"SMITH"},{"floor":11,"key":"REST"},{"floor":15,"key":"REST"}],"circlet_count":0,"master_deck":["Strike_R","Strike_R","Strike_R","Strike_R","Defend_R","Defend_R","Defend_R","Defend_R","Bash+1","True Grit+1","Dual Wield","Battle Trance","Rupture","Uppercut","Apotheosis","Inflame","Corruption","CurseOfTheBell"],"relics":["Runic Dome","HollowMod:PaleOreRelic","Blood Vial","Orichalcum","Calling Bell","Pen Nib","Gremlin Horn","Unceasing Top"],"acts_visited":["Exordium","TheCity"],"potions_floor_usage":[],"damage_taken":[{"damage":0,"enemies":"Cultist","floor":1,"turns":3},{"damage":0,"enemies":"Jaw Worm","floor":2,"turns":3},{"damage":0,"enemies":"2 Louse","floor":3,"turns":3},{"damage":7,"enemies":"Exordium Wildlife","floor":5,"turns":4},{"damage":23,"enemies":"3 Sentries","floor":7,"turns":12},{"damage":30,"enemies":"Gremlin Gang","floor":10,"turns":5},{"damage":26,"enemies":"Lagavulin","floor":12,"turns":6},{"damage":35,"enemies":"The Guardian","floor":16,"turns":8}],"seed_played":"-3337587882293432988","potions_obtained":[{"floor":1,"key":"HeartOfIron"},{"floor":7,"key":"AttackPotion"},{"floor":10,"key":"Explosive Potion"},{"floor":12,"key":"EssenceOfSteel"}],"is_trial":false,"path_per_floor":["M","M","M","?","M","R","E","R","T","M","R","E","?","$","R","B",null],"character_chosen":"IRONCLAD","items_purchased":["Apotheosis","Inflame"],"campfire_rested":2,"item_purchase_floors":[14,14],"current_hp_per_floor":[80,80,80,85,78,78,55,55,55,27,52,28,17,17,42,9,85,85],"gold":132,"neow_bonus":"BOSS_RELIC","is_daily":false,"chose_seed":false,"campfire_upgraded":2,"win_rate":0.0,"timestamp":1607985824,"path_taken":["M","M","?","?","M","R","E","R","T","M","R","E","?","?","R","BOSS"],"items_purchased_type":["Card","Card"],"build_version":"2020-12-13","purchased_purges":1,"victory":false,"max_hp_per_floor":[80,80,80,85,85,85,85,85,85,85,85,85,85,85,85,85,85,85],"relic_stats":{"Blood Vial":6,"Gremlin Horn":[0,0],"counters":[8,44],"Pen Nib":[0],"Orichalcum":[18],"obtain_stats":[{"Blood Vial":9,"Calling Bell":17,"Runic Dome":0,"Gremlin Horn":17,"Pen Nib":17,"HollowMod:PaleOreRelic":7,"Orichalcum":12,"Burning Blood":0,"Unceasing Top":17},{"Blood Vial":5,"Calling Bell":8,"Runic Dome":0,"Gremlin Horn":8,"Pen Nib":8,"HollowMod:PaleOreRelic":5,"Orichalcum":7,"Burning Blood":0,"Unceasing Top":8},{"Blood Vial":25,"Calling Bell":44,"Runic Dome":0,"Gremlin Horn":44,"Pen Nib":44,"HollowMod:PaleOreRelic":25,"Orichalcum":36,"Burning Blood":0,"Unceasing Top":44}],"Unceasing Top":[0]},"card_choices":[{"not_picked":["Rage","Cleave"],"picked":"True Grit","floor":1},{"not_picked":["Warcry","Dropkick"],"picked":"Dual Wield","floor":2},{"not_picked":["Cleave","Twin Strike","Headbutt"],"picked":"SKIP","floor":3},{"not_picked":["Intimidate","Brutality"],"picked":"Battle Trance","floor":5},{"not_picked":["Heavy Blade","Searing Blow"],"picked":"Rupture","floor":7},{"not_picked":["Thunderclap","Flex","Twin Strike"],"picked":"SKIP","floor":10},{"not_picked":["Searing Blow","Flex"],"picked":"Uppercut","floor":12},{"not_picked":["Feed","Limit Break"],"picked":"Corruption","floor":16}],"player_experience":20460,"relics_obtained":[{"floor":7,"key":"HollowMod:PaleOreRelic"},{"floor":9,"key":"Blood Vial"},{"floor":12,"key":"Orichalcum"},{"floor":17,"key":"Pen Nib"},{"floor":17,"key":"Gremlin Horn"},{"floor":17,"key":"Unceasing Top"}],"event_choices":[{"damage_healed":0,"gold_gain":0,"player_choice":"Donut","damage_taken":0,"max_hp_gain":5,"max_hp_loss":0,"event_name":"Big Fish","floor":4,"gold_loss":0},{"damage_healed":0,"gold_gain":75,"player_choice":"Gather Gold","damage_taken":11,"max_hp_gain":0,"max_hp_loss":0,"event_name":"World of Goop","floor":13,"gold_loss":0}],"is_beta":false,"boss_relics":[{"not_picked":["Coffee Dripper","Velvet Choker"],"picked":"Calling Bell"}],"items_purged_floors":[14],"is_endless":false,"potions_floor_spawned":[1,7,10,12],"ascension_level":0}}