{"host":"ov7kp8bjf83ind03","time":1607963753,"event":{"mods":["AchievementEnabler","BaseMod","Better Note","Colored Map","Colored Powertips","Downfall","Minty Spire (QoL Compilation)","Permanent Neow","Rare Cards Sparkle","Relic Sorter","Relic Stats","StSLib","everything is the same but u backflip on backflip"],"gold_per_floor":[99,115,115,115,47,65,65,79,29,60,70,130,148,159,170,269,269,144,162,70,20,30,30,30,102,52,37,54,66,86,104,121,216,216,166,166,116,129,174,188,213,163,190,140,153,58,58,69,87,87],"floor_reached":51,"playtime":4123,"items_purged":[],"score":708,"play_id":"db4d51b1-023f-4974-8a2f-51c4321bc730","local_time":"20201214113553","is_ascension_mode":false,"campfire_choices":[{"floor":1.0,"key":"RECALL"},{"data":"Slimebound:CorrosiveSpit","floor":9.0,"key":"SMITH"},{"data":"Slimebound:SlimeSlap","floor":18.0,"key":"SMITH"},{"data":"Slimebound:LeechEnergy","floor":21.0,"key":"SMITH"},{"data":"Slimebound:SpikyOuterGoop","floor":23.0,"key":"SMITH"},{"data":"Slimebound:SlimeBrawl","floor":26.0,"key":"SMITH"},{"data":"Slimebound:SamplingLick","floor":35,"key":"SMITH"},{"data":"expansioncontent:DonusPower","floor":37,"key":"SMITH"},{"floor":42,"key":"REST"},{"data":"Slimebound:Gluttony","floor":44,"key":"SMITH"}],"circlet_count":0,"master_deck":["Slimebound:Strike_Slimebound","Slimebound:Strike_Slimebound","Slimebound:Defend_Slimebound","Slimebound:Defend_Slimebound","Slimebound:Defend_Slimebound","Slimebound:Split","Slimebound:CorrosiveSpit+1","Slimebound:GrowthPunch","Slimebound:SlimeBrawl+1","Slimebound:SplitMire","Slimebound:RejuvenatingLick","Slimebound:SlimeSlap+1","Slimebound:GoopSpray","Slimebound:Replication","Slimebound:SlimeSpikes","Slimebound:SpikyOuterGoop+1","Slimebound:SamplingLick+1","Slimebound:OozeBath","Slimebound:Gluttony+1","Slimebound:LeechEnergy+1","Slimebound:LeechingTouch","Slimebound:LivingWall","Slimebound:LeadByExample+1","Slimebound:SlimeTap","Slimebound:WasteNot","CurseOfTheBell","expansioncontent:GuardianWhirl","expansioncontent:DonusPower+1","Slimebound:Replication+1","Slimebound:RallyTheTroops","Slimebound:SplitMire+1","Slimebound:SplitAcid","Slimebound:SlimeSlap+1","Slimebound:MassRepurpose"],"relics":["Slimebound:AbsorbEndCombat","Slimebound:GreedOozeRelic","Prayer Wheel","Happy Flower","Pantograph","Sozu","downfall:HeartBlessingRed","Bird Faced Urn","Sundial","Calling Bell","PreservedInsect","The Courier","Ginger","Ice Cream","Orichalcum","Regal Pillow","Bag of Preparation","Shuriken","DollysMirror"],"acts_visited":["Exordium","TheCity","TheBeyond"],"potions_floor_usage":[40],"damage_taken":[{"damage":13.0,"enemies":"Jaw Worm","floor":2.0,"turns":5.0},{"damage":4.0,"enemies":"downfall:FleeingMerchant","floor":5.0,"turns":4.0},{"damage":10.0,"enemies":"2 Louse","floor":6.0,"turns":2.0},{"damage":8.0,"enemies":"Cultist","floor":8.0,"turns":3.0},{"damage":24.0,"enemies":"Gremlin Nob","floor":10.0,"turns":3.0},{"damage":14.0,"enemies":"Exordium Thugs","floor":11.0,"turns":2.0},{"damage":24.0,"enemies":"Lagavulin Event","floor":12.0,"turns":4.0},{"damage":25.0,"enemies":"3 Louse","floor":13.0,"turns":3.0},{"damage":15.0,"enemies":"2 Fungi Beasts","floor":14.0,"turns":3.0},{"damage":19.0,"enemies":"Exordium Wildlife","floor":15.0,"turns":4.0},{"damage":66.0,"enemies":"downfall:Defect","floor":16.0,"turns":7.0},{"damage":16.0,"enemies":"Shell Parasite","floor":19.0,"turns":3.0},{"damage":15.0,"enemies":"downfall:FleeingMerchant","floor":20.0,"turns":4.0},{"damage":9.0,"enemies":"Chosen","floor":22.0,"turns":4.0},{"damage":12.0,"enemies":"downfall:FleeingMerchant","floor":27.0,"turns":4.0},{"damage":24.0,"enemies":"Centurion and Healer","floor":28.0,"turns":4.0},{"damage":4.0,"enemies":"Snake Plant","floor":29.0,"turns":3.0},{"damage":15.0,"enemies":"Snecko","floor":30.0,"turns":4.0},{"damage":17.0,"enemies":"Centurion and Healer","floor":31.0,"turns":5.0},{"damage":35.0,"enemies":"Shelled Parasite and Fungi","floor":32.0,"turns":5.0},{"damage":30,"enemies":"downfall:Silent","floor":33,"turns":6},{"damage":24,"enemies":"3 Darklings","floor":38,"turns":3},{"damage":58,"enemies":"2 Orb Walkers","floor":39,"turns":4},{"damage":16,"enemies":"3 Shapes","floor":40,"turns":3},{"damage":22,"enemies":"Reptomancer","floor":43,"turns":4},{"damage":7,"enemies":"Sphere and 2 Shapes","floor":45,"turns":3},{"damage":0,"enemies":"downfall:FleeingMerchant","floor":46,"turns":1},{"damage":20,"enemies":"Jaw Worm Horde","floor":48,"turns":2},{"damage":45,"enemies":"3 Darklings","floor":49,"turns":3},{"damage":16,"enemies":"downfall:Watcher","floor":50,"turns":5}],"seed_played":"-8659834415317871970","potions_obtained":[{"floor":6.0,"key":"Energy Potion"},{"floor":10.0,"key":"Block Potion"},{"floor":13.0,"key":"Fruit Juice"},{"floor":14.0,"key":"Weak Potion"},{"floor":16.0,"key":"Explosive Potion"}],"is_trial":false,"path_per_floor":["R","M","?","?","$","M","T","M","R","E","M","?","M","M","M","B",null,"R","M","$","R","M","R","T","T","R","$","M","M","M","M","M","B",null,"R","?","R","M","?","M","T","R","E","R","M","$","T","M","M","B",null],"character_chosen":"SLIMEBOUND","items_purchased":["Slimebound:SplitMire","Slimebound:LeechEnergy","Slimebound:LeechingTouch","Bag of Preparation","Shuriken","DollysMirror"],"campfire_rested":1,"item_purchase_floors":[5,20,20,46,46,46],"current_hp_per_floor":[42,39,39,39,47,49,49,57,57,46,46,40,27,31,28,13,65,65,61,62,62,65,65,65,65,65,65,65,65,56,65,52,65,65,65,55,55,47,13,11,11,30,54,54,65,65,65,55,34,65],"gold":87,"neow_bonus":"REMOVE_TWO","is_daily":false,"chose_seed":false,"campfire_upgraded":8,"win_rate":0.0,"timestamp":1607963753,"path_taken":["R","M","?","?","?","M","T","M","R","E","M","?","?","M","M","BOSS","R","M","?","R","M","R","T","?","R","$","M","M","?","M","M","BOSS","R","?","R","M","?","M","T","R","E","R","M","?","?","?","M","BOSS"],"items_purchased_type":["Card","Card","Card","Relic","Relic","Relic"],"build_version":"2020-12-13","purchased_purges":0,"victory":true,"max_hp_per_floor":[60,60,60,60,60,60,60,60,60,60,60,60,60,65,65,65,65,65,65,65,65,65,65,65,65,65,65,65,65,65,65,65,65,65,65,65,65,65,65,65,65,65,65,65,65,65,65,65,65,65],"relic_stats":{"Regal Pillow":0,"Happy Flower":[31],"counters":[30,109],"PreservedInsect":58,"Bag of Preparation":[6],"Ginger":[0],"Orichalcum":[18],"Sozu":4,"Sundial":[4],"Shuriken":[1],"Pantograph":63,"Bird Faced Urn":[44],"Prayer Wheel":17,"obtain_stats":[{"Ice Cream":39,"Regal Pillow":43,"Happy Flower":10,"downfall:HeartBlessingRed":18,"PreservedInsect":34,"The Courier":34,"Bag of Preparation":46,"Ginger":34,"Orichalcum":41,"Slimebound:GreedOozeRelic":4,"Sozu":17,"Calling Bell":34,"Sundial":25,"Shuriken":46,"DollysMirror":46,"Pantograph":12,"Bird Faced Urn":24,"Prayer Wheel":7,"Slimebound:AbsorbEndCombat":0},{"Ice Cream":23,"Regal Pillow":25,"Happy Flower":5,"downfall:HeartBlessingRed":11,"PreservedInsect":21,"The Courier":21,"Bag of Preparation":27,"Ginger":21,"Orichalcum":24,"Slimebound:GreedOozeRelic":1,"Sozu":11,"Calling Bell":21,"Sundial":14,"Shuriken":27,"DollysMirror":27,"Pantograph":7,"Bird Faced Urn":14,"Prayer Wheel":3,"Slimebound:AbsorbEndCombat":0},{"Ice Cream":88,"Regal Pillow":95,"Happy Flower":16,"downfall:HeartBlessingRed":39,"PreservedInsect":81,"The Courier":81,"Bag of Preparation":99,"Ginger":81,"Orichalcum":91,"Slimebound:GreedOozeRelic":4,"Sozu":39,"Calling Bell":81,"Sundial":50,"Shuriken":99,"DollysMirror":99,"Pantograph":22,"Bird Faced Urn":50,"Prayer Wheel":10,"Slimebound:AbsorbEndCombat":0}]},"card_choices":[{"not_picked":["Slimebound:ServeAndProtect","Slimebound:DivideAndConquer"],"picked":"Slimebound:GrowthPunch","floor":2.0},{"not_picked":["Slimebound:Replication","Slimebound:GrowthPunch"],"picked":"Slimebound:SlimeBrawl","floor":5.0},{"not_picked":["Slimebound:RollThrough","Slimebound:BestDefense"],"picked":"Slimebound:RejuvenatingLick","floor":6.0},{"not_picked":["Slimebound:LeechingTouch","Slimebound:SplitMire"],"picked":"Slimebound:SlimeSlap","floor":8.0},{"not_picked":["Slimebound:ViciousTackle","Slimebound:DivideAndConquer","Slimebound:ServeAndProtect"],"picked":"SKIP","floor":8.0},{"not_picked":["Slimebound:Chomp","Slimebound:HauntingLick"],"picked":"Slimebound:GoopSpray","floor":10.0},{"not_picked":["Slimebound:GrowthPunch","Slimebound:SplitLeeching","Slimebound:SlimeBarrage"],"picked":"SKIP","floor":11.0},{"not_picked":["Slimebound:GrowthPunch","Slimebound:SplitAcid","Slimebound:Repurpose"],"picked":"SKIP","floor":11.0},{"not_picked":["Slimebound:ComboTackle","Slimebound:BestDefense"],"picked":"Slimebound:Replication","floor":12.0},{"not_picked":["Slimebound:RainOfGoop","Slimebound:BestDefense","Slimebound:SlimeBarrage"],"picked":"SKIP","floor":13.0},{"not_picked":["Slimebound:RollThrough","Slimebound:ViciousTackle","Slimebound:ProtectTheBoss"],"picked":"SKIP","floor":13.0},{"not_picked":["Slimebound:ServeAndProtect","Slimebound:GoopTackle"],"picked":"Slimebound:SlimeSpikes","floor":14.0},{"not_picked":["Slimebound:RainOfGoop","Slimebound:Prepare","Slimebound:LeechingTouch"],"picked":"SKIP","floor":14.0},{"not_picked":["Slimebound:SamplingLick","Slimebound:DivideAndConquer"],"picked":"Slimebound:SpikyOuterGoop","floor":15.0},{"not_picked":["Slimebound:Nibble","Slimebound:RejuvenatingLick"],"picked":"Slimebound:SamplingLick","floor":15.0},{"not_picked":["Slimebound:MinionMaster","Slimebound:PrepareCrush"],"picked":"Slimebound:OozeBath","floor":16.0},{"not_picked":["Slimebound:SplitMire","Slimebound:FinishingTackle","Slimebound:Chomp"],"picked":"SKIP","floor":19.0},{"not_picked":["Slimebound:SplitLeeching+1","Slimebound:SplitAcid","Slimebound:AcidTongue"],"picked":"SKIP","floor":19.0},{"not_picked":["Slimebound:Prepare","Slimebound:RollThrough"],"picked":"Slimebound:Gluttony","floor":20.0},{"not_picked":["Slimebound:SplitMire+1","Slimebound:BestDefense"],"picked":"Slimebound:LivingWall","floor":22.0},{"not_picked":["Slimebound:Dissolve+1","Slimebound:Schlurp","Slimebound:Gluttony"],"picked":"SKIP","floor":22.0},{"not_picked":["Slimebound:Nibble+1","Slimebound:DisruptingSlam"],"picked":"Slimebound:LeadByExample+1","floor":27.0},{"not_picked":["Slimebound:RainOfGoop","Slimebound:RollThrough","Slimebound:LeechEnergy"],"picked":"SKIP","floor":28.0},{"not_picked":["Slimebound:Schlurp","Slimebound:Chomp","Slimebound:Nibble"],"picked":"SKIP","floor":28.0},{"not_picked":["Slimebound:ServeAndProtect","Slimebound:Dissolve","Slimebound:Gluttony"],"picked":"SKIP","floor":29.0},{"not_picked":["Slimebound:ComboTackle","Slimebound:GoopTackle","Slimebound:GoopSpray"],"picked":"SKIP","floor":29.0},{"not_picked":["Slimebound:OneTwoCombo","Slimebound:LeadByExample+1","Slimebound:LeechingTouch"],"picked":"SKIP","floor":30.0},{"not_picked":["Slimebound:Nibble","Slimebound:RainOfGoop","Slimebound:GrowthPunch+1"],"picked":"SKIP","floor":30.0},{"not_picked":["Slimebound:ServeAndProtect+1","Slimebound:SplitLeeching","Slimebound:SlimeBrawl"],"picked":"SKIP","floor":31.0},{"not_picked":["Slimebound:LeechingTouch+1","Slimebound:FlameTackle","Slimebound:ItLooksTasty"],"picked":"SKIP","floor":31.0},{"not_picked":["Slimebound:GrowthPunch","Slimebound:MinionMaster"],"picked":"Slimebound:SlimeTap","floor":32.0},{"not_picked":["Slimebound:ServeAndProtect","Slimebound:FinishingTackle","Slimebound:Repurpose"],"picked":"SKIP","floor":32.0},{"not_picked":["Slimebound:CheckThePlaybook","Slimebound:SelfFormingGoo"],"picked":"Slimebound:WasteNot","floor":33},{"not_picked":["expansioncontent:Torchfire","expansioncontent:DecasProtection"],"picked":"expansioncontent:GuardianWhirl","floor":36},{"not_picked":["expansioncontent:SuperHexaguard","expansioncontent:PolyBeam"],"picked":"expansioncontent:DonusPower","floor":36},{"not_picked":["Slimebound:GoopTackle+1","Slimebound:SplitAcid+1"],"picked":"Slimebound:Replication+1","floor":38},{"not_picked":["Slimebound:RainOfGoop","Slimebound:Nibble","Slimebound:SlimeSpikes"],"picked":"SKIP","floor":38},{"not_picked":["Slimebound:SlimeSpikes+1","Slimebound:LeadByExample"],"picked":"Slimebound:RallyTheTroops","floor":40},{"not_picked":["Slimebound:FirmFortitude","Slimebound:SlimeBarrage+1"],"picked":"Slimebound:SplitMire+1","floor":40},{"not_picked":["Slimebound:LivingWall","Slimebound:MassRepurpose","Slimebound:Equalize"],"picked":"SKIP","floor":43},{"not_picked":["Slimebound:ViciousTackle+1","Slimebound:FinishingTackle+1","Slimebound:SplitLeeching+1"],"picked":"SKIP","floor":45},{"not_picked":["Slimebound:LeadByExample","Slimebound:GoopSpray+1","Slimebound:SplitAcid"],"picked":"SKIP","floor":45},{"not_picked":["Slimebound:LeadByExample","Slimebound:GoopSpray+1"],"picked":"Slimebound:SplitAcid","floor":45},{"not_picked":["Slimebound:ViciousTackle+1","Slimebound:FinishingTackle+1","Slimebound:SplitLeeching+1"],"picked":"SKIP","floor":45},{"not_picked":["Slimebound:SplitAcid","Slimebound:RollThrough","Slimebound:DivideAndConquer"],"picked":"SKIP","floor":46},{"not_picked":["Slimebound:FinishingTackle","Slimebound:LeechEnergy+1","Slimebound:SlimeSpikes"],"picked":"SKIP","floor":48},{"not_picked":["Slimebound:SplitBruiser","Slimebound:GoopSpray","Slimebound:FirmFortitude"],"picked":"SKIP","floor":48},{"not_picked":["Slimebound:PressTheAttack+1","Slimebound:DisruptingSlam"],"picked":"Slimebound:MassRepurpose","floor":49},{"not_picked":["Slimebound:FlameTackle+1","Slimebound:ComboTackle+1","Slimebound:AcidTongue"],"picked":"SKIP","floor":49}],"player_experience":154687,"relics_obtained":[{"floor":7.0,"key":"Prayer Wheel"},{"floor":10.0,"key":"Happy Flower"},{"floor":12.0,"key":"Pantograph"},{"floor":24.0,"key":"Bird Faced Urn"},{"floor":25.0,"key":"Sundial"},{"floor":34,"key":"PreservedInsect"},{"floor":34,"key":"The Courier"},{"floor":34,"key":"Ginger"},{"floor":39,"key":"Ice Cream"},{"floor":41,"key":"Orichalcum"},{"floor":43,"key":"Regal Pillow"}],"event_choices":[{"cards_removed":["Slimebound:Tackle"],"damage_healed":0.0,"max_hp_gain":0.0,"max_hp_loss":0.0,"gold_gain":0.0,"event_name":"The Cleric","player_choice":"Card Removal","floor":3.0,"gold_loss":0.0,"damage_taken":0.0},{"damage_healed":0,"gold_gain":0,"player_choice":"Fight","damage_taken":0,"max_hp_gain":0,"max_hp_loss":0,"event_name":"Mysterious Sphere","floor":39,"gold_loss":0}],"is_beta":false,"boss_relics":[{"not_picked":["Fusion Hammer","Slimebound:TarBlob"],"picked":"Sozu"},{"not_picked":["SlaversCollar","Pandora\u0027s Box"],"picked":"Calling Bell"}],"items_purged_floors":[],"is_endless":false,"potions_floor_spawned":[6,10,13,14,16,28,29,30,31,38,39,45,48],"ascension_level":0}}