{"host":"1c52r9kaxdyo25eq","time":1607954062,"event":{"mods":["AchievementEnabler","BaseMod","Minty Spire (QoL Compilation)","Rare Cards Sparkle","SuperFastMode","everything is the same but u backflip on backflip"],"gold_per_floor":[115,134,84,9,9,39,39,68,68,80,122,145,184,196,208,322,384,416,428,365,342,360,388,403,403,450,450,450,450],"floor_reached":28,"playtime":762,"items_purged":["Strike_R"],"score":305,"play_id":"9d8d5e8c-edf1-40f4-848d-d7ffc692e4a5","local_time":"20201214225422","is_ascension_mode":true,"campfire_choices":[{"data":"Demon Form","floor":7.0,"key":"SMITH"},{"data":"Dark Embrace","floor":10.0,"key":"SMITH"},{"floor":15.0,"key":"REST"},{"floor":25.0,"key":"REST"}],"circlet_count":0,"master_deck":["Strike_R+1","Strike_R","Defend_R","Defend_R","Defend_R","Bash","Impervious","Thunderclap","Burning Pact","Demon Form+1","Dark Embrace+1","Armaments","Offering","Shrug It Off","Power Through","Sever Soul","Feel No Pain","Offering"],"relics":["Burning Blood","Shuriken","Pantograph","MawBank","Calipers","Gambling Chip","Tiny House","Dream Catcher","Nunchaku"],"acts_visited":["Exordium","TheCity"],"potions_floor_usage":[27],"damage_taken":[{"damage":6.0,"enemies":"Cultist","floor":1.0,"turns":3.0},{"damage":3.0,"enemies":"2 Louse","floor":2.0,"turns":3.0},{"damage":15.0,"enemies":"Lagavulin","floor":6.0,"turns":7.0},{"damage":26.0,"enemies":"Gremlin Nob","floor":8.0,"turns":5.0},{"damage":13.0,"enemies":"Jaw Worm","floor":12.0,"turns":5.0},{"damage":35.0,"enemies":"Lagavulin","floor":13.0,"turns":7.0},{"damage":23.0,"enemies":"Slime Boss","floor":16.0,"turns":8.0},{"damage":28.0,"enemies":"Spheric Guardian","floor":18.0,"turns":5.0},{"damage":7.0,"enemies":"Chosen","floor":22.0,"turns":7.0},{"damage":53.0,"enemies":"Slavers","floor":23.0,"turns":6.0},{"damage":21.0,"enemies":"Centurion and Healer","floor":24.0,"turns":9.0},{"damage":0,"enemies":"3 Cultists","floor":27,"turns":1},{"damage":12,"enemies":"Shelled Parasite and Fungi","floor":28,"turns":2}],"seed_played":"-1385323029297779543","potions_obtained":[{"floor":1.0,"key":"SmokeBomb"},{"floor":6.0,"key":"SkillPotion"},{"floor":12.0,"key":"EssenceOfSteel"},{"floor":18.0,"key":"Regen Potion"}],"is_trial":false,"path_per_floor":["M","M","?","$","?","E","R","E","T","R","?","M","E","$","R","B",null,"M","?","?","$","M","E","M","R","T","M","M"],"character_chosen":"IRONCLAD","items_purchased":["Feel No Pain"],"campfire_rested":2,"item_purchase_floors":[21],"current_hp_per_floor":[80,80,80,80,80,71,71,51,51,51,51,44,15,15,39,47,85,63,63,63,63,62,29,14,39,39,45,33,33],"gold":450,"neow_bonus":"ONE_RANDOM_RARE_CARD","is_daily":false,"chose_seed":false,"campfire_upgraded":2,"win_rate":0.0,"timestamp":1607954062,"path_taken":["M","M","?","$","?","E","R","E","T","R","?","M","E","?","R","BOSS","M","?","?","?","M","E","M","R","T","M","M"],"items_purchased_type":["Card"],"build_version":"2020-12-13","purchased_purges":1,"victory":false,"max_hp_per_floor":[80,80,80,80,80,80,80,80,80,80,80,80,80,80,80,80,85,85,85,85,85,85,85,85,85,85,85,85,85],"card_choices":[{"not_picked":["Armaments","Pummel"],"picked":"Thunderclap","floor":1.0},{"not_picked":["Pummel","Iron Wave"],"picked":"Burning Pact","floor":2.0},{"not_picked":["Metallicize","Exhume","Shockwave"],"picked":"SKIP","floor":6.0},{"not_picked":["Havoc","Iron Wave"],"picked":"Dark Embrace","floor":8.0},{"not_picked":["Clash","Shockwave","Burning Pact"],"picked":"SKIP","floor":12.0},{"not_picked":["Bloodletting","Inflame"],"picked":"Armaments","floor":13.0},{"not_picked":["Corruption","Double Tap"],"picked":"Offering","floor":16.0},{"not_picked":["Thunderclap","Uppercut"],"picked":"Shrug It Off","floor":17.0},{"not_picked":["Power Through","Perfected Strike","Evolve+1"],"picked":"SKIP","floor":18.0},{"not_picked":["Perfected Strike","Evolve+1"],"picked":"Power Through","floor":18.0},{"not_picked":["Headbutt","Flex+1"],"picked":"Offering","floor":22.0},{"not_picked":["Wild Strike","Perfected Strike","Searing Blow+1"],"picked":"SKIP","floor":23.0},{"not_picked":["Clash+1","Headbutt+1","Spot Weakness"],"picked":"SKIP","floor":24.0}],"player_experience":476467,"relics_obtained":[{"floor":6.0,"key":"Shuriken"},{"floor":8.0,"key":"Pantograph"},{"floor":9.0,"key":"MawBank"},{"floor":13.0,"key":"Gambling Chip"},{"floor":23.0,"key":"Dream Catcher"},{"floor":26.0,"key":"Nunchaku"}],"event_choices":[{"cards_removed":["Strike_R"],"damage_healed":0.0,"max_hp_gain":0.0,"max_hp_loss":0.0,"gold_gain":0.0,"event_name":"The Cleric","player_choice":"Card Removal","floor":3.0,"gold_loss":50.0,"damage_taken":0.0},{"damage_healed":0.0,"max_hp_gain":0.0,"max_hp_loss":0.0,"gold_gain":0.0,"cards_transformed":["Defend_R"],"event_name":"Living Wall","player_choice":"Change","floor":5.0,"gold_loss":0.0,"damage_taken":0.0,"cards_obtained":["Demon Form"]},{"damage_healed":0.0,"max_hp_gain":0.0,"max_hp_loss":0.0,"gold_gain":30.0,"event_name":"Dead Adventurer","player_choice":"Searched \u00273\u0027 times","floor":11.0,"gold_loss":0.0,"damage_taken":0.0,"relics_obtained":["Calipers"]},{"damage_healed":0.0,"max_hp_gain":0.0,"max_hp_loss":0.0,"gold_gain":0.0,"event_name":"The Library","player_choice":"Read","floor":19.0,"gold_loss":0.0,"damage_taken":0.0,"cards_obtained":["Sever Soul"]},{"cards_removed":["Strike_R"],"damage_healed":0.0,"max_hp_gain":0.0,"max_hp_loss":0.0,"gold_gain":0.0,"event_name":"Beggar","player_choice":"Gave Gold","floor":20.0,"gold_loss":75.0,"damage_taken":0.0}],"is_beta":false,"boss_relics":[{"not_picked":["Ectoplasm","Velvet Choker"],"picked":"Tiny House"}],"items_purged_floors":[4],"is_endless":false,"potions_floor_spawned":[1,6,12,16,18,22,27],"killed_by":"Shelled Parasite and Fungi","ascension_level":4}}