{"host":"9d9dhukr2jywmy0f","time":1607966921,"event":{"mods":["2.2 Compatiblity","Alarm Clock","BaseMod","Bestiary","Block Reminder","Colored Map","Colored Powertips","Curses Come First","DeckTracker","Displayed Cursed Tome","Highlight Path","Key Reminder","Keyboard Shortcuts","Koishi","Minty Spire (QoL Compilation)","MonsterHotkey","Potion Indicator Mod","Quick Restart","RNG Fix","Rare Cards Sparkle","Relic Sorter","Relic Stats","Spire Birthday Party","StSLib","Synergy Search","Unceasing Turn Reminder","Unknown Chances"],"gold_per_floor":[109,126,138,149,4,31,31,31,31,31,46,71,88,100,100,203,203,214,226,126,143,18,53,53,83,83,183,210,236,248,270,282,394,406,436,253,253,263,60,88,104,135,182,193,205,237,237,111,111,111,111,111,36,63,63],"floor_reached":56,"playtime":3635,"items_purged":["Koishi:BasicStrike","Koishi:BasicDefend","Koishi:BasicDefend","Koishi:BasicDefend","Decay","Koishi:BasicDefend","Koishi:BasicStrike"],"score":2014,"play_id":"c584737b-d183-4b3c-a6cf-a23e1209cefc","local_time":"20201215012841","is_ascension_mode":true,"campfire_choices":[{"floor":7.0,"key":"REST"},{"data":"Koishi:MassHysteria","floor":10.0,"key":"SMITH"},{"floor":15.0,"key":"REST"},{"data":"Koishi:FadingMemory","floor":24.0,"key":"SMITH"},{"floor":30.0,"key":"REST"},{"data":"Koishi:GeneticsOfTheUnconscious","floor":32.0,"key":"SMITH"},{"floor":49.0,"key":"RECALL"},{"data":"Koishi:RorschachInDanmaku","floor":52,"key":"SMITH"}],"circlet_count":0,"master_deck":["Koishi:BasicStrike","Koishi:BasicStrike","Koishi:Provoke","Koishi:HauntingSlash","Koishi:SubconsciousSweep","Koishi:SubterraneanRose","Koishi:MassHysteria+1","Koishi:ReflexRadar","Koishi:UnconsciousUprising","Koishi:SprinkleStarAndHeart","Koishi:FadingMemory+1","Koishi:RorschachInDanmaku+1","Koishi:SubterraneanRose+1","Koishi:ReflexRadar","Koishi:ReflexRadar","Koishi:GeneticsOfTheUnconscious+1","Koishi:ReleaseOfTheId+1","Koishi:ReflexRadar","Koishi:ReflexRadar+1","Koishi:Possession+1","Parasite","Koishi:ReflexRadar"],"relics":["Koishi:ImaginaryFriend","Orichalcum","Bag of Marbles","Dream Catcher","Runic Pyramid","Happy Flower","Bronze Scales","Sundial","Torii","Pantograph","Smiling Mask","MawBank","SacredBark","DollysMirror","Membership Card","Frozen Egg 2","Bag of Preparation","Koishi:BloodstainedWhiteRose","Singing Bowl","TheAbacus","Strawberry"],"acts_visited":["Exordium","TheCity","TheBeyond","TheEnding"],"potions_floor_usage":[55],"damage_taken":[{"damage":1.0,"enemies":"2 Louse","floor":1.0,"turns":3.0},{"damage":6.0,"enemies":"Jaw Worm","floor":2.0,"turns":4.0},{"damage":6.0,"enemies":"Small Slimes","floor":3.0,"turns":3.0},{"damage":8.0,"enemies":"Red Slaver","floor":4.0,"turns":4.0},{"damage":35.0,"enemies":"Gremlin Nob","floor":6.0,"turns":6.0},{"damage":1.0,"enemies":"Looter","floor":11.0,"turns":3.0},{"damage":13.0,"enemies":"Lagavulin","floor":12.0,"turns":6.0},{"damage":0.0,"enemies":"2 Fungi Beasts","floor":13.0,"turns":2.0},{"damage":0.0,"enemies":"Blue Slaver","floor":14.0,"turns":3.0},{"damage":25.0,"enemies":"Hexaghost","floor":16.0,"turns":11.0},{"damage":0.0,"enemies":"Chosen","floor":18.0,"turns":5.0},{"damage":0.0,"enemies":"Spheric Guardian","floor":19.0,"turns":4.0},{"damage":12.0,"enemies":"Snake Plant","floor":21.0,"turns":4.0},{"damage":12.0,"enemies":"Slavers","floor":23.0,"turns":3.0},{"damage":0.0,"enemies":"Book of Stabbing","floor":25.0,"turns":4.0},{"damage":4.0,"enemies":"Colosseum Slavers","floor":27.0,"turns":4.0},{"damage":8.0,"enemies":"Colosseum Nobs","floor":27.0,"turns":4.0},{"damage":0.0,"enemies":"Gremlin Leader","floor":28.0,"turns":3.0},{"damage":0.0,"enemies":"Shelled Parasite and Fungi","floor":31.0,"turns":3.0},{"damage":8.0,"enemies":"Automaton","floor":33.0,"turns":7.0},{"damage":0.0,"enemies":"Orb Walker","floor":35.0,"turns":2.0},{"damage":6.0,"enemies":"3 Shapes","floor":38.0,"turns":3.0},{"damage":0.0,"enemies":"Reptomancer","floor":40.0,"turns":3.0},{"damage":0.0,"enemies":"Writhing Mass","floor":41.0,"turns":4.0},{"damage":0.0,"enemies":"Giant Head","floor":42.0,"turns":6.0},{"damage":0.0,"enemies":"Transient","floor":44.0,"turns":5.0},{"damage":0.0,"enemies":"Sphere and 2 Shapes","floor":45.0,"turns":3.0},{"damage":0.0,"enemies":"Reptomancer","floor":46.0,"turns":3.0},{"damage":1,"enemies":"Time Eater","floor":50,"turns":11},{"damage":0,"enemies":"Shield and Spear","floor":54,"turns":3},{"damage":39,"enemies":"The Heart","floor":55,"turns":10}],"seed_played":"7290723557654732659","potions_obtained":[{"floor":1.0,"key":"Block Potion"},{"floor":2.0,"key":"DistilledChaos"},{"floor":6.0,"key":"Fire Potion"},{"floor":12.0,"key":"EssenceOfSteel"},{"floor":13.0,"key":"AttackPotion"},{"floor":14.0,"key":"Fruit Juice"},{"floor":25.0,"key":"FairyPotion"},{"floor":27.0,"key":"Dexterity Potion"},{"floor":28.0,"key":"SpeedPotion"},{"floor":31.0,"key":"Weak Potion"},{"floor":41.0,"key":"Fire Potion"},{"floor":42.0,"key":"Block Potion"}],"is_trial":false,"path_per_floor":["M","M","M","M","$","E","R","$","T","R","M","E","M","M","R","B",null,"M","M","$","M","$","E","R","E","T","?","E","T","R","M","R","B",null,"M","$","?","M","$","E","M","E","T","M","M","E","?","$","R","B",null,"R","$","E","B",null],"character_chosen":"KOISHI","items_purchased":["Koishi:MassHysteria","DollysMirror","Membership Card","TheAbacus","SkillPotion"],"campfire_rested":3,"item_purchase_floors":[5,36,39,48,53],"current_hp_per_floor":[54,50,45,39,39,5,23,23,23,23,23,11,11,17,36,13,52,54,54,54,43,43,31,31,31,31,21,22,22,41,41,41,60,64,65,65,65,59,59,60,62,64,64,65,65,67,67,67,67,66,67,67,67,76,43],"gold":63,"neow_bonus":"RANDOM_COMMON_RELIC","is_daily":false,"chose_seed":false,"campfire_upgraded":4,"win_rate":0.0,"timestamp":1607966921,"path_taken":["M","?","M","M","$","E","R","?","T","R","M","E","M","M","R","BOSS","M","M","$","M","$","E","R","E","T","?","E","?","R","M","R","BOSS","M","$","?","M","$","E","M","E","T","M","M","E","?","?","R","BOSS","R","$","E","BOSS"],"items_purchased_type":["Card","Relic","Relic","Relic","Potion"],"build_version":"2020-11-30","purchased_purges":7,"victory":true,"max_hp_per_floor":[60,60,60,60,60,60,60,60,60,60,60,60,60,65,65,65,65,65,65,65,65,65,65,65,65,65,65,65,65,65,65,65,65,65,65,65,65,65,65,65,65,65,65,65,65,67,67,67,67,67,67,67,67,76,76],"relic_stats":{"Happy Flower":[26],"Torii":4,"Singing Bowl":4,"counters":[31,139],"Bag of Preparation":[7],"Orichalcum":[60],"Smiling Mask":251,"MawBank":84,"Dream Catcher":2,"TheAbacus":[144],"Sundial":[42],"Bronze Scales":[300],"Pantograph":24,"obtain_stats":[{"Happy Flower":23,"Torii":27,"Singing Bowl":46,"SacredBark":34,"Bag of Preparation":42,"Orichalcum":0,"Frozen Egg 2":40,"Smiling Mask":28,"MawBank":29,"keyreminder:keyreminder":9,"Dream Catcher":12,"TheAbacus":48,"Sundial":26,"DollysMirror":36,"Bronze Scales":25,"Pantograph":27,"Strawberry":54,"Bag of Marbles":6,"Membership Card":39,"Koishi:BloodstainedWhiteRose":43,"Koishi:ImaginaryFriend":0,"Runic Pyramid":17},{"Happy Flower":14,"Torii":17,"Singing Bowl":28,"SacredBark":20,"Bag of Preparation":25,"Orichalcum":0,"Frozen Egg 2":23,"Smiling Mask":18,"MawBank":18,"keyreminder:keyreminder":5,"Dream Catcher":7,"TheAbacus":28,"Sundial":15,"DollysMirror":21,"Bronze Scales":15,"Pantograph":17,"Strawberry":30,"Bag of Marbles":5,"Membership Card":22,"Koishi:BloodstainedWhiteRose":25,"Koishi:ImaginaryFriend":0,"Runic Pyramid":10},{"Happy Flower":61,"Torii":73,"Singing Bowl":115,"SacredBark":86,"Bag of Preparation":104,"Orichalcum":0,"Frozen Egg 2":94,"Smiling Mask":76,"MawBank":76,"keyreminder:keyreminder":20,"Dream Catcher":29,"TheAbacus":115,"Sundial":65,"DollysMirror":88,"Bronze Scales":65,"Pantograph":73,"Strawberry":129,"Bag of Marbles":20,"Membership Card":91,"Koishi:BloodstainedWhiteRose":104,"Koishi:ImaginaryFriend":0,"Runic Pyramid":45}]},"card_choices":[{"not_picked":["Koishi:PhantomBarrier","Koishi:Prune"],"picked":"Koishi:SubconsciousSweep","floor":1.0},{"not_picked":["Koishi:UnansweredLove","Koishi:ParalyzingFear","Koishi:GeneticsOfTheUnconscious"],"picked":"SKIP","floor":2.0},{"not_picked":["Koishi:Prune","Koishi:FidgetySnatcher","Koishi:PhantomBarrier"],"picked":"SKIP","floor":3.0},{"not_picked":["Koishi:JumpScare","Koishi:UnconsciousUprising"],"picked":"Koishi:SubterraneanRose","floor":4.0},{"not_picked":["Koishi:JumpScare","Koishi:HeartfeltFancy"],"picked":"Koishi:ReflexRadar","floor":6.0},{"not_picked":["Koishi:TremblingHands","Koishi:EmbryosDream","Koishi:UnconsciousUrges"],"picked":"SKIP","floor":11.0},{"not_picked":["Koishi:RacingHeart","Koishi:YoukaiPolygraph"],"picked":"Koishi:UnconsciousUprising","floor":12.0},{"not_picked":["Koishi:HeartfeltFancy","Koishi:BloodcurdlingScream"],"picked":"Koishi:SprinkleStarAndHeart","floor":13.0},{"not_picked":["Koishi:SprinkleStarAndHeart","Koishi:SpiritedAway"],"picked":"Koishi:FadingMemory","floor":14.0},{"not_picked":["Koishi:UnansweredLove","Koishi:MassHysteria"],"picked":"Koishi:RorschachInDanmaku","floor":15.0},{"not_picked":["Koishi:Jaunt","Koishi:UnconsciousUprising","Koishi:TraumaticStroke"],"picked":"SKIP","floor":18.0},{"not_picked":["Koishi:JumpScare","Koishi:EmbryosDream+1"],"picked":"Koishi:SubterraneanRose+1","floor":19.0},{"not_picked":["Koishi:RacingHeart","Koishi:UnansweredLove","Koishi:UnconsciousUprising"],"picked":"SKIP","floor":21.0},{"not_picked":["Koishi:PhantomBarrier+1","Koishi:FleetingPhantom","Koishi:Jaunt"],"picked":"SKIP","floor":23.0},{"not_picked":["Koishi:Heartbroken","Koishi:YoukaiPolygraph+1","Koishi:ApparitionsStalkTheNight"],"picked":"SKIP","floor":25.0},{"not_picked":["Koishi:SubterraneanRose+1","Koishi:HeartfeltFancy"],"picked":"Koishi:ReflexRadar","floor":27.0},{"not_picked":["Koishi:RacingHeart+1","Koishi:UnansweredLove","Koishi:JumpScare"],"picked":"SKIP","floor":28.0},{"not_picked":["Koishi:CatchAndRose","Koishi:TraumaticStroke"],"picked":"Koishi:ReflexRadar","floor":30.0},{"not_picked":["Koishi:PredatoryInstincts","Koishi:YoukaiPolygraph+1"],"picked":"Koishi:GeneticsOfTheUnconscious","floor":31.0},{"not_picked":["Koishi:PhantomStrike+1","Koishi:LastRemote+1"],"picked":"Koishi:ReleaseOfTheId+1","floor":35.0},{"not_picked":["Koishi:JumpScare+1","Koishi:FleetingPhantom"],"picked":"Koishi:ReflexRadar+1","floor":38.0},{"not_picked":["Koishi:SpiritedAway+1","Koishi:VengefulSpirit+1"],"picked":"Koishi:Possession+1","floor":40.0},{"not_picked":["Koishi:SubconsciousSweep","Koishi:UnconsciousUprising","Koishi:FleetingPhantom+1"],"picked":"SKIP","floor":41.0},{"not_picked":["Koishi:EmbersOfLove","Koishi:PhantomBarrier+1","Koishi:CatchAndRose+1"],"picked":"SKIP","floor":42.0},{"not_picked":["Koishi:Prune","Koishi:TerrifyingSpectre+1"],"picked":"Koishi:ReflexRadar","floor":44.0},{"not_picked":["Koishi:EmbryosDream+1","Koishi:CatchAndRose","Koishi:Catatonia+1"],"picked":"SKIP","floor":45.0},{"not_picked":["Koishi:EmbryosDream","Koishi:UnconsciousUprising+1","Koishi:FidgetySnatcher+1"],"picked":"Singing Bowl","floor":46.0},{"not_picked":["Koishi:CatchAndRose","Koishi:RacingHeart","Koishi:SubterraneanRose"],"picked":"Singing Bowl","floor":54}],"player_experience":753812,"relics_obtained":[{"floor":6.0,"key":"Bag of Marbles"},{"floor":12.0,"key":"Dream Catcher"},{"floor":23.0,"key":"Happy Flower"},{"floor":25.0,"key":"Bronze Scales"},{"floor":26.0,"key":"Sundial"},{"floor":27.0,"key":"Torii"},{"floor":27.0,"key":"Pantograph"},{"floor":28.0,"key":"Smiling Mask"},{"floor":29.0,"key":"MawBank"},{"floor":40.0,"key":"Frozen Egg 2"},{"floor":42.0,"key":"Bag of Preparation"},{"floor":43.0,"key":"Koishi:BloodstainedWhiteRose"},{"floor":46.0,"key":"Singing Bowl"},{"floor":54,"key":"Strawberry"}],"event_choices":[{"damage_healed":0.0,"max_hp_gain":0.0,"max_hp_loss":0.0,"gold_gain":0.0,"event_name":"Colosseum","player_choice":"Fight","floor":27.0,"gold_loss":0.0,"damage_taken":0.0},{"damage_healed":0.0,"max_hp_gain":0.0,"max_hp_loss":0.0,"gold_gain":0.0,"event_name":"Colosseum","player_choice":"Fought Nobs","floor":27.0,"gold_loss":0.0,"damage_taken":0.0},{"damage_healed":0.0,"max_hp_gain":0.0,"max_hp_loss":0.0,"gold_gain":0.0,"event_name":"Wheel of Change","player_choice":"Cursed","floor":37.0,"gold_loss":0.0,"damage_taken":0.0,"cards_obtained":["Decay"]},{"damage_healed":0.0,"max_hp_gain":0.0,"max_hp_loss":0.0,"gold_gain":0.0,"event_name":"Tomb of Lord Red Mask","player_choice":"Ignored","floor":47.0,"gold_loss":0.0,"damage_taken":0.0}],"is_beta":false,"boss_relics":[{"not_picked":["Tiny House","Busted Crown"],"picked":"Runic Pyramid"},{"not_picked":["Cursed Key","SlaversCollar"],"picked":"SacredBark"}],"items_purged_floors":[5,20,22,36,39,48,53],"is_endless":false,"potions_floor_spawned":[1,2,6,12,13,14,25,27,28,31,35,41,42,45,46,54],"ascension_level":9}}