{"host":"4qkvkh7pd9qr2mca","time":1607979173,"event":{"mods":["AchievementEnabler","BaseMod","Colored Map","Colored Powertips","Highlight Path","Minty Spire (QoL Compilation)","Permanent Neow","Quick Restart","StSLib","SuperFastMode"],"gold_per_floor":[367,1,53,64,54,54,86,86,109,109,162,127,181,181,181,256,256,269,304,44,58,58,88,88,127,179,197,197,250,250,250,250,327,327,367,367,367,28,28,58,96,96,119,119,66,109,134,169,169,169,169],"floor_reached":52,"playtime":3478,"items_purged":["Writhe","Strike_G"],"score":1953,"play_id":"d07d4bdb-c12b-4d8f-b9bb-212a1d238279","local_time":"20201214215253","is_ascension_mode":true,"campfire_choices":[{"data":"HandOfGreed","floor":6.0,"key":"SMITH"},{"floor":8.0,"key":"REST"},{"floor":10.0,"key":"REST"},{"data":"Well Laid Plans","floor":15.0,"key":"SMITH"},{"floor":24,"key":"REST"},{"data":"Malaise","floor":28,"key":"SMITH"},{"data":"Accuracy","floor":30,"key":"SMITH"},{"floor":32,"key":"REST"},{"data":"Wraith Form v2","floor":44,"key":"SMITH"},{"data":"Footwork","floor":49,"key":"SMITH"}],"circlet_count":0,"master_deck":["AscendersBane","Strike_G","Strike_G","Strike_G","Defend_G","Defend_G","Defend_G","Defend_G","Defend_G","Survivor+1","Neutralize","Noxious Fumes","HandOfGreed+1","Well Laid Plans+1","Blade Dance","Blur","Dash","Malaise+1","Masterful Stab","Footwork+1","CurseOfTheBell","Endless Agony","Finisher","RitualDagger","Acrobatics","Tools of the Trade","Concentrate","Blade Dance","Accuracy+1","Necronomicurse","Predator","Phantasmal Killer","Acrobatics+1","Wraith Form v2+1","Flechettes","Endless Agony","Dash","Deflect+1","Backflip"],"relics":["Ring of the Snake","Toy Ornithopter","Boot","Bag of Marbles","Mercury Hourglass","Calling Bell","Dream Catcher","Meat on the Bone","Torii","Happy Flower","Centennial Puzzle","Pen Nib","Oddly Smooth Stone","Necronomicon","Coffee Dripper","Pantograph","Vajra","Bottled Tornado","Juzu Bracelet","Unceasing Top","War Paint"],"acts_visited":["Exordium","TheCity","TheBeyond"],"potions_floor_usage":[23,29,29,41,50,51],"damage_taken":[{"damage":0.0,"enemies":"2 Louse","floor":1.0,"turns":5.0},{"damage":8.0,"enemies":"Small Slimes","floor":3.0,"turns":5.0},{"damage":1.0,"enemies":"Cultist","floor":4.0,"turns":5.0},{"damage":17.0,"enemies":"Exordium Thugs","floor":5.0,"turns":4.0},{"damage":24.0,"enemies":"Lagavulin","floor":7.0,"turns":6.0},{"damage":12.0,"enemies":"3 Sentries","floor":11.0,"turns":10.0},{"damage":4.0,"enemies":"Gremlin Nob","floor":13.0,"turns":3.0},{"damage":6.0,"enemies":"Slime Boss","floor":16.0,"turns":10.0},{"damage":0.0,"enemies":"Chosen","floor":18.0,"turns":5.0},{"damage":14.0,"enemies":"Spheric Guardian","floor":19.0,"turns":7.0},{"damage":6,"enemies":"Snake Plant","floor":21,"turns":5},{"damage":24,"enemies":"Book of Stabbing","floor":23,"turns":8},{"damage":10,"enemies":"Centurion and Healer","floor":25,"turns":5},{"damage":1,"enemies":"Snecko","floor":27,"turns":4},{"damage":25,"enemies":"Slavers","floor":29,"turns":4},{"damage":16,"enemies":"Champ","floor":33,"turns":10},{"damage":1,"enemies":"Orb Walker","floor":35,"turns":3},{"damage":6,"enemies":"Reptomancer","floor":40,"turns":5},{"damage":1,"enemies":"3 Darklings","floor":41,"turns":4},{"damage":4,"enemies":"Sphere and 2 Shapes","floor":46,"turns":4},{"damage":1,"enemies":"Mind Bloom Boss Battle","floor":47,"turns":7},{"damage":11,"enemies":"Giant Head","floor":48,"turns":6},{"damage":32,"enemies":"Donu and Deca","floor":50,"turns":9},{"damage":56,"enemies":"Awakened One","floor":51,"turns":9}],"seed_played":"5180794034377424052","potions_obtained":[{"floor":1.0,"key":"EssenceOfSteel"},{"floor":4.0,"key":"LiquidMemories"},{"floor":5.0,"key":"CultistPotion"},{"floor":16.0,"key":"Fire Potion"},{"floor":19.0,"key":"FearPotion"},{"floor":21,"key":"Block Potion"},{"floor":25,"key":"Energy Potion"},{"floor":29,"key":"Energy Potion"},{"floor":35,"key":"CultistPotion"},{"floor":41,"key":"Fruit Juice"}],"is_trial":false,"path_per_floor":["M","$","M","M","M","R","E","R","T","R","E","?","E","?","R","B",null,"M","M","$","M","?","E","R","M","T","M","R","E","R","?","R","B",null,"M","?","?","$","?","E","M","T","T","R","$","M","?","E","R","B","B",null],"character_chosen":"THE_SILENT","items_purchased":["HandOfGreed","Well Laid Plans","Happy Flower","Pantograph","Acrobatics","Strength Potion"],"campfire_rested":4,"item_purchase_floors":[2,2,20,38,38,45],"current_hp_per_floor":[59,59,51,50,33,33,9,28,28,47,35,51,52,45,45,39,59,59,45,45,39,33,26,45,35,35,34,34,31,31,10,29,25,56,55,55,55,55,55,49,58,58,58,58,58,54,67,56,56,41,24],"gold":169,"neow_bonus":"TWO_FIFTY_GOLD","is_daily":false,"chose_seed":false,"campfire_upgraded":6,"win_rate":0.0,"timestamp":1607979173,"path_taken":["M","$","M","M","M","R","E","R","T","R","E","?","E","?","R","BOSS","M","M","$","M","?","E","R","M","T","M","R","E","R","?","R","BOSS","M","?","?","$","?","E","?","?","T","R","$","M","?","E","R","BOSS","BOSS"],"items_purchased_type":["Card","Card","Relic","Relic","Card","Potion"],"build_version":"2020-12-13","purchased_purges":2,"victory":true,"max_hp_per_floor":[66,66,66,66,66,66,66,66,66,66,66,66,66,66,66,66,66,66,66,66,66,66,66,66,66,66,66,66,66,66,66,66,66,66,66,63,63,63,63,63,68,68,68,68,68,68,68,68,68,68,68],"card_choices":[{"not_picked":["Flying Knee","Blade Dance"],"picked":"Noxious Fumes","floor":1.0},{"not_picked":["Acrobatics","Infinite Blades"],"picked":"Blade Dance","floor":3.0},{"not_picked":["Dagger Throw","Skewer"],"picked":"Blur","floor":4.0},{"not_picked":["Infinite Blades","Cloak And Dagger"],"picked":"Dash","floor":5.0},{"not_picked":["Bane","Tactician"],"picked":"Malaise","floor":7.0},{"not_picked":["Choke","Deflect"],"picked":"Masterful Stab","floor":11.0},{"not_picked":["Sucker Punch","Outmaneuver"],"picked":"Footwork","floor":13.0},{"not_picked":["Storm of Steel","Doppelganger"],"picked":"Glass Knife","floor":16.0},{"not_picked":["Outmaneuver","Well Laid Plans+1","Bane"],"picked":"SKIP","floor":18.0},{"not_picked":["Cloak And Dagger","Deflect"],"picked":"Endless Agony","floor":19.0},{"not_picked":["Tactician","Setup"],"picked":"Finisher","floor":21},{"not_picked":["Crippling Poison","PiercingWail"],"picked":"Acrobatics","floor":23},{"not_picked":["Sucker Punch","Dagger Throw"],"picked":"Tools of the Trade","floor":24},{"not_picked":["Masterful Stab","Acrobatics"],"picked":"Concentrate","floor":25},{"not_picked":["Outmaneuver","Choke"],"picked":"Blade Dance","floor":27},{"not_picked":["Glass Knife","Backflip"],"picked":"Accuracy","floor":29},{"not_picked":["Blade Dance","Flying Knee"],"picked":"Predator","floor":32},{"not_picked":["Glass Knife","Bullet Time"],"picked":"Phantasmal Killer","floor":33},{"not_picked":["Endless Agony","Bane","Noxious Fumes"],"picked":"SKIP","floor":35},{"not_picked":["Riddle With Holes","Catalyst"],"picked":"Endless Agony","floor":40},{"not_picked":["Flying Knee+1","All Out Attack"],"picked":"Dash","floor":41},{"not_picked":["Deadly Poison","Quick Slash","Dagger Spray"],"picked":"SKIP","floor":46},{"not_picked":["Acrobatics","Bane+1"],"picked":"Deflect+1","floor":47},{"not_picked":["Acrobatics","Prepared"],"picked":"Backflip","floor":48}],"player_experience":321746,"relics_obtained":[{"floor":7.0,"key":"Toy Ornithopter"},{"floor":9.0,"key":"Boot"},{"floor":11.0,"key":"Bag of Marbles"},{"floor":13.0,"key":"Mercury Hourglass"},{"floor":17.0,"key":"Dream Catcher"},{"floor":17.0,"key":"Meat on the Bone"},{"floor":17.0,"key":"Torii"},{"floor":23,"key":"Centennial Puzzle"},{"floor":26,"key":"Pen Nib"},{"floor":29,"key":"Oddly Smooth Stone"},{"floor":31,"key":"Necronomicon"},{"floor":40,"key":"Vajra"},{"floor":42,"key":"Bottled Tornado"},{"floor":43,"key":"Juzu Bracelet"},{"floor":47,"key":"Unceasing Top"},{"floor":48,"key":"War Paint"}],"event_choices":[{"damage_healed":16.0,"max_hp_gain":0.0,"max_hp_loss":0.0,"gold_gain":0.0,"event_name":"The Cleric","player_choice":"Healed","floor":12.0,"gold_loss":35.0,"damage_taken":0.0},{"cards_removed":["Strike_G"],"damage_healed":0.0,"max_hp_gain":0.0,"max_hp_loss":0.0,"gold_gain":0.0,"event_name":"Golden Wing","player_choice":"Card Removal","floor":14.0,"gold_loss":0.0,"damage_taken":7.0},{"damage_healed":0,"gold_gain":0,"player_choice":"Joined the Cult","damage_taken":6,"max_hp_gain":0,"max_hp_loss":0,"event_name":"Nest","floor":22,"gold_loss":0,"cards_obtained":["RitualDagger"]},{"damage_healed":0,"gold_gain":0,"player_choice":"Obtained Book","damage_taken":21,"max_hp_gain":0,"max_hp_loss":0,"event_name":"Cursed Tome","floor":31,"gold_loss":0},{"damage_healed":0,"gold_gain":0,"player_choice":"Max HP","damage_taken":0,"max_hp_gain":0,"max_hp_loss":3,"event_name":"Winding Halls","floor":36,"gold_loss":0},{"cards_removed":["Glass Knife"],"damage_healed":0,"gold_gain":0,"player_choice":"Removed Attack","damage_taken":0,"max_hp_gain":0,"max_hp_loss":0,"event_name":"Falling","floor":37,"gold_loss":0},{"damage_healed":0,"gold_gain":0,"player_choice":"2 cards matched","damage_taken":0,"max_hp_gain":0,"max_hp_loss":0,"event_name":"Match and Keep!","floor":39,"gold_loss":0,"cards_obtained":["Wraith Form v2","Flechettes"]},{"damage_healed":0,"gold_gain":0,"player_choice":"Fight","damage_taken":0,"max_hp_gain":0,"max_hp_loss":0,"event_name":"MindBloom","floor":47,"gold_loss":0}],"is_beta":false,"boss_relics":[{"not_picked":["Tiny House","HoveringKite"],"picked":"Calling Bell"},{"not_picked":["Velvet Choker","Runic Pyramid"],"picked":"Coffee Dripper"}],"items_purged_floors":[2,20],"is_endless":false,"potions_floor_spawned":[1,4,5,16,19,21,25,29,35,41,47,48],"ascension_level":20}}