{"host":"p4yrwepmrl4g8pul","time":1607919912,"event":{"mods":["Act Like it!","BaseMod","BetterRewards","Colored Map","Custom Start","Gensokyo","Marisa£®ÏF”Í°°ƒß¿Ì…≥£©","Minty Spire (QoL Compilation)","Quick Restart","Rare Cards Sparkle","Reimu£®≤©¿ˆ¡È√Œ£©","Remilia£®¿Ÿ√◊¿Ú—«£©","Remove Card Discount Mod","Shop Mod","StSLib","The Jungle","TheWitcher"],"gold_per_floor":[125,155,230,34,34,83,98,98,98,98,137,137,137,167,167,298,361,392,343,362,380,380,418,418,457,538,538,493,493,493,215,215,341,341,294,294,294,40,103,103,134,153,177,202,202,223,247,262,262,262],"floor_reached":51,"playtime":2477,"items_purged":["SnafuTest:DefaultCommonAttack","SnafuTest:DefaultCommonAttack","SnafuTest:DefaultCommonSkill","SnafuTest:DefaultCommonAttack","SnafuTest:SignYrden","SnafuTest:SpellLifeDrain","SnafuTest:BountyHunt","SnafuTest:Shooting","SnafuTest:Kick","SnafuTest:ShoulderSlam","SnafuTest:DefaultCommonSkill+1","SnafuTest:WorldMap+1"],"score":875,"play_id":"b94d01f6-6293-4145-9e44-511d0087e623","local_time":"20201214122512","is_ascension_mode":false,"campfire_choices":[{"data":"SnafuTest:ArmoredSortie","floor":8.0,"key":"SMITH"},{"floor":10.0,"key":"REST"},{"data":"SnafuTest:PowerAlwaysOnRoads","floor":13.0,"key":"SMITH"},{"data":"SnafuTest:ShoulderSlam","floor":15.0,"key":"SMITH"},{"data":"SnafuTest:DefaultCommonSkill","floor":24.0,"key":"SMITH"},{"data":"SnafuTest:DefaultCommonSkill","floor":27.0,"key":"SMITH"},{"floor":29.0,"key":"REST"},{"data":"Good Instincts","floor":32.0,"key":"SMITH"},{"data":"Deep Breath","floor":40.0,"key":"SMITH"},{"data":"PanicButton","floor":49.0,"key":"SMITH"}],"circlet_count":0,"master_deck":["SnafuTest:DefaultCommonSkill+1","SnafuTest:PowerAlwaysOnRoads+1","SnafuTest:ArmoredSortie+1","SnafuTest:ShoulderSlam+1","SnafuTest:PowerEquilibrium+1","SnafuTest:ShoulderSlam+1","Good Instincts+1","Deep Breath+1","PanicButton+1"],"relics":["SnafuTest:PlaceholderRelic","ClockworkSouvenir","Lantern","CaptainsWheel","Medical Kit","Golden Idol","Shovel","Ginger","Gremlin Horn","Tiny Chest","The Courier","SnafuTest:CatRelic","Black Star","MerchantsRug","Oddly Smooth Stone","Thread and Needle","Mango","Blue Candle","Anchor","Dream Catcher"],"acts_visited":["Exordium","Exordium","TheBeyond"],"potions_floor_usage":[50,50],"damage_taken":[{"damage":1.0,"enemies":"Small Slimes","floor":1.0,"turns":3.0},{"damage":0.0,"enemies":"2 Louse","floor":2.0,"turns":4.0},{"damage":9.0,"enemies":"Lagavulin","floor":6.0,"turns":7.0},{"damage":1.0,"enemies":"Cultist","floor":7.0,"turns":3.0},{"damage":9.0,"enemies":"3 Sentries","floor":11.0,"turns":7.0},{"damage":0.0,"enemies":"Gremlin Gang","floor":14.0,"turns":4.0},{"damage":9.0,"enemies":"The Guardian","floor":16.0,"turns":7.0},{"damage":0.0,"enemies":"theJungle:GiantWrat","floor":18.0,"turns":4.0},{"damage":7.0,"enemies":"theJungle:MUSHROOMGANG","floor":20.0,"turns":4.0},{"damage":13.0,"enemies":"theJungle:Lyon","floor":21.0,"turns":4.0},{"damage":0.0,"enemies":"theJungle:2_Flameangoes","floor":22.0,"turns":1.0},{"damage":15.0,"enemies":"theJungle:Cassacara","floor":23.0,"turns":3.0},{"damage":16.0,"enemies":"theJungle:2_Phrogs","floor":25.0,"turns":6.0},{"damage":0.0,"enemies":"theJungle:SlimyTreeVines","floor":28.0,"turns":4.0},{"damage":0.0,"enemies":"theJungle:FunGuy","floor":33.0,"turns":8.0},{"damage":0.0,"enemies":"3 Shapes","floor":35.0,"turns":5.0},{"damage":0.0,"enemies":"Mind Bloom Boss Battle","floor":39.0,"turns":5.0},{"damage":2.0,"enemies":"Nemesis","floor":41.0,"turns":5.0},{"damage":0.0,"enemies":"Orb Walker","floor":42.0,"turns":3.0},{"damage":0.0,"enemies":"Jaw Worm Horde","floor":44.0,"turns":2.0},{"damage":0.0,"enemies":"Writhing Mass","floor":46.0,"turns":3.0},{"damage":0.0,"enemies":"Spire Growth","floor":47.0,"turns":3.0},{"damage":0.0,"enemies":"Transient","floor":48.0,"turns":5.0},{"damage":0,"enemies":"Awakened One","floor":50,"turns":10}],"seed_played":"-8390806436747069627","potions_obtained":[{"floor":2.0,"key":"SkillPotion"},{"floor":14.0,"key":"SteroidPotion"},{"floor":16.0,"key":"Energy Potion"},{"floor":17.0,"key":"EntropicBrew"},{"floor":21.0,"key":"LiquidBronze"},{"floor":25.0,"key":"ColorlessPotion"},{"floor":28.0,"key":"SmokeBomb"},{"floor":30.0,"key":"LiquidMemories"},{"floor":41.0,"key":"SnafuTest:PlaceholderPotion"},{"floor":44.0,"key":"Dexterity Potion"}],"is_trial":false,"path_per_floor":["M","M","?","$","?","E","M","R","T","R","E","?","R","M","R","B",null,"M","$","M","M","M","E","R","E","T","R","M","R","?","$","R","B",null,"M","?","T","$","?","R","E","M","T","M","?","M","M","M","R","B",null],"character_chosen":"THE_WITCHER","items_purchased":["ClockworkSouvenir","Lantern","SnafuTest:Kick","SnafuTest:Shooting","SnafuTest:PowerAlwaysOnRoads","SnafuTest:SpellLifeDrain","Dexterity Potion","Medical Kit","SnafuTest:ArmoredSortie","SnafuTest:ShoulderSlam","SnafuTest:CatRelic","Good Instincts","MerchantsRug","Deep Breath","Oddly Smooth Stone","Thread and Needle"],"campfire_rested":2,"item_purchase_floors":[0,0,0,0,0,0,0,4,4,19,31,31,38,38,38,38],"current_hp_per_floor":[39,39,28,28,28,19,18,18,18,40,31,31,31,31,31,22,80,80,80,73,60,60,45,45,29,29,29,32,56,56,56,56,56,80,80,77,77,77,91,91,89,89,89,89,89,89,89,89,89,89],"gold":262,"neow_bonus":"","is_daily":false,"chose_seed":false,"campfire_upgraded":8,"win_rate":0.0,"timestamp":1607919912,"path_taken":["M","M","?","$","?","E","M","R","T","R","E","?","R","?","R","BOSS","M","$","M","M","M","E","R","E","T","R","M","R","?","?","R","BOSS","M","?","?","?","?","R","E","M","T","M","?","M","M","M","R","BOSS"],"items_purchased_type":["Relic","Relic","Card","Card","Card","Card","Potion","Relic","Card","Card","Relic","Card","Relic","Card","Relic","Relic"],"build_version":"2020-12-13","purchased_purges":12,"victory":true,"max_hp_per_floor":[75,75,75,75,75,75,75,75,75,75,75,75,75,75,75,75,80,80,80,80,80,80,80,80,80,80,80,80,80,80,80,80,80,80,80,80,80,80,94,94,94,94,94,94,94,94,94,94,94,94],"card_choices":[{"not_picked":["SnafuTest:HermitsErudition","SnafuTest:MCMockAndRun","SnafuTest:DesperateRemediation"],"picked":"SKIP","floor":1.0},{"not_picked":["SnafuTest:MercilessReaper","SnafuTest:PayHappyHour","SnafuTest:CalculatingAmbition"],"picked":"SKIP","floor":2.0},{"not_picked":["SnafuTest:NoPass","SnafuTest:BombDevilsPuffball","SnafuTest:FlashingEvasion"],"picked":"SKIP","floor":6.0},{"not_picked":["SnafuTest:PowerCounterAttack","SnafuTest:PowerAlwaysAWay"],"picked":"SnafuTest:ShoulderSlam","floor":7.0},{"not_picked":["SnafuTest:MagePersecution","SnafuTest:SignIgni","SnafuTest:FeignDeath"],"picked":"SKIP","floor":11.0},{"not_picked":["SnafuTest:BombSamum","SnafuTest:SpellIncendiaryShower","SnafuTest:SpellBitingFrost"],"picked":"SKIP","floor":14.0},{"not_picked":["SnafuTest:AncestralRitual","SnafuTest:BombNorthernWind","SnafuTest:DesperateRemediation"],"picked":"SKIP","floor":14.0},{"not_picked":["SnafuTest:AssassinOfKings","SnafuTest:DecisiveOpportunity"],"picked":"SnafuTest:PowerEquilibrium","floor":16.0},{"not_picked":["SnafuTest:Portal","SnafuTest:MCPlayGwent","SnafuTest:Kick"],"picked":"SKIP","floor":18.0},{"not_picked":["SnafuTest:WitchHunt+1","SnafuTest:BlueWhale","SnafuTest:PayArmorSmith"],"picked":"SKIP","floor":18.0},{"not_picked":["SnafuTest:DesperateRemediation+1","SnafuTest:Portal","SnafuTest:BombSamum"],"picked":"SKIP","floor":20.0},{"not_picked":["SnafuTest:SpellHellfire","SnafuTest:Siege","SnafuTest:WorldMap"],"picked":"SKIP","floor":20.0},{"not_picked":["SnafuTest:SpellLifeDrain","SnafuTest:PayWeaponSmith"],"picked":"SnafuTest:ShoulderSlam+1","floor":21.0},{"not_picked":["SnafuTest:QueensGuard","SnafuTest:DesperateRemediation","SnafuTest:SpellDispellingPush+1"],"picked":"SKIP","floor":21.0},{"not_picked":["SnafuTest:FlashingEvasion","SnafuTest:SpellBlindFury","SnafuTest:SpellChainLightning"],"picked":"SKIP","floor":23.0},{"not_picked":["SnafuTest:PowerProbingFeint","SnafuTest:MercilessReaper"],"picked":"SnafuTest:PayExoticTreasure","floor":25.0},{"not_picked":["SnafuTest:DesperateRemediation+1","SnafuTest:Oriole","SnafuTest:ExcessiveLevies"],"picked":"SKIP","floor":28.0},{"not_picked":["SnafuTest:QueensGuard","SnafuTest:Siege","SnafuTest:ShieldUp"],"picked":"SKIP","floor":28.0},{"not_picked":["SnafuTest:GraveDancingPaleFire","SnafuTest:ConciliatoryPresence"],"picked":"SnafuTest:PayExoticTreasure","floor":33.0},{"not_picked":["SnafuTest:FeignDeath+1","SnafuTest:BombDevilsPuffball"],"picked":"SnafuTest:WorldMap+1","floor":35.0},{"not_picked":["SnafuTest:CalculatingAmbition+1","SnafuTest:SpellDispellingPush","SnafuTest:SpellHellfire+1"],"picked":"SKIP","floor":35.0},{"not_picked":["SnafuTest:Siege","SnafuTest:SpellHellfire+1","SnafuTest:PowerCounterAttack"],"picked":"SKIP","floor":41.0},{"not_picked":["SnafuTest:ShieldUp+1","SnafuTest:SignIgni","SnafuTest:BombDimeritium+1"],"picked":"SKIP","floor":42.0},{"not_picked":["SnafuTest:PayHappyHour+1","SnafuTest:SpellBlindFury+1","SnafuTest:HermitsErudition+1"],"picked":"SKIP","floor":44.0},{"not_picked":["Jack Of All Trades","Mind Blast"],"picked":"PanicButton","floor":45.0},{"not_picked":["SnafuTest:Portal","SnafuTest:PowerFireDamnation","SnafuTest:MCPlayGwent"],"picked":"SKIP","floor":46.0},{"not_picked":["SnafuTest:SpellDispellingPush","SnafuTest:BombDimeritium","SnafuTest:MCSuccubusSeduction+1"],"picked":"SKIP","floor":47.0},{"not_picked":["SnafuTest:ShieldUp","SnafuTest:BombNorthernWind","SnafuTest:MCPlayGwent+1"],"picked":"SKIP","floor":48.0}],"player_experience":711442,"relics_obtained":[{"floor":6.0,"key":"Shovel"},{"floor":9.0,"key":"Ginger"},{"floor":11.0,"key":"Prayer Wheel"},{"floor":23.0,"key":"Gremlin Horn"},{"floor":25.0,"key":"Tiny Chest"},{"floor":26.0,"key":"The Courier"},{"floor":37.0,"key":"Eternal Feather"},{"floor":39.0,"key":"Mango"},{"floor":41.0,"key":"Blue Candle"},{"floor":41.0,"key":"Anchor"},{"floor":43.0,"key":"Dream Catcher"}],"event_choices":[{"damage_healed":0.0,"max_hp_gain":0.0,"max_hp_loss":0.0,"gold_gain":75.0,"event_name":"World of Goop","player_choice":"Gather Gold","floor":3.0,"gold_loss":0.0,"damage_taken":11.0},{"damage_healed":0.0,"max_hp_gain":0.0,"max_hp_loss":0.0,"gold_gain":0.0,"event_name":"Golden Idol","player_choice":"Take Wound","floor":5.0,"gold_loss":0.0,"damage_taken":0.0,"relics_obtained":["Golden Idol"],"cards_obtained":["Injury"]},{"cards_removed":["Injury"],"damage_healed":0.0,"max_hp_gain":0.0,"max_hp_loss":0.0,"gold_gain":0.0,"event_name":"Fountain of Cleansing","player_choice":"Removed Curses","floor":12.0,"gold_loss":0.0,"damage_taken":0.0},{"damage_healed":0.0,"max_hp_gain":0.0,"max_hp_loss":0.0,"gold_gain":0.0,"event_name":"Lab","player_choice":"Got Potions","floor":30.0,"gold_loss":0.0,"damage_taken":0.0},{"damage_healed":0.0,"max_hp_gain":0.0,"max_hp_loss":0.0,"gold_gain":0.0,"event_name":"Designer","player_choice":"Punched","floor":36.0,"gold_loss":0.0,"damage_taken":3.0},{"damage_healed":0.0,"max_hp_gain":0.0,"max_hp_loss":0.0,"gold_gain":0.0,"event_name":"MindBloom","player_choice":"Fight","floor":39.0,"gold_loss":0.0,"damage_taken":0.0},{"damage_healed":0.0,"max_hp_gain":0.0,"max_hp_loss":0.0,"gold_gain":0.0,"event_name":"SensoryStone","player_choice":"Memory 1","floor":45.0,"gold_loss":0.0,"damage_taken":0.0}],"is_beta":false,"boss_relics":[{"not_picked":["SacredBark","Sozu"],"picked":"Tiny House"},{"not_picked":["Pandora\u0027s Box","Coffee Dripper"],"picked":"Black Star"}],"items_purged_floors":[0,0,0,0,0,4,19,19,31,31,31,38],"is_endless":false,"potions_floor_spawned":[2,14,16,21,22,25,28,35,41,44],"ascension_level":0}}