{"host":"vpnygm79y7yi43ig","time":1607909046,"event":{"mods":["BaseMod","Bestiary","Minty Spire (QoL Compilation)"],"gold_per_floor":[118,133,150,150,5,5,34,51,51,51,51,90,11,26,26,155,155,174,192,117,117,117,117,133,177,228,243,91,91,40,65,65,194,194,212,235,335,358,377,377,413,413,436,190,215,215,251,279,291,303],"floor_reached":51,"playtime":2664,"items_purged":["Strike_B","Strike_B"],"score":742,"play_id":"019f399d-45c7-4e38-b272-4676ac767bd5","local_time":"20201213172406","is_ascension_mode":false,"campfire_choices":[{"data":"Dualcast","floor":6,"key":"SMITH"},{"data":"Self Repair","floor":11,"key":"SMITH"},{"data":"Defragment","floor":15,"key":"SMITH"},{"data":"Coolheaded","floor":23,"key":"SMITH"},{"data":"Seek","floor":29,"key":"SMITH"},{"data":"Coolheaded","floor":32,"key":"SMITH"},{"data":"Zap","floor":40,"key":"SMITH"},{"data":"Gash","floor":46,"key":"SMITH"},{"data":"Beam Cell","floor":49,"key":"SMITH"}],"circlet_count":0,"master_deck":["Strike_B","Defend_B","Defend_B","Defend_B","Defend_B","Zap+1","Dualcast+1","Seek","Rebound","Self Repair+1","Beam Cell+1","Rip and Tear","Coolheaded+1","Defragment+1","Seek+1","Leap+1","Gash+1","Gash+1","Chill+1","Gash+1","Coolheaded+1","Reboot","Capacitor+1"],"relics":["Cracked Core","Oddly Smooth Stone","Blue Candle","Bird Faced Urn","Golden Idol","Mango","Sozu","Red Mask","Centennial Puzzle","DollysMirror","SlaversCollar","FossilizedHelix","CeramicFish","Vajra","MawBank"],"acts_visited":["TheCity","TheBeyond"],"potions_floor_usage":[12,38,50,50],"damage_taken":[{"damage":7,"enemies":"2 Louse","floor":1,"turns":2},{"damage":7,"enemies":"Small Slimes","floor":2,"turns":3},{"damage":1,"enemies":"Cultist","floor":3,"turns":3},{"damage":27,"enemies":"Gremlin Nob","floor":7,"turns":4},{"damage":4,"enemies":"Looter","floor":8,"turns":2},{"damage":17,"enemies":"3 Sentries","floor":12,"turns":6},{"damage":5,"enemies":"Red Slaver","floor":14,"turns":2},{"damage":26,"enemies":"The Guardian","floor":16,"turns":11},{"damage":18,"enemies":"Shell Parasite","floor":18,"turns":5},{"damage":9,"enemies":"2 Thieves","floor":19,"turns":4},{"damage":21,"enemies":"Snake Plant","floor":24,"turns":5},{"damage":34,"enemies":"Masked Bandits","floor":25,"turns":6},{"damage":14,"enemies":"Snecko","floor":27,"turns":7},{"damage":16,"enemies":"Sentry and Sphere","floor":31,"turns":6},{"damage":39,"enemies":"Champ","floor":33,"turns":13},{"damage":4,"enemies":"3 Darklings","floor":35,"turns":6},{"damage":0,"enemies":"3 Shapes","floor":36,"turns":5},{"damage":12,"enemies":"Maw","floor":38,"turns":9},{"damage":8,"enemies":"Jaw Worm Horde","floor":39,"turns":6},{"damage":25,"enemies":"Giant Head","floor":41,"turns":9},{"damage":0,"enemies":"Spire Growth","floor":45,"turns":5},{"damage":22,"enemies":"Reptomancer","floor":47,"turns":8},{"damage":0,"enemies":"Maw","floor":48,"turns":7},{"damage":59,"enemies":"Donu and Deca","floor":50,"turns":13}],"seed_played":"-8954521028211970625","potions_obtained":[{"floor":7,"key":"EssenceOfSteel"},{"floor":8,"key":"LiquidMemories"},{"floor":12,"key":"Dexterity Potion"},{"floor":16,"key":"Energy Potion"}],"is_trial":false,"path_per_floor":["M","M","M","?","$","R","E","M","T","?","R","E","$","M","R","B",null,"M","M","$","?","?","R","M","?","T","M","$","R","$","M","R","B",null,"M","M","?","M","M","R","E","?","T","$","M","R","E","M","R","B",null],"character_chosen":"DEFECT","items_purchased":["Oddly Smooth Stone","Defragment","DollysMirror","Coolheaded","Vajra"],"campfire_rested":0,"item_purchase_floors":[5,13,28,30,44],"current_hp_per_floor":[68,61,67,72,72,72,52,48,48,48,48,57,57,52,52,40,88,84,88,88,88,88,88,77,57,57,57,57,57,57,55,55,30,88,88,88,88,88,88,88,75,75,75,75,88,88,78,88,88,41],"gold":315,"neow_bonus":"ONE_RANDOM_RARE_CARD","is_daily":false,"chose_seed":false,"campfire_upgraded":9,"win_rate":0.0,"timestamp":1607909046,"path_taken":["M","M","M","?","$","R","E","M","T","?","R","E","$","M","R","BOSS","M","M","$","?","?","R","M","?","T","M","$","R","?","M","R","BOSS","M","M","?","?","M","R","E","?","T","$","?","R","E","M","R","BOSS"],"items_purchased_type":["Relic","Card","Relic","Card","Relic"],"build_version":"2020-12-13","purchased_purges":2,"victory":true,"max_hp_per_floor":[75,75,75,80,80,80,80,80,80,74,74,88,88,88,88,88,88,88,88,88,88,88,88,88,88,88,88,88,88,88,88,88,88,88,88,88,88,88,88,88,88,88,88,88,88,88,88,88,88,88],"card_choices":[{"not_picked":["Stack","Recycle"],"picked":"Rebound","floor":1},{"not_picked":["Go for the Eyes","Glacier"],"picked":"Self Repair","floor":2},{"not_picked":["Streamline","Aggregate"],"picked":"Beam Cell","floor":3},{"not_picked":["Biased Cognition","Rebound"],"picked":"Rip and Tear","floor":7},{"not_picked":["Rebound","Ball Lightning"],"picked":"Coolheaded","floor":8},{"not_picked":["Aggregate","Stack","Rebound"],"picked":"SKIP","floor":12},{"not_picked":["Redo","Rebound","Doom and Gloom"],"picked":"SKIP","floor":14},{"not_picked":["Thunder Strike","Amplify"],"picked":"Seek","floor":16},{"not_picked":["Beam Cell","Storm+1"],"picked":"Leap+1","floor":18},{"not_picked":["Turbo+1","Compile Driver+1"],"picked":"Gash+1","floor":19},{"not_picked":["Reprogram+1","Force Field+1","Stack"],"picked":"SKIP","floor":24},{"not_picked":["Compile Driver","Loop+1"],"picked":"Chill+1","floor":25},{"not_picked":["Ball Lightning","Stack","Reinforced Body"],"picked":"SKIP","floor":27},{"not_picked":["Conserve Battery","Meteor Strike","Stack"],"picked":"SKIP","floor":31},{"not_picked":["Multi-Cast","Hyperbeam"],"picked":"Reboot","floor":33},{"not_picked":["Reinforced Body","Conserve Battery","Ball Lightning+1"],"picked":"SKIP","floor":35},{"not_picked":["Stack+1","Coolheaded+1","Steam Power+1"],"picked":"SKIP","floor":36},{"not_picked":["Barrage","Meteor Strike","Conserve Battery"],"picked":"SKIP","floor":38},{"not_picked":["Cold Snap+1","Ball Lightning"],"picked":"Capacitor+1","floor":39},{"not_picked":["Force Field+1","Recycle","Redo"],"picked":"SKIP","floor":41},{"not_picked":["Streamline","Thunder Strike","Sunder"],"picked":"SKIP","floor":45},{"not_picked":["Rebound+1","Chaos","Creative AI"],"picked":"SKIP","floor":47},{"not_picked":["Sweeping Beam+1","Double Energy","Genetic Algorithm"],"picked":"SKIP","floor":48}],"player_experience":177003,"relics_obtained":[{"floor":7,"key":"Blue Candle"},{"floor":9,"key":"Bird Faced Urn"},{"floor":12,"key":"Mango"},{"floor":25,"key":"Red Mask"},{"floor":26,"key":"Centennial Puzzle"},{"floor":41,"key":"FossilizedHelix"},{"floor":43,"key":"CeramicFish"},{"floor":47,"key":"MawBank"}],"event_choices":[{"damage_healed":0,"gold_gain":0,"player_choice":"Donut","damage_taken":0,"max_hp_gain":5,"max_hp_loss":0,"event_name":"Big Fish","floor":4,"gold_loss":0},{"damage_healed":0,"gold_gain":0,"player_choice":"Lose Max HP","damage_taken":0,"relics_obtained":["Golden Idol"],"max_hp_gain":0,"max_hp_loss":6,"event_name":"Golden Idol","floor":10,"gold_loss":0},{"damage_healed":0,"gold_gain":0,"player_choice":"Read","damage_taken":0,"max_hp_gain":0,"max_hp_loss":0,"event_name":"The Library","floor":21,"gold_loss":0,"cards_obtained":["Gash"]},{"damage_healed":0,"gold_gain":0,"player_choice":"Ignored","damage_taken":0,"max_hp_gain":0,"max_hp_loss":0,"event_name":"Ghosts","floor":22,"gold_loss":0},{"damage_healed":0,"gold_gain":0,"player_choice":"Fought Bandits","damage_taken":0,"max_hp_gain":0,"max_hp_loss":0,"event_name":"Masked Bandits","floor":25,"gold_loss":0},{"damage_healed":0,"gold_gain":100,"player_choice":"Pray","damage_taken":0,"max_hp_gain":0,"max_hp_loss":0,"event_name":"Golden Shrine","floor":37,"gold_loss":0},{"cards_removed":["Strike_B"],"damage_healed":0,"gold_gain":0,"player_choice":"Offered Basic","damage_taken":0,"max_hp_gain":0,"max_hp_loss":0,"event_name":"Bonfire Elementals","floor":42,"gold_loss":0}],"is_beta":false,"boss_relics":[{"not_picked":["Black Star","Calling Bell"],"picked":"Sozu"},{"not_picked":["Philosopher\u0027s Stone","Busted Crown"],"picked":"SlaversCollar"}],"items_purged_floors":[20,44],"is_endless":false,"potions_floor_spawned":[7,8,12,16,31,35,38,39,48],"ascension_level":0}}