{"host":"jm9833yuloeli2yd","time":1607987437,"event":{"mods":["AchievementEnabler","BaseMod","Better Altar","Better Match","Better Note","Better Sensory Stone","Better Skull","Better Vampires","Colored Map","Colored Powertips","DeckTracker","Minty Spire (QoL Compilation)","Permanent Neow","Quick Restart","Replay The Spire","StSLib","SuperFastMode"],"gold_per_floor":[366,385,260,0,0,27,27,59,59,59,72,135,163,179,179,250,250,265,265,285,301,320,348,348,383,432,382,45,45,45,61,61,139,139,154,154,154,207,64,81,94,94,121,138,148,181,181,212,212,212,212,212,212,74,103,103],"floor_reached":57,"playtime":2018,"items_purged":["Doubt","Strike_B"],"score":3536,"play_id":"d8c9b1a9-5733-4d5a-a2b1-be94ae0c4bec","local_time":"20201214181037","is_ascension_mode":true,"campfire_choices":[{"data":"Barrage","floor":7.0,"key":"SMITH"},{"floor":10.0,"key":"REST"},{"floor":15.0,"key":"DIG"},{"data":"Barrage","floor":24.0,"key":"SMITH"},{"floor":29.0,"key":"REST"},{"floor":32.0,"key":"DIG"},{"floor":42.0,"key":"RECALL"},{"data":"Defragment","floor":47.0,"key":"SMITH"},{"data":"ReplayTheSpireMod:Calculation Training","floor":49.0,"key":"SMITH"},{"data":"Seek","floor":53.0,"key":"SMITH"}],"circlet_count":0,"master_deck":["AscendersBane","Strike_B","Strike_B","Strike_B","Defend_B","Defend_B","Defend_B","Defend_B","Zap","Dualcast","ReplayTheSpireMod:Calculation Training+1","Coolheaded","Defragment+1","Sweeping Beam","Barrage+1","BasicCrystalCard","Cold Snap","Barrage+1","Seek+1","FIFO Queue","FTL","Glacier","Go for the Eyes+1","FTL","Turbo","Mirror Shield","Defragment+1","Mirror Shield","Undo","Echo Form","Recycle","Defragment+1","Skim","ReplayTheSpireMod:System Scan","ReplayTheSpireMod:Calculation Training","Consume+1","Static Discharge","ReplaySolidLightProjector"],"relics":["Cracked Core","Runic Capacitor","Iron Hammer","HornCleat","Ancient Tea Set","Unceasing Top","Snack Pack","Nuclear Battery","Vajra","Replay:Mystery Machine","ReplayTheSpireMod:TigerMarble","Juzu Bracelet","DollysMirror","WarpedTongs","Bronze Scales","SlaversCollar","Bird Faced Urn","Ice Cream","Replay:Baseball","Quantum Egg"],"acts_visited":["Exordium","TheCity","TheBeyond","TheEnding"],"potions_floor_usage":[56],"damage_taken":[{"damage":12.0,"enemies":"Cultist","floor":1.0,"turns":4.0},{"damage":2.0,"enemies":"Jaw Worm","floor":2.0,"turns":3.0},{"damage":12.0,"enemies":"Lagavulin","floor":6.0,"turns":7.0},{"damage":26.0,"enemies":"Gremlin Nob","floor":8.0,"turns":4.0},{"damage":0.0,"enemies":"2 Louse","floor":11.0,"turns":1.0},{"damage":4.0,"enemies":"3 Sentries","floor":12.0,"turns":6.0},{"damage":8.0,"enemies":"3 Sentries","floor":13.0,"turns":6.0},{"damage":0.0,"enemies":"Blue Slaver","floor":14.0,"turns":3.0},{"damage":0.0,"enemies":"Hexaghost","floor":16.0,"turns":7.0},{"damage":0.0,"enemies":"Spheric Guardian","floor":18.0,"turns":3.0},{"damage":10.0,"enemies":"3 Byrds","floor":20.0,"turns":4.0},{"damage":6.0,"enemies":"Cultist and Chosen","floor":21.0,"turns":6.0},{"damage":3.0,"enemies":"Chosen and Byrds","floor":22.0,"turns":5.0},{"damage":19.0,"enemies":"Slavers","floor":23.0,"turns":6.0},{"damage":18.0,"enemies":"Gremlin Leader","floor":25.0,"turns":6.0},{"damage":0.0,"enemies":"Centurion and Healer","floor":31.0,"turns":3.0},{"damage":25.0,"enemies":"Pondfish","floor":33.0,"turns":18.0},{"damage":2.0,"enemies":"3 Darklings","floor":35.0,"turns":5.0},{"damage":12.0,"enemies":"2 Orb Walkers","floor":38.0,"turns":5.0},{"damage":0.0,"enemies":"Orb Walker","floor":40.0,"turns":2.0},{"damage":6.0,"enemies":"Spire Growth","floor":41.0,"turns":4.0},{"damage":0.0,"enemies":"Sphere and 2 Shapes","floor":44.0,"turns":8.0},{"damage":1.0,"enemies":"Transient","floor":45.0,"turns":6.0},{"damage":17.0,"enemies":"R_Hoarder","floor":46.0,"turns":8.0},{"damage":0.0,"enemies":"Giant Head","floor":48.0,"turns":5.0},{"damage":48.0,"enemies":"Awakened One","floor":50.0,"turns":6.0},{"damage":6.0,"enemies":"Time Eater","floor":51.0,"turns":11.0},{"damage":54.0,"enemies":"Shield and Spear","floor":55.0,"turns":5.0},{"damage":24,"enemies":"The Heart","floor":56,"turns":12}],"seed_played":"-589367978080990805","potions_obtained":[{"floor":2.0,"key":"Fruit Juice"},{"floor":8.0,"key":"Milkshake"},{"floor":13.0,"key":"Energy Potion"},{"floor":20.0,"key":"Regen Potion"},{"floor":31.0,"key":"Block Potion"},{"floor":35.0,"key":"LiquidBronze"},{"floor":40.0,"key":"BlessingOfTheForge"}],"is_trial":false,"path_per_floor":["M","M","?","$","?","E","R","E","T","R","M","?","E","M","R_BF","B",null,"M","?","M","M","M","E","R","E","T","?","$","R","?","M","R_BF","B",null,"M","?","?","?","$","M","M","R","T","M","M","E","R","E","R","B","B",null,"R","$","E","B",null],"character_chosen":"DEFECT","items_purchased":["Runic Capacitor","Sweeping Beam","Mirror Shield","DollysMirror","Defragment","Static Discharge","FocusPotion"],"campfire_rested":2,"item_purchase_floors":[4,4,28,28,39,54,54],"current_hp_per_floor":[52,50,50,50,50,38,38,17,17,39,39,35,27,27,27,29,64,66,46,40,36,33,33,33,21,21,21,21,43,43,47,47,32,65,69,69,50,40,40,46,54,54,54,72,76,61,61,76,76,46,54,71,71,71,29,19],"gold":103,"neow_bonus":"TWO_FIFTY_GOLD","is_daily":false,"chose_seed":false,"campfire_upgraded":5,"win_rate":0.0,"timestamp":1607987437,"path_taken":["M","M","?","$","?","E","R","E","T","R","M","?","E","M","R_BF","BOSS","M","?","M","M","M","E","R","E","T","?","?","R","?","M","R_BF","BOSS","M","?","?","?","?","M","M","R","T","M","M","E","R","E","R","BOSS","BOSS","R","$","E","BOSS"],"items_purchased_type":["Relic","Card","Card","Relic","Card","Card","Potion"],"build_version":"2020-12-13","purchased_purges":2,"victory":true,"max_hp_per_floor":[71,71,71,71,71,71,71,76,76,76,76,76,76,76,76,76,76,76,76,76,76,76,76,76,76,76,76,76,76,76,76,76,76,76,76,76,76,76,76,76,76,76,76,76,76,76,76,76,76,76,76,76,76,76,76,76],"card_choices":[{"not_picked":["Sunder","Barrage"],"picked":"ReplayTheSpireMod:Calculation Training","floor":1.0},{"not_picked":["ReplayTheSpireMod:System Scan","Reprogram"],"picked":"Coolheaded","floor":2.0},{"not_picked":["Hello World+1","ReplayTheSpireMod:Reroute Power+1"],"picked":"Defragment+1","floor":3.0},{"not_picked":["ReplayTheSpireMod:System Scan","BasicCrystalCard"],"picked":"Barrage","floor":6.0},{"not_picked":["Sweeping Beam","Rebound"],"picked":"BasicCrystalCard","floor":8.0},{"not_picked":["Turbo","Reprogram"],"picked":"Cold Snap","floor":11.0},{"not_picked":["ReplayTheSpireMod:System Scan","Chaos"],"picked":"Barrage","floor":12.0},{"not_picked":["Rip and Tear","ReplayTheSpireMod:Omega Cannon","BasicCrystalCard"],"picked":"SKIP","floor":13.0},{"not_picked":["Gash","Stack","Leap"],"picked":"SKIP","floor":14.0},{"not_picked":["Hyperbeam","Creative AI"],"picked":"Seek","floor":16.0},{"not_picked":["Steam Power","Panic Button+1"],"picked":"FIFO Queue","floor":18.0},{"not_picked":["Compile Driver+1","Barrage"],"picked":"FTL","floor":20.0},{"not_picked":["Undo","Stack+1"],"picked":"Glacier","floor":21.0},{"not_picked":["ReplayGash","Hologram"],"picked":"Go for the Eyes+1","floor":22.0},{"not_picked":["Hologram","Ball Lightning"],"picked":"FTL","floor":23.0},{"not_picked":["ReplayTheSpireMod:Repulse+1","Storm"],"picked":"Turbo","floor":25.0},{"not_picked":["Cold Snap+1","ReplayTheSpireMod:Reroute Power","Sweeping Beam"],"picked":"SKIP","floor":31.0},{"not_picked":["ReplayTheSpireMod:Fabricate Wheel","ReplayTheSpireMod:Omega Cannon"],"picked":"Mirror Shield","floor":33.0},{"not_picked":["Streamline","BasicCrystalCard"],"picked":"Undo","floor":35.0},{"not_picked":["ReplayTheSpireMod:GoodbyeWorld+1","BasicCrystalCard"],"picked":"Recycle","floor":38.0},{"not_picked":["Conserve Battery","Redo","White Noise"],"picked":"SKIP","floor":40.0},{"not_picked":["Sunder","Steam","Rebound"],"picked":"SKIP","floor":41.0},{"not_picked":["Reinforced Body+1","ReplayTheSpireMod:Omega Cannon"],"picked":"Skim","floor":44.0},{"not_picked":["Reprogram+1","Barrage"],"picked":"ReplayTheSpireMod:System Scan","floor":45.0},{"not_picked":["BootSequence+1","Redo"],"picked":"ReplayTheSpireMod:Calculation Training","floor":46.0},{"not_picked":["ReplayTheSpireMod:GoodbyeWorld","Double Energy"],"picked":"Consume+1","floor":48.0},{"not_picked":["Capacitor+1","Barrage"],"picked":"ReplaySolidLightProjector","floor":55.0}],"player_experience":1057534,"relics_obtained":[{"floor":6.0,"key":"Iron Hammer"},{"floor":8.0,"key":"HornCleat"},{"floor":9.0,"key":"Ancient Tea Set"},{"floor":15.0,"key":"Snack Pack"},{"floor":23.0,"key":"Replay:Mystery Machine"},{"floor":25.0,"key":"ReplayTheSpireMod:TigerMarble"},{"floor":26.0,"key":"Juzu Bracelet"},{"floor":32.0,"key":"Bronze Scales"},{"floor":38.0,"key":"Bird Faced Urn"},{"floor":46.0,"key":"Ice Cream"},{"floor":48.0,"key":"Replay:Baseball"},{"floor":55.0,"key":"Quantum Egg"}],"event_choices":[{"damage_healed":0.0,"max_hp_gain":0.0,"max_hp_loss":0.0,"gold_gain":0.0,"event_name":"betterMatch:BetterMatch","player_choice":"2","floor":3.0,"gold_loss":0.0,"damage_taken":0.0,"cards_obtained":["betterMatch:UncommonCard"]},{"damage_healed":0.0,"max_hp_gain":0.0,"max_hp_loss":0.0,"gold_gain":0.0,"event_name":"Liars Game","player_choice":"Ignored","floor":5.0,"gold_loss":0.0,"damage_taken":0.0},{"damage_healed":0.0,"max_hp_gain":0.0,"max_hp_loss":0.0,"gold_gain":30.0,"event_name":"Dead Adventurer","player_choice":"Searched \u00273\u0027 times","floor":12.0,"gold_loss":0.0,"damage_taken":0.0,"relics_obtained":["Unceasing Top"]},{"damage_healed":0.0,"max_hp_gain":0.0,"max_hp_loss":0.0,"gold_gain":0.0,"event_name":"betterSkull:BetterSkull","player_choice":"RE ","floor":19.0,"gold_loss":0.0,"damage_taken":22.0,"cards_upgraded":[],"relics_obtained":["Vajra"]},{"damage_healed":0.0,"max_hp_gain":0.0,"max_hp_loss":0.0,"gold_gain":0.0,"event_name":"The Joust","player_choice":"Bet on Murderer","floor":27.0,"gold_loss":50.0,"damage_taken":0.0},{"damage_healed":0.0,"max_hp_gain":0.0,"max_hp_loss":0.0,"gold_gain":0.0,"event_name":"Accursed Blacksmith","player_choice":"Rummage","floor":30.0,"gold_loss":0.0,"damage_taken":0.0,"relics_obtained":["WarpedTongs"],"cards_obtained":["Pain"]},{"cards_removed":["Pain"],"damage_healed":0.0,"max_hp_gain":0.0,"max_hp_loss":0.0,"gold_gain":0.0,"event_name":"Purifier","player_choice":"Purged","floor":36.0,"gold_loss":0.0,"damage_taken":0.0},{"damage_healed":0.0,"max_hp_gain":0.0,"max_hp_loss":19.0,"gold_gain":3.0,"event_name":"betterStone:BetterStone","player_choice":"2","floor":37.0,"gold_loss":0.0,"damage_taken":0.0},{"damage_healed":0.0,"max_hp_gain":0.0,"max_hp_loss":0.0,"gold_gain":0.0,"event_name":"Mysterious Sphere","player_choice":"Fight","floor":38.0,"gold_loss":0.0,"damage_taken":0.0}],"is_beta":false,"boss_relics":[{"not_picked":["Cursed Key","Velvet Choker"],"picked":"Nuclear Battery"},{"not_picked":["Painkiller Herb","Replay:Wanted Poster"],"picked":"SlaversCollar"}],"items_purged_floors":[4,39],"is_endless":false,"potions_floor_spawned":[2,8,13,16,18,20,31,35,40,41,46,55],"ascension_level":20}}