{"host":"ysalv62a05e493y4","time":1607983474,"event":{"mods":["AchievementEnabler","BaseMod","BetterRewards","Colored Map","Colored Powertips","Downfall","Lobotomy","Minty Spire (QoL Compilation)","Quick Restart","StSLib"],"gold_per_floor":[99,50,50,69,69,69,114,114,133,153,153,165,176,188,205,205,205],"floor_reached":16,"playtime":805,"items_purged":[],"score":94,"play_id":"149d1883-b06e-4e65-b66d-1b5628c440d4","local_time":"20201214230434","is_ascension_mode":false,"campfire_choices":[{"floor":1,"key":"RECALL"},{"floor":5,"key":"REST"},{"data":"champ:AdrenalArmor","floor":8,"key":"SMITH"}],"circlet_count":0,"master_deck":["champ:Strike","champ:Strike+1","champ:Strike","champ:Strike+1","champ:Defend","champ:Defend","champ:Defend","champ:Execute","champ:Taunt","champ:GladiatorsShout","champ:ShieldWall","champ:AdrenalArmor+1","champ:FanOfKnives","champ:ViciousMockery","champ:PerfectedStrike","champ:BringItOn","champ:BerserkersShout","champ:Backstep"],"relics":["champ:ChampionCrown"],"acts_visited":["Exordium"],"potions_floor_usage":[15,16,16,16],"damage_taken":[{"damage":15,"enemies":"downfall:FleeingMerchant","floor":2,"turns":4},{"damage":20,"enemies":"Jaw Worm","floor":4,"turns":4},{"damage":20,"enemies":"2 Louse","floor":9,"turns":3},{"damage":16,"enemies":"Small Slimes","floor":10,"turns":3},{"damage":40,"enemies":"Gremlin Gang","floor":12,"turns":3},{"damage":18,"enemies":"Exordium Thugs","floor":13,"turns":4},{"damage":7,"enemies":"3 Louse","floor":14,"turns":3},{"damage":17,"enemies":"Red Slaver","floor":15,"turns":4},{"damage":42,"enemies":"downfall:Watcher","floor":16,"turns":13}],"seed_played":"5029868206676084727","potions_obtained":[{"floor":4,"key":"Explosive Potion"},{"floor":13,"key":"SpeedPotion"},{"floor":14,"key":"BlessingOfTheForge"},{"floor":15,"key":"hexamod:EctoCoolerPotion"}],"is_trial":false,"path_per_floor":["R","$","?","M","R","?","T","R","M","M","?","M","M","M","M","B"],"character_chosen":"THE_CHAMP","items_purchased":["champ:ShieldWall"],"campfire_rested":1,"item_purchase_floors":[2],"current_hp_per_floor":[99,94,94,79,99,99,99,99,84,76,76,54,48,43,37,0,0],"gold":205,"neow_bonus":"TEN_PERCENT_HP_BONUS","is_daily":false,"chose_seed":false,"campfire_upgraded":1,"win_rate":0.0,"timestamp":1607983474,"path_taken":["R","$","?","M","R","?","T","R","M","M","?","M","?","M","M","BOSS"],"items_purchased_type":["Card"],"build_version":"2020-12-13","purchased_purges":0,"victory":false,"max_hp_per_floor":[99,99,99,99,99,99,99,99,99,99,99,99,99,99,99,99,99],"card_choices":[{"not_picked":["champ:Circumvent","champ:FocusedDefense"],"picked":"champ:GladiatorsShout","floor":2},{"not_picked":["champ:Circumvent","champ:DefensiveShout"],"picked":"champ:AdrenalArmor","floor":4},{"not_picked":["champ:AdrenalArmor","champ:GutPunch"],"picked":"champ:FanOfKnives","floor":9},{"not_picked":["champ:CrookedStrike","champ:GladiatorsShout"],"picked":"champ:ViciousMockery","floor":10},{"not_picked":["champ:TornadoPunch","champ:FocusedGladiator"],"picked":"champ:PerfectedStrike","floor":12},{"not_picked":["champ:GladiatorsShout","champ:BerserkersShout"],"picked":"champ:BringItOn","floor":13},{"not_picked":["champ:GladiatorsShout","champ:DefensiveShout"],"picked":"champ:BerserkersShout","floor":14},{"not_picked":["champ:Circumvent","champ:BringItOn"],"picked":"champ:Backstep","floor":15}],"player_experience":22391,"relics_obtained":[],"event_choices":[{"cards_removed":["Regret"],"damage_healed":0,"gold_gain":0,"player_choice":"Card Removal","damage_taken":0,"max_hp_gain":0,"max_hp_loss":0,"event_name":"The Cleric","floor":6,"gold_loss":0},{"cards_removed":["champ:Defend"],"damage_healed":0,"gold_gain":0,"player_choice":"Offered Basic","damage_taken":0,"max_hp_gain":0,"max_hp_loss":0,"event_name":"Bonfire Elementals","floor":11,"gold_loss":0}],"is_beta":false,"boss_relics":[],"items_purged_floors":[],"is_endless":false,"potions_floor_spawned":[4,13,14,15],"killed_by":"downfall:Watcher","ascension_level":0}}