{"host":"diimjn7l8zzl9nqr","time":1607953135,"event":{"mods":["BaseMod","DeckTracker","Keyboard Shortcuts","Minty Spire (QoL Compilation)","Permanent Neow","Quick Restart","StSLib"],"gold_per_floor":[12,12,12,27,46,46,61,61,136,164,175,350,361,375,375,472,472,485,485,562,576,590,590,617,617,617,630,545,132,57,77,77,177,177,187,187,199,244,244,244,61,91,91,104,104,104],"floor_reached":45,"playtime":1765,"items_purged":["Strike_R","Doubt"],"score":537,"play_id":"53241da9-8b29-4c1e-a2eb-2a7b083127dd","local_time":"20201214223855","is_ascension_mode":true,"campfire_choices":[{"data":"Power Through","floor":6,"key":"SMITH"},{"data":"Armaments","floor":8,"key":"SMITH"},{"data":"Entrench","floor":15,"key":"SMITH"},{"floor":23,"key":"REST"},{"data":"Body Slam","floor":25,"key":"SMITH"},{"data":"True Grit","floor":32,"key":"SMITH"},{"data":"Double Tap","floor":40,"key":"SMITH"}],"circlet_count":0,"master_deck":["Strike_R","Defend_R","Defend_R","Defend_R","Bash","Power Through+1","Demon Form","Cleave","Armaments+1","Body Slam+1","Entrench+1","Spot Weakness","Ghostly Armor","Double Tap+1","Shrug It Off","Body Slam+1","Evolve","True Grit+1","Offering+1","Feel No Pain","True Grit"],"relics":["Burning Blood","Letter Opener","Blood Vial","Velvet Choker","Paper Frog","Mango","Ornamental Fan","Tiny Chest","Calipers","SlaversCollar","Orichalcum","Bird Faced Urn","The Courier"],"acts_visited":["Exordium","TheCity","TheBeyond"],"potions_floor_usage":[16,21],"damage_taken":[{"damage":12,"enemies":"Small Slimes","floor":1,"turns":4},{"damage":5,"enemies":"Jaw Worm","floor":4,"turns":6},{"damage":6,"enemies":"Cultist","floor":5,"turns":5},{"damage":14,"enemies":"Blue Slaver","floor":7,"turns":4},{"damage":24,"enemies":"Lagavulin","floor":10,"turns":8},{"damage":0,"enemies":"Looter","floor":11,"turns":4},{"damage":9,"enemies":"Exordium Thugs","floor":13,"turns":5},{"damage":8,"enemies":"Red Slaver","floor":14,"turns":4},{"damage":34,"enemies":"The Guardian","floor":16,"turns":13},{"damage":19,"enemies":"Shell Parasite","floor":18,"turns":7},{"damage":22,"enemies":"2 Thieves","floor":21,"turns":5},{"damage":23,"enemies":"Snake Plant","floor":22,"turns":5},{"damage":23,"enemies":"Slavers","floor":24,"turns":6},{"damage":31,"enemies":"Chosen and Byrds","floor":27,"turns":7},{"damage":1,"enemies":"Centurion and Healer","floor":31,"turns":6},{"damage":12,"enemies":"Collector","floor":33,"turns":9},{"damage":6,"enemies":"Orb Walker","floor":35,"turns":5},{"damage":6,"enemies":"3 Darklings","floor":37,"turns":9},{"damage":49,"enemies":"Reptomancer","floor":42,"turns":10},{"damage":36,"enemies":"Sphere and 2 Shapes","floor":44,"turns":8},{"damage":37,"enemies":"4 Shapes","floor":45,"turns":3}],"seed_played":"-2768797231889430320","potions_obtained":[{"floor":1,"key":"SteroidPotion"},{"floor":5,"key":"LiquidMemories"},{"floor":11,"key":"LiquidMemories"},{"floor":13,"key":"DistilledChaos"},{"floor":18,"key":"Energy Potion"},{"floor":22,"key":"LiquidBronze"},{"floor":33,"key":"CultistPotion"}],"is_trial":false,"path_per_floor":["M","?","?","M","M","R","M","R","T","E","M","?","M","M","R","B",null,"M","?","T","M","M","R","E","R","T","M","?","$","?","M","R","B",null,"M","?","M","T","?","R","$","E","T","M","M"],"character_chosen":"IRONCLAD","items_purchased":["Calipers","True Grit","Feel No Pain","True Grit"],"campfire_rested":1,"item_purchase_floors":[29,29,41,41],"current_hp_per_floor":[74,74,79,80,80,80,72,72,72,54,62,62,61,61,61,35,85,72,72,72,58,43,68,67,67,67,44,44,44,44,51,51,47,99,99,99,99,99,96,96,96,55,55,31,0,0],"gold":104,"neow_bonus":"REMOVE_TWO","is_daily":false,"chose_seed":false,"campfire_upgraded":6,"win_rate":0.0,"timestamp":1607953135,"path_taken":["M","?","?","M","M","R","M","R","T","E","M","?","?","M","R","BOSS","M","?","?","M","M","R","E","R","T","M","?","$","?","M","R","BOSS","M","?","?","?","?","R","$","E","T","?","M"],"items_purchased_type":["Relic","Card","Card","Card"],"build_version":"2020-12-13","purchased_purges":2,"victory":false,"max_hp_per_floor":[80,80,85,85,85,85,85,85,85,85,85,85,85,85,85,85,85,85,85,85,85,85,85,99,99,99,99,99,99,99,99,99,99,99,99,99,99,99,99,99,99,99,99,99,99,99],"card_choices":[{"not_picked":["Seeing Red","Iron Wave"],"picked":"Power Through","floor":1},{"not_picked":["Anger","Headbutt","Heavy Blade"],"picked":"SKIP","floor":4},{"not_picked":["Iron Wave","Whirlwind"],"picked":"Cleave","floor":5},{"not_picked":["Blood for Blood","Inflame"],"picked":"Armaments","floor":7},{"not_picked":["Entrench","Whirlwind"],"picked":"Body Slam","floor":10},{"not_picked":["Rage","Searing Blow"],"picked":"Entrench","floor":11},{"not_picked":["Iron Wave","Flex"],"picked":"Spot Weakness","floor":13},{"not_picked":["True Grit","Clothesline"],"picked":"Ghostly Armor","floor":14},{"not_picked":["Limit Break","Feed"],"picked":"Double Tap","floor":16},{"not_picked":["Searing Blow+1","Spot Weakness+1"],"picked":"Shrug It Off","floor":18},{"not_picked":["Shockwave","Headbutt+1"],"picked":"Body Slam+1","floor":21},{"not_picked":["Headbutt","Sword Boomerang"],"picked":"Evolve","floor":22},{"not_picked":["Clothesline","Perfected Strike","Sword Boomerang"],"picked":"SKIP","floor":24},{"not_picked":["Carnage+1","Havoc","Cleave"],"picked":"SKIP","floor":27},{"not_picked":["Perfected Strike","Entrench+1","Power Through+1"],"picked":"SKIP","floor":31},{"not_picked":["Double Tap","Corruption"],"picked":"Offering","floor":33},{"not_picked":["Pommel Strike+1","Heavy Blade+1","Flex"],"picked":"SKIP","floor":35},{"not_picked":["Warcry+1","Cleave","Twin Strike"],"picked":"SKIP","floor":37},{"not_picked":["Rupture+1","Infernal Blade","Flex+1"],"picked":"SKIP","floor":42},{"not_picked":["Power Through","Armaments","Evolve"],"picked":"SKIP","floor":44}],"player_experience":84492,"relics_obtained":[{"floor":9,"key":"Letter Opener"},{"floor":10,"key":"Blood Vial"},{"floor":20,"key":"Paper Frog"},{"floor":24,"key":"Mango"},{"floor":26,"key":"Ornamental Fan"},{"floor":38,"key":"Orichalcum"},{"floor":42,"key":"Bird Faced Urn"},{"floor":43,"key":"The Courier"}],"event_choices":[{"damage_healed":0,"gold_gain":0,"cards_transformed":["Defend_R"],"player_choice":"Change","damage_taken":0,"max_hp_gain":0,"max_hp_loss":0,"event_name":"Living Wall","floor":2,"gold_loss":0,"cards_obtained":["Demon Form"]},{"damage_healed":0,"gold_gain":0,"player_choice":"Donut","damage_taken":0,"max_hp_gain":5,"max_hp_loss":0,"event_name":"Big Fish","floor":3,"gold_loss":0},{"damage_healed":0,"gold_gain":175,"player_choice":"AGREE","damage_taken":0,"max_hp_gain":0,"max_hp_loss":0,"event_name":"Liars Game","floor":12,"gold_loss":0,"cards_obtained":["Doubt"]},{"damage_healed":0,"gold_gain":0,"player_choice":"Ignored","damage_taken":0,"max_hp_gain":0,"max_hp_loss":0,"event_name":"Vampires","floor":19,"gold_loss":0},{"damage_healed":0,"gold_gain":0,"player_choice":"Obtained Relic","damage_taken":0,"relics_obtained":["Tiny Chest"],"max_hp_gain":0,"max_hp_loss":0,"event_name":"Addict","floor":28,"gold_loss":85},{"cards_removed":["Strike_R"],"damage_healed":0,"gold_gain":0,"player_choice":"Gave Gold","damage_taken":0,"max_hp_gain":0,"max_hp_loss":0,"event_name":"Beggar","floor":30,"gold_loss":75},{"damage_healed":0,"gold_gain":0,"player_choice":"Upgraded","damage_taken":0,"max_hp_gain":0,"max_hp_loss":0,"event_name":"Upgrade Shrine","floor":36,"gold_loss":0,"cards_upgraded":["Offering"]},{"damage_healed":0,"gold_gain":0,"player_choice":"Punched","damage_taken":3,"max_hp_gain":0,"max_hp_loss":0,"event_name":"Designer","floor":39,"gold_loss":0}],"is_beta":false,"boss_relics":[{"not_picked":["Coffee Dripper","Runic Pyramid"],"picked":"Velvet Choker"},{"not_picked":["SacredBark","Calling Bell"],"picked":"SlaversCollar"}],"items_purged_floors":[29,41],"is_endless":false,"potions_floor_spawned":[1,5,11,13,14,18,22,33,42,44],"killed_by":"4 Shapes","ascension_level":2}}