{"host":"f1miojwxaupu79sp","time":1607985185,"event":{"mods":["BaseMod","Better Vampires","Minty Spire (QoL Compilation)","Shop Mod","StSLib"],"gold_per_floor":[112,10,30,30,48,48,74,74,74,92,17,48,48,48,48,144,144,124,140,46,65,75,75,103,103,178,178,189,89,89,99,99,194,194,204,204,52,66,83,83,83,83,157,170,194,223,21,71,71,71],"floor_reached":51,"playtime":9404,"items_purged":["Strike_G","Strike_G","Defend_G"],"score":764,"play_id":"056c29ad-b6c3-404c-b20f-180f80b5b52b","local_time":"20201214173305","is_ascension_mode":true,"campfire_choices":[{"data":"Bane","floor":6.0,"key":"SMITH"},{"data":"Venomology","floor":8.0,"key":"SMITH"},{"data":"1","floor":15.0,"key":"LIFT"},{"data":"Envenom","floor":23,"key":"SMITH"},{"data":"Catalyst","floor":25,"key":"SMITH"},{"data":"Noxious Fumes","floor":27,"key":"SMITH"},{"data":"Noxious Fumes","floor":32,"key":"SMITH"},{"data":"2","floor":40,"key":"LIFT"},{"data":"3","floor":42,"key":"LIFT"},{"data":"Catalyst","floor":49,"key":"SMITH"}],"circlet_count":0,"master_deck":["Defend_G","Defend_G","Defend_G","Defend_G","Survivor","Neutralize","Bane+1","Noxious Fumes+1","Poisoned Stab","Deadly Poison","Venomology+1","PiercingWail","Envenom+1","Footwork+1","Escape Plan","Noxious Fumes+1","Deflect","Catalyst+1","Crippling Poison+1","Deflect","Adrenaline","Neutralize","Escape Plan+1","Catalyst+1","Backflip"],"relics":["Ring of the Snake","NeowsBlessing","FossilizedHelix","CaptainsWheel","Girya","Orichalcum","SlaversCollar","Paper Crane","Gremlin Horn","Blue Candle","Empty Cage","Oddly Smooth Stone","Letter Opener","MealTicket","Smiling Mask","Potion Belt","Tingsha"],"acts_visited":["Exordium","TheCity","TheBeyond"],"potions_floor_usage":[21,21,22,24,33,35,35,39,44,46,50,50,50,50,50,50,50,50],"damage_taken":[{"damage":0.0,"enemies":"Small Slimes","floor":1.0,"turns":1.0},{"damage":0.0,"enemies":"Cultist","floor":3.0,"turns":1.0},{"damage":0.0,"enemies":"Jaw Worm","floor":5.0,"turns":1.0},{"damage":13.0,"enemies":"Lagavulin","floor":7.0,"turns":5.0},{"damage":5.0,"enemies":"3 Louse","floor":10.0,"turns":3.0},{"damage":14.0,"enemies":"3 Sentries","floor":12.0,"turns":7.0},{"damage":10.0,"enemies":"The Guardian","floor":16.0,"turns":8.0},{"damage":7.0,"enemies":"2 Thieves","floor":18.0,"turns":4.0},{"damage":0.0,"enemies":"Spheric Guardian","floor":19.0,"turns":5.0},{"damage":0,"enemies":"Snake Plant","floor":21,"turns":4},{"damage":6,"enemies":"Shelled Parasite and Fungi","floor":22,"turns":7},{"damage":0,"enemies":"Slavers","floor":24,"turns":3},{"damage":0,"enemies":"Snecko","floor":28,"turns":5},{"damage":0,"enemies":"Snake Plant","floor":31,"turns":4},{"damage":11,"enemies":"Champ","floor":33,"turns":8},{"damage":0,"enemies":"Orb Walker","floor":35,"turns":5},{"damage":8,"enemies":"3 Darklings","floor":38,"turns":4},{"damage":0,"enemies":"Maw","floor":39,"turns":6},{"damage":7,"enemies":"4 Shapes","floor":44,"turns":6},{"damage":0,"enemies":"Reptomancer","floor":46,"turns":6},{"damage":0,"enemies":"Mind Bloom Boss Battle","floor":48,"turns":4},{"damage":14,"enemies":"Donu and Deca","floor":50,"turns":9}],"seed_played":"-1827456738507701168","potions_obtained":[{"floor":3.0,"key":"GhostInAJar"},{"floor":5.0,"key":"Strength Potion"},{"floor":10.0,"key":"ColorlessPotion"},{"floor":14.0,"key":"ColorlessPotion"},{"floor":16.0,"key":"FearPotion"},{"floor":19.0,"key":"EntropicBrew"},{"floor":33,"key":"LiquidMemories"},{"floor":39,"key":"Dexterity Potion"}],"is_trial":false,"path_per_floor":["M","$","M","?","M","R","E","R","T","M","$","E","?","?","R","B",null,"M","M","$","M","M","R","E","R","T","R","M","$","T","M","R","B",null,"M","?","$","M","M","R","?","R","T","M","T","E","$","?","R","B",null],"character_chosen":"THE_SILENT","items_purchased":["Noxious Fumes","Poisoned Stab","Noxious Fumes","Deflect","Oddly Smooth Stone","Potion Belt"],"campfire_rested":0,"item_purchase_floors":[2,2,20,20,37,47],"current_hp_per_floor":[70,70,70,70,70,70,57,57,57,52,52,38,31,31,31,21,70,63,63,63,63,57,57,57,57,57,57,57,57,57,57,57,46,70,70,70,70,62,62,62,62,62,62,55,55,55,66,66,66,66],"gold":71,"neow_bonus":"THREE_ENEMY_KILL","is_daily":false,"chose_seed":false,"campfire_upgraded":7,"win_rate":0.0,"timestamp":1607985185,"path_taken":["M","$","M","?","M","R","E","R","T","?","?","E","?","?","R","BOSS","M","?","$","M","?","R","E","R","T","R","M","$","?","?","R","BOSS","M","?","$","?","M","R","?","R","T","M","?","E","$","?","R","BOSS"],"items_purchased_type":["Card","Card","Card","Card","Relic","Relic"],"build_version":"2020-12-13","purchased_purges":3,"victory":true,"max_hp_per_floor":[70,70,70,70,70,70,70,70,70,70,70,70,70,70,70,70,70,70,70,70,70,70,70,70,70,70,70,70,70,70,70,70,70,70,70,70,70,70,70,70,66,66,66,66,66,66,66,66,66,66],"card_choices":[{"not_picked":["Acrobatics","Outmaneuver"],"picked":"Bane","floor":1.0},{"not_picked":["Blur","Backflip"],"picked":"Deadly Poison","floor":3.0},{"not_picked":["Outmaneuver","Eviscerate","Setup"],"picked":"SKIP","floor":5.0},{"not_picked":["Bane","Well Laid Plans"],"picked":"Venomology","floor":7.0},{"not_picked":["Predator","Cloak And Dagger"],"picked":"PiercingWail","floor":10.0},{"not_picked":["Dagger Spray","Caltrops","Outmaneuver"],"picked":"SKIP","floor":12.0},{"not_picked":["After Image","Wraith Form v2"],"picked":"Envenom","floor":16.0},{"not_picked":["Cloak And Dagger+1","Flying Knee+1"],"picked":"Footwork+1","floor":18.0},{"not_picked":["Backflip","Concentrate"],"picked":"Escape Plan","floor":19.0},{"not_picked":["Flying Knee","Dodge and Roll"],"picked":"Catalyst","floor":21},{"not_picked":["Expertise","Dagger Throw+1","Dagger Spray"],"picked":"SKIP","floor":22},{"not_picked":["Tactician","Dodge and Roll","Endless Agony"],"picked":"SKIP","floor":24},{"not_picked":["PiercingWail+1","Distraction"],"picked":"Crippling Poison+1","floor":28},{"not_picked":["Reflex","Acrobatics"],"picked":"Deflect","floor":31},{"not_picked":["Corpse Explosion","Bullet Time"],"picked":"Adrenaline","floor":33},{"not_picked":["Dodge and Roll","Dagger Throw+1","Bane+1"],"picked":"SKIP","floor":35},{"not_picked":["Finisher+1","Quick Slash","Flying Knee+1"],"picked":"SKIP","floor":38},{"not_picked":["Endless Agony+1","Accuracy"],"picked":"Escape Plan+1","floor":39},{"not_picked":["Leg Sweep+1","Underhanded Strike+1"],"picked":"Catalyst","floor":44},{"not_picked":["Flechettes","Cloak And Dagger+1","Bane+1"],"picked":"SKIP","floor":46},{"not_picked":["Poisoned Stab+1","Well Laid Plans"],"picked":"Backflip","floor":48}],"player_experience":484384,"relics_obtained":[{"floor":7.0,"key":"FossilizedHelix"},{"floor":9.0,"key":"CaptainsWheel"},{"floor":12.0,"key":"Girya"},{"floor":24,"key":"Paper Crane"},{"floor":26,"key":"Gremlin Horn"},{"floor":30,"key":"Blue Candle"},{"floor":43,"key":"Letter Opener"},{"floor":45,"key":"MealTicket"},{"floor":46,"key":"Smiling Mask"},{"floor":48,"key":"Tingsha"}],"event_choices":[{"cards_removed":["Strike_G"],"damage_healed":0.0,"max_hp_gain":0.0,"max_hp_loss":0.0,"gold_gain":0.0,"event_name":"Purifier","player_choice":"Purged","floor":4.0,"gold_loss":0.0,"damage_taken":0.0},{"damage_healed":0.0,"max_hp_gain":0.0,"max_hp_loss":0.0,"gold_gain":0.0,"event_name":"Scrap Ooze","player_choice":"Success","floor":13.0,"gold_loss":0.0,"damage_taken":7.0,"relics_obtained":["Orichalcum"]},{"damage_healed":0.0,"max_hp_gain":0.0,"max_hp_loss":0.0,"gold_gain":0.0,"event_name":"Lab","player_choice":"Got Potions","floor":14.0,"gold_loss":0.0,"damage_taken":0.0},{"damage_healed":0,"gold_gain":0,"player_choice":"1 cards matched","damage_taken":0,"max_hp_gain":0,"max_hp_loss":0,"event_name":"Match and Keep!","floor":36,"gold_loss":0,"cards_obtained":["Neutralize"]},{"damage_healed":0,"gold_gain":0,"player_choice":"Max HP","damage_taken":0,"max_hp_gain":0,"max_hp_loss":4,"event_name":"Winding Halls","floor":41,"gold_loss":0},{"damage_healed":0,"gold_gain":0,"player_choice":"Fight","damage_taken":0,"max_hp_gain":0,"max_hp_loss":0,"event_name":"MindBloom","floor":48,"gold_loss":0}],"is_beta":false,"boss_relics":[{"not_picked":["Ring of the Serpent","Cursed Key"],"picked":"SlaversCollar"},{"not_picked":["Tiny House","Sozu"],"picked":"Empty Cage"}],"items_purged_floors":[11,29,47],"is_endless":false,"potions_floor_spawned":[3,5,10,16,19,28,33,39,46],"ascension_level":1}}