{"host":"utqe55yv0jihe4d6","time":1607917742,"event":{"mods":["2.2 Compatiblity","AchievementEnabler","BaseMod","Block Reminder","Colored Map","Colored Powertips","Minty Spire (QoL Compilation)","Quick Restart","Rare Cards Sparkle","Relic Stats","SuperFastMode"],"gold_per_floor":[113,113,113,113,133,160,176,176,203,220,245,245,262,297,297,297,297],"floor_reached":16,"playtime":860,"items_purged":[],"score":290,"play_id":"db9d6333-7049-4acc-8e74-9b57f39b2332","local_time":"20201213224902","is_ascension_mode":true,"campfire_choices":[{"data":"Bash","floor":8,"key":"SMITH"},{"data":"Carnage","floor":12,"key":"SMITH"},{"data":"Uppercut","floor":15,"key":"SMITH"}],"circlet_count":0,"master_deck":["AscendersBane","Strike_R","Strike_R","Strike_R","Defend_R","Defend_R","Defend_R","Defend_R","Bash+1","Carnage+1","Clothesline","Headbutt","Burning Pact","Uppercut+1"],"relics":["Burning Blood","NeowsBlessing","Nunchaku","Dream Catcher","Bag of Preparation","Self Forming Clay","Pocketwatch"],"acts_visited":["Exordium"],"potions_floor_usage":[14],"damage_taken":[{"damage":0,"enemies":"2 Louse","floor":1,"turns":1},{"damage":0,"enemies":"Jaw Worm","floor":5,"turns":1},{"damage":0,"enemies":"3 Sentries","floor":6,"turns":2},{"damage":4,"enemies":"Cultist","floor":7,"turns":4},{"damage":3,"enemies":"Blue Slaver","floor":10,"turns":2},{"damage":30,"enemies":"Lagavulin","floor":11,"turns":5},{"damage":9,"enemies":"Large Slime","floor":13,"turns":4},{"damage":12,"enemies":"3 Sentries","floor":14,"turns":6},{"damage":40,"enemies":"Hexaghost","floor":16,"turns":9}],"seed_played":"-5741546028352342119","potions_obtained":[{"floor":1,"key":"SkillPotion"},{"floor":5,"key":"BlessingOfTheForge"}],"is_trial":false,"path_per_floor":["M","?","?","?","M","E","M","R","T","M","E","R","M","E","R","B"],"character_chosen":"IRONCLAD","items_purchased":[],"campfire_rested":0,"item_purchase_floors":[],"current_hp_per_floor":[74,63,56,56,62,68,70,70,70,73,49,49,46,40,40,0,0],"gold":297,"neow_bonus":"THREE_ENEMY_KILL","is_daily":false,"chose_seed":false,"campfire_upgraded":3,"win_rate":0.0,"timestamp":1607917742,"path_taken":["M","?","?","?","M","E","M","R","T","M","E","R","M","E","R","BOSS"],"items_purchased_type":[],"build_version":"2020-11-30","purchased_purges":0,"victory":false,"max_hp_per_floor":[75,75,75,75,75,75,75,75,75,75,75,75,75,75,75,75,75],"relic_stats":{"Nunchaku":[5],"Dream Catcher":0,"counters":[9,34],"Self Forming Clay":[36],"Bag of Preparation":[10],"obtain_stats":[{"Nunchaku":2,"Dream Catcher":6,"NeowsBlessing":0,"Self Forming Clay":11,"Bag of Preparation":9,"Burning Blood":0,"Pocketwatch":14},{"Nunchaku":1,"Dream Catcher":3,"NeowsBlessing":0,"Self Forming Clay":6,"Bag of Preparation":4,"Burning Blood":0,"Pocketwatch":8},{"Nunchaku":1,"Dream Catcher":4,"NeowsBlessing":0,"Self Forming Clay":15,"Bag of Preparation":8,"Burning Blood":0,"Pocketwatch":25}],"Burning Blood":48,"Pocketwatch":[24]},"card_choices":[{"not_picked":["Second Wind","Battle Trance"],"picked":"Carnage","floor":1},{"not_picked":["Flex","Clash","Hemokinesis"],"picked":"SKIP","floor":5},{"not_picked":["Havoc","Ghostly Armor"],"picked":"Clothesline","floor":6},{"not_picked":["Anger","Sword Boomerang"],"picked":"Headbutt","floor":7},{"not_picked":["Headbutt","Body Slam"],"picked":"Burning Pact","floor":10},{"not_picked":["Second Wind","Sentinel","Armaments"],"picked":"SKIP","floor":11},{"not_picked":["Cleave","Anger","Intimidate"],"picked":"SKIP","floor":13},{"not_picked":["Pommel Strike","Bloodletting"],"picked":"Uppercut","floor":14}],"player_experience":2752472,"relics_obtained":[{"floor":6,"key":"Dream Catcher"},{"floor":9,"key":"Bag of Preparation"},{"floor":11,"key":"Self Forming Clay"},{"floor":14,"key":"Pocketwatch"}],"event_choices":[{"damage_healed":0,"gold_gain":0,"player_choice":"Success","damage_taken":11,"relics_obtained":["Nunchaku"],"max_hp_gain":0,"max_hp_loss":0,"event_name":"Scrap Ooze","floor":2,"gold_loss":0},{"cards_removed":["Strike_R"],"damage_healed":0,"gold_gain":0,"player_choice":"Card Removal","damage_taken":7,"max_hp_gain":0,"max_hp_loss":0,"event_name":"Golden Wing","floor":3,"gold_loss":0},{"cards_removed":["Strike_R"],"damage_healed":0,"gold_gain":0,"player_choice":"Offered Basic","damage_taken":0,"max_hp_gain":0,"max_hp_loss":0,"event_name":"Bonfire Elementals","floor":4,"gold_loss":0}],"is_beta":false,"boss_relics":[],"items_purged_floors":[],"is_endless":false,"potions_floor_spawned":[1,5,10,11],"killed_by":"Hexaghost","ascension_level":20}}