{"host":"qyjrmrr57odine7m","time":1607970872,"event":{"mods":["AchievementEnabler","BaseMod","Bestiary","Block Reminder","Card Forge","Highlight Path","Minty Spire (QoL Compilation)","StSLib"],"gold_per_floor":[99,99,99,99,99,99,69,69,69,69,69,69,69,69,69,69,69,69,69,69,69,69,69,69,69,69,69,69,69,69,69,69,69,69,69,69,69,69,69,69,69,69,69,69,69,69,69,69,69,69],"floor_reached":51,"playtime":4855,"items_purged":[],"score":755,"play_id":"ab1106eb-1898-4e8a-89bc-0ad2128335db","local_time":"20201214183432","is_ascension_mode":false,"campfire_choices":[{"floor":15,"key":"REST"},{"floor":32,"key":"REST"},{"floor":40,"key":"REST"},{"floor":42,"key":"REST"},{"floor":47,"key":"REST"},{"floor":49,"key":"REST"}],"circlet_count":0,"master_deck":["Defend_B+1","Defend_B+1","Coolheaded+1","Machine Learning+1","Leap+1","Cold Snap+1","Capacitor+1","Redo+1","Barrage+1","Capacitor+1","Blizzard+1","Cold Snap+1","Redo+1","Leap+1","Redo+1"],"relics":["Hammer of Thor","Seething Fire","Anvil of the Gods","Ectoplasm","Potion Belt","MealTicket","Toxic Egg 2","Torii","Golden Idol","MutagenicStrength","Gremlin Horn","Orichalcum","SacredBark","Blue Candle","Incense Burner"],"acts_visited":["Exordium","TheCity","TheBeyond"],"potions_floor_usage":[2,11,14,14,30,38,50,50,50,50],"damage_taken":[{"damage":0,"enemies":"Jaw Worm","floor":1,"turns":2},{"damage":0,"enemies":"2 Louse","floor":2,"turns":2},{"damage":0,"enemies":"Cultist","floor":3,"turns":2},{"damage":0,"enemies":"Blue Slaver","floor":4,"turns":3},{"damage":12,"enemies":"Gremlin Nob","floor":6,"turns":3},{"damage":2,"enemies":"Looter","floor":7,"turns":3},{"damage":1,"enemies":"3 Sentries","floor":8,"turns":8},{"damage":0,"enemies":"Lots of Slimes","floor":11,"turns":5},{"damage":0,"enemies":"3 Louse","floor":12,"turns":3},{"damage":1,"enemies":"Exordium Wildlife","floor":13,"turns":3},{"damage":15,"enemies":"Gremlin Nob","floor":14,"turns":4},{"damage":0,"enemies":"The Guardian","floor":16,"turns":11},{"damage":0,"enemies":"Shell Parasite","floor":18,"turns":5},{"damage":1,"enemies":"3 Byrds","floor":19,"turns":7},{"damage":0,"enemies":"Centurion and Healer","floor":20,"turns":7},{"damage":0,"enemies":"Snecko","floor":21,"turns":6},{"damage":0,"enemies":"Cultist and Chosen","floor":23,"turns":7},{"damage":1,"enemies":"3 Cultists","floor":25,"turns":7},{"damage":1,"enemies":"Book of Stabbing","floor":27,"turns":6},{"damage":0,"enemies":"Centurion and Healer","floor":28,"turns":5},{"damage":0,"enemies":"Snecko","floor":30,"turns":9},{"damage":1,"enemies":"Snake Plant","floor":31,"turns":6},{"damage":0,"enemies":"Automaton","floor":33,"turns":7},{"damage":0,"enemies":"3 Darklings","floor":35,"turns":5},{"damage":10,"enemies":"3 Shapes","floor":36,"turns":6},{"damage":0,"enemies":"Transient","floor":37,"turns":5},{"damage":0,"enemies":"Maw","floor":38,"turns":10},{"damage":1,"enemies":"Spire Growth","floor":41,"turns":5},{"damage":15,"enemies":"3 Darklings","floor":45,"turns":5},{"damage":12,"enemies":"Sphere and 2 Shapes","floor":46,"turns":10},{"damage":0,"enemies":"Spire Growth","floor":48,"turns":6},{"damage":14,"enemies":"Time Eater","floor":50,"turns":16}],"seed_played":"-7424862069516335600","potions_obtained":[{"floor":2,"key":"Fruit Juice"},{"floor":7,"key":"Strength Potion"},{"floor":8,"key":"DistilledChaos"},{"floor":12,"key":"AttackPotion"},{"floor":14,"key":"LiquidMemories"},{"floor":18,"key":"PotionOfCapacity"},{"floor":20,"key":"SkillPotion"},{"floor":23,"key":"DuplicationPotion"},{"floor":25,"key":"SpeedPotion"},{"floor":33,"key":"FocusPotion"},{"floor":41,"key":"PotionOfCapacity"},{"floor":46,"key":"Strength Potion"}],"is_trial":false,"path_per_floor":["M","M","M","M","?","E","M","E","T","?","M","M","M","E","R","B",null,"M","M","M","M","?","M","?","M","T","E","M","?","M","M","R","B",null,"M","M","M","M","$","R","M","R","T","?","M","M","R","M","R","B",null],"character_chosen":"DEFECT","items_purchased":[],"campfire_rested":6,"item_purchase_floors":[],"current_hp_per_floor":[75,80,80,80,47,35,33,32,32,32,32,32,31,16,40,40,80,80,79,79,79,79,79,79,78,78,77,77,77,77,76,80,80,80,80,70,70,70,80,80,79,80,80,80,65,53,77,77,80,66],"gold":69,"neow_bonus":"BOSS_RELIC","is_daily":false,"chose_seed":false,"campfire_upgraded":0,"win_rate":0.0,"timestamp":1607970872,"path_taken":["M","M","M","M","?","E","M","E","T","?","M","M","M","E","R","BOSS","M","M","M","M","?","?","?","M","T","E","M","?","M","M","R","BOSS","M","M","M","M","?","R","M","R","T","?","M","?","R","M","R","BOSS"],"items_purchased_type":[],"build_version":"2020-12-13","purchased_purges":0,"victory":true,"max_hp_per_floor":[75,80,80,80,80,80,80,80,80,80,80,80,80,80,80,80,80,80,80,80,80,80,80,80,80,80,80,80,80,80,80,80,80,80,80,80,80,80,80,80,80,80,80,80,80,80,80,80,80,80],"card_choices":[{"not_picked":["Streamline","Stack"],"picked":"Coolheaded","floor":1},{"not_picked":["Conserve Battery","Double Energy","Beam Cell"],"picked":"SKIP","floor":2},{"not_picked":["Compile Driver","Biased Cognition","Conserve Battery"],"picked":"SKIP","floor":3},{"not_picked":["Conserve Battery","Beam Cell"],"picked":"Streamline","floor":4},{"not_picked":["Stack","Cold Snap"],"picked":"Machine Learning","floor":6},{"not_picked":["Hologram","Static Discharge","Turbo"],"picked":"SKIP","floor":7},{"not_picked":["Meteor Strike","Loop","Hologram+1"],"picked":"SKIP","floor":8},{"not_picked":["Reprogram+1","Conserve Battery+1","Auto Shields+1"],"picked":"SKIP","floor":11},{"not_picked":["Compile Driver","Self Repair"],"picked":"Leap+1","floor":12},{"not_picked":["Turbo+1","Heatsinks","Sweeping Beam"],"picked":"SKIP","floor":13},{"not_picked":["Conserve Battery+1","Reprogram+1","Static Discharge"],"picked":"SKIP","floor":14},{"not_picked":["Turbo+1","Ball Lightning"],"picked":"Cold Snap","floor":18},{"not_picked":["Sunder+1","Rebound","Stack+1"],"picked":"SKIP","floor":19},{"not_picked":["Go for the Eyes+1","Beam Cell","Turbo+1"],"picked":"SKIP","floor":20},{"not_picked":["Steam+1","Ball Lightning"],"picked":"Capacitor","floor":21},{"not_picked":["Gash+1","Hyperbeam"],"picked":"Redo+1","floor":23},{"not_picked":["Coolheaded+1","Loop"],"picked":"Barrage","floor":25},{"not_picked":["Tempest+1","Double Energy+1"],"picked":"Capacitor","floor":27},{"not_picked":["Beam Cell","Coolheaded+1"],"picked":"Blizzard+1","floor":28},{"not_picked":["Leap+1","Chill+1"],"picked":"Cold Snap","floor":30},{"not_picked":["White Noise+1","Cold Snap"],"picked":"Redo+1","floor":31},{"not_picked":["Blizzard+1","Hologram+1"],"picked":"Leap+1","floor":35},{"not_picked":["Fusion+1","Compile Driver","Beam Cell+1"],"picked":"SKIP","floor":36},{"not_picked":["Coolheaded+1","Gash","Ball Lightning+1"],"picked":"SKIP","floor":37},{"not_picked":["Genetic Algorithm+1","Cold Snap","Scrape+1"],"picked":"SKIP","floor":38},{"not_picked":["Blizzard","Conserve Battery+1","Rebound+1"],"picked":"SKIP","floor":41},{"not_picked":["Sweeping Beam+1","Loop+1"],"picked":"Redo+1","floor":45},{"not_picked":["Turbo+1","Tempest+1","Chill+1"],"picked":"SKIP","floor":46},{"not_picked":["Compile Driver","Coolheaded+1","Reinforced Body+1"],"picked":"SKIP","floor":48}],"player_experience":1150783,"relics_obtained":[{"floor":6,"key":"MealTicket"},{"floor":8,"key":"Toxic Egg 2"},{"floor":9,"key":"Torii"},{"floor":26,"key":"Gremlin Horn"},{"floor":27,"key":"Orichalcum"},{"floor":43,"key":"Blue Candle"}],"event_choices":[{"damage_healed":0,"gold_gain":0,"player_choice":"Success","damage_taken":33,"relics_obtained":["Potion Belt"],"max_hp_gain":0,"max_hp_loss":0,"event_name":"Scrap Ooze","floor":5,"gold_loss":0},{"damage_healed":0,"gold_gain":0,"player_choice":"Take Wound","damage_taken":0,"relics_obtained":["Golden Idol"],"max_hp_gain":0,"max_hp_loss":0,"event_name":"Golden Idol","floor":10,"gold_loss":0,"cards_obtained":["Injury"]},{"damage_healed":0,"gold_gain":0,"player_choice":"Ignored","damage_taken":0,"max_hp_gain":0,"max_hp_loss":0,"event_name":"NoteForYourself","floor":22,"gold_loss":0},{"damage_healed":0,"gold_gain":0,"player_choice":"Inject Mutagens","damage_taken":0,"relics_obtained":["MutagenicStrength"],"max_hp_gain":0,"max_hp_loss":0,"event_name":"Drug Dealer","floor":24,"gold_loss":0},{"damage_healed":0,"gold_gain":275,"player_choice":"Desecrate","damage_taken":0,"max_hp_gain":0,"max_hp_loss":0,"event_name":"Golden Shrine","floor":29,"gold_loss":0,"cards_obtained":["Regret"]},{"damage_healed":0,"gold_gain":0,"player_choice":"Gave Potion","damage_taken":0,"relics_obtained":["Incense Burner"],"max_hp_gain":0,"max_hp_loss":0,"event_name":"WeMeetAgain","floor":44,"gold_loss":0}],"is_beta":false,"boss_relics":[{"not_picked":["SlaversCollar","Pandora\u0027s Box","Busted Crown"]},{"not_picked":["Calling Bell","Tiny House"],"picked":"SacredBark"}],"items_purged_floors":[],"is_endless":false,"potions_floor_spawned":[2,7,8,12,14,18,20,23,25,33,36,41,46],"ascension_level":0}}