{"host":"1z4hbl9vfqrhg136","time":1607906361,"event":{"mods":["BaseMod","Minty Spire (QoL Compilation)"],"gold_per_floor":[112,112,130,146,30,30,64,64,88,101,101,101],"floor_reached":11,"playtime":714,"items_purged":["Defend_G"],"score":146,"play_id":"8f652109-0e53-4691-ac09-de2db7608cae","local_time":"20201214003921","is_ascension_mode":true,"campfire_choices":[{"data":"Neutralize","floor":6,"key":"SMITH"},{"floor":8,"key":"REST"}],"circlet_count":0,"master_deck":["AscendersBane","Strike_G","Strike_G","Strike_G","Strike_G","Strike_G","Defend_G","Defend_G","Defend_G","Defend_G","Survivor","Neutralize+1","Backflip","Caltrops","Leg Sweep","Infinite Blades","Dagger Spray","Accuracy"],"relics":["Ring of the Snake","NlothsMask","Juzu Bracelet"],"acts_visited":["Exordium"],"potions_floor_usage":[7,10,11],"damage_taken":[{"damage":8,"enemies":"Cultist","floor":1,"turns":5},{"damage":8,"enemies":"Jaw Worm","floor":3,"turns":7},{"damage":5,"enemies":"2 Louse","floor":4,"turns":3},{"damage":42,"enemies":"3 Sentries","floor":7,"turns":9},{"damage":0,"enemies":"Gremlin Gang","floor":10,"turns":3},{"damage":35,"enemies":"Lagavulin","floor":11,"turns":8}],"seed_played":"8121704914758945849","potions_obtained":[{"floor":4,"key":"Poison Potion"},{"floor":7,"key":"Explosive Potion"},{"floor":10,"key":"AttackPotion"}],"is_trial":false,"path_per_floor":["M","?","M","M","$","R","E","R","T","M","E"],"character_chosen":"THE_SILENT","items_purchased":["Infinite Blades"],"campfire_rested":1,"item_purchase_floors":[5],"current_hp_per_floor":[57,57,49,44,44,44,2,23,23,23,0,0],"gold":101,"neow_bonus":"TEN_PERCENT_HP_BONUS","is_daily":false,"chose_seed":false,"campfire_upgraded":1,"win_rate":0.0,"timestamp":1607906361,"path_taken":["M","?","M","M","$","R","E","R","T","M","E"],"items_purchased_type":["Card"],"build_version":"2020-12-13","purchased_purges":1,"victory":false,"max_hp_per_floor":[72,72,72,72,72,72,72,72,72,72,72,72],"card_choices":[{"not_picked":["Acrobatics","Deadly Poison"],"picked":"Backflip","floor":1},{"not_picked":["Outmaneuver","Reflex"],"picked":"Caltrops","floor":3},{"not_picked":["Flechettes","Predator"],"picked":"Leg Sweep","floor":4},{"not_picked":["Bane","Dagger Throw"],"picked":"Dagger Spray","floor":7},{"not_picked":["Acrobatics","Setup"],"picked":"Accuracy","floor":10}],"player_experience":1820192,"relics_obtained":[{"floor":7,"key":"Juzu Bracelet"}],"event_choices":[{"damage_healed":0,"gold_gain":0,"player_choice":"Trade","damage_taken":0,"relics_obtained":["NlothsMask"],"max_hp_gain":0,"max_hp_loss":0,"event_name":"FaceTrader","floor":2,"gold_loss":0}],"is_beta":false,"boss_relics":[],"items_purged_floors":[5],"is_endless":false,"potions_floor_spawned":[4,7,10],"killed_by":"Lagavulin","ascension_level":20}}