{"host":"ks12kfi5c4d9hdxy","time":1607985472,"event":{"mods":["BaseMod","Conspire","GifTheSpireLib","Koishi","LagranYue(拉格朗・月)","Marisa（F雨　魔理沙）","Minty Spire (QoL Compilation)","Reimu（博丽灵梦）","Remilia（蕾米莉亚）","Replay The Spire","RumiaBox-露米娅的神秘盒子","StSLib","SuperFastMode","The Administrix","The Servant 0.9.4","Youmu（魂魄妖梦）","Yuyuko","【功能Mod】混沌之环修复补丁","【功能Mod】聪明的最终Boss","篝火指南"],"gold_per_floor":[213,213,213,224,234,234,268,268,342,372,312,342,342,359,359,435,435,449,449,449,449],"floor_reached":20,"playtime":537,"items_purged":[],"score":409,"play_id":"6db8f60f-6e69-4593-a42d-3d66fa4c5e3a","local_time":"20201215063752","is_ascension_mode":true,"campfire_choices":[{"data":"ShootingEcho","floor":6.0,"key":"SMITH"},{"floor":8.0,"key":"REST"},{"floor":13.0,"key":"REST"},{"data":"SuperNova","floor":15.0,"key":"SMITH"}],"circlet_count":0,"master_deck":["AscendersBane","Strike_MRS","Strike_MRS","Strike_MRS","Strike_MRS","Defend_MRS","Defend_MRS","Defend_MRS","Defend_MRS","MasterSpark","ReplayTheSpireMod:Restless Dread","ShootingEcho+1","EscapeVelocity+1","ManaConvection","Orbital","SuperNova+1","WitchLeyline","WitchLeyline","JA"],"relics":["MiniHakkero","LagranYue:RandomDrawCardRelic","Replay:Wanted Poster","Baka2","Replay:Rubber Ducky","BreadOfAWashokuLover","LagranYue:GuidanceLightRelic","PaintedHorse:ReiMu","GodSword3","LagranYue:GuideDeadRelic","Busted Crown","Mango"],"acts_visited":["Exordium","TheCity"],"potions_floor_usage":[],"damage_taken":[{"damage":7.0,"enemies":"Small Slimes","floor":1.0,"turns":3.0},{"damage":11.0,"enemies":"2 Louse","floor":4.0,"turns":4.0},{"damage":10.0,"enemies":"Jaw Worm","floor":5.0,"turns":2.0},{"damage":31.0,"enemies":"3 Sentries","floor":7.0,"turns":5.0},{"damage":15.0,"enemies":"Lagavulin","floor":10.0,"turns":5.0},{"damage":0.0,"enemies":"Gremlin Nob","floor":12.0,"turns":3.0},{"damage":7.0,"enemies":"Gremlin Gang","floor":14.0,"turns":4.0},{"damage":26.0,"enemies":"Hexaghost","floor":16.0,"turns":7.0},{"damage":19.0,"enemies":"2 Thieves","floor":18.0,"turns":3.0},{"damage":56,"enemies":"3 Byrds","floor":20,"turns":2}],"seed_played":"4823976762162255979","potions_obtained":[{"floor":1.0,"key":"ZuzhouPotion:ReiMu"},{"floor":7.0,"key":"Adrenaline Potion"},{"floor":10.0,"key":"EssenceOfSteel"},{"floor":12.0,"key":"BottledSpark"},{"floor":14.0,"key":"Adrenaline Potion"}],"is_trial":false,"path_per_floor":["M","?","?","M","M","R","E","R","T","E","?","E","R","M","R","B",null,"M","?","M"],"character_chosen":"MARISA","items_purchased":[],"campfire_rested":2,"item_purchase_floors":[],"current_hp_per_floor":[56,56,56,45,35,35,4,25,25,19,19,21,38,51,51,25,60,55,55,0,0],"gold":449,"neow_bonus":"CURSED_BOSS_RELIC","is_daily":false,"chose_seed":false,"campfire_upgraded":2,"win_rate":0.0,"timestamp":1607985472,"path_taken":["M","?","?","M","M","R","E","R","T","E","?","E","R","M","R","BOSS","M","?","M"],"items_purchased_type":[],"build_version":"2020-12-13","purchased_purges":0,"victory":false,"max_hp_per_floor":[70,70,70,70,70,70,70,70,70,58,58,58,58,71,71,71,71,85,85,85,85],"card_choices":[{"not_picked":["LuminesStrike","ManaConvection"],"picked":"ShootingEcho","floor":1.0},{"not_picked":["Occultation","AlicesGift"],"picked":"ManaConvection","floor":4.0},{"not_picked":["PowerUp","WitchOfGreed"],"picked":"Orbital","floor":5.0},{"not_picked":["Acceleration","EventHorizon"],"picked":"SuperNova","floor":7.0},{"not_picked":["PowerUp","MagicChant","TreasureHunter"],"picked":"SKIP","floor":10.0},{"not_picked":["AsteroidBelt","SuperPerseids"],"picked":"WitchLeyline","floor":12.0},{"not_picked":["GrandCross","PropBag"],"picked":"WitchLeyline","floor":14.0},{"not_picked":["AbsoluteMagnitude","CollectingQuirk"],"picked":"JA","floor":16.0},{"not_picked":["BlazeAway"],"picked":"SKIP","floor":18.0}],"player_experience":495372,"relics_obtained":[{"floor":1.0,"key":"Baka"},{"floor":4.0,"key":"Baka2"},{"floor":7.0,"key":"Replay:Rubber Ducky"},{"floor":9.0,"key":"BreadOfAWashokuLover"},{"floor":10.0,"key":"LagranYue:GuidanceLightRelic"},{"floor":12.0,"key":"GodSword3"},{"floor":16.0,"key":"LagranYue:GuideDeadRelic"},{"floor":18.0,"key":"Mango"}],"event_choices":[{"damage_healed":0.0,"max_hp_gain":0.0,"max_hp_loss":0.0,"gold_gain":0.0,"event_name":"conspire:LoneGhost","player_choice":"Disagree","floor":2.0,"gold_loss":0.0,"damage_taken":0.0},{"damage_healed":0.0,"max_hp_gain":0.0,"max_hp_loss":0.0,"gold_gain":0.0,"event_name":"yidonshenshe","player_choice":"塞钱","floor":11.0,"gold_loss":60.0,"damage_taken":0.0,"relics_obtained":["PaintedHorse:ReiMu"]},{"damage_healed":0.0,"max_hp_gain":0.0,"max_hp_loss":0.0,"gold_gain":0.0,"event_name":"Cursed Tome","player_choice":"Ignored","floor":19.0,"gold_loss":0.0,"damage_taken":0.0}],"is_beta":false,"boss_relics":[{"not_picked":["conspire:SlowCooker","Runic Dome"],"picked":"Busted Crown"}],"items_purged_floors":[],"is_endless":false,"potions_floor_spawned":[1,7,10,12,14],"killed_by":"3 Byrds","ascension_level":18}}