{"host":"mvw7i28zi3kj0eu9","time":1607952310,"event":{"mods":["AchievementEnabler","BaseMod","Better Third Choice","BetterRewards","Block Reminder","Conspire","Custom Start","Downfall","Energized Spire","Halation","Hermit","Hubris","Infinite Spire","Jorbs\u0027s Wanderer Trilogy","Minty Spire (QoL Compilation)","Replay The Spire","Shop Mod","Small Relic Pack","Spikes Relics","StSLib","The Blue Laboratory","The Necromancer","The Servant 0.9.4","Virulent Crown"],"gold_per_floor":[111,129,54,71,84,84,95,125,125,125,140,140,152,52,52,153,153,167,19,32,32,46,71,88,88,88,105,116,116,116,130,130,227,227,241,241,251,251,251,279,299,327,327,202,202,213,213,225,225,225],"floor_reached":51,"playtime":1688,"items_purged":["Defend_R","Defend_R","Strike_R"],"score":808,"play_id":"d0218d32-73b8-497d-8a4a-45ad3011b907","local_time":"20201214142510","is_ascension_mode":false,"campfire_choices":[{"data":"Flex","floor":6,"key":"SMITH"},{"data":"Pummel","floor":10,"key":"SMITH"},{"data":"1","floor":15,"key":"LIFT"},{"data":"2","floor":25,"key":"LIFT"},{"data":"3","floor":30,"key":"LIFT"},{"data":"Feed","floor":32,"key":"SMITH"},{"data":"Impervious","floor":45,"key":"SMITH"},{"data":"Feel No Pain","floor":47,"key":"SMITH"},{"data":"Metallicize","floor":49,"key":"SMITH"}],"circlet_count":0,"master_deck":["Strike_R","Strike_R","Strike_R","Strike_R","Defend_R","Defend_R","Bash","Shrug It Off+1","Flex+1","Shrug It Off+1","Pummel+1","Feed+1","Feel No Pain+1","Impervious+1","Body Slam+1","Parasite","Metallicize+1"],"relics":["Burning Blood","hubris:DeadTorch","Orichalcum","Regal Pillow","Girya","Sandwich","conspire:TreasureMap","Garlic","Mummified Hand","CosmicIsotope","Shuriken","Strawberry","Mirror"],"acts_visited":["Exordium","TheCity","TheBeyond"],"potions_floor_usage":[7,22,28,33,33,46,50],"damage_taken":[{"damage":4,"enemies":"Cultist","floor":1,"turns":4},{"damage":0,"enemies":"Jaw Worm","floor":2,"turns":3},{"damage":0,"enemies":"Small Slimes","floor":4,"turns":3},{"damage":2,"enemies":"Red Slaver","floor":5,"turns":2},{"damage":5,"enemies":"Large Slime","floor":7,"turns":4},{"damage":31,"enemies":"Lagavulin","floor":8,"turns":6},{"damage":4,"enemies":"Looter","floor":11,"turns":3},{"damage":8,"enemies":"Exordium Wildlife","floor":13,"turns":4},{"damage":45,"enemies":"The Guardian","floor":16,"turns":15},{"damage":2,"enemies":"Spheric Guardian","floor":18,"turns":3},{"damage":7,"enemies":"3 Byrds","floor":20,"turns":5},{"damage":17,"enemies":"Cultist and Chosen","floor":22,"turns":7},{"damage":16,"enemies":"Slavers","floor":23,"turns":7},{"damage":0,"enemies":"Centurion and Healer","floor":24,"turns":5},{"damage":1,"enemies":"Snake Plant","floor":27,"turns":4},{"damage":0,"enemies":"Sentry and Sphere","floor":28,"turns":3},{"damage":0,"enemies":"Snecko","floor":31,"turns":2},{"damage":92,"enemies":"Automaton","floor":33,"turns":10},{"damage":0,"enemies":"Orb Walker","floor":35,"turns":3},{"damage":0,"enemies":"3 Darklings","floor":37,"turns":5},{"damage":10,"enemies":"Nemesis","floor":40,"turns":7},{"damage":0,"enemies":"Transient","floor":41,"turns":5},{"damage":4,"enemies":"R_Hoarder","floor":42,"turns":5},{"damage":0,"enemies":"Jaw Worm Horde","floor":46,"turns":2},{"damage":6,"enemies":"Writhing Mass","floor":48,"turns":4},{"damage":18,"enemies":"conspire:OrnateMirror","floor":50,"turns":9}],"seed_played":"5357855829216871800","potions_obtained":[{"floor":2,"key":"ElixirPotion"},{"floor":5,"key":"SkillPotion"},{"floor":7,"key":"conspire:TimeTravelPotion"},{"floor":8,"key":"ElixirPotion"},{"floor":11,"key":"Swift Potion"},{"floor":23,"key":"Explosive Potion"},{"floor":28,"key":"blueLaboratory:IronCompound"},{"floor":41,"key":"blueLaboratory:IronCompound"},{"floor":48,"key":"LifebloodPotion"}],"is_trial":false,"path_per_floor":["M","M","$","M","M","R","M","E","T","R","M","?","M","$","R","B",null,"M","$","M","$","M","E","M","R","T","M","M","?","R","M","R","B",null,"M","?","M","?","?","E","M","E","T","$","R","M","R","M","R","B",null],"character_chosen":"IRONCLAD","items_purchased":["Shrug It Off","Dead Branch","Flex","Orichalcum","Shrug It Off+1","conspire:TreasureMap"],"campfire_rested":0,"item_purchase_floors":[0,0,0,0,0,19],"current_hp_per_floor":[80,80,80,80,81,81,83,59,59,59,62,62,61,61,61,23,87,90,90,95,95,98,95,103,103,103,115,129,129,129,140,140,65,151,158,143,153,153,153,156,166,204,204,204,204,217,217,220,220,223],"gold":225,"neow_bonus":"","is_daily":false,"chose_seed":false,"campfire_upgraded":6,"win_rate":0.0,"timestamp":1607952310,"path_taken":["M","?","$","M","M","R","M","E","T","R","M","?","?","$","R","BOSS","M","$","M","?","?","E","M","R","T","M","M","?","R","M","R","BOSS","M","?","?","?","?","E","?","E","T","$","R","M","R","M","R","BOSS"],"items_purchased_type":["Card","Relic","Card","Relic","Card","Relic"],"build_version":"2020-12-13","purchased_purges":3,"victory":true,"max_hp_per_floor":[80,80,80,80,81,81,83,84,84,84,85,85,86,86,86,87,87,90,90,96,96,110,117,119,119,119,126,134,134,134,140,140,151,151,158,158,162,162,162,169,173,209,209,209,209,217,217,220,220,235],"card_choices":[{"not_picked":["Ghostly Armor","Flex","Clash"],"picked":"SKIP","floor":1},{"not_picked":["ReplayReversal","Burning Pact","ReplayTheSpireMod:Strike From Hell"],"picked":"SKIP","floor":2},{"not_picked":["hubris:ReadiedAction","Thunderclap"],"picked":"Pummel","floor":4},{"not_picked":["ReplayTheSpireMod:Corrosion Curse","Run Through","Replay:Undeath\u0027s Touch"],"picked":"SKIP","floor":5},{"not_picked":["Pummel","Pommel Strike","Perfected Strike"],"picked":"SKIP","floor":7},{"not_picked":["Wild Strike","Intimidate","Uppercut"],"picked":"SKIP","floor":8},{"not_picked":["Thunderclap","Iron Wave","Ghostly Armor"],"picked":"SKIP","floor":11},{"not_picked":["Twin Strike","ReplayTheSpireMod:Corrosion Curse","Hemogenesis"],"picked":"SKIP","floor":13},{"not_picked":["Demon Form","Eclipse"],"picked":"Feed","floor":16},{"not_picked":["Dropkick","Pommel Strike+1","hubris:CleavingFinish+1"],"picked":"SKIP","floor":18},{"not_picked":["Combust+1","Sever Soul","Warcry"],"picked":"SKIP","floor":20},{"not_picked":["Clash","Anger+1","Blood for Blood"],"picked":"SKIP","floor":22},{"not_picked":["Feed","Perfected Strike","Anger"],"picked":"SKIP","floor":23},{"not_picked":["Power Through","ReplayTheSpireMod:Muscle Training","Warcry+1"],"picked":"SKIP","floor":24},{"not_picked":["Invigoration","ReplayReversal","ReplayTheSpireMod:Strike From Hell+1"],"picked":"SKIP","floor":27},{"not_picked":["Cleave","ReplayTheSpireMod:Muscle Training","ReplayTheSpireMod:LeadingStrike"],"picked":"SKIP","floor":28},{"not_picked":["Iron Wave+1","hubris:ReadiedAction"],"picked":"Feel No Pain","floor":31},{"not_picked":["Offering","Immolate"],"picked":"Impervious","floor":33},{"not_picked":["Sword Boomerang","Flex+1"],"picked":"Body Slam+1","floor":35},{"not_picked":["conspire:Charge+1","Warcry+1","Infernal Blade"],"picked":"SKIP","floor":37},{"not_picked":["Clash","ReplayTheSpireMod:Strike From Hell","Headbutt"],"picked":"SKIP","floor":40},{"not_picked":["Havoc+1","ReplayTheSpireMod:Strike From Hell+1","Defy Death+1"],"picked":"SKIP","floor":41},{"not_picked":["Cleave","Battle Trance+1","Juggernaut"],"picked":"SKIP","floor":42},{"not_picked":["Iron Wave+1","ReplayTheSpireMod:Strike From Hell","Sword Boomerang+1"],"picked":"SKIP","floor":46},{"not_picked":["Clothesline+1","Dropkick+1"],"picked":"Metallicize","floor":48}],"player_experience":842133,"relics_obtained":[{"floor":8,"key":"Regal Pillow"},{"floor":9,"key":"Girya"},{"floor":23,"key":"Garlic"},{"floor":26,"key":"Mummified Hand"},{"floor":40,"key":"Shuriken"},{"floor":42,"key":"Strawberry"},{"floor":43,"key":"Mirror"}],"event_choices":[{"damage_healed":0,"gold_gain":0,"player_choice":"Forge","damage_taken":0,"max_hp_gain":0,"max_hp_loss":0,"event_name":"Accursed Blacksmith","floor":12,"gold_loss":0,"cards_upgraded":["Shrug It Off"]},{"damage_healed":0,"gold_gain":0,"player_choice":"Damaged","damage_taken":15,"max_hp_gain":0,"max_hp_loss":0,"event_name":"Wheel of Change","floor":36,"gold_loss":0},{"damage_healed":0,"gold_gain":0,"player_choice":"Ignored","damage_taken":0,"max_hp_gain":0,"max_hp_loss":0,"event_name":"Tomb of Lord Red Mask","floor":38,"gold_loss":0}],"is_beta":false,"boss_relics":[{"not_picked":["relicPack:KazumaCape","Snecko Eye"],"picked":"Sandwich"},{"not_picked":["Honey Jar","ChewingGum"],"picked":"CosmicIsotope"}],"items_purged_floors":[3,14,44],"is_endless":false,"potions_floor_spawned":[2,5,7,8,11,16,23,24,27,28,31,41,48],"ascension_level":0}}