{"host":"ih7ofq2zpufcoifs","time":1607909585,"event":{"mods":["BaseMod","Colored Map","Minty Spire (QoL Compilation)"],"gold_per_floor":[117,128,145,43,118,118,118,66,66,76,76,106,106,134,134,213,213,228,245,117,117,128,128,157,157,183,183,197,213,239,239,239,318,318,329,354,365,413,433,459,10,37,37,37,37,66,85,98,98,98,98,98,18,52,52],"floor_reached":56,"playtime":5829,"items_purged":["Strike_G","Strike_G"],"score":1988,"play_id":"af56522b-2c5d-432f-8c01-3d5f35f080fa","local_time":"20201214113305","is_ascension_mode":true,"campfire_choices":[{"data":"Crippling Poison","floor":6.0,"key":"SMITH"},{"data":"Crippling Poison","floor":13.0,"key":"SMITH"},{"data":"Dagger Spray","floor":15.0,"key":"SMITH"},{"data":"Wraith Form v2","floor":23.0,"key":"SMITH"},{"data":"After Image","floor":25.0,"key":"SMITH"},{"floor":27.0,"key":"REST"},{"data":"Deadly Poison","floor":32.0,"key":"SMITH"},{"floor":44.0,"key":"RECALL"},{"data":"Burst","floor":49.0,"key":"SMITH"},{"data":"Caltrops","floor":52.0,"key":"SMITH"}],"circlet_count":0,"master_deck":["AscendersBane","Defend_G","Defend_G","Defend_G","Defend_G","Defend_G","Survivor","Neutralize","Dagger Spray+1","All Out Attack","Crippling Poison+1","Dagger Throw+1","Blade Dance+1","PiercingWail","Crippling Poison+1","PiercingWail","Wraith Form v2+1","PiercingWail+1","PiercingWail","Reflex","Dagger Throw+1","After Image+1","Deadly Poison+1","Outmaneuver+1","Envenom","Caltrops+1","Acrobatics","Leg Sweep","Burst+1","PiercingWail","Crippling Poison+1","PiercingWail+1","Prepared+1","Acrobatics+1","PiercingWail+1","Grand Finale","Concentrate"],"relics":["Ring of the Snake","Sundial","MealTicket","Runic Pyramid","Art of War","Strawberry","Boot","Enchiridion","Cursed Key","Thread and Needle","Lizard Tail","Whetstone","Orrery","Lantern","War Paint","Bag of Preparation"],"acts_visited":["Exordium","TheCity","TheBeyond","TheEnding"],"potions_floor_usage":[55,55],"damage_taken":[{"damage":5.0,"enemies":"Cultist","floor":1.0,"turns":5.0},{"damage":0.0,"enemies":"2 Louse","floor":2.0,"turns":4.0},{"damage":0.0,"enemies":"Small Slimes","floor":3.0,"turns":3.0},{"damage":1.0,"enemies":"Exordium Wildlife","floor":10.0,"turns":3.0},{"damage":9.0,"enemies":"3 Sentries","floor":12.0,"turns":6.0},{"damage":15.0,"enemies":"Lagavulin","floor":14.0,"turns":7.0},{"damage":20.0,"enemies":"Hexaghost","floor":16.0,"turns":11.0},{"damage":7.0,"enemies":"Chosen","floor":18.0,"turns":5.0},{"damage":5.0,"enemies":"Spheric Guardian","floor":19.0,"turns":7.0},{"damage":8.0,"enemies":"Centurion and Healer","floor":22.0,"turns":7.0},{"damage":15.0,"enemies":"Book of Stabbing","floor":24.0,"turns":7.0},{"damage":0.0,"enemies":"Snecko","floor":28.0,"turns":7.0},{"damage":4.0,"enemies":"Sentry and Sphere","floor":29.0,"turns":7.0},{"damage":10.0,"enemies":"Gremlin Leader","floor":30.0,"turns":8.0},{"damage":33.0,"enemies":"Automaton","floor":33.0,"turns":12.0},{"damage":0.0,"enemies":"3 Darklings","floor":35.0,"turns":5.0},{"damage":0.0,"enemies":"Mind Bloom Boss Battle","floor":36.0,"turns":5.0},{"damage":5.0,"enemies":"Orb Walker","floor":37.0,"turns":6.0},{"damage":2.0,"enemies":"2 Orb Walkers","floor":38.0,"turns":5.0},{"damage":11.0,"enemies":"Spire Growth","floor":39.0,"turns":7.0},{"damage":0.0,"enemies":"Nemesis","floor":40.0,"turns":11.0},{"damage":6.0,"enemies":"Reptomancer","floor":42.0,"turns":7.0},{"damage":0.0,"enemies":"Nemesis","floor":46.0,"turns":7.0},{"damage":1.0,"enemies":"3 Darklings","floor":47.0,"turns":4.0},{"damage":0.0,"enemies":"Sphere and 2 Shapes","floor":48.0,"turns":5.0},{"damage":16.0,"enemies":"Awakened One","floor":50.0,"turns":18.0},{"damage":1.0,"enemies":"Shield and Spear","floor":54.0,"turns":7.0},{"damage":69,"enemies":"The Heart","floor":55,"turns":11}],"seed_played":"799052699987891672","potions_obtained":[{"floor":2.0,"key":"SmokeBomb"},{"floor":10.0,"key":"SkillPotion"},{"floor":14.0,"key":"Dexterity Potion"},{"floor":16.0,"key":"Dexterity Potion"},{"floor":19.0,"key":"FearPotion"},{"floor":22.0,"key":"GamblersBrew"},{"floor":28.0,"key":"LiquidMemories"},{"floor":39.0,"key":"Fruit Juice"},{"floor":42.0,"key":"GamblersBrew"},{"floor":54,"key":"LiquidBronze"}],"is_trial":false,"path_per_floor":["M","M","M","$","?","R","?","$","T","M","?","E","R","E","R","B",null,"M","M","$","?","M","R","E","R","T","R","M","M","E","?","R","B",null,"M","?","M","?","M","E","$","E","T","R","?","E","M","M","R","B",null,"R","$","E","B",null],"character_chosen":"THE_SILENT","items_purchased":["Crippling Poison","Dagger Throw","Blade Dance","PiercingWail","Orrery","PiercingWail","Grand Finale","Concentrate"],"campfire_rested":1,"item_purchase_floors":[4,4,8,20,41,41,41,53],"current_hp_per_floor":[65,65,65,65,54,54,54,54,54,53,53,44,44,29,29,9,60,53,48,63,63,55,55,40,40,47,72,72,68,58,42,42,9,65,65,65,60,58,47,47,67,61,61,61,61,61,60,60,60,44,78,78,89,88,19],"gold":52,"neow_bonus":"TEN_PERCENT_HP_BONUS","is_daily":false,"chose_seed":false,"campfire_upgraded":8,"win_rate":0.0,"timestamp":1607909585,"path_taken":["M","?","M","$","?","R","?","?","T","M","?","E","R","E","R","BOSS","M","M","$","?","M","R","E","R","T","R","M","M","E","?","R","BOSS","M","?","M","?","?","E","$","E","T","R","?","E","?","M","R","BOSS","R","$","E","BOSS"],"items_purchased_type":["Card","Card","Card","Card","Relic","Card","Card","Card"],"build_version":"2020-12-13","purchased_purges":2,"victory":true,"max_hp_per_floor":[77,77,77,77,77,77,77,77,77,77,77,77,77,77,77,77,77,77,77,77,77,77,77,77,77,84,84,84,84,84,84,84,84,84,84,84,84,84,84,84,89,89,89,89,89,89,89,89,89,89,89,89,89,89,89],"card_choices":[{"not_picked":["Underhanded Strike","Outmaneuver"],"picked":"Dagger Spray","floor":1.0},{"not_picked":["Calculated Gamble","Underhanded Strike"],"picked":"All Out Attack","floor":2.0},{"not_picked":["Leg Sweep","Deflect","Escape Plan"],"picked":"SKIP","floor":3.0},{"not_picked":["Skewer","Terror"],"picked":"PiercingWail","floor":10.0},{"not_picked":["Flying Knee","Deflect"],"picked":"Crippling Poison","floor":12.0},{"not_picked":["Dash","Dodge and Roll"],"picked":"PiercingWail","floor":14.0},{"not_picked":["After Image","Phantasmal Killer"],"picked":"Wraith Form v2","floor":16.0},{"not_picked":["Backflip","Deflect"],"picked":"PiercingWail+1","floor":18.0},{"not_picked":["Dagger Throw","Backflip","Underhanded Strike"],"picked":"SKIP","floor":19.0},{"not_picked":["Underhanded Strike","Dash+1","Riddle With Holes"],"picked":"SKIP","floor":22.0},{"not_picked":["Slice","Outmaneuver"],"picked":"After Image","floor":24.0},{"not_picked":["Flying Knee","Bane","Sucker Punch"],"picked":"SKIP","floor":28.0},{"not_picked":["Unload","Backstab"],"picked":"Deadly Poison","floor":29.0},{"not_picked":["Acrobatics","Unload"],"picked":"Outmaneuver+1","floor":30.0},{"not_picked":["Phantasmal Killer","Storm of Steel"],"picked":"Envenom","floor":33.0},{"not_picked":["Accuracy","Eviscerate"],"picked":"Caltrops","floor":35.0},{"not_picked":["Blur","Choke"],"picked":"Acrobatics","floor":36.0},{"not_picked":["Deadly Poison","Well Laid Plans+1"],"picked":"Leg Sweep","floor":37.0},{"not_picked":["Underhanded Strike+1","Deadly Poison","Poisoned Stab"],"picked":"SKIP","floor":39.0},{"not_picked":["All Out Attack","Grand Finale"],"picked":"Burst","floor":40.0},{"not_picked":["Dagger Spray","Riddle With Holes"],"picked":"PiercingWail","floor":41.0},{"not_picked":["Expertise+1","Tactician"],"picked":"Crippling Poison+1","floor":41.0},{"not_picked":["Cloak And Dagger","Crippling Poison"],"picked":"PiercingWail+1","floor":41.0},{"not_picked":["Cloak And Dagger","Quick Slash"],"picked":"Prepared","floor":41.0},{"not_picked":["Slice","Outmaneuver"],"picked":"Acrobatics+1","floor":41.0},{"not_picked":["Flechettes","Endless Agony","Flying Knee"],"picked":"SKIP","floor":42.0},{"not_picked":["Cloak And Dagger+1","Caltrops","Poisoned Stab"],"picked":"SKIP","floor":46.0},{"not_picked":["Cloak And Dagger","Leg Sweep","Poisoned Stab"],"picked":"SKIP","floor":47.0},{"not_picked":["Dodge and Roll","Escape Plan","Doppelganger"],"picked":"SKIP","floor":48.0},{"not_picked":["Grand Finale","Slice","Blur"],"picked":"SKIP","floor":54}],"player_experience":317533,"relics_obtained":[{"floor":12.0,"key":"Sundial"},{"floor":14.0,"key":"MealTicket"},{"floor":24.0,"key":"Art of War"},{"floor":26.0,"key":"Strawberry"},{"floor":30.0,"key":"Boot"},{"floor":31.0,"key":"Enchiridion"},{"floor":36.0,"key":"Thread and Needle"},{"floor":38.0,"key":"Lizard Tail"},{"floor":40.0,"key":"Whetstone"},{"floor":42.0,"key":"Lantern"},{"floor":46.0,"key":"War Paint"},{"floor":54,"key":"Bag of Preparation"}],"event_choices":[{"damage_healed":0.0,"max_hp_gain":0.0,"max_hp_loss":0.0,"gold_gain":75.0,"event_name":"World of Goop","player_choice":"Gather Gold","floor":5.0,"gold_loss":0.0,"damage_taken":11.0},{"damage_healed":0.0,"max_hp_gain":0.0,"max_hp_loss":0.0,"gold_gain":0.0,"event_name":"Living Wall","player_choice":"Grow","floor":7.0,"gold_loss":0.0,"damage_taken":0.0,"cards_upgraded":["Dagger Throw"]},{"damage_healed":0.0,"max_hp_gain":0.0,"max_hp_loss":0.0,"gold_gain":0.0,"event_name":"Upgrade Shrine","player_choice":"Upgraded","floor":11.0,"gold_loss":0.0,"damage_taken":0.0,"cards_upgraded":["Blade Dance"]},{"damage_healed":0.0,"max_hp_gain":0.0,"max_hp_loss":0.0,"gold_gain":0.0,"cards_transformed":["Strike_G","Strike_G"],"event_name":"Drug Dealer","player_choice":"Became Test Subject","floor":21.0,"gold_loss":0.0,"damage_taken":0.0,"cards_obtained":["Reflex","Dagger Throw"]},{"damage_healed":0.0,"max_hp_gain":0.0,"max_hp_loss":0.0,"gold_gain":0.0,"event_name":"Cursed Tome","player_choice":"Obtained Book","floor":31.0,"gold_loss":0.0,"damage_taken":16.0},{"damage_healed":0.0,"max_hp_gain":0.0,"max_hp_loss":0.0,"gold_gain":0.0,"event_name":"MindBloom","player_choice":"Fight","floor":36.0,"gold_loss":0.0,"damage_taken":0.0},{"damage_healed":0.0,"max_hp_gain":0.0,"max_hp_loss":0.0,"gold_gain":0.0,"event_name":"Mysterious Sphere","player_choice":"Fight","floor":38.0,"gold_loss":0.0,"damage_taken":0.0},{"cards_removed":["Strike_G"],"damage_healed":0.0,"max_hp_gain":0.0,"max_hp_loss":0.0,"gold_gain":0.0,"event_name":"Purifier","player_choice":"Purged","floor":45.0,"gold_loss":0.0,"damage_taken":0.0}],"is_beta":false,"boss_relics":[{"not_picked":["Busted Crown","Velvet Choker"],"picked":"Runic Pyramid"},{"not_picked":["Fusion Hammer","Pandora\u0027s Box"],"picked":"Cursed Key"}],"items_purged_floors":[20,41],"is_endless":false,"potions_floor_spawned":[2,10,14,16,19,22,28,29,35,37,39,42,46,54],"ascension_level":13}}