{"host":"2pgz2fctomabfk86","time":1607945366,"event":{"mods":["AchievementEnabler","BaseMod","Colored Map","DeckTracker","Minty Spire (QoL Compilation)","StSLib","SuperFastMode"],"gold_per_floor":[116,135,135,60,72,72,90,90,90,90,105,15,31,81,81,155,155,173,189,239,44,44,44,56,56,56,74,74,74,86,115,115,189,189,206,31,31,31,49,49,75,75,99,0,0,20,20,31,31,31],"floor_reached":51,"playtime":3234,"items_purged":["Defend_P","Defend_P+1"],"score":1388,"play_id":"6545b06d-5d2d-4228-b02b-b2edb771d75f","local_time":"20201214202926","is_ascension_mode":true,"campfire_choices":[{"data":"Eruption","floor":6.0,"key":"SMITH"},{"data":"CrushJoints","floor":8.0,"key":"SMITH"},{"data":"InnerPeace","floor":15.0,"key":"SMITH"},{"floor":23.0,"key":"REST"},{"floor":32.0,"key":"REST"},{"data":"MentalFortress","floor":40.0,"key":"SMITH"},{"data":"Wallop","floor":42.0,"key":"SMITH"},{"data":"Vengeance","floor":47.0,"key":"SMITH"},{"data":"Vault","floor":49.0,"key":"SMITH"}],"circlet_count":0,"master_deck":["AscendersBane","Defend_P","Defend_P","Eruption+1","Vigilance","Vengeance+1","FollowUp+1","CrushJoints+1","Conclude+1","FlurryOfBlows","InnerPeace+1","Vault+1","Scrawl","MentalFortress+1","Wallop+1","Worship"],"relics":["PureWater","Empty Cage","Membership Card","Nilry\u0027s Codex","Yang","Lantern","Blue Candle","Coffee Dripper","PreservedInsect","CloakClasp","Nunchaku","Red Mask"],"acts_visited":["Exordium","TheCity","TheBeyond"],"potions_floor_usage":[50,50],"damage_taken":[{"damage":2.0,"enemies":"Jaw Worm","floor":1.0,"turns":3.0},{"damage":3.0,"enemies":"2 Louse","floor":2.0,"turns":3.0},{"damage":4.0,"enemies":"Small Slimes","floor":5.0,"turns":4.0},{"damage":5.0,"enemies":"Blue Slaver","floor":7.0,"turns":2.0},{"damage":0.0,"enemies":"Red Slaver","floor":11.0,"turns":1.0},{"damage":0.0,"enemies":"Looter","floor":13.0,"turns":2.0},{"damage":16.0,"enemies":"Hexaghost","floor":16.0,"turns":9.0},{"damage":0.0,"enemies":"Chosen","floor":18.0,"turns":3.0},{"damage":6.0,"enemies":"2 Thieves","floor":19.0,"turns":4.0},{"damage":0.0,"enemies":"3 Cultists","floor":24.0,"turns":4.0},{"damage":0.0,"enemies":"Snake Plant","floor":27.0,"turns":4.0},{"damage":0.0,"enemies":"Centurion and Healer","floor":30.0,"turns":3.0},{"damage":12.0,"enemies":"Book of Stabbing","floor":31.0,"turns":5.0},{"damage":29.0,"enemies":"Collector","floor":33.0,"turns":5.0},{"damage":0.0,"enemies":"Orb Walker","floor":35.0,"turns":3.0},{"damage":0.0,"enemies":"3 Shapes","floor":39.0,"turns":6.0},{"damage":9.0,"enemies":"Nemesis","floor":41.0,"turns":4.0},{"damage":0.0,"enemies":"Maw","floor":46.0,"turns":7.0},{"damage":4.0,"enemies":"4 Shapes","floor":48.0,"turns":7.0},{"damage":30,"enemies":"Time Eater","floor":50,"turns":10}],"seed_played":"-6178722963673559490","potions_obtained":[{"floor":1.0,"key":"Block Potion"},{"floor":7.0,"key":"StancePotion"},{"floor":11.0,"key":"Regen Potion"},{"floor":16.0,"key":"Block Potion"},{"floor":18.0,"key":"StancePotion"},{"floor":31.0,"key":"BlessingOfTheForge"},{"floor":35.0,"key":"Strength Potion"},{"floor":38.0,"key":"CultistPotion"},{"floor":46.0,"key":"LiquidBronze"}],"is_trial":false,"path_per_floor":["M","M","?","?","M","R","M","R","T","?","M","$","M","?","R","B",null,"M","M","?","$","?","R","M","T","T","M","?","?","M","E","R","B",null,"M","$","?","?","M","R","E","R","T","?","?","M","R","M","R","B",null],"character_chosen":"WATCHER","items_purchased":["InnerPeace","Membership Card","MentalFortress","PreservedInsect"],"campfire_rested":2,"item_purchase_floors":[12,21,36,36],"current_hp_per_floor":[59,56,36,36,32,32,27,27,27,27,27,27,27,21,21,20,56,56,50,50,50,29,49,49,49,49,49,49,49,49,37,57,28,58,58,58,58,58,58,58,49,49,49,49,49,49,49,45,45,15],"gold":31,"neow_bonus":"TRANSFORM_CARD","is_daily":false,"chose_seed":false,"campfire_upgraded":7,"win_rate":0.0,"timestamp":1607945366,"path_taken":["M","M","?","?","M","R","M","R","T","?","M","$","?","?","R","BOSS","M","M","?","$","?","R","M","?","T","?","?","?","?","E","R","BOSS","M","$","?","?","?","R","E","R","T","?","?","M","R","M","R","BOSS"],"items_purchased_type":["Card","Relic","Card","Relic"],"build_version":"2020-12-13","purchased_purges":2,"victory":true,"max_hp_per_floor":[68,68,68,68,68,68,68,68,68,68,68,68,68,68,68,68,68,68,68,68,68,68,68,68,68,68,68,68,68,68,68,68,68,68,68,68,68,68,68,68,68,68,68,68,65,65,65,65,65,65],"card_choices":[{"not_picked":["Evaluate","Halt"],"picked":"FollowUp","floor":1.0},{"not_picked":["FlyingSleeves","Wireheading"],"picked":"CrushJoints","floor":2.0},{"not_picked":["Fasting2","CarveReality"],"picked":"Conclude","floor":5.0},{"not_picked":["CrushJoints","DeceiveReality","Perseverance"],"picked":"SKIP","floor":7.0},{"not_picked":["ThirdEye","Evaluate"],"picked":"FlurryOfBlows","floor":11.0},{"not_picked":["Halt","Crescendo"],"picked":"EmptyBody","floor":13.0},{"not_picked":["Alpha","Ragnarok"],"picked":"Vault","floor":16.0},{"not_picked":["ThirdEye","Weave","Crescendo"],"picked":"SKIP","floor":18.0},{"not_picked":["ReachHeaven","FlyingSleeves+1","Nirvana"],"picked":"SKIP","floor":19.0},{"not_picked":["FlurryOfBlows","Worship+1","CutThroughFate"],"picked":"SKIP","floor":24.0},{"not_picked":["Evaluate+1","Protect","PathToVictory"],"picked":"SKIP","floor":27.0},{"not_picked":["Tantrum","Fasting2+1","FollowUp"],"picked":"SKIP","floor":30.0},{"not_picked":["Nirvana","Collect","Prostrate"],"picked":"SKIP","floor":31.0},{"not_picked":["Establishment","LessonLearned"],"picked":"Scrawl","floor":33.0},{"not_picked":["Wireheading","Pray","Crescendo"],"picked":"SKIP","floor":35.0},{"not_picked":["WindmillStrike","Halt"],"picked":"Wallop","floor":39.0},{"not_picked":["CrushJoints","ForeignInfluence","Swivel"],"picked":"SKIP","floor":41.0},{"not_picked":["Collect","Crescendo","SashWhip+1"],"picked":"SKIP","floor":46.0},{"not_picked":["BowlingBash","Swivel+1"],"picked":"Worship","floor":48.0}],"player_experience":954695,"relics_obtained":[{"floor":22.0,"key":"Nilry\u0027s Codex"},{"floor":25.0,"key":"Yang"},{"floor":26.0,"key":"Lantern"},{"floor":31.0,"key":"Blue Candle"},{"floor":41.0,"key":"CloakClasp"},{"floor":43.0,"key":"Nunchaku"}],"event_choices":[{"damage_healed":0.0,"max_hp_gain":0.0,"max_hp_loss":0.0,"gold_gain":0.0,"event_name":"Shining Light","player_choice":"Entered Light","floor":3.0,"gold_loss":0.0,"damage_taken":20.0,"cards_upgraded":["Defend_P","FollowUp"]},{"cards_removed":["Strike_P"],"damage_healed":0.0,"max_hp_gain":0.0,"max_hp_loss":0.0,"gold_gain":0.0,"event_name":"The Cleric","player_choice":"Card Removal","floor":4.0,"gold_loss":75.0,"damage_taken":0.0},{"damage_healed":0.0,"max_hp_gain":0.0,"max_hp_loss":0.0,"gold_gain":0.0,"event_name":"Accursed Blacksmith","player_choice":"Forge","floor":10.0,"gold_loss":0.0,"damage_taken":0.0,"cards_upgraded":["Conclude"]},{"damage_healed":0.0,"max_hp_gain":0.0,"max_hp_loss":0.0,"gold_gain":50.0,"event_name":"FaceTrader","player_choice":"Touch","floor":14.0,"gold_loss":0.0,"damage_taken":6.0},{"damage_healed":0.0,"max_hp_gain":0.0,"max_hp_loss":0.0,"gold_gain":50.0,"event_name":"Nest","player_choice":"Stole From Cult","floor":20.0,"gold_loss":0.0,"damage_taken":0.0},{"damage_healed":0.0,"max_hp_gain":0.0,"max_hp_loss":0.0,"gold_gain":0.0,"event_name":"Cursed Tome","player_choice":"Obtained Book","floor":22.0,"gold_loss":0.0,"damage_taken":21.0},{"damage_healed":0.0,"max_hp_gain":0.0,"max_hp_loss":0.0,"gold_gain":0.0,"event_name":"Ghosts","player_choice":"Ignored","floor":28.0,"gold_loss":0.0,"damage_taken":0.0},{"damage_healed":0.0,"max_hp_gain":0.0,"max_hp_loss":0.0,"gold_gain":0.0,"event_name":"The Mausoleum","player_choice":"Ignored","floor":29.0,"gold_loss":0.0,"damage_taken":0.0},{"cards_removed":["EmptyBody"],"damage_healed":0.0,"max_hp_gain":0.0,"max_hp_loss":0.0,"gold_gain":0.0,"event_name":"Falling","player_choice":"Removed Skill","floor":37.0,"gold_loss":0.0,"damage_taken":0.0},{"damage_healed":0.0,"max_hp_gain":0.0,"max_hp_loss":0.0,"gold_gain":0.0,"event_name":"Lab","player_choice":"Got Potions","floor":38.0,"gold_loss":0.0,"damage_taken":0.0},{"damage_healed":0.0,"max_hp_gain":0.0,"max_hp_loss":0.0,"gold_gain":0.0,"event_name":"Tomb of Lord Red Mask","player_choice":"Paid","floor":44.0,"gold_loss":99.0,"damage_taken":0.0,"relics_obtained":["Red Mask"]},{"damage_healed":0.0,"max_hp_gain":0.0,"max_hp_loss":3.0,"gold_gain":0.0,"event_name":"Winding Halls","player_choice":"Max HP","floor":45.0,"gold_loss":0.0,"damage_taken":0.0}],"is_beta":false,"boss_relics":[{"not_picked":["Runic Dome","Velvet Choker"],"picked":"Empty Cage"},{"not_picked":["Runic Pyramid","HolyWater"],"picked":"Coffee Dripper"}],"items_purged_floors":[21,36],"is_endless":false,"potions_floor_spawned":[1,7,11,16,18,24,31,35,46],"ascension_level":19}}