{"host":"eij2hi4lqijdd5un","time":1607985349,"event":{"mods":["BaseMod","Colored Map","Colored Powertips","Minty Spire (QoL Compilation)","Quick Restart","StSLib"],"gold_per_floor":[119,119,143,162,172,203,203,231,231,245,245,245,307,357,357,459,459,478,105,155,115,176,176,76,76,76,90,239,259,289,339,339,440,440,456,506,556,606,672,672,16,16,16,30,80,0,0,16,16,16],"floor_reached":51,"playtime":1843,"items_purged":["Parasite","Warcry","Headbutt"],"score":997,"play_id":"57d660f5-1e68-4638-8799-86d846345f6a","local_time":"20201214233549","is_ascension_mode":true,"campfire_choices":[{"data":"Uppercut","floor":7.0,"key":"SMITH"},{"data":"Anger","floor":11.0,"key":"SMITH"},{"data":"Bash","floor":15.0,"key":"SMITH"},{"data":"Corruption","floor":23.0,"key":"SMITH"},{"data":"Dropkick","floor":25.0,"key":"SMITH"},{"floor":32.0,"key":"REST"},{"data":"Purity","floor":40.0,"key":"SMITH"},{"data":"Flex","floor":42.0,"key":"SMITH"},{"data":"Second Wind","floor":47.0,"key":"SMITH"},{"data":"Flame Barrier","floor":49.0,"key":"SMITH"}],"circlet_count":0,"master_deck":["Bash+1","Uppercut+1","Headbutt","Dropkick","Inflame","Anger+1","Feed","Double Tap","Impervious","Flame Barrier+1","Dropkick+1","Second Wind+1","Corruption+1","Seeing Red+1","Purity+1","Flex+1","Master of Strategy","Havoc+1","Rage+1"],"relics":["Burning Blood","Pen Nib","Unceasing Top","Ancient Tea Set","Art of War","SsserpentHead","Pandora\u0027s Box","Oddly Smooth Stone","Nilry\u0027s Codex","Eternal Feather","FossilizedHelix","PreservedInsect","Philosopher\u0027s Stone","Pantograph","Sling","Regal Pillow","Red Mask"],"acts_visited":["Exordium","TheCity","TheBeyond"],"potions_floor_usage":[50,50],"damage_taken":[{"damage":7.0,"enemies":"Jaw Worm","floor":1.0,"turns":4.0},{"damage":1.0,"enemies":"Cultist","floor":4.0,"turns":3.0},{"damage":0.0,"enemies":"Small Slimes","floor":5.0,"turns":3.0},{"damage":45.0,"enemies":"3 Sentries","floor":6.0,"turns":8.0},{"damage":12.0,"enemies":"Gremlin Nob","floor":8.0,"turns":3.0},{"damage":6.0,"enemies":"3 Louse","floor":10.0,"turns":3.0},{"damage":26.0,"enemies":"Exordium Thugs","floor":13.0,"turns":3.0},{"damage":8.0,"enemies":"Slime Boss","floor":16.0,"turns":8.0},{"damage":0.0,"enemies":"Chosen","floor":18.0,"turns":3.0},{"damage":11.0,"enemies":"Spheric Guardian","floor":22.0,"turns":3.0},{"damage":18.0,"enemies":"Snake Plant","floor":27.0,"turns":3.0},{"damage":18.0,"enemies":"Cultist and Chosen","floor":29.0,"turns":5.0},{"damage":43.0,"enemies":"Slavers","floor":30.0,"turns":6.0},{"damage":48.0,"enemies":"Champ","floor":33.0,"turns":7.0},{"damage":0.0,"enemies":"Orb Walker","floor":35.0,"turns":2.0},{"damage":35.0,"enemies":"3 Shapes","floor":39.0,"turns":4.0},{"damage":29.0,"enemies":"3 Darklings","floor":44.0,"turns":4.0},{"damage":0.0,"enemies":"Maw","floor":48.0,"turns":4.0},{"damage":48,"enemies":"Awakened One","floor":50,"turns":6}],"seed_played":"3159595871892057463","potions_obtained":[{"floor":4.0,"key":"FearPotion"},{"floor":5.0,"key":"LiquidBronze"},{"floor":8.0,"key":"AttackPotion"},{"floor":22.0,"key":"BlessingOfTheForge"},{"floor":33.0,"key":"Block Potion"}],"is_trial":false,"path_per_floor":["M","?","T","M","M","E","R","E","T","M","R","?","M","?","R","B",null,"M","$","?","?","M","R","$","R","T","M","?","M","E","?","R","B",null,"M","?","?","?","M","R","$","R","T","M","?","?","R","M","R","B",null],"character_chosen":"IRONCLAD","items_purchased":["Seeing Red","Feel No Pain","Oddly Smooth Stone","Pantograph","Sling","Master of Strategy"],"campfire_rested":1,"item_purchase_floors":[19,19,19,41,41,41],"current_hp_per_floor":[79,84,84,89,93,54,54,48,48,48,48,48,28,51,51,49,82,91,91,75,75,73,73,73,73,73,61,61,49,15,15,53,11,77,86,86,86,86,60,69,69,78,78,58,58,58,67,73,82,61],"gold":16,"neow_bonus":"TEN_PERCENT_HP_BONUS","is_daily":false,"chose_seed":false,"campfire_upgraded":9,"win_rate":0.0,"timestamp":1607985349,"path_taken":["M","?","?","M","M","E","R","E","T","?","R","?","?","?","R","BOSS","M","$","?","?","?","R","$","R","T","M","?","M","E","?","R","BOSS","M","?","?","?","?","R","?","R","T","M","?","?","R","M","R","BOSS"],"items_purchased_type":["Card","Card","Relic","Relic","Relic","Card"],"build_version":"2020-12-13","purchased_purges":3,"victory":true,"max_hp_per_floor":[88,93,93,93,93,93,93,93,93,93,93,93,93,93,93,93,93,96,93,93,93,96,96,96,96,96,96,96,96,99,99,99,99,99,102,102,102,102,105,105,105,105,105,108,103,103,103,103,103,103],"card_choices":[{"not_picked":["Perfected Strike","Disarm"],"picked":"Uppercut","floor":1.0},{"not_picked":["Iron Wave","Cleave"],"picked":"Headbutt","floor":4.0},{"not_picked":["True Grit","Anger"],"picked":"Dropkick","floor":5.0},{"not_picked":["Thunderclap","Cleave"],"picked":"Inflame","floor":6.0},{"not_picked":["Heavy Blade","Perfected Strike"],"picked":"Warcry","floor":8.0},{"not_picked":["Warcry","Disarm"],"picked":"Anger","floor":10.0},{"not_picked":["Armaments","Heavy Blade","Iron Wave"],"picked":"SKIP","floor":13.0},{"not_picked":["Juggernaut","Barricade"],"picked":"Feed","floor":16.0},{"not_picked":["Headbutt","Searing Blow","Perfected Strike"],"picked":"SKIP","floor":18.0},{"not_picked":["Perfected Strike","Pummel","Shrug It Off"],"picked":"SKIP","floor":22.0},{"not_picked":["Pommel Strike","Headbutt","Clothesline"],"picked":"SKIP","floor":27.0},{"not_picked":["True Grit","Rupture+1","Havoc"],"picked":"SKIP","floor":29.0},{"not_picked":["True Grit","Impervious","Reckless Charge"],"picked":"SKIP","floor":30.0},{"not_picked":["Dual Wield+1","Pommel Strike+1","Perfected Strike"],"picked":"SKIP","floor":35.0},{"not_picked":["Dramatic Entrance","Swift Strike"],"picked":"Purity","floor":36.0},{"not_picked":["Iron Wave+1","Bloodletting+1","Spot Weakness"],"picked":"SKIP","floor":39.0},{"not_picked":["Seeing Red","Shrug It Off"],"picked":"Havoc+1","floor":44.0},{"not_picked":["Warcry+1","Iron Wave"],"picked":"Rage+1","floor":48.0}],"player_experience":509103,"relics_obtained":[{"floor":3.0,"key":"Pen Nib"},{"floor":6.0,"key":"Unceasing Top"},{"floor":8.0,"key":"Ancient Tea Set"},{"floor":9.0,"key":"Art of War"},{"floor":20.0,"key":"Nilry\u0027s Codex"},{"floor":26.0,"key":"Eternal Feather"},{"floor":30.0,"key":"FossilizedHelix"},{"floor":43.0,"key":"Regal Pillow"}],"event_choices":[{"damage_healed":0.0,"max_hp_gain":5.0,"max_hp_loss":0.0,"gold_gain":0.0,"event_name":"Big Fish","player_choice":"Donut","floor":2.0,"gold_loss":0.0,"damage_taken":0.0},{"damage_healed":0.0,"max_hp_gain":0.0,"max_hp_loss":0.0,"gold_gain":0.0,"event_name":"FaceTrader","player_choice":"Trade","floor":12.0,"gold_loss":0.0,"damage_taken":0.0,"relics_obtained":["SsserpentHead"]},{"damage_healed":23.0,"max_hp_gain":0.0,"max_hp_loss":0.0,"gold_gain":0.0,"event_name":"Mushrooms","player_choice":"Healed and dodged fight","floor":14.0,"gold_loss":0.0,"damage_taken":0.0,"cards_obtained":["Parasite"]},{"damage_healed":0.0,"max_hp_gain":0.0,"max_hp_loss":0.0,"gold_gain":0.0,"event_name":"Cursed Tome","player_choice":"Obtained Book","floor":20.0,"gold_loss":0.0,"damage_taken":16.0},{"cards_removed":["Flame Barrier"],"damage_healed":0.0,"max_hp_gain":0.0,"max_hp_loss":0.0,"gold_gain":0.0,"event_name":"Designer","player_choice":"Upgrade and Remove","floor":21.0,"gold_loss":90.0,"damage_taken":0.0,"cards_upgraded":["Seeing Red"]},{"damage_healed":0.0,"max_hp_gain":0.0,"max_hp_loss":0.0,"gold_gain":99.0,"event_name":"Nest","player_choice":"Stole From Cult","floor":28.0,"gold_loss":0.0,"damage_taken":0.0},{"damage_healed":0.0,"max_hp_gain":0.0,"max_hp_loss":0.0,"gold_gain":0.0,"event_name":"The Mausoleum","player_choice":"Opened","floor":31.0,"gold_loss":0.0,"damage_taken":0.0,"relics_obtained":["PreservedInsect"]},{"damage_healed":0.0,"max_hp_gain":0.0,"max_hp_loss":0.0,"gold_gain":0.0,"event_name":"SensoryStone","player_choice":"Memory 1","floor":36.0,"gold_loss":0.0,"damage_taken":0.0},{"cards_removed":["Feel No Pain"],"damage_healed":0.0,"max_hp_gain":0.0,"max_hp_loss":0.0,"gold_gain":0.0,"event_name":"Falling","player_choice":"Removed Power","floor":37.0,"gold_loss":0.0,"damage_taken":0.0},{"damage_healed":0.0,"max_hp_gain":0.0,"max_hp_loss":0.0,"gold_gain":0.0,"cards_transformed":["Carnage"],"event_name":"Transmorgrifier","player_choice":"Transformed","floor":38.0,"gold_loss":0.0,"damage_taken":0.0,"cards_obtained":["Flex"]},{"damage_healed":0.0,"max_hp_gain":0.0,"max_hp_loss":5.0,"gold_gain":0.0,"event_name":"Winding Halls","player_choice":"Max HP","floor":45.0,"gold_loss":0.0,"damage_taken":0.0},{"damage_healed":0.0,"max_hp_gain":0.0,"max_hp_loss":0.0,"gold_gain":0.0,"event_name":"Tomb of Lord Red Mask","player_choice":"Paid","floor":46.0,"gold_loss":130.0,"damage_taken":0.0,"relics_obtained":["Red Mask"]}],"is_beta":false,"boss_relics":[{"not_picked":["Black Blood","Runic Cube"],"picked":"Pandora\u0027s Box"},{"not_picked":["Runic Pyramid","Runic Dome"],"picked":"Philosopher\u0027s Stone"}],"items_purged_floors":[19,24,41],"is_endless":false,"potions_floor_spawned":[4,5,8,22,33,48],"ascension_level":7}}