{"host":"o2evyl5sbrgotc3u","time":1607958731,"event":{"mods":["AchievementEnabler","BaseMod","Colored Map","DeckTracker","Faster Ascension Climbing","Keyboard Shortcuts","Minty Spire (QoL Compilation)","Permanent Neow","Quick Restart","Relic Stats","StSLib","SuperFastMode","everything is the same but u backflip on backflip"],"gold_per_floor":[112,187,30,130,140,140,151,177,246,246,276,298,330,124,124,228,228,239,258,187,199,212,212,244,244,268,281,293,50,150,162,162,162,162],"floor_reached":33,"playtime":961,"items_purged":["Strike_B","Melter"],"score":335,"play_id":"936fc8e4-c803-4d75-a647-e4ad4657db57","local_time":"20201215001211","is_ascension_mode":true,"campfire_choices":[{"data":"Zap","floor":6.0,"key":"SMITH"},{"data":"Dualcast","floor":10.0,"key":"SMITH"},{"floor":15.0,"key":"REST"},{"data":"Creative AI","floor":23,"key":"SMITH"},{"floor":32,"key":"REST"}],"circlet_count":0,"master_deck":["Zap+1","Dualcast+1","Cold Snap","BootSequence","Ball Lightning","Ball Lightning","Core Surge","Reboot","Machine Learning","Seek","Glacier","Echo Form","Cold Snap","Go for the Eyes+1","Electrodynamics","Undo","Creative AI+1","Compile Driver","Coolheaded+1"],"relics":["Cracked Core","Runic Capacitor","Bag of Marbles","MawBank","Lantern","Pandora\u0027s Box","Pen Nib","Bag of Preparation","ClockworkSouvenir"],"acts_visited":["Exordium","TheCity"],"potions_floor_usage":[33],"damage_taken":[{"damage":1.0,"enemies":"2 Louse","floor":1.0,"turns":3.0},{"damage":7.0,"enemies":"Jaw Worm","floor":5.0,"turns":3.0},{"damage":0.0,"enemies":"Cultist","floor":7.0,"turns":2.0},{"damage":23.0,"enemies":"Lagavulin","floor":8.0,"turns":5.0},{"damage":18.0,"enemies":"Gremlin Nob","floor":11.0,"turns":3.0},{"damage":1.0,"enemies":"Lots of Slimes","floor":12.0,"turns":2.0},{"damage":0.0,"enemies":"Gremlin Gang","floor":13.0,"turns":2.0},{"damage":21.0,"enemies":"Hexaghost","floor":16.0,"turns":8.0},{"damage":2.0,"enemies":"Shell Parasite","floor":18.0,"turns":2.0},{"damage":0.0,"enemies":"Chosen","floor":19.0,"turns":3.0},{"damage":0,"enemies":"3 Cultists","floor":21,"turns":3},{"damage":16,"enemies":"Centurion and Healer","floor":22,"turns":4},{"damage":20,"enemies":"Slavers","floor":24,"turns":4},{"damage":3,"enemies":"Sentry and Sphere","floor":27,"turns":3},{"damage":6,"enemies":"Snake Plant","floor":28,"turns":4},{"damage":6,"enemies":"Centurion and Healer","floor":31,"turns":5},{"damage":58,"enemies":"Champ","floor":33,"turns":10}],"seed_played":"-6236853261719499073","potions_obtained":[{"floor":1.0,"key":"BlessingOfTheForge"},{"floor":7.0,"key":"FearPotion"},{"floor":8.0,"key":"SpeedPotion"},{"floor":12.0,"key":"Swift Potion"},{"floor":21,"key":"FearPotion"}],"is_trial":false,"path_per_floor":["M","?","$","?","M","R","M","E","T","R","E","M","M","$","R","B",null,"M","M","$","M","M","R","E","?","T","M","M","$","?","M","R","B"],"character_chosen":"DEFECT","items_purchased":["Runic Capacitor","Lantern","Electrodynamics","ClockworkSouvenir"],"campfire_rested":2,"item_purchase_floors":[3,14,20,29],"current_hp_per_floor":[74,63,63,63,56,56,56,33,33,33,15,14,14,14,36,15,75,73,73,73,73,57,57,37,37,37,34,28,28,28,22,44,0,0],"gold":162,"neow_bonus":"TRANSFORM_CARD","is_daily":false,"chose_seed":false,"campfire_upgraded":3,"win_rate":0.0,"timestamp":1607958731,"path_taken":["M","?","$","?","M","R","M","E","T","R","E","?","M","$","R","BOSS","M","M","?","M","?","R","E","?","T","?","M","$","?","M","R","BOSS"],"items_purchased_type":["Relic","Relic","Card","Relic"],"build_version":"2020-12-13","purchased_purges":2,"victory":false,"max_hp_per_floor":[75,75,75,75,75,75,75,75,75,75,75,75,75,75,75,75,75,75,75,75,75,75,75,75,75,75,75,75,75,75,75,75,75,75],"relic_stats":{"counters":[17,66],"Pandora\u0027s Box":["Machine Learning","Seek","Glacier","Echo Form","Sweeping Beam","Cold Snap"],"Pen Nib":[3],"Bag of Preparation":[8],"MawBank":36,"obtain_stats":[{"Lantern":14,"Pandora\u0027s Box":17,"Pen Nib":24,"Runic Capacitor":3,"Bag of Marbles":8,"Bag of Preparation":26,"Cracked Core":0,"MawBank":11,"ClockworkSouvenir":29},{"Lantern":7,"Pandora\u0027s Box":8,"Pen Nib":13,"Runic Capacitor":1,"Bag of Marbles":4,"Bag of Preparation":13,"Cracked Core":0,"MawBank":5,"ClockworkSouvenir":15},{"Lantern":20,"Pandora\u0027s Box":28,"Pen Nib":44,"Runic Capacitor":3,"Bag of Marbles":13,"Bag of Preparation":44,"Cracked Core":0,"MawBank":16,"ClockworkSouvenir":51}]},"card_choices":[{"not_picked":["Steam","Barrage"],"picked":"Melter","floor":1.0},{"not_picked":["Undo","Tempest"],"picked":"BootSequence","floor":5.0},{"not_picked":["Storm","Streamline"],"picked":"Ball Lightning","floor":7.0},{"not_picked":["Gash","Darkness","Beam Cell"],"picked":"SKIP","floor":8.0},{"not_picked":["Streamline","Leap"],"picked":"Ball Lightning","floor":11.0},{"not_picked":["Coolheaded","Turbo"],"picked":"Core Surge","floor":12.0},{"not_picked":["Turbo","Ball Lightning","Leap"],"picked":"SKIP","floor":13.0},{"not_picked":["Machine Learning","Buffer"],"picked":"Reboot","floor":16.0},{"not_picked":["Stack","Cold Snap","Reinforced Body"],"picked":"SKIP","floor":18.0},{"not_picked":["Compile Driver+1","Sweeping Beam+1"],"picked":"Go for the Eyes+1","floor":19.0},{"not_picked":["Leap+1","Chaos"],"picked":"Undo","floor":21},{"not_picked":["Cold Snap","Rebound"],"picked":"Creative AI","floor":22},{"not_picked":["Auto Shields","Lockon+1"],"picked":"Compile Driver","floor":24},{"not_picked":["Sunder+1","Barrage+1"],"picked":"Coolheaded+1","floor":27},{"not_picked":["Streamline","Leap","Beam Cell"],"picked":"SKIP","floor":28},{"not_picked":["Ball Lightning","Scrape","Loop"],"picked":"SKIP","floor":31}],"player_experience":280346,"relics_obtained":[{"floor":8.0,"key":"Bag of Marbles"},{"floor":11.0,"key":"MawBank"},{"floor":24,"key":"Pen Nib"},{"floor":26,"key":"Bag of Preparation"}],"event_choices":[{"damage_healed":0.0,"max_hp_gain":0.0,"max_hp_loss":0.0,"gold_gain":75.0,"event_name":"World of Goop","player_choice":"Gather Gold","floor":2.0,"gold_loss":0.0,"damage_taken":11.0},{"damage_healed":0.0,"max_hp_gain":0.0,"max_hp_loss":0.0,"gold_gain":100.0,"event_name":"Golden Shrine","player_choice":"Pray","floor":4.0,"gold_loss":0.0,"damage_taken":0.0},{"cards_removed":["Sweeping Beam"],"damage_healed":0,"gold_gain":0,"player_choice":"Purged","damage_taken":0,"max_hp_gain":0,"max_hp_loss":0,"event_name":"Purifier","floor":25,"gold_loss":0},{"damage_healed":0,"gold_gain":100,"player_choice":"Pray","damage_taken":0,"max_hp_gain":0,"max_hp_loss":0,"event_name":"Golden Shrine","floor":30,"gold_loss":0}],"is_beta":false,"boss_relics":[{"not_picked":["Philosopher\u0027s Stone","Velvet Choker"],"picked":"Pandora\u0027s Box"}],"items_purged_floors":[14,29],"is_endless":false,"potions_floor_spawned":[1,7,8,12,21,27],"killed_by":"Champ","ascension_level":4}}