{"host":"0fmi5fguj5lvt8pf","time":1607963898,"event":{"mods":["BaseMod","BetterRewards","Colored Map","Downfall","Minty Spire (QoL Compilation)","Permanent Neow","StSLib"],"gold_per_floor":[99,114,132,142,157,173,173,173,192,192,71,71,71,171,189,189,189],"floor_reached":16,"playtime":917,"items_purged":[],"score":94,"play_id":"6e23391d-b753-4709-afb8-dc4f5012ea55","local_time":"20201214083818","is_ascension_mode":false,"campfire_choices":[{"data":"hexamod:SearingWound","floor":1,"key":"SMITH"},{"data":"hexamod:Float","floor":8,"key":"SMITH"},{"floor":10,"key":"REST"}],"circlet_count":0,"master_deck":["hexamod:Strike","hexamod:Strike","hexamod:Strike","hexamod:Defend","hexamod:Defend","hexamod:Defend","hexamod:Defend","hexamod:Sear","hexamod:Float+1","hexamod:SearingWound+1","hexamod:ExtraCrispy","hexamod:Firestarter","hexamod:Hexaguard","hexamod:SoulSteal","hexamod:ThermalTransfer","hexamod:PhantomCloak","hexamod:FirstSeal","hexamod:ThirdSeal"],"relics":["hexamod:SpiritBrand"],"acts_visited":["Exordium"],"potions_floor_usage":[6],"damage_taken":[{"damage":0,"enemies":"Cultist","floor":2,"turns":3},{"damage":6,"enemies":"Jaw Worm","floor":3,"turns":3},{"damage":0,"enemies":"2 Louse","floor":4,"turns":3},{"damage":21,"enemies":"Large Slime","floor":5,"turns":3},{"damage":9,"enemies":"Exordium Thugs","floor":6,"turns":3},{"damage":14,"enemies":"Exordium Wildlife","floor":9,"turns":6},{"damage":4,"enemies":"downfall:FleeingMerchant","floor":11,"turns":4},{"damage":0,"enemies":"Blue Slaver","floor":15,"turns":4},{"damage":50,"enemies":"downfall:Ironclad","floor":16,"turns":9}],"seed_played":"-2403667974688052701","potions_obtained":[{"floor":2,"key":"BlessingOfTheForge"},{"floor":5,"key":"FearPotion"},{"floor":15,"key":"SmokeBomb"}],"is_trial":false,"path_per_floor":["R","M","M","M","M","M","T","R","M","R","$","?","?","?","M","B"],"character_chosen":"THE_SPIRIT","items_purchased":["hexamod:ThermalTransfer","hexamod:PhantomCloak"],"campfire_rested":1,"item_purchase_floors":[11,11],"current_hp_per_floor":[63,63,57,57,36,27,27,27,13,31,27,27,20,20,27,0,0],"gold":189,"neow_bonus":"THREE_RARE_CARDS","is_daily":false,"chose_seed":false,"campfire_upgraded":2,"win_rate":0.0,"timestamp":1607963898,"path_taken":["R","?","M","M","M","M","T","R","?","R","?","?","?","?","M","BOSS"],"items_purchased_type":["Card","Card"],"build_version":"2020-12-13","purchased_purges":0,"victory":false,"max_hp_per_floor":[63,63,63,63,63,63,63,63,63,63,63,63,63,63,63,63,63],"card_choices":[{"not_picked":["hexamod:GhostflameInferno","hexamod:UnlimitedPower"],"picked":"hexamod:SearingWound","floor":0},{"not_picked":["hexamod:GhostLash","hexamod:SuperheatedStrike"],"picked":"hexamod:ExtraCrispy","floor":2},{"not_picked":["hexamod:AdvancingGuard","hexamod:ChargedBarrage"],"picked":"hexamod:Firestarter","floor":3},{"not_picked":["hexamod:GhostLash","hexamod:InspiringFlames","hexamod:EtherealExpedition"],"picked":"SKIP","floor":4},{"not_picked":["hexamod:EtherealExpedition","hexamod:NightmareStrike","hexamod:GhostOfSpirePresent"],"picked":"SKIP","floor":5},{"not_picked":["hexamod:GhostOfSpireFuture","hexamod:FastForward"],"picked":"hexamod:Hexaguard","floor":6},{"not_picked":["hexamod:FastForward","hexamod:NightmareStrike","hexamod:ChargedBarrage"],"picked":"SKIP","floor":9},{"not_picked":["hexamod:AdvancingGuard","hexamod:DynamicBlow"],"picked":"hexamod:SoulSteal","floor":11},{"not_picked":["hexamod:Firestarter","hexamod:SwordOfDarkness"],"picked":"hexamod:ThirdSeal","floor":15}],"player_experience":1131776,"relics_obtained":[],"event_choices":[{"cards_removed":["hexamod:Strike"],"damage_healed":0,"gold_gain":0,"player_choice":"Forget","damage_taken":0,"max_hp_gain":0,"max_hp_loss":0,"event_name":"Living Wall","floor":12,"gold_loss":0}],"is_beta":false,"boss_relics":[],"items_purged_floors":[],"is_endless":false,"potions_floor_spawned":[2,5,15],"killed_by":"downfall:Ironclad","ascension_level":0}}