{"host":"svwqvw2il1zfkkg0","time":1607941986,"event":{"mods":["AchievementEnabler","BaseMod","BetterRewards","Colored Map","Colored Powertips","Custom Start","Downfall","GifTheSpireLib","Highlight Path","Hubris","Infinite Spire","Minty Spire (QoL Compilation)","Quick Restart","Replay The Spire","Shop Mod","StSLib","SuperFastMode"],"gold_per_floor":[359,44,56,67,342,342,354,354,404,404,414,426,452,462,462,565,565,576,22,36,52,52,87,87,103,103,122,141,41,41,56,56,56,56],"floor_reached":33,"playtime":1128,"items_purged":["hubris:Wrath","Regret"],"score":348,"play_id":"414705d4-6e1d-4bc2-813b-d29eb8e275b1","local_time":"20201214023306","is_ascension_mode":false,"campfire_choices":[{"data":"Underhanded Strike","floor":6,"key":"SMITH"},{"data":"Blade Dance","floor":8,"key":"SMITH"},{"data":"Neutralize","floor":10,"key":"SMITH"},{"floor":15,"key":"REST"},{"floor":24,"key":"REST"},{"floor":32,"key":"REST"}],"circlet_count":0,"master_deck":["Strike_G","Strike_G","Strike_G","Strike_G","Strike_G","Defend_G","Defend_G","Defend_G","Defend_G","Defend_G","Survivor","Neutralize+1","Underhanded Strike+1","Dagger Throw","Heel Hook","Blade Dance+1","Quick Slash","Tactician","Unload","Leg Sweep","Die Die Die","Glass Knife","Dagger Throw+1","Blade Dance","Acrobatics","Flying Knee","Pot Of Greed","Pot Of Greed","Pot Of Greed","Blade Dance","Underhanded Strike+1"],"relics":["Ring of the Snake","Replay:WaspNest","hubris:AncientText","Ginger","HoveringKite","Omamori","hubris:SlimyHat","Replay:Rubber Ducky","Grinning Jar"],"acts_visited":["Exordium","TheCity"],"potions_floor_usage":[13,13,16,23,23,27,31,33],"damage_taken":[{"damage":0,"enemies":"Cultist","floor":1,"turns":5},{"damage":17,"enemies":"infinitespire:Voidling","floor":3,"turns":4},{"damage":0,"enemies":"Small Slimes","floor":4,"turns":3},{"damage":0,"enemies":"Looter","floor":7,"turns":2},{"damage":10,"enemies":"3 Louse","floor":11,"turns":2},{"damage":4,"enemies":"Blue Slaver","floor":12,"turns":2},{"damage":0,"enemies":"Replay:BlueRogue","floor":13,"turns":3},{"damage":2,"enemies":"Looter","floor":14,"turns":2},{"damage":12,"enemies":"Slime Boss","floor":16,"turns":3},{"damage":10,"enemies":"Spheric Guardian","floor":18,"turns":3},{"damage":10,"enemies":"2 Thieves","floor":20,"turns":3},{"damage":1,"enemies":"Shelled Parasite and Fungi","floor":21,"turns":3},{"damage":15,"enemies":"Replay:Snechameleon","floor":23,"turns":3},{"damage":21,"enemies":"Snake Plant","floor":25,"turns":3},{"damage":6,"enemies":"Chosen and Byrds","floor":27,"turns":3},{"damage":24,"enemies":"Shelled Parasite and Fungi","floor":28,"turns":3},{"damage":9,"enemies":"Sentry and Sphere","floor":31,"turns":3},{"damage":25,"enemies":"Pondfish","floor":33,"turns":4}],"seed_played":"-2920125915157020927","potions_obtained":[{"floor":1,"key":"Flashbang"},{"floor":4,"key":"SteroidPotion"},{"floor":14,"key":"Death Potion"},{"floor":18,"key":"SneckoOil"},{"floor":20,"key":"LiquidMemories"},{"floor":25,"key":"Regen Potion"}],"is_trial":false,"path_per_floor":["M","$","M","M","?","R","M","R","T","R","M","M","E","M","R","B",null,"M","$","M","M","$","E","R","M","T","M","M","$","?","M","R","B"],"character_chosen":"THE_SILENT","items_purchased":["Replay:WaspNest","Omamori","hubris:SlimyHat","Glass Knife","Adrenaline Potion","SteroidPotion"],"campfire_rested":3,"item_purchase_floors":[2,19,19,19,29,29],"current_hp_per_floor":[70,70,57,57,57,57,57,57,57,57,47,43,43,41,62,50,70,60,60,50,49,49,34,55,34,34,37,13,13,13,4,25,0,0],"gold":56,"neow_bonus":"TWO_FIFTY_GOLD","is_daily":false,"chose_seed":false,"campfire_upgraded":3,"win_rate":0.0,"timestamp":1607941986,"path_taken":["M","$","M","M","?","R","M","R","T","R","?","M","E","?","R","BOSS","M","$","M","?","?","E","R","M","T","M","M","$","?","M","R","BOSS"],"items_purchased_type":["Relic","Relic","Relic","Card","Potion","Potion"],"build_version":"2020-12-13","purchased_purges":2,"victory":false,"max_hp_per_floor":[70,70,70,70,70,70,70,70,70,70,70,70,70,70,70,70,70,70,70,70,70,70,70,70,70,70,70,70,70,70,70,70,70,70],"card_choices":[{"not_picked":["Acrobatics","Slice"],"picked":"Underhanded Strike","floor":1},{"not_picked":["Dodge and Roll","Prepared"],"picked":"Dagger Throw","floor":3},{"not_picked":["Well Laid Plans","Setup"],"picked":"Heel Hook","floor":4},{"not_picked":["Underhanded Strike","Acrobatics"],"picked":"Blade Dance","floor":7},{"not_picked":["Noxious Fumes","hubris:TrickCloak"],"picked":"Quick Slash","floor":11},{"not_picked":["Predator","Flying Knee"],"picked":"Tactician","floor":12},{"not_picked":["Predator","Backflip"],"picked":"Unload","floor":13},{"not_picked":["Bane","Poisoned Stab"],"picked":"Leg Sweep","floor":14},{"not_picked":["Glass Knife","Night Terror"],"picked":"Die Die Die","floor":16},{"not_picked":["Concentrate","Bouncing Flask","Outmaneuver"],"picked":"SKIP","floor":18},{"not_picked":["Escape Plan+1","Quick Slash"],"picked":"Dagger Throw+1","floor":20},{"not_picked":["hubris:TrickCloak","Heel Hook+1"],"picked":"Blade Dance","floor":21},{"not_picked":["Expertise","ReplayTheSpireMod:The Works"],"picked":"Acrobatics","floor":23},{"not_picked":["hubris:Counter","PiercingWail+1"],"picked":"Flying Knee","floor":25},{"not_picked":["Crippling Poison","Flying Knee+1"],"picked":"Blade Dance","floor":27},{"not_picked":["Slice","Predator+1","Hidden Blade"],"picked":"SKIP","floor":28},{"not_picked":["ReplayTheSpireMod:Scrap Shanks","Dodge and Roll"],"picked":"Underhanded Strike+1","floor":31}],"player_experience":370371,"relics_obtained":[{"floor":9,"key":"hubris:AncientText"},{"floor":13,"key":"Ginger"},{"floor":23,"key":"Replay:Rubber Ducky"},{"floor":26,"key":"Grinning Jar"}],"event_choices":[{"damage_healed":0,"gold_gain":275,"player_choice":"Desecrate","damage_taken":0,"max_hp_gain":0,"max_hp_loss":0,"event_name":"Golden Shrine","floor":5,"gold_loss":0,"cards_obtained":["Regret"]}],"is_beta":false,"boss_relics":[{"not_picked":["infinitespire:Cupcake","hubris:GrandSneckoEye"],"picked":"HoveringKite"}],"items_purged_floors":[2,19],"is_endless":false,"potions_floor_spawned":[1,4,14,18,20,25,31],"killed_by":"Pondfish","ascension_level":0}}