{"host":"o8mks5sgurcby9u2","time":1607957845,"event":{"mods":["Act Like it!","BaseMod","Better Third Choice","GifTheSpireLib","Hubris","Minty Spire (QoL Compilation)","Shade Mod","StSLib"],"gold_per_floor":[119,0,19,19,32,32,32,43,43,75,75,130,130,147,147,246,246,256,355,355,365,365,394,66,66,66,80,80,80,113,132,132,229,229,239,239,249,260,113,145,145,20,20,35,51,51,65,90,90,90,90,90,40,73,73],"floor_reached":56,"playtime":2251,"items_purged":["Strike_B","Strike_B","Zap"],"score":1345,"play_id":"e4ae1b86-1e46-45aa-8c03-e43a74b25f40","local_time":"20201214235725","is_ascension_mode":false,"campfire_choices":[{"data":"Gash","floor":6,"key":"SMITH"},{"data":"Hologram","floor":11,"key":"SMITH"},{"data":"Dualcast","floor":13,"key":"SMITH"},{"data":"Rebound","floor":15,"key":"SMITH"},{"data":"Hologram","floor":28,"key":"SMITH"},{"data":"Coolheaded","floor":32,"key":"SMITH"},{"floor":41,"key":"RECALL"},{"data":"Hologram","floor":46,"key":"SMITH"},{"data":"Reboot","floor":49,"key":"SMITH"},{"data":"Hologram","floor":52,"key":"SMITH"}],"circlet_count":0,"master_deck":["Strike_B+1","Defend_B","Defend_B","Defend_B","Defend_B","Dualcast+1","Cold Snap","Enlightenment+1","Sweeping Beam","Gash+1","Hologram+1","Gash+1","Rebound+1","Machine Learning","Hologram+1","Chill+1","Gash","Hologram+1","Gash","Writhe","Reboot+1","Coolheaded+1","Echo Form","Coolheaded+1","Coolheaded+1","Hologram+1","Hologram"],"relics":["Cracked Core","Bag of Preparation","Whetstone","Nunchaku","hubris:SphereOfDissonance","hubris:CrackedHourglass","Pantograph","PreservedInsect","hubris:Spice","Akabeko","Mercury Hourglass","Coffee Dripper","hubris:MysteriousPyramids","hubris:SlimyHat","hubris:CrystalStatue"],"acts_visited":["Exordium","TheCity","TheBeyond","TheEnding"],"potions_floor_usage":[12,50,55],"damage_taken":[{"damage":0,"enemies":"2 Louse","floor":1,"turns":4},{"damage":0,"enemies":"Small Slimes","floor":3,"turns":3},{"damage":0,"enemies":"Cultist","floor":5,"turns":3},{"damage":10,"enemies":"Looter","floor":8,"turns":3},{"damage":10,"enemies":"3 Sentries","floor":10,"turns":7},{"damage":24,"enemies":"3 Sentries","floor":12,"turns":7},{"damage":0,"enemies":"3 Louse","floor":14,"turns":2},{"damage":41,"enemies":"Hexaghost","floor":16,"turns":10},{"damage":5,"enemies":"Spheric Guardian","floor":18,"turns":3},{"damage":9,"enemies":"2 Thieves","floor":21,"turns":4},{"damage":31,"enemies":"Book of Stabbing","floor":23,"turns":6},{"damage":0,"enemies":"Centurion and Healer","floor":27,"turns":4},{"damage":4,"enemies":"Gremlin Leader","floor":30,"turns":4},{"damage":0,"enemies":"Sentry and Sphere","floor":31,"turns":3},{"damage":0,"enemies":"Automaton","floor":33,"turns":6},{"damage":3,"enemies":"Orb Walker","floor":35,"turns":2},{"damage":3,"enemies":"3 Darklings","floor":37,"turns":3},{"damage":6,"enemies":"Writhing Mass","floor":38,"turns":4},{"damage":11,"enemies":"Nemesis","floor":40,"turns":3},{"damage":0,"enemies":"Maw","floor":44,"turns":4},{"damage":6,"enemies":"Sphere and 2 Shapes","floor":45,"turns":4},{"damage":0,"enemies":"Spire Growth","floor":47,"turns":3},{"damage":2,"enemies":"Reptomancer","floor":48,"turns":4},{"damage":58,"enemies":"Time Eater","floor":50,"turns":7},{"damage":24,"enemies":"Shield and Spear","floor":54,"turns":3},{"damage":89,"enemies":"The Heart","floor":55,"turns":7}],"seed_played":"4030633384836474246","potions_obtained":[{"floor":8,"key":"FearPotion"},{"floor":10,"key":"PowerPotion"},{"floor":16,"key":"CultistPotion"},{"floor":23,"key":"BlessingOfTheForge"},{"floor":44,"key":"DuplicationPotion"}],"is_trial":false,"path_per_floor":["M","?","M","?","M","R","?","M","T","E","R","?","R","M","R","B",null,"M","?","?","M","?","E","$","?","T","M","R","?","E","M","R","B",null,"M","?","M","M","$","E","R","$","T","M","M","R","M","E","R","B",null,"R","$","E","B",null],"character_chosen":"DEFECT","items_purchased":["Gash","Hologram","PreservedInsect","Hologram","FocusPotion"],"campfire_rested":0,"item_purchase_floors":[24,24,24,39,53],"current_hp_per_floor":[75,81,81,86,86,86,86,76,76,66,66,42,42,42,42,1,86,81,81,81,72,72,41,41,41,49,49,49,49,45,45,45,70,94,91,91,88,82,82,71,71,71,71,71,65,65,65,63,63,30,94,94,94,70,5],"gold":73,"neow_bonus":"RANDOM_COMMON_RELIC","is_daily":false,"chose_seed":false,"campfire_upgraded":9,"win_rate":0.0,"timestamp":1607957845,"path_taken":["M","?","M","?","M","R","?","M","T","E","R","?","R","M","R","BOSS","M","?","?","M","?","E","$","?","T","?","R","?","E","M","R","BOSS","M","?","M","M","$","E","R","$","T","M","M","R","M","E","R","BOSS","R","$","E","BOSS"],"items_purchased_type":["Card","Card","Relic","Card","Potion"],"build_version":"2020-12-13","purchased_purges":3,"victory":true,"max_hp_per_floor":[75,81,81,86,86,86,86,86,86,86,86,86,86,86,86,86,86,86,86,86,86,86,86,86,86,94,94,94,94,94,94,94,94,94,94,94,94,94,94,94,94,94,94,94,94,94,94,94,94,94,94,94,94,94,94],"card_choices":[{"not_picked":["Streamline","Reprogram"],"picked":"Cold Snap","floor":1},{"not_picked":["Compile Driver","Barrage"],"picked":"Sweeping Beam","floor":3},{"not_picked":["Stack","Static Discharge"],"picked":"Gash","floor":5},{"not_picked":["Genetic Algorithm","Loop"],"picked":"Gash","floor":8},{"not_picked":["Sweeping Beam","Darkness","Ball Lightning"],"picked":"SKIP","floor":10},{"not_picked":["Leap","Barrage"],"picked":"Rebound","floor":12},{"not_picked":["Leap","Streamline","Cold Snap"],"picked":"SKIP","floor":14},{"not_picked":["Hyperbeam","Amplify"],"picked":"Machine Learning","floor":16},{"not_picked":["Cold Snap","Beam Cell+1"],"picked":"Hologram","floor":18},{"not_picked":["Cold Snap+1","Streamline+1"],"picked":"Chill+1","floor":21},{"not_picked":["Blizzard","Steam+1","Ball Lightning"],"picked":"SKIP","floor":23},{"not_picked":["Recycle","Conserve Battery"],"picked":"Gash","floor":27},{"not_picked":["Barrage","Go for the Eyes"],"picked":"Reboot","floor":30},{"not_picked":["Leap","White Noise+1"],"picked":"Coolheaded","floor":31},{"not_picked":["Thunder Strike","Meteor Strike"],"picked":"Echo Form","floor":33},{"not_picked":["BootSequence+1","Force Field","Streamline+1"],"picked":"SKIP","floor":35},{"not_picked":["Barrage+1","Force Field+1"],"picked":"Coolheaded+1","floor":37},{"not_picked":["Lockon","Leap+1"],"picked":"Coolheaded+1","floor":38},{"not_picked":["Conserve Battery","Go for the Eyes","Beam Cell"],"picked":"SKIP","floor":40},{"not_picked":["Beam Cell","Sunder+1"],"picked":"Hologram","floor":44},{"not_picked":["Coolheaded","Rainbow","hubris:Ukulele"],"picked":"SKIP","floor":45},{"not_picked":["Force Field","Coolheaded","Go for the Eyes"],"picked":"SKIP","floor":47},{"not_picked":["Hello World+1","Leap+1","Stack"],"picked":"SKIP","floor":48},{"not_picked":["Streamline+1","BootSequence","Chill"],"picked":"SKIP","floor":54}],"player_experience":394742,"relics_obtained":[{"floor":9,"key":"Whetstone"},{"floor":10,"key":"Nunchaku"},{"floor":12,"key":"hubris:SphereOfDissonance"},{"floor":23,"key":"Pantograph"},{"floor":26,"key":"hubris:Spice"},{"floor":30,"key":"Mercury Hourglass"},{"floor":40,"key":"hubris:MysteriousPyramids"},{"floor":48,"key":"hubris:SlimyHat"},{"floor":54,"key":"hubris:CrystalStatue"}],"event_choices":[{"damage_healed":0,"gold_gain":0,"player_choice":"RENOUNCE","damage_taken":119,"max_hp_gain":0,"max_hp_loss":0,"event_name":"betterThird:BetterSerpent","floor":2,"gold_loss":119,"cards_obtained":["Enlightenment"]},{"damage_healed":0,"gold_gain":0,"player_choice":"Donut","damage_taken":0,"max_hp_gain":5,"max_hp_loss":0,"event_name":"Big Fish","floor":4,"gold_loss":0},{"damage_healed":0,"gold_gain":0,"player_choice":"Searched \u00272\u0027 times","damage_taken":0,"max_hp_gain":0,"max_hp_loss":0,"event_name":"Dead Adventurer","floor":12,"gold_loss":0},{"damage_healed":0,"gold_gain":99,"player_choice":"Steal","damage_taken":0,"max_hp_gain":0,"max_hp_loss":0,"event_name":"betterThird:BetterNest","floor":19,"gold_loss":0},{"damage_healed":0,"gold_gain":0,"player_choice":"Ignored","damage_taken":0,"max_hp_gain":0,"max_hp_loss":0,"event_name":"Cursed Tome","floor":20,"gold_loss":0},{"damage_healed":0,"gold_gain":0,"player_choice":"Serpent","damage_taken":0,"max_hp_gain":0,"max_hp_loss":0,"event_name":"BanditSerpent","floor":22,"gold_loss":0},{"cards_removed":["Strike_B"],"damage_healed":0,"gold_gain":0,"player_choice":"Purged","damage_taken":0,"max_hp_gain":0,"max_hp_loss":0,"event_name":"Purifier","floor":25,"gold_loss":0},{"damage_healed":0,"gold_gain":0,"player_choice":"Opened","damage_taken":0,"relics_obtained":["Akabeko"],"max_hp_gain":0,"max_hp_loss":0,"event_name":"The Mausoleum","floor":29,"gold_loss":0,"cards_obtained":["Writhe"]},{"damage_healed":0,"gold_gain":0,"player_choice":"Ignored","damage_taken":0,"max_hp_gain":0,"max_hp_loss":0,"event_name":"Tomb of Lord Red Mask","floor":36,"gold_loss":0}],"is_beta":false,"boss_relics":[{"not_picked":["Busted Crown","hubris:TerracottaHorce"],"picked":"hubris:CrackedHourglass"},{"not_picked":["Calling Bell","hubris:VirtuousBlindfold"],"picked":"Coffee Dripper"}],"items_purged_floors":[24,39,42],"is_endless":false,"potions_floor_spawned":[8,10,16,23,27,30,33,37,44,45,47],"ascension_level":0}}