{"host":"og6lam4kt3nibbw0","time":1607950563,"event":{"mods":["AchievementEnabler","BaseMod","Colored Map","DeckTracker","Highlight Path","Keyboard Shortcuts","Minty Spire (QoL Compilation)","Permanent Neow","Quick Restart","StSLib","SuperFastMode"],"gold_per_floor":[117,42,42,42,58,82,82,98,123,23,59,71,97,150,162,174,174],"floor_reached":16,"playtime":638,"items_purged":["Doubt","Strike_G"],"score":220,"play_id":"8c4c88f8-7478-4908-b04e-8d5abba40a78","local_time":"20201214215603","is_ascension_mode":true,"campfire_choices":[{"data":"Backflip","floor":7.0,"key":"SMITH"},{"floor":12.0,"key":"REST"},{"floor":15,"key":"REST"}],"circlet_count":0,"master_deck":["Strike_G","Strike_G","Strike_G","Strike_G","Defend_G","Defend_G","Defend_G","Defend_G","Survivor","Neutralize","Grand Finale","Well Laid Plans","Quick Slash","Backflip+1","Prepared","Blur","Escape Plan"],"relics":["Ring of the Snake","Tough Bandages","Golden Idol","Toy Ornithopter","MawBank","Frozen Egg 2"],"acts_visited":["Exordium"],"potions_floor_usage":[14],"damage_taken":[{"damage":4.0,"enemies":"Small Slimes","floor":1.0,"turns":6.0},{"damage":9.0,"enemies":"2 Louse","floor":5.0,"turns":3.0},{"damage":7.0,"enemies":"Jaw Worm","floor":6.0,"turns":2.0},{"damage":15.0,"enemies":"3 Louse","floor":8.0,"turns":6.0},{"damage":5.0,"enemies":"Lagavulin","floor":11.0,"turns":6.0},{"damage":0.0,"enemies":"Blue Slaver","floor":13.0,"turns":2.0},{"damage":36,"enemies":"3 Sentries","floor":14,"turns":14},{"damage":33,"enemies":"Slime Boss","floor":16,"turns":10}],"seed_played":"-3974898285276301069","potions_obtained":[{"floor":1.0,"key":"DistilledChaos"},{"floor":5.0,"key":"FairyPotion"}],"is_trial":false,"path_per_floor":["M","$","?","?","M","M","R","M","T","$","E","R","M","E","R","B"],"character_chosen":"THE_SILENT","items_purchased":[],"campfire_rested":2,"item_purchase_floors":[],"current_hp_per_floor":[55,55,55,55,46,39,39,24,24,24,19,37,37,6,24,18,18],"gold":174,"neow_bonus":"ONE_RARE_RELIC","is_daily":false,"chose_seed":false,"campfire_upgraded":1,"win_rate":0.0,"timestamp":1607950563,"path_taken":["M","$","?","?","M","M","R","M","T","?","E","R","M","E","R","BOSS"],"items_purchased_type":[],"build_version":"2020-12-13","purchased_purges":2,"victory":false,"max_hp_per_floor":[66,66,66,60,60,60,60,60,60,60,60,60,60,60,60,60,60],"card_choices":[{"not_picked":["Dodge and Roll","Cloak And Dagger"],"picked":"Quick Slash","floor":1.0},{"not_picked":["Dagger Throw","Dodge and Roll"],"picked":"Backflip","floor":5.0},{"not_picked":["Blade Dance","Bane"],"picked":"Prepared","floor":6.0},{"not_picked":["Deflect","Dash","Footwork"],"picked":"SKIP","floor":8.0},{"not_picked":["Bane","Deflect","Slice"],"picked":"SKIP","floor":11.0},{"not_picked":["Noxious Fumes","Night Terror"],"picked":"Blur","floor":13.0},{"not_picked":["Infinite Blades+1","Caltrops+1"],"picked":"Escape Plan","floor":14}],"player_experience":742416,"relics_obtained":[{"floor":9.0,"key":"Toy Ornithopter"},{"floor":11.0,"key":"MawBank"},{"floor":14,"key":"Frozen Egg 2"}],"event_choices":[{"damage_healed":0.0,"max_hp_gain":0.0,"max_hp_loss":0.0,"gold_gain":0.0,"event_name":"The Cleric","player_choice":"Leave","floor":3.0,"gold_loss":0.0,"damage_taken":0.0},{"damage_healed":0.0,"max_hp_gain":0.0,"max_hp_loss":6.0,"gold_gain":0.0,"event_name":"Golden Idol","player_choice":"Lose Max HP","floor":4.0,"gold_loss":0.0,"damage_taken":0.0,"relics_obtained":["Golden Idol"]}],"is_beta":false,"boss_relics":[],"items_purged_floors":[2,10],"is_endless":false,"potions_floor_spawned":[1,5,8,13],"killed_by":"Slime Boss","ascension_level":20}}