{"host":"turdyikuxcak11ni","time":1607947342,"event":{"mods":["AchievementEnabler","BaseMod","Better Altar","Better Match","Better Note","Better Sensory Stone","Better Skull","Better Third Choice","Better Vampires","Colored Map","Conspire","Downfall","Hubris","Minty Spire (QoL Compilation)","Quick Restart","Relic Stats","Replay The Spire","Spicy Shops","StSLib","SuperFastMode"],"gold_per_floor":[212,222,34,49,84,130,142,187,225,237,249,271,312,324,336,449,461,483,512,541,553,565,588,611,89,89,102,102,131,131,162,162,173,173,270,270,285,297,297,312,312,312,338,72,145,155,155,200,200,211,211,211,211,211,31,61,61],"floor_reached":58,"playtime":2528,"items_purged":["Strike_R","Injury","Strike_R","Defend_R","Defend_R"],"score":1884,"play_id":"d8a622f7-3bd4-4d9e-95d4-6d343b7a8069","local_time":"20201214040222","is_ascension_mode":true,"campfire_choices":[{"data":"Anger","floor":7,"key":"SMITH"},{"floor":10,"key":"REST"},{"data":"Havoc","floor":15,"key":"SMITH"},{"floor":26,"key":"REST"},{"data":"Havoc","floor":30,"key":"SMITH"},{"data":"Heavy Blade","floor":34,"key":"SMITH"},{"data":"Pommel Strike","floor":42,"key":"SMITH"},{"floor":47,"key":"RECALL"},{"data":"Defend_R","floor":49,"key":"PURGE"},{"floor":54,"key":"DIG"}],"circlet_count":0,"master_deck":["Strike_R","Strike_R","Defend_R","Bash","Pommel Strike+1","Anger+1","Inflame","Havoc+1","Havoc+1","Shrug It Off+1","Limit Break+1","Burning Pact+1","Flex+1","Spot Weakness+1","True Grit+1","Heavy Blade+1","Exhume+1","Dark Embrace+1","ReplayTheSpireMod:Strike From Hell+1","Feed+1","Inflame+1","Cleave+1","Warcry+1","Flex+1","Armaments+1","Sever Soul","Sever Soul+1"],"relics":["Burning Blood","MawBank","conspire:BottledYoYo","hubris:SphereOfDissonance","Happy Flower","Toxic Egg 2","hubris:Backtick","hubris:IronBody","Vajra","Question Card","conspire:Dentures","Oddly Smooth Stone","Toy Ornithopter","Smiling Mask","Honey Jar","conspire:DecoderRing","Replay:Multitool","Bag of Marbles","Lizard Tail","Shuriken","Replay:Rubber Ducky"],"acts_visited":["Exordium","TheCity","TheBeyond","TheEnding"],"potions_floor_usage":[8,23,24,29,33,52,52,52,57],"damage_taken":[{"damage":0,"enemies":"Small Slimes","floor":1,"turns":3},{"damage":11,"enemies":"Cultist","floor":2,"turns":4},{"damage":7,"enemies":"Jaw Worm","floor":4,"turns":3},{"damage":30,"enemies":"conspire:MimicChest","floor":5,"turns":6},{"damage":8,"enemies":"Gremlin Nob","floor":6,"turns":3},{"damage":20,"enemies":"3 Sentries","floor":8,"turns":5},{"damage":0,"enemies":"Exordium Wildlife","floor":12,"turns":3},{"damage":0,"enemies":"Gremlin Nob","floor":13,"turns":2},{"damage":28,"enemies":"Hexaghost","floor":16,"turns":6},{"damage":18,"enemies":"Spheric Guardian","floor":18,"turns":4},{"damage":19,"enemies":"2 Thieves","floor":19,"turns":4},{"damage":7,"enemies":"Cultist and Chosen","floor":20,"turns":4},{"damage":17,"enemies":"Chosen and Byrds","floor":23,"turns":5},{"damage":1,"enemies":"Shelled Parasite and Fungi","floor":24,"turns":3},{"damage":0,"enemies":"3 Cultists","floor":27,"turns":4},{"damage":15,"enemies":"Gremlin Leader","floor":29,"turns":6},{"damage":1,"enemies":"Book of Stabbing","floor":31,"turns":4},{"damage":7,"enemies":"Chosen and Byrds","floor":33,"turns":4},{"damage":11,"enemies":"Pondfish","floor":35,"turns":7},{"damage":6,"enemies":"3 Shapes","floor":37,"turns":3},{"damage":5,"enemies":"Orb Walker","floor":38,"turns":3},{"damage":3,"enemies":"Jaw Worm Horde","floor":40,"turns":3},{"damage":0,"enemies":"Giant Head","floor":43,"turns":5},{"damage":16,"enemies":"Sphere and 2 Shapes","floor":46,"turns":3},{"damage":14,"enemies":"2 Orb Walkers","floor":48,"turns":4},{"damage":5,"enemies":"4 Shapes","floor":50,"turns":3},{"damage":40,"enemies":"Donu and Deca","floor":52,"turns":5},{"damage":56,"enemies":"Shield and Spear","floor":56,"turns":3},{"damage":84,"enemies":"The Heart","floor":57,"turns":6}],"seed_played":"-5427952817223802626","potions_obtained":[{"floor":2,"key":"Toxic Potion"},{"floor":6,"key":"PowerPotion"},{"floor":16,"key":"PowerPotion"},{"floor":18,"key":"GamblersBrew"},{"floor":19,"key":"Strength Potion"},{"floor":23,"key":"Swift Potion"},{"floor":33,"key":"Fire Potion"},{"floor":35,"key":"SpeedPotion"},{"floor":37,"key":"Explosive Potion"},{"floor":38,"key":"Elixir"},{"floor":46,"key":"Explosive Potion"},{"floor":56,"key":"Dexterity Potion"}],"is_trial":false,"path_per_floor":["M","M","$","M","?","E","R","E","T","R","?","M","E","$","R","B",null,"M","M","M","PTL","PTL","M","M","$","R","M","T","E","R","E","?","M","R","B",null,"M","M","?","M","?","R","E","$","T","M","R","?","R","M","R","B",null,"R","$","E","B",null],"character_chosen":"IRONCLAD","items_purchased":["Anger","Inflame","Vajra","Question Card","Replay:Multitool","Bag of Marbles","Armaments+1","Sever Soul"],"campfire_rested":2,"item_purchase_floors":[3,3,25,25,44,44,55,55],"current_hp_per_floor":[80,75,75,74,50,48,48,34,34,58,58,64,70,70,70,48,72,60,47,46,46,46,35,40,40,64,70,70,61,61,66,66,70,70,65,76,76,77,77,80,80,80,80,80,80,73,73,65,65,69,86,52,78,78,78,28,43],"gold":61,"neow_bonus":"HUNDRED_GOLD","is_daily":false,"chose_seed":false,"campfire_upgraded":5,"win_rate":0.0,"timestamp":1607947342,"path_taken":["M","M","$","M","?","E","R","E","T","R","?","?","E","$","R","BOSS","M","M","M","PTL","PTL","M","M","$","R","M","T","E","R","E","?","M","R","BOSS","M","M","?","M","?","R","E","$","T","M","R","?","R","M","R","BOSS","R","$","E","BOSS"],"items_purchased_type":["Card","Card","Relic","Relic","Relic","Relic","Card","Card"],"build_version":"2020-12-13","purchased_purges":5,"victory":true,"max_hp_per_floor":[80,80,80,80,80,80,80,80,80,80,80,80,80,80,80,80,80,80,80,80,80,80,80,80,80,80,80,80,80,80,80,80,80,80,80,80,80,80,80,80,80,80,80,80,80,83,83,83,83,86,86,86,86,86,86,86,86],"relic_stats":{"Lizard Tail":43,"Happy Flower":[31],"counters":[29,118],"Shuriken":[5],"MawBank":240,"Question Card":13,"Smiling Mask":225,"obtain_stats":[{"conspire:Dentures":28,"Happy Flower":9,"hubris:SphereOfDissonance":8,"Vajra":25,"Oddly Smooth Stone":29,"Replay:Multitool":44,"MawBank":5,"Question Card":25,"Smiling Mask":32,"Burning Blood":0,"Replay:Rubber Ducky":56,"Lizard Tail":48,"hubris:Backtick":17,"Shuriken":54,"conspire:DecoderRing":43,"Honey Jar":36,"hubris:IronBody":17,"conspire:BottledYoYo":6,"Bag of Marbles":44,"Toxic Egg 2":13,"Toy Ornithopter":31},{"conspire:Dentures":15,"Happy Flower":6,"hubris:SphereOfDissonance":6,"Vajra":14,"Oddly Smooth Stone":16,"Replay:Multitool":23,"MawBank":4,"Question Card":14,"Smiling Mask":17,"Burning Blood":0,"Replay:Rubber Ducky":28,"Lizard Tail":25,"hubris:Backtick":9,"Shuriken":27,"conspire:DecoderRing":23,"Honey Jar":19,"hubris:IronBody":9,"conspire:BottledYoYo":5,"Bag of Marbles":23,"Toxic Egg 2":8,"Toy Ornithopter":17},{"conspire:Dentures":59,"Happy Flower":24,"hubris:SphereOfDissonance":24,"Vajra":55,"Oddly Smooth Stone":65,"Replay:Multitool":94,"MawBank":16,"Question Card":55,"Smiling Mask":69,"Burning Blood":0,"Replay:Rubber Ducky":112,"Lizard Tail":101,"hubris:Backtick":35,"Shuriken":109,"conspire:DecoderRing":94,"Honey Jar":80,"hubris:IronBody":35,"conspire:BottledYoYo":19,"Bag of Marbles":94,"Toxic Egg 2":29,"Toy Ornithopter":69}],"Burning Blood":162,"Toy Ornithopter":10},"card_choices":[{"not_picked":["Headbutt","Wild Strike"],"picked":"Pommel Strike","floor":1},{"not_picked":["Combust","Clothesline","Pommel Strike"],"picked":"SKIP","floor":2},{"not_picked":["Run Through","Massacre","ReplayTheSpireMod:Limb From Limb"],"picked":"SKIP","floor":4},{"not_picked":["Fire Breathing","Headbutt"],"picked":"Rupture","floor":5},{"not_picked":["Perfected Strike","Thunderclap","conspire:Charge"],"picked":"SKIP","floor":6},{"not_picked":["Juggernaut","conspire:Charge","Corruption"],"picked":"SKIP","floor":8},{"not_picked":["Bloodletting","Dropkick"],"picked":"Havoc","floor":12},{"not_picked":["Wild Strike","Bloodletting+1"],"picked":"Shrug It Off+1","floor":13},{"not_picked":["Immolate","Feed"],"picked":"Limit Break+1","floor":16},{"not_picked":["Pummel","Pommel Strike"],"picked":"Burning Pact+1","floor":18},{"not_picked":["Pommel Strike+1","Warcry+1","Havoc+1"],"picked":"SKIP","floor":19},{"not_picked":["Warcry+1","Replay:Undeath\u0027s Touch"],"picked":"Flex+1","floor":20},{"not_picked":["Uppercut+1","Flex+1"],"picked":"Spot Weakness+1","floor":23},{"not_picked":["Clothesline","Body Slam+1","Twin Strike"],"picked":"SKIP","floor":24},{"not_picked":["ReplayTheSpireMod:Stacked+1","Rage+1","Sever Soul"],"picked":"True Grit+1","floor":27},{"not_picked":["Anger","Corruption","Rampage","Shrug It Off+1"],"picked":"SKIP","floor":29},{"not_picked":["Reckless Charge","Clothesline","Warcry+1"],"picked":"Heavy Blade","floor":31},{"not_picked":["Dropkick+1","True Grit+1","Cleave","ReplayReversal+1"],"picked":"SKIP","floor":33},{"not_picked":["Demonic Infusion+1","Impervious+1","Eclipse+1"],"picked":"Exhume+1","floor":35},{"not_picked":["Blood for Blood+1","True Grit+1","Replay:Undeath\u0027s Touch","Evolve+1"],"picked":"Dark Embrace","floor":37},{"not_picked":["Body Slam+1","Clothesline+1","Havoc+1","Wild Strike+1"],"picked":"ReplayTheSpireMod:Strike From Hell+1","floor":38},{"not_picked":["Iron Wave","Wild Strike","Cleave+1","Headbutt"],"picked":"Feed","floor":40},{"not_picked":["Pommel Strike+1","Dropkick","Ghostly Armor+1","Blood for Blood"],"picked":"Inflame+1","floor":43},{"not_picked":["conspire:Charge+1","ReplayTheSpireMod:Strike From Hell","Berserk","ReplayReversal+1"],"picked":"Cleave+1","floor":46},{"not_picked":["Massacre","ReplayTheSpireMod:Strike From Hell+1","Replay:Undeath\u0027s Touch+1","Headbutt+1"],"picked":"Warcry+1","floor":48},{"not_picked":["Replay:Undeath\u0027s Touch+1","Anger","ReplayTheSpireMod:Strike From Hell+1","Bloodletting+1"],"picked":"Flex+1","floor":50},{"not_picked":["Headbutt+1","Replay:Many Hands+1","Second Wind+1","Warcry+1"],"picked":"Sever Soul+1","floor":56}],"player_experience":242438,"relics_obtained":[{"floor":5,"key":"MawBank"},{"floor":6,"key":"conspire:BottledYoYo"},{"floor":8,"key":"hubris:SphereOfDissonance"},{"floor":9,"key":"Happy Flower"},{"floor":13,"key":"Toxic Egg 2"},{"floor":28,"key":"conspire:Dentures"},{"floor":29,"key":"Oddly Smooth Stone"},{"floor":31,"key":"Toy Ornithopter"},{"floor":43,"key":"conspire:DecoderRing"},{"floor":48,"key":"Lizard Tail"},{"floor":54,"key":"Shuriken"},{"floor":56,"key":"Replay:Rubber Ducky"}],"event_choices":[{"damage_healed":0,"gold_gain":0,"cards_transformed":["Rupture"],"player_choice":"Transformed","damage_taken":0,"max_hp_gain":0,"max_hp_loss":0,"event_name":"Transmorgrifier","floor":11,"gold_loss":0,"cards_obtained":["Havoc"]},{"cards_removed":["Strike_R"],"damage_healed":0,"gold_gain":0,"player_choice":"Removed Attack","damage_taken":0,"max_hp_gain":0,"max_hp_loss":0,"event_name":"Falling","floor":41,"gold_loss":0},{"damage_healed":0,"gold_gain":0,"player_choice":"Fight","damage_taken":0,"max_hp_gain":0,"max_hp_loss":0,"event_name":"Mysterious Sphere","floor":48,"gold_loss":0}],"is_beta":false,"boss_relics":[{"not_picked":["hubris:TerracottaHorce","Empty Cage"],"picked":"hubris:Backtick"},{"not_picked":["Cursed Key","conspire:RunicOctahedron"],"picked":"Honey Jar"}],"items_purged_floors":[3,25,25,44,55],"is_endless":false,"potions_floor_spawned":[2,6,16,18,19,23,33,35,37,38,46,56],"ascension_level":5}}