{"host":"pqs17sqrgflf4eqa","time":1607968697,"event":{"mods":["AchievementEnabler","BaseMod","Bestiary","Better Altar","Colored Map","Colored Powertips","Emptier Cage","Googly Eyes","Highlight Path","Minty Spire (QoL Compilation)","Quick Restart","StSLib","SuperFastMode","Transform Curses","slay the spire mod where everything is the same but ironclad has a cowboy hat"],"gold_per_floor":[13,12,32,32,77,97,128,128,160,187,217,392,411,431,65,65,168,168,188,188,205,215,24,24,24,24],"floor_reached":24,"playtime":700,"items_purged":["Defend_B"],"score":259,"play_id":"fdcd6696-336d-445f-8b49-2f6c3c05a5ba","local_time":"20201214125817","is_ascension_mode":true,"campfire_choices":[{"data":"Dualcast","floor":7,"key":"SMITH"},{"floor":15,"key":"REST"}],"circlet_count":0,"master_deck":["Strike_B","Strike_B","Strike_B","Strike_B","Defend_B","Defend_B","Defend_B","Zap+1","Dualcast+1","Streamline","Leap","Hologram","FTL","Defragment","Sweeping Beam","Conserve Battery","Coolheaded","Hyperbeam","Beam Cell","Beam Cell","Reprogram+1"],"relics":["Cracked Core","Emotion Chip","Happy Flower","Mercury Hourglass","Bag of Preparation","Juzu Bracelet","Peace Pipe","Cables","Philosopher\u0027s Stone","PreservedInsect"],"acts_visited":["Exordium","TheCity"],"potions_floor_usage":[16,16],"damage_taken":[{"damage":2,"enemies":"Small Slimes","floor":1,"turns":3},{"damage":2,"enemies":"Jaw Worm","floor":2,"turns":3},{"damage":1,"enemies":"Cultist","floor":5,"turns":3},{"damage":30,"enemies":"Gremlin Nob","floor":6,"turns":4},{"damage":6,"enemies":"3 Sentries","floor":8,"turns":5},{"damage":27,"enemies":"Lagavulin","floor":10,"turns":4},{"damage":0,"enemies":"Large Slime","floor":12,"turns":3},{"damage":3,"enemies":"Gremlin Gang","floor":13,"turns":3},{"damage":3,"enemies":"Hexaghost","floor":16,"turns":8},{"damage":19,"enemies":"2 Thieves","floor":18,"turns":3},{"damage":0,"enemies":"Spheric Guardian","floor":20,"turns":3},{"damage":37,"enemies":"Snake Plant","floor":21,"turns":3},{"damage":26,"enemies":"Gremlin Leader","floor":24,"turns":2}],"seed_played":"6339285943140006216","potions_obtained":[{"floor":1,"key":"Strength Potion"},{"floor":6,"key":"PotionOfCapacity"},{"floor":12,"key":"Strength Potion"},{"floor":16,"key":"PotionOfCapacity"},{"floor":21,"key":"Swift Potion"}],"is_trial":false,"path_per_floor":["M","M","?","T","M","E","R","E","T","E","?","M","M","$","R","B",null,"M","?","M","M","$","?","E"],"character_chosen":"DEFECT","items_purchased":["Cables","Coolheaded","PreservedInsect","PowerPotion"],"campfire_rested":1,"item_purchase_floors":[14,14,22,22],"current_hp_per_floor":[2,73,71,71,71,70,40,40,34,34,7,7,7,4,4,26,23,75,56,56,56,19,19,19,0,0],"gold":24,"neow_bonus":"ONE_RARE_RELIC","is_daily":false,"chose_seed":false,"campfire_upgraded":1,"win_rate":0.0,"timestamp":1607968697,"path_taken":["M","M","?","?","M","E","R","E","T","E","?","M","M","$","R","BOSS","M","?","M","M","$","?","E"],"items_purchased_type":["Relic","Card","Relic","Potion"],"build_version":"2020-12-13","purchased_purges":1,"victory":false,"max_hp_per_floor":[68,75,75,75,75,75,75,75,75,75,75,75,75,75,75,75,75,75,75,75,75,75,75,75,75,75],"card_choices":[{"not_picked":["FTL","Sweeping Beam"],"picked":"Streamline","floor":1},{"not_picked":["Force Field","Stack"],"picked":"Leap","floor":2},{"not_picked":["Static Discharge","Rebound"],"picked":"Hologram","floor":5},{"not_picked":["Turbo","Reboot"],"picked":"FTL","floor":6},{"not_picked":["Rebound","Aggregate"],"picked":"Defragment","floor":8},{"not_picked":["Undo","Barrage"],"picked":"Sweeping Beam","floor":10},{"not_picked":["Streamline","Redo"],"picked":"Conserve Battery","floor":12},{"not_picked":["Recycle","Rebound","Sweeping Beam"],"picked":"SKIP","floor":13},{"not_picked":["Meteor Strike","Multi-Cast"],"picked":"Hyperbeam","floor":16},{"not_picked":["Gash","Fusion+1"],"picked":"Beam Cell","floor":18},{"not_picked":["Darkness","Static Discharge"],"picked":"Beam Cell","floor":20},{"not_picked":["Cold Snap","Lockon"],"picked":"Reprogram+1","floor":21}],"player_experience":134883,"relics_obtained":[{"floor":4,"key":"Happy Flower"},{"floor":6,"key":"Mercury Hourglass"},{"floor":8,"key":"Bag of Preparation"},{"floor":9,"key":"Juzu Bracelet"},{"floor":10,"key":"Peace Pipe"}],"event_choices":[{"damage_healed":0,"gold_gain":0,"player_choice":"Grow","damage_taken":0,"max_hp_gain":0,"max_hp_loss":0,"event_name":"Living Wall","floor":3,"gold_loss":0,"cards_upgraded":["Zap"]},{"damage_healed":0,"gold_gain":175,"player_choice":"AGREE","damage_taken":0,"max_hp_gain":0,"max_hp_loss":0,"event_name":"Liars Game","floor":11,"gold_loss":0,"cards_obtained":["Doubt"]},{"cards_removed":["Doubt"],"damage_healed":0,"gold_gain":0,"player_choice":"Removed Curses","damage_taken":0,"max_hp_gain":0,"max_hp_loss":0,"event_name":"Fountain of Cleansing","floor":19,"gold_loss":0}],"is_beta":false,"boss_relics":[{"not_picked":["Sozu","Inserter"],"picked":"Philosopher\u0027s Stone"}],"items_purged_floors":[14],"is_endless":false,"potions_floor_spawned":[1,6,12,16,21],"killed_by":"Gremlin Leader","ascension_level":4}}