{"host":"coame8l8goqx0svj","time":1607975226,"event":{"mods":["BaseMod","Downfall","Minty Spire (QoL Compilation)","StSLib"],"gold_per_floor":[0,10,2,25,53,54,54,82,82,82,82,102,218,245,264,375,375,225,251,286,325,352,109,109,109,109,109,131,406,432,432,462,573,573,573,639,685,685,803,803,853,520,570,51,428,122,153,179,207,207],"floor_reached":51,"playtime":4151,"items_purged":["Regret","hexamod:Strike"],"score":941,"play_id":"b8f983e5-3538-4526-92c9-f0313462e17b","local_time":"20201214204706","is_ascension_mode":true,"campfire_choices":[{"floor":1,"key":"RECALL"},{"data":"hexamod:RainOfEmbers","floor":18,"key":"SMITH"},{"floor":25,"key":"REST"},{"floor":27,"key":"REST"},{"data":"hexamod:Rewind","floor":35,"key":"SMITH"},{"floor":38,"key":"REST"},{"data":"hexamod:FastForward","floor":40,"key":"SMITH"}],"circlet_count":0,"master_deck":["hexamod:Strike","hexamod:Strike+1","hexamod:Defend","hexamod:Defend","hexamod:Defend+1","hexamod:Defend","hexamod:Sear","hexamod:Float","hexamod:SpectralAdrenaline","hexamod:SecondSeal","hexamod:SecondSeal","hexamod:RadiantFlame","hexamod:GhostflameInferno+1","hexamod:GhostflameBarrier","hexamod:SkipABeat+1","hexamod:RainOfEmbers+1","hexamod:NightmareGuise","hexamod:ShieldOfDarkness","hexamod:Rewind+1","hexamod:CrushingStance","hexamod:AdvancingGuard+1","hexamod:ChargedBarrage","hexamod:RadiantFlame","hexamod:PhantomCloak+1","hexamod:FlamesFromBeyond","Shame","hexamod:Hexaguard+1","hexamod:FastForward+1","hexamod:GhostOfSpirePresent","hexamod:Hexaguard+1","hexamod:UnlimitedPower"],"relics":["hexamod:SpiritBrand","Du-Vu Doll","Pantograph","downfall:ShatteredFragment","Philosopher\u0027s Stone","downfall:HeartBlessingRed","downfall:HeartBlessingBlue","Shuriken","Matryoshka","Pen Nib","Akabeko","StrikeDummy","hexamod:IceCube","Dead Branch","Thread and Needle","hexamod:JarOfFuel","CeramicFish","Art of War","Happy Flower","Pear","Guardian:PocketSentry","Old Coin","Mango"],"acts_visited":["Exordium","TheCity","TheBeyond"],"potions_floor_usage":[13,13,19,21,32,33,50,50],"damage_taken":[{"damage":3,"enemies":"Jaw Worm","floor":2,"turns":4},{"damage":0,"enemies":"Cultist","floor":4,"turns":4},{"damage":0,"enemies":"2 Louse","floor":5,"turns":3},{"damage":0,"enemies":"downfall:FleeingMerchant","floor":6,"turns":4},{"damage":2,"enemies":"Blue Slaver","floor":8,"turns":3},{"damage":1,"enemies":"2 Fungi Beasts","floor":12,"turns":2},{"damage":4,"enemies":"downfall:Heads","floor":13,"turns":6},{"damage":4,"enemies":"Lots of Slimes","floor":14,"turns":4},{"damage":3,"enemies":"Exordium Wildlife","floor":15,"turns":3},{"damage":21,"enemies":"downfall:Silent","floor":16,"turns":9},{"damage":8,"enemies":"3 Byrds","floor":19,"turns":4},{"damage":15,"enemies":"Cultist and Chosen","floor":20,"turns":6},{"damage":24,"enemies":"Slavers","floor":21,"turns":5},{"damage":1,"enemies":"Snecko","floor":22,"turns":4},{"damage":9,"enemies":"downfall:FleeingMerchant","floor":23,"turns":4},{"damage":12,"enemies":"3 Cultists","floor":28,"turns":5},{"damage":9,"enemies":"Snake Plant","floor":30,"turns":3},{"damage":34,"enemies":"Shelled Parasite and Fungi","floor":32,"turns":3},{"damage":11,"enemies":"downfall:Defect","floor":33,"turns":9},{"damage":23,"enemies":"Mind Bloom Boss Battle","floor":36,"turns":5},{"damage":20,"enemies":"Giant Head","floor":37,"turns":8},{"damage":10,"enemies":"downfall:FleeingMerchant","floor":39,"turns":4},{"damage":11,"enemies":"Nemesis","floor":43,"turns":5},{"damage":10,"enemies":"2 Orb Walkers","floor":45,"turns":5},{"damage":6,"enemies":"3 Shapes","floor":47,"turns":3},{"damage":0,"enemies":"3 Darklings","floor":48,"turns":4},{"damage":1,"enemies":"Jaw Worm Horde","floor":49,"turns":4},{"damage":0,"enemies":"downfall:Ironclad","floor":50,"turns":4}],"seed_played":"-3932052298867230343","potions_obtained":[{"floor":2,"key":"Explosive Potion"},{"floor":4,"key":"AttackPotion"},{"floor":12,"key":"DistilledChaos"},{"floor":15,"key":"hexamod:EctoCoolerPotion"},{"floor":21,"key":"LiquidBronze"},{"floor":22,"key":"hexamod:EctoCoolerPotion"},{"floor":30,"key":"SteroidPotion"},{"floor":33,"key":"AttackPotion"},{"floor":48,"key":"champ:CounterPotion"}],"is_trial":false,"path_per_floor":["R","M","?","M","M","$","T","M","T","?","?","M","?","M","M","B",null,"R","M","M","E","M","$","T","R","?","R","M","?","M","?","M","B",null,"R","?","E","R","$","R","T","?","E","$","?","$","M","M","M","B",null],"character_chosen":"THE_SPIRIT","items_purchased":["Matryoshka","hexamod:JarOfFuel","Pear","Guardian:PocketSentry","Mango"],"campfire_rested":3,"item_purchase_floors":[23,39,44,44,46],"current_hp_per_floor":[70,67,67,67,67,67,67,65,65,44,44,43,39,35,32,36,70,80,72,57,33,32,23,23,47,35,59,47,47,38,38,4,18,80,80,57,37,61,51,51,51,90,79,89,79,93,87,87,86,111],"gold":207,"neow_bonus":"ONE_RARE_RELIC","is_daily":false,"chose_seed":false,"campfire_upgraded":3,"win_rate":0.0,"timestamp":1607975226,"path_taken":["R","M","?","M","M","?","T","?","?","?","?","?","?","M","M","BOSS","R","M","M","E","M","$","T","R","?","R","?","?","?","?","M","BOSS","R","?","E","R","$","R","T","?","E","$","?","?","?","M","M","BOSS"],"items_purchased_type":["Relic","Relic","Relic","Relic","Relic"],"build_version":"2020-12-13","purchased_purges":2,"victory":true,"max_hp_per_floor":[70,70,70,70,70,70,70,70,70,70,70,70,70,70,70,70,70,80,80,80,80,80,80,80,80,80,80,80,80,80,80,80,80,80,80,80,80,80,80,80,80,90,90,100,100,114,114,114,114,114],"card_choices":[{"not_picked":["hexamod:Hexaguard","hexamod:BurningTouch"],"picked":"hexamod:SpectralAdrenaline","floor":2},{"not_picked":["hexamod:InspiringFlames","hexamod:Haunt"],"picked":"hexamod:SecondSeal","floor":4},{"not_picked":["hexamod:SwordOfDarkness","hexamod:GhostflameBarrier"],"picked":"hexamod:RadiantFlame","floor":5},{"not_picked":["hexamod:SpectersWail","hexamod:BacktrackSmack"],"picked":"hexamod:GhostflameInferno","floor":6},{"not_picked":["hexamod:GhostLash","hexamod:EtherealExpedition"],"picked":"hexamod:GhostflameBarrier","floor":8},{"not_picked":["hexamod:BacktrackSmack","hexamod:GhostLash"],"picked":"hexamod:SkipABeat","floor":12},{"not_picked":["hexamod:BacktrackSmack","hexamod:HauntingEcho"],"picked":"hexamod:RainOfEmbers","floor":13},{"not_picked":["hexamod:BurningTouch","hexamod:NecessarySacrifice"],"picked":"hexamod:ShieldOfDarkness","floor":14},{"not_picked":["hexamod:ShieldOfDarkness","hexamod:BurningTouch"],"picked":"hexamod:Rewind","floor":15},{"not_picked":["hexamod:TurnItUp","hexamod:ApocalypseNow"],"picked":"hexamod:CrushingStance","floor":16},{"not_picked":["hexamod:NightmareStrike","hexamod:GhostShield","hexamod:HauntingEcho"],"picked":"SKIP","floor":19},{"not_picked":["hexamod:GhostOfSpirePresent+1","hexamod:InspiringFlames"],"picked":"hexamod:AdvancingGuard+1","floor":20},{"not_picked":["hexamod:SpectersWail","hexamod:PowerFromBeyond"],"picked":"hexamod:ChargedBarrage","floor":21},{"not_picked":["hexamod:DynamicBlow","hexamod:InspiringFlames"],"picked":"hexamod:RadiantFlame","floor":22},{"not_picked":["hexamod:NecessarySacrifice","hexamod:Toasty"],"picked":"hexamod:PhantomCloak+1","floor":23},{"not_picked":["hexamod:GhostShield","hexamod:SpectersWail"],"picked":"hexamod:FlamesFromBeyond","floor":28},{"not_picked":["hexamod:HeatShield","hexamod:NightmareGuise","hexamod:ShieldOfDarkness"],"picked":"SKIP","floor":30},{"not_picked":["hexamod:ThermalTransfer","hexamod:NightmareGuise"],"picked":"hexamod:Hexaguard+1","floor":32},{"not_picked":["hexamod:PhantomCloak","hexamod:NightmareGuise"],"picked":"hexamod:FastForward","floor":37},{"not_picked":["hexamod:SwordOfDarkness","hexamod:AdvancingGuard+1","hexamod:SuperheatedStrike"],"picked":"SKIP","floor":39},{"not_picked":["hexamod:GhostLash","hexamod:RainOfEmbers"],"picked":"hexamod:GhostOfSpirePresent","floor":43},{"not_picked":["hexamod:InspiringFlames","hexamod:FlamesFromBeyond+1"],"picked":"hexamod:Hexaguard+1","floor":45},{"not_picked":["hexamod:BurningTouch","hexamod:EtherealExpedition","hexamod:ThermalTransfer"],"picked":"SKIP","floor":47},{"not_picked":["hexamod:ThermalTransfer","hexamod:SpectersWail","hexamod:HeatShield"],"picked":"SKIP","floor":48},{"not_picked":["hexamod:AdvancingGuard+1","hexamod:GhostShield"],"picked":"hexamod:UnlimitedPower","floor":49}],"player_experience":1610956,"relics_obtained":[{"floor":9,"key":"Pantograph"},{"floor":21,"key":"Shuriken"},{"floor":24,"key":"Pen Nib"},{"floor":24,"key":"Akabeko"},{"floor":36,"key":"Dead Branch"},{"floor":37,"key":"Thread and Needle"},{"floor":41,"key":"CeramicFish"},{"floor":41,"key":"Art of War"},{"floor":43,"key":"Happy Flower"},{"floor":45,"key":"Old Coin"}],"event_choices":[{"damage_healed":0,"gold_gain":0,"player_choice":"Stole Relic","damage_taken":0,"relics_obtained":["StrikeDummy"],"max_hp_gain":0,"max_hp_loss":0,"event_name":"Addict","floor":31,"gold_loss":0,"cards_obtained":["Shame"]},{"damage_healed":0,"gold_gain":0,"player_choice":"Fight","damage_taken":0,"max_hp_gain":0,"max_hp_loss":0,"event_name":"Mysterious Sphere","floor":45,"gold_loss":0}],"is_beta":false,"boss_relics":[{"not_picked":["Coffee Dripper","Tiny House"],"picked":"Philosopher\u0027s Stone"},{"not_picked":["Pandora\u0027s Box","Fusion Hammer"],"picked":"hexamod:IceCube"}],"items_purged_floors":[39,44],"is_endless":false,"potions_floor_spawned":[2,4,12,15,21,22,30,33,48,49],"ascension_level":2}}