{"host":"s4klbi5zf1bej8mm","time":1607982137,"event":{"mods":["2.2 Compatiblity","AchievementEnabler","Act Like it!","BaseMod","Block Reminder","Colored Map","Colored Powertips","DeckTracker","Downfall","Duelist Mod","Hallownest","Hermit","Highlight Path","Jorbs\u0027s Wanderer Trilogy","Minty Spire (QoL Compilation)","Permanent Neow","Quick Restart","Random Character Button","Relic Sorter","Relic Stats","Replay The Spire","Shade Mod","Spicy Shops","StSLib","The Blackbeard","The Bug Knight","The Construct","The Cursed","The Disciple","The Gatherer","The Hierophant","The Necromancer","The Runesmith","Unknown Chances"],"gold_per_floor":[112,112,142,0,0,27,27,38,88,88,116,135,151,186,186,216,216,216],"floor_reached":16,"playtime":603,"items_purged":[],"score":118,"play_id":"30db79fd-a480-4703-95dc-3e9be7d11c6e","local_time":"20201214154217","is_ascension_mode":false,"campfire_choices":[{"data":"blackbeard:WeaponProficiency","floor":15,"key":"SMITH"}],"circlet_count":0,"master_deck":["blackbeard:BlackbeardStrike","blackbeard:BlackbeardStrike","blackbeard:BlackbeardStrike","blackbeard:BlackbeardStrike","blackbeard:IntimidatingStrike+1","blackbeard:BlackbeardDefend","blackbeard:BlackbeardDefend","blackbeard:BlackbeardDefend","blackbeard:Cutlass","blackbeard:DangerousBlow+1","blackbeard:Spear","Writhe","blackbeard:Sword","blackbeard:Fencing","Hallownest:curseDreamersLament","blackbeard:WeaponProficiency+1","blackbeard:SwordDance","blackbeard:Halberd","blackbeard:WiseDefense"],"relics":["blackbeard:LoadTheCannons","ReplayTheSpireMod:TigerMarble","TungstenRod","Runesmith:Nanobots","Pen Nib","Hallownest:TeacherSealRelic","Replay:Rubber Ducky","Simple Rune"],"acts_visited":["Hallownest:Greenpath"],"potions_floor_usage":[13,13,16,16,16,16,16],"damage_taken":[{"damage":6,"enemies":"2_ Uuma","floor":1,"turns":4},{"damage":9,"enemies":"Hallownest:eliteVengeflyKing","floor":6,"turns":4},{"damage":0,"enemies":"Hallownest:2_Baldur","floor":8,"turns":2},{"damage":17,"enemies":"Hallownest:eliteCrystalGuardian","floor":11,"turns":5},{"damage":0,"enemies":"Hallownest:monsterHuskGuard","floor":12,"turns":2},{"damage":0,"enemies":"Hallownest:monsterAspidMother","floor":13,"turns":1},{"damage":13,"enemies":"Hallownest:eliteMossKnight","floor":14,"turns":3},{"damage":55,"enemies":"Hallownest:BossHornet","floor":16,"turns":5}],"seed_played":"6997245258556469696","potions_obtained":[{"floor":1,"key":"CultistPotion"},{"floor":12,"key":"AttackPotion"},{"floor":13,"key":"SkillPotion"}],"is_trial":false,"path_per_floor":["M","?","?","?","T","E","?","M","T","?","E","M","M","E","R","B"],"character_chosen":"BLACKBEARD_CLASS","items_purchased":[],"campfire_rested":0,"item_purchase_floors":[],"current_hp_per_floor":[69,78,78,78,78,69,69,69,69,69,52,52,52,39,39,0,0,0],"gold":216,"neow_bonus":"TRANSFORM_CARD","is_daily":false,"chose_seed":false,"campfire_upgraded":1,"win_rate":0.0,"timestamp":1607982137,"path_taken":["M","?","?","?","?","E","?","?","T","?","E","M","M","E","R","BOSS"],"items_purchased_type":[],"build_version":"2020-12-13","purchased_purges":0,"victory":false,"max_hp_per_floor":[75,84,84,84,84,84,84,84,84,84,84,84,84,84,84,84,84,84],"relic_stats":{"counters":[8,26],"Pen Nib":[2],"obtain_stats":[{"Runesmith:Nanobots":6,"blackbeard:LoadTheCannons":0,"Simple Rune":14,"Pen Nib":9,"ReplayTheSpireMod:TigerMarble":4,"TungstenRod":5,"Hallownest:TeacherSealRelic":10,"Replay:Rubber Ducky":11},{"Runesmith:Nanobots":2,"blackbeard:LoadTheCannons":0,"Simple Rune":7,"Pen Nib":3,"ReplayTheSpireMod:TigerMarble":1,"TungstenRod":1,"Hallownest:TeacherSealRelic":3,"Replay:Rubber Ducky":4},{"Runesmith:Nanobots":8,"blackbeard:LoadTheCannons":0,"Simple Rune":21,"Pen Nib":10,"ReplayTheSpireMod:TigerMarble":4,"TungstenRod":4,"Hallownest:TeacherSealRelic":10,"Replay:Rubber Ducky":15}],"TungstenRod":16},"card_choices":[{"not_picked":["blackbeard:Eyepatch","blackbeard:Fencing"],"picked":"blackbeard:Spear","floor":1},{"not_picked":["blackbeard:Fencing","blackbeard:FishingNets"],"picked":"blackbeard:Sword","floor":6},{"not_picked":["blackbeard:CaptainsCabin","blackbeard:FieryDefense"],"picked":"blackbeard:Fencing","floor":8},{"not_picked":["blackbeard:FieryDefense","blackbeard:AgileStrike"],"picked":"blackbeard:WeaponProficiency","floor":11},{"not_picked":["blackbeard:Dagger","blackbeard:TacticalRetreat"],"picked":"blackbeard:SwordDance","floor":12},{"not_picked":["blackbeard:InfiniteBarrage","blackbeard:WoodenLeg"],"picked":"blackbeard:Halberd","floor":13},{"not_picked":["blackbeard:ChaoticDefense","blackbeard:RearmingStrike"],"picked":"blackbeard:WiseDefense","floor":14}],"player_experience":132763,"relics_obtained":[{"floor":5,"key":"TungstenRod"},{"floor":6,"key":"Runesmith:Nanobots"},{"floor":9,"key":"Pen Nib"},{"floor":11,"key":"Replay:Rubber Ducky"},{"floor":14,"key":"Simple Rune"}],"event_choices":[],"is_beta":false,"boss_relics":[],"items_purged_floors":[],"is_endless":false,"potions_floor_spawned":[1,12,13],"killed_by":"Hallownest:BossHornet","ascension_level":0}}