{"host":"a1eatafr7pisesky","time":1607963455,"event":{"mods":["BaseMod","Colored Map","DeckTracker","Highlight Path","Keyboard Shortcuts","Minty Spire (QoL Compilation)","Permanent Neow","Random Character Button","StSLib","SuperFastMode","everything is the same but u backflip on backflip"],"gold_per_floor":[117,192,208,58,76,76,92,92,92,109,109,109,123,123,123,219,219,237,237,256,37,37,37,65,65,65,97,97,115,146,46,46,144,144,160,175,135,10,22,22,49,49,49,82,92,92,92,92,92,92,92,92,15,40,40],"floor_reached":56,"playtime":1086,"items_purged":["Strike_R","Strike_R","Strike_R+1"],"score":1764,"play_id":"b7f28d78-c979-4172-b26f-a8b2f0f59683","local_time":"20201215013055","is_ascension_mode":true,"campfire_choices":[{"data":"Searing Blow","floor":6.0,"key":"SMITH"},{"data":"Searing Blow+1","floor":8.0,"key":"SMITH"},{"data":"Searing Blow+2","floor":11.0,"key":"SMITH"},{"data":"Searing Blow+3","floor":15.0,"key":"SMITH"},{"data":"Searing Blow+4","floor":23.0,"key":"SMITH"},{"data":"Searing Blow+5","floor":25.0,"key":"SMITH"},{"data":"Searing Blow+6","floor":28.0,"key":"SMITH"},{"data":"Searing Blow+7","floor":32.0,"key":"SMITH"},{"data":"Searing Blow+9","floor":40.0,"key":"SMITH"},{"data":"Searing Blow+10","floor":42.0,"key":"SMITH"},{"data":"Searing Blow+11","floor":47.0,"key":"SMITH"},{"floor":49.0,"key":"RECALL"},{"data":"Searing Blow+13","floor":52.0,"key":"SMITH"}],"circlet_count":0,"master_deck":["Defend_R+1","Defend_R+1","Defend_R+1","Bash+1","Searing Blow+14","Flex+1","Offering+1","Battle Trance+1","Reaper+1","Necronomicurse","Inflame+1","Offering+1","Shrug It Off+1","Burning Pact+1","Pummel+1","Bloodletting+1","Iron Wave+1"],"relics":["Burning Blood","Whetstone","Toxic Egg 2","Busted Crown","Necronomicon","Darkstone Periapt","HornCleat","Gremlin Horn","Sundial","SacredBark","Juzu Bracelet","Mummified Hand","Mark of the Bloom","Bronze Scales"],"acts_visited":["Exordium","TheCity","TheBeyond","TheEnding"],"potions_floor_usage":[55,55],"damage_taken":[{"damage":7.0,"enemies":"2 Louse","floor":1.0,"turns":4.0},{"damage":15.0,"enemies":"Small Slimes","floor":3.0,"turns":3.0},{"damage":6.0,"enemies":"Jaw Worm","floor":5.0,"turns":4.0},{"damage":27.0,"enemies":"Gremlin Gang","floor":7.0,"turns":4.0},{"damage":13.0,"enemies":"3 Louse","floor":10.0,"turns":3.0},{"damage":15.0,"enemies":"Exordium Thugs","floor":13.0,"turns":3.0},{"damage":12.0,"enemies":"Hexaghost","floor":16.0,"turns":6.0},{"damage":21.0,"enemies":"3 Byrds","floor":18.0,"turns":4.0},{"damage":18.0,"enemies":"2 Thieves","floor":20.0,"turns":3.0},{"damage":20.0,"enemies":"Gremlin Leader","floor":24.0,"turns":3.0},{"damage":32.0,"enemies":"Slavers","floor":27.0,"turns":2.0},{"damage":14.0,"enemies":"Snake Plant","floor":29.0,"turns":2.0},{"damage":25.0,"enemies":"Book of Stabbing","floor":30.0,"turns":3.0},{"damage":6.0,"enemies":"Automaton","floor":33.0,"turns":2.0},{"damage":0.0,"enemies":"Orb Walker","floor":35.0,"turns":1.0},{"damage":20.0,"enemies":"3 Shapes","floor":36.0,"turns":3.0},{"damage":15.0,"enemies":"Sphere and 2 Shapes","floor":39.0,"turns":2.0},{"damage":0.0,"enemies":"Reptomancer","floor":41.0,"turns":1.0},{"damage":0.0,"enemies":"Nemesis","floor":44.0,"turns":3.0},{"damage":6.0,"enemies":"Spire Growth","floor":45.0,"turns":1.0},{"damage":6.0,"enemies":"Awakened One","floor":50.0,"turns":2.0},{"damage":12.0,"enemies":"Shield and Spear","floor":54.0,"turns":2.0},{"damage":60,"enemies":"The Heart","floor":55,"turns":3}],"seed_played":"-3062047217992071921","potions_obtained":[{"floor":1.0,"key":"Explosive Potion"},{"floor":3.0,"key":"LiquidMemories"},{"floor":10.0,"key":"EntropicBrew"},{"floor":18.0,"key":"PowerPotion"},{"floor":30.0,"key":"Ancient Potion"},{"floor":33.0,"key":"BloodPotion"}],"is_trial":false,"path_per_floor":["M","?","M","$","M","R","M","R","T","M","R","?","M","?","R","B",null,"M","?","M","$","?","R","E","R","T","E","R","M","E","$","R","B",null,"M","M","?","$","M","R","E","R","T","E","M","?","R","?","R","B",null,"R","$","E","B",null],"character_chosen":"IRONCLAD","items_purchased":["Whetstone","Offering+1","LiquidBronze"],"campfire_rested":0,"item_purchase_floors":[4,21,53],"current_hp_per_floor":[71,60,51,51,51,51,30,30,30,23,23,23,14,7,7,16,64,59,43,55,55,40,40,62,62,62,59,59,60,57,57,57,57,78,84,85,85,85,85,85,85,85,85,85,85,85,85,85,85,79,79,79,79,67,7],"gold":40,"neow_bonus":"REMOVE_CARD","is_daily":false,"chose_seed":false,"campfire_upgraded":12,"win_rate":0.0,"timestamp":1607963455,"path_taken":["M","?","M","$","M","R","M","R","T","M","R","?","M","?","R","BOSS","M","?","M","$","?","R","E","R","T","E","R","M","E","$","R","BOSS","M","M","?","$","M","R","E","R","T","E","M","?","R","?","R","BOSS","R","$","E","BOSS"],"items_purchased_type":["Relic","Card","Potion"],"build_version":"2020-12-13","purchased_purges":3,"victory":true,"max_hp_per_floor":[80,80,80,80,80,80,80,80,80,80,80,80,80,80,80,80,80,80,80,80,80,85,85,85,85,85,85,85,85,85,85,85,85,85,85,85,85,85,85,85,85,85,85,85,85,85,85,85,85,85,85,85,85,85,85],"card_choices":[{"not_picked":["Dual Wield","Sever Soul"],"picked":"Searing Blow","floor":1.0},{"not_picked":["Anger","True Grit"],"picked":"Flex","floor":3.0},{"not_picked":["Pommel Strike","Cleave"],"picked":"Offering","floor":5.0},{"not_picked":["Clash","Infernal Blade","True Grit"],"picked":"SKIP","floor":7.0},{"not_picked":["Twin Strike","Pommel Strike","Wild Strike"],"picked":"SKIP","floor":10.0},{"not_picked":["Iron Wave","Clothesline"],"picked":"Battle Trance+1","floor":13.0},{"not_picked":["Juggernaut","Immolate"],"picked":"Reaper","floor":16.0},{"not_picked":["Iron Wave"],"picked":"SKIP","floor":18.0},{"not_picked":[],"picked":"Inflame","floor":20.0},{"not_picked":[],"picked":"Shrug It Off+1","floor":24.0},{"not_picked":["Sword Boomerang"],"picked":"SKIP","floor":27.0},{"not_picked":["Pommel Strike"],"picked":"SKIP","floor":29.0},{"not_picked":["Rupture"],"picked":"SKIP","floor":30.0},{"not_picked":[],"picked":"Burning Pact+1","floor":35.0},{"not_picked":[],"picked":"Pummel+1","floor":36.0},{"not_picked":["Iron Wave+1"],"picked":"SKIP","floor":39.0},{"not_picked":[],"picked":"Bloodletting+1","floor":41.0},{"not_picked":["Dropkick"],"picked":"SKIP","floor":44.0},{"not_picked":["Havoc+1"],"picked":"SKIP","floor":45.0},{"not_picked":[],"picked":"Iron Wave+1","floor":54.0}],"player_experience":206442,"relics_obtained":[{"floor":9.0,"key":"Toxic Egg 2"},{"floor":19.0,"key":"Necronomicon"},{"floor":24.0,"key":"Darkstone Periapt"},{"floor":26.0,"key":"HornCleat"},{"floor":27.0,"key":"Gremlin Horn"},{"floor":30.0,"key":"Sundial"},{"floor":41.0,"key":"Juzu Bracelet"},{"floor":44.0,"key":"Mummified Hand"},{"floor":54.0,"key":"Bronze Scales"}],"event_choices":[{"damage_healed":0.0,"max_hp_gain":0.0,"max_hp_loss":0.0,"gold_gain":75.0,"event_name":"World of Goop","player_choice":"Gather Gold","floor":2.0,"gold_loss":0.0,"damage_taken":11.0},{"damage_healed":0.0,"max_hp_gain":0.0,"max_hp_loss":0.0,"gold_gain":0.0,"event_name":"Liars Game","player_choice":"Ignored","floor":12.0,"gold_loss":0.0,"damage_taken":0.0},{"cards_removed":["Strike_R"],"damage_healed":0.0,"max_hp_gain":0.0,"max_hp_loss":0.0,"gold_gain":0.0,"event_name":"Golden Wing","player_choice":"Card Removal","floor":14.0,"gold_loss":0.0,"damage_taken":7.0},{"damage_healed":0.0,"max_hp_gain":0.0,"max_hp_loss":0.0,"gold_gain":0.0,"event_name":"Cursed Tome","player_choice":"Obtained Book","floor":19.0,"gold_loss":0.0,"damage_taken":16.0},{"damage_healed":0.0,"max_hp_gain":5.0,"max_hp_loss":0.0,"gold_gain":0.0,"event_name":"Forgotten Altar","player_choice":"Shed Blood","floor":22.0,"gold_loss":0.0,"damage_taken":20.0},{"damage_healed":0.0,"max_hp_gain":0.0,"max_hp_loss":0.0,"gold_gain":0.0,"event_name":"Designer","player_choice":"Upgrade","floor":37.0,"gold_loss":40.0,"damage_taken":0.0,"cards_upgraded":["Searing Blow"]},{"cards_removed":["Defend_R"],"damage_healed":0.0,"max_hp_gain":0.0,"max_hp_loss":0.0,"gold_gain":0.0,"event_name":"Falling","player_choice":"Removed Skill","floor":46.0,"gold_loss":0.0,"damage_taken":0.0},{"damage_healed":0.0,"max_hp_gain":0.0,"max_hp_loss":0.0,"gold_gain":0.0,"event_name":"MindBloom","player_choice":"Upgrade","floor":48.0,"gold_loss":0.0,"damage_taken":0.0,"cards_upgraded":["Defend_R","Defend_R","Defend_R","Searing Blow","Flex","Offering","Reaper","Inflame"],"relics_obtained":["Mark of the Bloom"]}],"is_beta":false,"boss_relics":[{"not_picked":["Pandora\u0027s Box","Black Star"],"picked":"Busted Crown"},{"not_picked":["Fusion Hammer","Calling Bell"],"picked":"SacredBark"}],"items_purged_floors":[21,31,38],"is_endless":false,"potions_floor_spawned":[1,3,10,18,30,33,36,39,41],"ascension_level":6}}