{"host":"opr81hzsdc1gmhxe","time":1607987571,"event":{"mods":["BaseMod","BetterRewards","Colored Map","Colored Powertips","Downfall","Friendly Minions","Minty Spire (QoL Compilation)","StSLib"],"gold_per_floor":[99,249,249,279,289,304,304,304,304,304],"floor_reached":9,"playtime":592,"items_purged":[],"score":59,"play_id":"c80a0933-2eb4-4ffd-9a27-99439705b163","local_time":"20201214181251","is_ascension_mode":false,"campfire_choices":[{"data":"champ:Taunt","floor":1,"key":"SMITH"},{"data":"champ:Execute","floor":8,"key":"SMITH"}],"circlet_count":0,"master_deck":["champ:Strike","champ:Strike","champ:Strike","champ:Strike","champ:Defend","champ:Defend","champ:Defend","champ:Defend","champ:Execute+1","champ:Taunt+1","Slimebound:Icky","champ:RapidStrikes","champ:HeartStrike","champ:FocusedDefense"],"relics":["champ:ChampionCrown","Torii","Matryoshka"],"acts_visited":["Exordium"],"potions_floor_usage":[9],"damage_taken":[{"damage":80,"enemies":"Gremlin Nob","floor":4,"turns":7},{"damage":1,"enemies":"2 Louse","floor":5,"turns":4},{"damage":7,"enemies":"Small Slimes","floor":6,"turns":6},{"damage":41,"enemies":"3 Sentries","floor":9,"turns":6}],"seed_played":"-988111655056783373","potions_obtained":[{"floor":5,"key":"AttackPotion"}],"is_trial":false,"path_per_floor":["R","?","?","E","M","M","T","R","E"],"character_chosen":"THE_CHAMP","items_purchased":[],"campfire_rested":0,"item_purchase_floors":[],"current_hp_per_floor":[99,99,104,34,33,31,31,31,0,0],"gold":304,"neow_bonus":"TEN_PERCENT_HP_BONUS","is_daily":false,"chose_seed":false,"campfire_upgraded":2,"win_rate":0.0,"timestamp":1607987571,"path_taken":["R","?","?","E","M","M","T","R","E"],"items_purchased_type":[],"build_version":"2020-12-13","purchased_purges":0,"victory":false,"max_hp_per_floor":[99,99,104,104,104,104,104,104,104,104],"card_choices":[{"not_picked":["champ:FanOfKnives","champ:BringItOn"],"picked":"champ:RapidStrikes","floor":4},{"not_picked":["champ:Backstep","champ:DeathBlow"],"picked":"champ:HeartStrike","floor":5},{"not_picked":["champ:CrookedStrike","champ:Lariat"],"picked":"champ:FocusedDefense","floor":6}],"player_experience":422336,"relics_obtained":[{"floor":4,"key":"Torii"},{"floor":7,"key":"Matryoshka"}],"event_choices":[{"damage_healed":0,"gold_gain":0,"player_choice":"Donut","damage_taken":0,"max_hp_gain":5,"max_hp_loss":0,"event_name":"Big Fish","floor":3,"gold_loss":0}],"is_beta":false,"boss_relics":[],"items_purged_floors":[],"is_endless":false,"potions_floor_spawned":[5],"killed_by":"3 Sentries","ascension_level":0}}