{"host":"apvnte8t1esriuig","time":1607979737,"event":{"mods":["2.2 Compatiblity","AchievementEnabler","BaseMod","Infinite Spire","Minty Spire (QoL Compilation)","Rare Cards Sparkle","StSLib"],"gold_per_floor":[117,137,137,137,137,166,166,166,190,217,217,247,267,302,302,400,400,420,345,365,107,107,107,132,160,214,239,239,274,274,305,305,401,401,418,418,418,463,17,52,68,93,142,162,123,134,134,168,168,263,263,269,282,126,201,226,226,250,266,266,286,306,286,286],"floor_reached":63,"playtime":2156,"items_purged":[],"score":1367,"play_id":"6a6e1d7e-deb7-4f2c-b771-e290f5aa4280","local_time":"20201214220217","daily_mods":["Draft","Vintage","Colorless Cards","Heirloom","Time Dilation","Flight","DeadlyEvents","Elite Swarm"],"is_ascension_mode":true,"campfire_choices":[{"data":"DevaForm","floor":7,"key":"SMITH"},{"data":"Storm","floor":8,"key":"SMITH"},{"floor":11,"key":"REST"},{"floor":15,"key":"REST"},{"data":"Echo Form","floor":23,"key":"SMITH"},{"floor":32,"key":"REST"},{"floor":47,"key":"REST"},{"data":"infinitespire:UltimateForm","floor":49,"key":"SMITH"},{"data":"Echo Form","floor":57,"key":"SMITH"}],"circlet_count":0,"master_deck":["Demon Form+1","Wraith Form v2","Echo Form+1","DevaForm+1","Sunder","Sweeping Beam","Dramatic Entrance","Conserve Battery","Ball Lightning","Cold Snap+1","Storm+1","Steam","Ball Lightning","Dark Shackles","Steam","Defragment","infinitespire:Punishment","The Bomb+1","Echo Form+1","infinitespire:UltimateForm+1","infinitespire:Collect","Electrodynamics","infinitespire:Punishment","Loop","infinitespire:UltimateForm","Self Repair","Electrodynamics","Creative AI"],"relics":["Cracked Core","Incense Burner","infinitespire:EmpoweringShard","infinitespire:Satchel","Unceasing Top","Nunchaku","Thread and Needle","Regal Pillow","CaptainsWheel","Mango","Inserter","Blood Vial","Peace Pipe","HornCleat","Shuriken","infinitespire:Freezer","infinitespire:CheckeredPen","War Paint","Pocketwatch","infinitespire:FocusingShard","infinitespire:Joker Card","Orichalcum","Empty Cage","Bronze Scales","Lee\u0027s Waffle","Bird Faced Urn","DollysMirror","Akabeko","Pen Nib","Vajra","Singing Bowl","Molten Egg 2","Happy Flower","infinitespire:Beetle Shell","Gremlin Horn","Darkstone Periapt","Nuclear Battery","Smiling Mask","Bag of Marbles","Membership Card","infinitespire:Golems Mask","The Courier","Shovel","Matryoshka","Art of War","White Beast Statue"],"acts_visited":["Exordium","TheCity","TheBeyond","Exordium"],"potions_floor_usage":[20,31,33,50,50,63,63,63],"damage_taken":[{"damage":0,"enemies":"Cultist","floor":1,"turns":3},{"damage":0,"enemies":"Small Slimes","floor":2,"turns":3},{"damage":0,"enemies":"Lagavulin","floor":6,"turns":4},{"damage":10,"enemies":"Gremlin Nob","floor":10,"turns":4},{"damage":14,"enemies":"3 Sentries","floor":12,"turns":3},{"damage":0,"enemies":"2 Louse","floor":13,"turns":1},{"damage":0,"enemies":"Gremlin Nob","floor":14,"turns":2},{"damage":13,"enemies":"Slime Boss","floor":16,"turns":6},{"damage":2,"enemies":"Spheric Guardian","floor":18,"turns":3},{"damage":14,"enemies":"2 Thieves","floor":20,"turns":4},{"damage":17,"enemies":"Gremlin Leader","floor":24,"turns":5},{"damage":0,"enemies":"Nightmare","floor":25,"turns":6},{"damage":0,"enemies":"Book of Stabbing","floor":27,"turns":5},{"damage":6,"enemies":"Slavers","floor":29,"turns":4},{"damage":0,"enemies":"Gremlin Leader","floor":31,"turns":5},{"damage":0,"enemies":"Collector","floor":33,"turns":6},{"damage":13,"enemies":"3 Darklings","floor":35,"turns":5},{"damage":0,"enemies":"2 Orb Walkers","floor":38,"turns":2},{"damage":22,"enemies":"Reptomancer","floor":40,"turns":4},{"damage":0,"enemies":"Orb Walker","floor":41,"turns":3},{"damage":49,"enemies":"Nightmare","floor":42,"turns":6},{"damage":5,"enemies":"3 Darklings","floor":44,"turns":3},{"damage":0,"enemies":"4 Shapes","floor":46,"turns":2},{"damage":34,"enemies":"Nemesis","floor":48,"turns":5},{"damage":37,"enemies":"Awakened One","floor":50,"turns":5},{"damage":0,"enemies":"Jaw Worm","floor":52,"turns":1},{"damage":0,"enemies":"2 Louse","floor":53,"turns":1},{"damage":0,"enemies":"3 Sentries","floor":56,"turns":1},{"damage":0,"enemies":"Gremlin Nob","floor":58,"turns":3},{"damage":0,"enemies":"Cultist","floor":59,"turns":1},{"damage":3,"enemies":"Lagavulin","floor":61,"turns":4},{"damage":6,"enemies":"3 Sentries","floor":62,"turns":3},{"damage":153,"enemies":"Nightmare_Alpha","floor":63,"turns":5}],"seed_played":"5895458620163957803","potions_obtained":[{"floor":1,"key":"GamblersBrew"},{"floor":10,"key":"EssenceOfDarkness"},{"floor":13,"key":"Dexterity Potion"},{"floor":14,"key":"Explosive Potion"},{"floor":20,"key":"DistilledChaos"},{"floor":24,"key":"Regen Potion"},{"floor":31,"key":"Fruit Juice"},{"floor":33,"key":"Fruit Juice"},{"floor":38,"key":"PotionOfCapacity"},{"floor":50,"key":"Regen Potion"},{"floor":52,"key":"ColorlessPotion"}],"is_trial":true,"path_per_floor":["M","M","?","?","?","E","R","R","T","E","R","E","M","E","R","B",null,"M","?","M","$","T","R","E","NM","T","E","AVR","E","?","E","R","B",null,"M","?","AVR","?","$","E","M","NM","T","M","$","M","R","E","R","B",null,"M","M","$","?","E","R","E","M","T","E","E","NM"],"character_chosen":"DEFECT","items_purchased":["HornCleat","DollysMirror","Akabeko","Pen Nib","Self Repair","Membership Card"],"campfire_rested":4,"item_purchase_floors":[21,39,39,39,45,54],"current_hp_per_floor":[75,75,68,53,53,53,53,53,53,43,65,51,51,65,89,76,89,87,87,75,75,75,75,60,62,62,64,64,60,60,67,94,99,99,86,76,106,106,106,90,98,69,69,70,70,76,108,87,87,77,110,110,110,110,99,109,109,114,114,114,116,114,0,0],"gold":286,"neow_bonus":"","is_daily":false,"chose_seed":false,"campfire_upgraded":5,"win_rate":0.0,"timestamp":1607979737,"path_taken":["M","M","?","?","?","E","R","R","T","E","R","E","?","E","R","BOSS","M","?","?","$","?","R","?","NM","T","E","AVR","E","?","?","R","BOSS","M","?","AVR","?","$","E","M","NM","T","M","$","?","R","?","R","BOSS","M","?","$","?","?","R","E","M","T","E","E","NM"],"items_purchased_type":["Relic","Relic","Relic","Relic","Card","Relic"],"build_version":"2020-12-13","purchased_purges":0,"victory":false,"max_hp_per_floor":[75,75,75,75,75,75,75,75,75,75,75,75,75,89,89,89,89,89,89,89,89,89,89,89,89,89,89,89,89,89,94,94,99,99,99,99,106,106,106,106,106,108,108,108,108,108,108,108,108,110,110,110,110,110,110,112,112,114,114,114,116,116,116,116],"card_choices":[{"not_picked":["Beam Cell","Rip and Tear"],"picked":"Sunder","floor":0},{"not_picked":["Cold Snap","Leap"],"picked":"Sweeping Beam","floor":0},{"not_picked":["Static Discharge","Conserve Battery"],"picked":"Dramatic Entrance","floor":0},{"not_picked":["Compile Driver","Cold Snap"],"picked":"Conserve Battery","floor":0},{"not_picked":["Coolheaded","Gash"],"picked":"Ball Lightning","floor":0},{"not_picked":["Aggregate","Hologram"],"picked":"Cold Snap","floor":0},{"not_picked":["Hologram","Leap"],"picked":"Storm","floor":0},{"not_picked":["Beam Cell","Go for the Eyes"],"picked":"Steam","floor":0},{"not_picked":["Heatsinks","Panacea"],"picked":"Coolheaded","floor":0},{"not_picked":["Stack","Rebound"],"picked":"Coolheaded","floor":0},{"not_picked":["Gash","Barrage"],"picked":"Ball Lightning","floor":0},{"not_picked":["Compile Driver","Stack"],"picked":"Dark Shackles","floor":0},{"not_picked":["Streamline","Leap"],"picked":"Steam","floor":0},{"not_picked":["Hologram","Force Field"],"picked":"Defragment","floor":0},{"not_picked":["Rebound","Consume"],"picked":"Gash","floor":0},{"not_picked":["infinitespire:SevenWalls","infinitespire:FutureSight"],"picked":"infinitespire:Punishment","floor":5},{"not_picked":["Chrysalis","Secret Technique"],"picked":"The Bomb","floor":6},{"not_picked":["Mayhem","Violence","Hyperbeam"],"picked":"SKIP","floor":10},{"not_picked":["Chrysalis","Transmutation","Machine Learning"],"picked":"SKIP","floor":12},{"not_picked":["Rainbow","Transmutation"],"picked":"Echo Form","floor":14},{"not_picked":["Apotheosis","Metamorphosis","Echo Form"],"picked":"SKIP","floor":24},{"not_picked":["Thinking Ahead","Core Surge","Hyperbeam"],"picked":"SKIP","floor":25},{"not_picked":["Thinking Ahead","Core Surge","Hyperbeam"],"picked":"SKIP","floor":25},{"not_picked":["The Bomb","Mayhem","Machine Learning"],"picked":"SKIP","floor":27},{"not_picked":["Core Surge","Secret Technique"],"picked":"Electrodynamics","floor":29},{"not_picked":["The Bomb","Master of Strategy","Echo Form"],"picked":"SKIP","floor":31},{"not_picked":["Chill+1","Good Instincts"],"picked":"Loop","floor":38},{"not_picked":["Chrysalis","Transmutation","Mayhem"],"picked":"SKIP","floor":40},{"not_picked":["Master of Strategy","HandOfGreed+1","Sadistic Nature"],"picked":"Singing Bowl","floor":42},{"not_picked":["Panache","Seek"],"picked":"Electrodynamics","floor":48},{"not_picked":["Transmutation","Biased Cognition","All For One+1"],"picked":"Singing Bowl","floor":50},{"not_picked":["Magnetism","Chrysalis","Apotheosis"],"picked":"Singing Bowl","floor":56},{"not_picked":["Thunder Strike+1","The Bomb","Metamorphosis"],"picked":"Singing Bowl","floor":58},{"not_picked":["Hyperbeam+1","Chrysalis","Amplify"],"picked":"Singing Bowl","floor":61},{"not_picked":["Magnetism","Machine Learning"],"picked":"Creative AI","floor":62}],"player_experience":316082,"relics_obtained":[{"floor":1,"key":"infinitespire:EmpoweringShard"},{"floor":2,"key":"infinitespire:Satchel"},{"floor":6,"key":"Unceasing Top"},{"floor":9,"key":"Nunchaku"},{"floor":10,"key":"Thread and Needle"},{"floor":12,"key":"Regal Pillow"},{"floor":13,"key":"CaptainsWheel"},{"floor":14,"key":"Mango"},{"floor":18,"key":"Blood Vial"},{"floor":20,"key":"Peace Pipe"},{"floor":22,"key":"Shuriken"},{"floor":24,"key":"infinitespire:Freezer"},{"floor":25,"key":"infinitespire:CheckeredPen"},{"floor":26,"key":"War Paint"},{"floor":27,"key":"Pocketwatch"},{"floor":29,"key":"infinitespire:Joker Card"},{"floor":31,"key":"Orichalcum"},{"floor":35,"key":"Bronze Scales"},{"floor":38,"key":"Bird Faced Urn"},{"floor":40,"key":"Vajra"},{"floor":41,"key":"Singing Bowl"},{"floor":42,"key":"Molten Egg 2"},{"floor":43,"key":"Happy Flower"},{"floor":44,"key":"infinitespire:Beetle Shell"},{"floor":46,"key":"Gremlin Horn"},{"floor":48,"key":"Darkstone Periapt"},{"floor":52,"key":"Smiling Mask"},{"floor":53,"key":"Bag of Marbles"},{"floor":56,"key":"infinitespire:Golems Mask"},{"floor":58,"key":"The Courier"},{"floor":59,"key":"Shovel"},{"floor":60,"key":"Matryoshka"},{"floor":61,"key":"Art of War"},{"floor":62,"key":"White Beast Statue"}],"event_choices":[{"cards_removed":["Gash"],"damage_healed":0,"gold_gain":0,"player_choice":"Card Removal","damage_taken":7,"max_hp_gain":0,"max_hp_loss":0,"event_name":"Golden Wing","floor":3,"gold_loss":0},{"damage_healed":0,"gold_gain":0,"player_choice":"Entered Light","damage_taken":15,"max_hp_gain":0,"max_hp_loss":0,"event_name":"Shining Light","floor":4,"gold_loss":0,"cards_upgraded":["Demon Form","Cold Snap"]},{"cards_removed":["Normality"],"damage_healed":0,"gold_gain":0,"player_choice":"Gave Gold","damage_taken":0,"max_hp_gain":0,"max_hp_loss":0,"event_name":"Beggar","floor":19,"gold_loss":75},{"cards_removed":["Doubt"],"damage_healed":0,"gold_gain":0,"player_choice":"Removed Curses","damage_taken":0,"max_hp_gain":0,"max_hp_loss":0,"event_name":"Fountain of Cleansing","floor":30,"gold_loss":0},{"damage_healed":0,"gold_gain":0,"player_choice":"Memory 3","damage_taken":10,"max_hp_gain":0,"max_hp_loss":0,"event_name":"SensoryStone","floor":36,"gold_loss":0},{"damage_healed":0,"gold_gain":0,"player_choice":"Fight","damage_taken":0,"max_hp_gain":0,"max_hp_loss":0,"event_name":"Mysterious Sphere","floor":38,"gold_loss":0},{"damage_healed":0,"gold_gain":75,"player_choice":"Touch","damage_taken":11,"max_hp_gain":0,"max_hp_loss":0,"event_name":"FaceTrader","floor":55,"gold_loss":0}],"is_beta":false,"boss_relics":[{"not_picked":["Coffee Dripper","Fusion Hammer"],"picked":"Inserter"},{"not_picked":["Tiny House","Runic Pyramid"],"picked":"Empty Cage"},{"not_picked":["FrozenCore","Snecko Eye"],"picked":"Nuclear Battery"}],"items_purged_floors":[],"is_endless":true,"potions_floor_spawned":[1,10,13,14,16,20,24,31,33,38,40,48,50,52,56,59,62],"killed_by":"Nightmare_Alpha","ascension_level":1}}