{"host":"ds28d883r3sz42zs","time":1607975449,"event":{"mods":["2.2 Compatiblity","AchievementEnabler","Act Like it!","BaseMod","Bestiary","Better Match","Better Sensory Stone","Better Third Choice","Better-Laid Plans","BetterRewards","Block Reminder","Challenge The Spire","Colored Map","Colored Powertips","Defuse TimeMaze Blight","Disable Question Mark Monsters","Displayed Cursed Tome","Emptier Cage","GifTheSpireLib","Gold Saver","Minty Spire (QoL Compilation)","Permanent Neow","Practice Mode","Quick Restart","Random Character Button","Rare Cards Sparkle","Relic Filter","Relic Stats","SacredBarkPlus","StSLib","SuperFastMode","Uncapped","Unknown Chances"],"gold_per_floor":[224,238,238,253,263,294,294,328,328,328,346,360,360,360],"floor_reached":13,"playtime":358,"items_purged":[],"score":141,"play_id":"4e65c322-61e4-458a-8e0e-128dbf9f8769","local_time":"20201214145049","is_ascension_mode":true,"campfire_choices":[{"data":"Defragment","floor":7,"key":"SMITH"},{"data":"Self Repair","floor":10,"key":"SMITH"}],"circlet_count":0,"master_deck":["Strike_B","Strike_B","Strike_B","Strike_B","Defend_B","Defend_B","Defend_B","Defend_B","Zap","Dualcast","Ball Lightning","Leap","Self Repair+1","Compile Driver","Defragment+1","Ball Lightning","Leap","Compile Driver"],"relics":["Coffee Dripper","Potion Belt","Frozen Egg 2"],"acts_visited":["Exordium"],"potions_floor_usage":[6,12],"damage_taken":[{"damage":3,"enemies":"Small Slimes","floor":1,"turns":4},{"damage":0,"enemies":"Cultist","floor":2,"turns":3},{"damage":0,"enemies":"2 Louse","floor":4,"turns":4},{"damage":25,"enemies":"Large Slime","floor":5,"turns":6},{"damage":25,"enemies":"Gremlin Nob","floor":6,"turns":4},{"damage":16,"enemies":"Lagavulin","floor":8,"turns":6},{"damage":5,"enemies":"3 Louse","floor":11,"turns":3},{"damage":0,"enemies":"2 Fungi Beasts","floor":12,"turns":2},{"damage":32,"enemies":"3 Sentries","floor":13,"turns":5}],"seed_played":"-5786211305727929282","potions_obtained":[{"floor":4,"key":"Ancient Potion"},{"floor":8,"key":"Swift Potion"},{"floor":11,"key":"AttackPotion"},{"floor":12,"key":"LiquidBronze"}],"is_trial":false,"path_per_floor":["M","M","?","M","M","E","R","E","T","R","M","M","E"],"character_chosen":"DEFECT","items_purchased":[],"campfire_rested":0,"item_purchase_floors":[],"current_hp_per_floor":[65,65,65,65,47,29,29,13,13,13,18,28,0,0],"gold":360,"neow_bonus":"BOSS_RELIC","is_daily":false,"chose_seed":false,"campfire_upgraded":2,"win_rate":0.0,"timestamp":1607975449,"path_taken":["M","M","?","?","M","E","R","E","T","R","M","M","E"],"items_purchased_type":[],"build_version":"2020-12-13","purchased_purges":0,"victory":false,"max_hp_per_floor":[75,75,75,75,75,75,75,75,75,75,75,75,75,75],"relic_stats":{"counters":[9,37],"obtain_stats":[{"Potion Belt":6,"Coffee Dripper":0,"Frozen Egg 2":8,"Cracked Core":0},{"Potion Belt":5,"Coffee Dripper":0,"Frozen Egg 2":6,"Cracked Core":0},{"Potion Belt":21,"Coffee Dripper":0,"Frozen Egg 2":27,"Cracked Core":0}]},"card_choices":[{"not_picked":["FTL","Aggregate"],"picked":"Ball Lightning","floor":1},{"not_picked":["Stack","Coolheaded"],"picked":"Leap","floor":2},{"not_picked":["Scrape","Leap"],"picked":"Self Repair","floor":4},{"not_picked":["Go for the Eyes","Gash"],"picked":"Compile Driver","floor":5},{"not_picked":["Recycle","Cold Snap"],"picked":"Defragment","floor":6},{"not_picked":["Steam","Hyperbeam"],"picked":"Ball Lightning","floor":8},{"not_picked":["Turbo","Storm+1"],"picked":"Leap","floor":11},{"not_picked":["Sunder","Ball Lightning"],"picked":"Compile Driver","floor":12}],"player_experience":650055,"relics_obtained":[{"floor":6,"key":"Potion Belt"},{"floor":8,"key":"Frozen Egg 2"}],"event_choices":[{"cards_removed":["Neutralize"],"damage_healed":0,"gold_gain":0,"player_choice":"Took Card","damage_taken":0,"max_hp_gain":0,"max_hp_loss":0,"event_name":"NoteForYourself","floor":3,"gold_loss":0,"cards_obtained":["Neutralize"]}],"is_beta":false,"boss_relics":[],"items_purged_floors":[],"is_endless":false,"potions_floor_spawned":[4,8,11,12],"killed_by":"3 Sentries","ascension_level":9}}