{"host":"igi9xpgoc000gxf5","time":1607989316,"event":{"mods":["BaseMod","Colored Powertips","Downfall","Googly Eyes","Minty Spire (QoL Compilation)","StSLib"],"gold_per_floor":[0,0,0,20,5,40,40,40,51,51,67,78,178,178,195,195,195],"floor_reached":16,"playtime":743,"items_purged":[],"score":100,"play_id":"62d5bdce-9647-49ec-a744-6a1afa7b704e","local_time":"20201215004156","is_ascension_mode":false,"campfire_choices":[{"floor":1,"key":"RECALL"},{"data":"Mayhem","floor":3,"key":"SMITH"},{"floor":8,"key":"REST"},{"floor":10,"key":"REST"}],"circlet_count":0,"master_deck":["Slimebound:Strike_Slimebound","Slimebound:Strike_Slimebound","Slimebound:Strike_Slimebound","Slimebound:Tackle","Slimebound:Defend_Slimebound","Slimebound:Defend_Slimebound","Slimebound:Defend_Slimebound","Slimebound:Split","Slimebound:CorrosiveSpit","Mayhem+1","Slimebound:SplitBruiser","Slimebound:DuplicatedForm","Slimebound:PressTheAttack","Slimebound:SlimeSpikes","Slimebound:SplitBruiser","Slimebound:RejuvenatingLick","Slimebound:ItLooksTasty"],"relics":["Slimebound:AbsorbEndCombat","Bronze Scales","Letter Opener"],"acts_visited":["Exordium"],"potions_floor_usage":[16],"damage_taken":[{"damage":14,"enemies":"2 Louse","floor":4,"turns":2},{"damage":21,"enemies":"downfall:FleeingMerchant","floor":5,"turns":4},{"damage":37,"enemies":"3 Sentries","floor":6,"turns":8},{"damage":9,"enemies":"Cultist","floor":9,"turns":3},{"damage":19,"enemies":"Small Slimes","floor":11,"turns":3},{"damage":21,"enemies":"Blue Slaver","floor":12,"turns":3},{"damage":22,"enemies":"Lots of Slimes","floor":15,"turns":3},{"damage":56,"enemies":"downfall:Defect","floor":16,"turns":4}],"seed_played":"-2758262804310318216","potions_obtained":[{"floor":6,"key":"DuplicationPotion"},{"floor":14,"key":"Slimebound:SlimyTonguePotion"},{"floor":14,"key":"Slimebound:SlimedPotion"},{"floor":15,"key":"AttackPotion"}],"is_trial":false,"path_per_floor":["R","?","R","M","$","E","T","R","M","R","M","M","?","?","M","B"],"character_chosen":"SLIMEBOUND","items_purchased":[],"campfire_rested":2,"item_purchase_floors":[],"current_hp_per_floor":[60,60,60,52,43,16,16,34,35,53,55,46,46,46,34,0,0],"gold":195,"neow_bonus":"RANDOM_COLORLESS_2","is_daily":false,"chose_seed":false,"campfire_upgraded":1,"win_rate":0.0,"timestamp":1607989316,"path_taken":["R","?","R","?","$","E","T","R","M","R","M","M","?","?","M","BOSS"],"items_purchased_type":[],"build_version":"2020-12-13","purchased_purges":0,"victory":false,"max_hp_per_floor":[60,60,60,60,60,60,60,60,60,60,60,60,60,60,60,60,60],"card_choices":[{"not_picked":["Transmutation","expansioncontent:QuickStudy"],"picked":"Mayhem","floor":0},{"not_picked":["Slimebound:FlameTackle","Slimebound:MegaLick"],"picked":"Slimebound:SplitBruiser","floor":4},{"not_picked":["Slimebound:LeechingTouch","Slimebound:GoopTackle"],"picked":"Slimebound:DuplicatedForm","floor":5},{"not_picked":["Slimebound:ProtectTheBoss","Slimebound:SlimeSlap"],"picked":"Slimebound:PressTheAttack","floor":6},{"not_picked":["Slimebound:LeechingTouch","Slimebound:SplitLeeching"],"picked":"Slimebound:SlimeSpikes","floor":9},{"not_picked":["Slimebound:SlimeSpikes","Slimebound:Grow"],"picked":"Slimebound:SplitBruiser","floor":11},{"not_picked":["Slimebound:FinishingTackle","Slimebound:GoopSpray"],"picked":"Slimebound:RejuvenatingLick","floor":12},{"not_picked":["Slimebound:LevelUp","Slimebound:GrowthPunch"],"picked":"Slimebound:ItLooksTasty","floor":15}],"player_experience":862961,"relics_obtained":[{"floor":6,"key":"Bronze Scales"},{"floor":7,"key":"Letter Opener"}],"event_choices":[{"cards_removed":["Slimebound:Defend_Slimebound"],"damage_healed":0,"gold_gain":0,"player_choice":"Offered Basic","damage_taken":0,"max_hp_gain":0,"max_hp_loss":0,"event_name":"Bonfire Elementals","floor":2,"gold_loss":0},{"damage_healed":0,"gold_gain":0,"player_choice":"Got Potions","damage_taken":0,"max_hp_gain":0,"max_hp_loss":0,"event_name":"Lab","floor":14,"gold_loss":0}],"is_beta":false,"boss_relics":[],"items_purged_floors":[],"is_endless":false,"potions_floor_spawned":[6,15],"killed_by":"downfall:Defect","ascension_level":0}}