{"host":"y30n8hbqlqxhztg8","time":1607915559,"event":{"mods":["A Magickal Journey","AchievementEnabler","BaseMod","BetterRewards","Block Reminder","Colored Map","Conspire","Downfall","GifTheSpireLib","Glutton Mod","Hubris","Infinite Spire","Koishi","Marisa????????","Minty Spire (QoL Compilation)","Prisma Mod","Replay The Spire","Shop Mod","Somnambulant","StSLib","Stuff the Spire","The Factory","The Jungle","[IsaacMod]????"],"gold_per_floor":[119,119,132,147,0,33,33,33,111,111,126,126,126,141,141,241,241,253,127,127,127,127,127,127,127,209,209,62,62,72,87,87,87,87],"floor_reached":33,"playtime":1414,"items_purged":[],"score":266,"play_id":"761f5d8e-e61b-4d19-81a2-cbf00468031f","local_time":"20201213191239","is_ascension_mode":false,"campfire_choices":[{"floor":7,"key":"REST"},{"floor":10,"key":"REST"},{"floor":15,"key":"REST"},{"floor":23,"key":"REST"},{"data":"Strike_G","floor":25,"key":"SMITH"},{"data":"Strike_G","floor":27,"key":"SMITH"},{"data":"Strike_G","floor":29,"key":"SMITH"},{"floor":32,"key":"REST"}],"circlet_count":0,"master_deck":["Strike_G+1","Strike_G+1","Strike_G+1","Strike_G","Strike_G","Defend_G","Defend_G","Defend_G","Defend_G","Defend_G","Survivor","Neutralize","Deflect+1","Blade Dance+1","infinitespire:Neurotoxin+1","Poison Darts","Blur","StuffTheSpire:Brawn","Strike_G","Strike_G","Strike_G","Strike_G","Strike_G","Defend_G","Defend_G","Defend_G","Defend_G","Defend_G","Survivor","Neutralize","Deflect+1","Blade Dance+1","infinitespire:Neurotoxin+1","Poison Darts","Blur","StuffTheSpire:Brawn","Hidden Blade"],"relics":["Ring of the Snake","HushsDoor","GuppysTail","NeowsBlessing","Guide Book","hubris:GlazedTorus","Replay:WaspNest","conspire:SpecialSausage","StuffTheSpire:RubySignet","Replay:Bottled Flurry","conspire:TreasureMap"],"acts_visited":["Exordium","TheCity"],"potions_floor_usage":[16,33,33,33],"damage_taken":[{"damage":0,"enemies":"2 Louse","floor":1,"turns":1},{"damage":0,"enemies":"Cultist","floor":3,"turns":1},{"damage":0,"enemies":"Small Slimes","floor":4,"turns":1},{"damage":60,"enemies":"Gremlin Nob","floor":6,"turns":6},{"damage":5,"enemies":"Red Slaver","floor":11,"turns":3},{"damage":0,"enemies":"Blue Slaver","floor":14,"turns":3},{"damage":50,"enemies":"Fading Forest","floor":16,"turns":11},{"damage":13,"enemies":"Shell Parasite","floor":18,"turns":4},{"damage":3,"enemies":"Chosen","floor":30,"turns":3},{"damage":15,"enemies":"Centurion and Healer","floor":31,"turns":5},{"damage":83,"enemies":"Collector","floor":33,"turns":6}],"seed_played":"-1450911042512946099","potions_obtained":[{"floor":3,"key":"hexamod:EctoCoolerPotion"},{"floor":11,"key":"DistilledChaos"},{"floor":14,"key":"Elixir"},{"floor":16,"key":"ColorlessPotion"},{"floor":31,"key":"Dexterity Potion"}],"is_trial":false,"path_per_floor":["M","?","M","M","$","E","R","?","T","R","M","T","?","M","R","B",null,"M","?","?","?","?","R","AVR","R","T","R","$","R","M","M","R","B"],"character_chosen":"THE_SILENT","items_purchased":["Guide Book","conspire:TreasureMap"],"campfire_rested":5,"item_purchase_floors":[5,28],"current_hp_per_floor":[70,70,70,70,70,10,31,31,31,52,47,47,47,47,68,25,70,57,57,57,57,57,70,70,70,70,70,70,70,67,52,70,0,0],"gold":87,"neow_bonus":"THREE_ENEMY_KILL","is_daily":false,"chose_seed":false,"campfire_upgraded":3,"win_rate":0.0,"timestamp":1607915559,"path_taken":["M","?","?","M","$","E","R","?","T","R","M","?","?","?","R","BOSS","M","?","?","?","?","R","AVR","R","T","R","$","R","M","?","R","BOSS"],"items_purchased_type":["Relic","Relic"],"build_version":"2020-12-13","purchased_purges":0,"victory":false,"max_hp_per_floor":[70,70,70,70,70,70,70,70,70,70,70,70,70,70,70,70,70,70,70,70,70,70,70,70,70,70,70,70,70,70,70,70,70,70],"card_choices":[{"not_picked":["Quick Slash","StuffTheSpire:Repulse"],"picked":"Deflect","floor":1},{"not_picked":["ReplayTheSpireMod:Tripwire","StuffTheSpire:MirrorStance","Quick Slash"],"picked":"SKIP","floor":3},{"not_picked":["Backflip","StuffTheSpire:Fury"],"picked":"Blade Dance","floor":4},{"not_picked":["StuffTheSpire:BumpUp","ReplayTheSpireMod:Exploit Weakness","Prepared"],"picked":"SKIP","floor":6},{"not_picked":["Backflip","Dodge and Roll","ReplayTheSpireMod:Speed Training"],"picked":"SKIP","floor":11},{"not_picked":["Hidden Blade","PiercingWail"],"picked":"infinitespire:Neurotoxin","floor":14},{"not_picked":["ReplayTheSpireMod:From All Sides","Doppelganger"],"picked":"Poison Darts","floor":16},{"not_picked":["Quick Slash","StuffTheSpire:Incursion+1"],"picked":"Blur","floor":18},{"not_picked":["hubris:SlightOfHand","ReplayTheSpireMod:Scrap Shanks"],"picked":"Hidden Blade","floor":30},{"not_picked":["StuffTheSpire:ClusterCrunch+1","Well Laid Plans+1","Quick Slash+1"],"picked":"SKIP","floor":31}],"player_experience":43916,"relics_obtained":[{"floor":6,"key":"hubris:GlazedTorus"},{"floor":9,"key":"Replay:WaspNest"},{"floor":26,"key":"Replay:Bottled Flurry"}],"event_choices":[{"damage_healed":0,"gold_gain":0,"player_choice":"Bought 0 Potions","damage_taken":0,"max_hp_gain":0,"max_hp_loss":0,"event_name":"The Woman in Blue","floor":2,"gold_loss":0}],"is_beta":false,"boss_relics":[{"not_picked":["StuffTheSpire:Kangaroo","infinitespire:Cupcake"],"picked":"conspire:SpecialSausage"},{"not_picked":[]}],"items_purged_floors":[],"is_endless":false,"potions_floor_spawned":[3,11,14,16,31],"killed_by":"Collector","ascension_level":0}}