{"host":"v0byp44r5syn346h","time":1607955736,"event":{"mods":["2.2 Compatiblity","AchievementEnabler","Act Like it!","AlwaysNeverKeys","Aspiration","BaseMod","Bestiary","Better Match","Better Note","Better Skull","Better Third Choice","Better Vampires","BetterRewards","Card Filter","Colored Map","Colored Powertips","Conspire","Defuse TimeMaze Blight","Displayed Cursed Tome","Downfall","Friendly Minions","Gremlin Skip","Halation","Highlight Path","Hubris","Infinite Spire","Minty Spire (QoL Compilation)","Pale of the Ancients","Quarter Circle Forward PUNCH!","Quick Restart","Random Character Button","Rare Cards Sparkle","Relic Filter","Relic Stats","Reorder Act Four","Replay The Spire","Reworked Bosses","Shop Mod","Spicy Shops","Spikes Relics","StSLib","SuperFastMode","The Blue Laboratory","The Construct","The Cursed","The Hierophant","The Jungle","Thieving Mod","Trackpad","Unknown Chances","egg","vexMod"],"gold_per_floor":[118,293,293,368,381,413,413,151,228,14,14,39,50,66,66,169,169,189,204,220,220,239,269,282,317,317,331,430,430,430,449,449,550,550,567,567,578,578,589,619,636,652,698,728,728,728,482,516,516,516,526,536,536,239,239,258,258,342,342,342],"floor_reached":61,"playtime":2170,"items_purged":["Strike_P","Strike_P","Defend_P","Defend_P","Strike_P","WreathOfFlame"],"score":2587,"play_id":"33587220-857e-499e-a685-59943645cfd6","local_time":"20201214152216","is_ascension_mode":true,"campfire_choices":[{"data":"Eruption","floor":7,"key":"SMITH"},{"data":"hubris:Fate","floor":32,"key":"SMITH"},{"data":"TalkToTheHand","floor":46,"key":"SMITH"},{"data":"TalkToTheHand","floor":49,"key":"SMITH"},{"data":"DeusExMachina","floor":55,"key":"SMITH"},{"data":"Wallop","floor":57,"key":"SMITH"}],"circlet_count":0,"master_deck":["Eruption+1","Vigilance","CarveReality","Wallop+1","Replay:AllIn","DeusExMachina+1","hubris:Fate+1","TalkToTheHand+1","DevaForm","TalkToTheHand+1","TalkToTheHand+1","CarveReality","TalkToTheHand+1","Fasting2+1","Fasting2","Fasting2","ReplayUltimateDefense","ReplayUltimateDefense"],"relics":["PureWater","trackpad:SappingStone","hubris:FunFungus","Question Card","trackpad:BottledTsunami","hubris:BottledRain","Medical Kit","Membership Card","Ginger","OrangePellets","Counterbalance","Replay:Wax Seal","hubris:EmptyBottle","hubris:DeckOfHolding","HandDrill","HornCleat","vexMod:ScavengeHelm","Torii","ReplayTheSpireMod:ShopPack","trackpad:WindUpAutoDealer","halation:Prosthetics","infinitespire:Beetle Shell","aspiration:Stabinomicon","vexMod:InvisibilityCloak","halation:BlueSoulGem","construct:WeddingRing","conspire:TopHat","hubris:SlimyHat","Happy Flower","SpikesRelics:DaevaFist","aspiration:TomeofQuesting","trackpad:ZombieHeart","paleoftheancients:Timepiece","paleoftheancients:KeyRelic","Oddly Smooth Stone","Sozu","Gremlin Horn","paleoftheancients:SoulOfTheWokeBloke","PrismaticShard","hubris:SphereOfDissonance","infinitespire:Bottled Soul","qcfpunch:Black_Training_Shirt","halation:NonexistentMirror","hubris:NiceRug","Ornamental Fan","vexMod:Spyglass","qcfpunch:Red_Gi"],"acts_visited":["Exordium","TheCity","TheBeyond","TheBeyond"],"potions_floor_usage":[1,1,23,23,25,25,33,35,60,60,60,60,60,60],"damage_taken":[{"damage":0,"enemies":"Jaw Worm","floor":1,"turns":1},{"damage":2,"enemies":"Small Slimes","floor":5,"turns":4},{"damage":12,"enemies":"Lagavulin","floor":6,"turns":7},{"damage":1,"enemies":"3 Sentries","floor":12,"turns":7},{"damage":0,"enemies":"2 Louse","floor":13,"turns":1},{"damage":0,"enemies":"Looter","floor":14,"turns":2},{"damage":0,"enemies":"The Guardian","floor":16,"turns":4},{"damage":0,"enemies":"Shell Parasite","floor":18,"turns":1},{"damage":0,"enemies":"Chosen","floor":19,"turns":2},{"damage":0,"enemies":"Centurion and Healer","floor":20,"turns":3},{"damage":1,"enemies":"Cultist and Chosen","floor":22,"turns":2},{"damage":1,"enemies":"Gremlin Leader","floor":23,"turns":3},{"damage":1,"enemies":"3 Cultists","floor":24,"turns":4},{"damage":0,"enemies":"Book of Stabbing","floor":25,"turns":4},{"damage":10,"enemies":"Centurion and Healer","floor":27,"turns":4},{"damage":0,"enemies":"Shelled Parasite and Fungi","floor":31,"turns":2},{"damage":20,"enemies":"Automaton","floor":33,"turns":6},{"damage":0,"enemies":"3 Darklings","floor":35,"turns":4},{"damage":0,"enemies":"Orb Walker","floor":37,"turns":3},{"damage":0,"enemies":"Maw","floor":39,"turns":5},{"damage":0,"enemies":"R_Hoarder","floor":40,"turns":5},{"damage":0,"enemies":"Sphere and 2 Shapes","floor":41,"turns":4},{"damage":0,"enemies":"Spire Growth","floor":42,"turns":3},{"damage":0,"enemies":"Giant Head","floor":44,"turns":1},{"damage":1,"enemies":"R_Hoarder","floor":48,"turns":5},{"damage":30,"enemies":"bossMod:newShapes","floor":50,"turns":4},{"damage":33,"enemies":"bossMod:newShapes","floor":51,"turns":6},{"damage":0,"enemies":"bossMod:newShapes","floor":52,"turns":3},{"damage":0,"enemies":"bossMod:newShapes","floor":56,"turns":1},{"damage":0,"enemies":"hubris:Merchant","floor":58,"turns":2},{"damage":0,"enemies":"paleoftheancients:N","floor":60,"turns":11}],"seed_played":"-2806973142912211319","potions_obtained":[{"floor":1,"key":"blueLaboratory:Moonshine"},{"floor":6,"key":"blueLaboratory:CorrosionFlask"},{"floor":18,"key":"PowerPotion"},{"floor":31,"key":"blueLaboratory:BottleOfVodka"},{"floor":33,"key":"blueLaboratory:NullPotion"},{"floor":35,"key":"CultistPotion"}],"is_trial":false,"path_per_floor":["M","?","?","?","M","E","R","$","T","$","?","E","M","M","R_BF","B",null,"M","M","M","?","M","E","M","E","T","M","?","AVR","?","M","R","B",null,"M","?","M","?","M","E","M","M","T","E","?","R","$","E","R","B","M","M","?","$","R","M","R","$","?","B",null],"character_chosen":"WATCHER","items_purchased":["trackpad:SappingStone","Question Card","trackpad:BottledTsunami","hubris:BottledRain","Medical Kit","Membership Card","Ginger","OrangePellets","Counterbalance","blueLaboratory:FruitPunch","Replay:Wax Seal","hubris:EmptyBottle","HandDrill","HornCleat","Wallop","Torii","ReplayTheSpireMod:ShopPack","SpikesRelics:DaevaFist","aspiration:TomeofQuesting","PrismaticShard","hubris:SphereOfDissonance","infinitespire:Bottled Soul","qcfpunch:Black_Training_Shirt","halation:NonexistentMirror","Fasting2"],"campfire_rested":0,"item_purchase_floors":[0,0,0,0,0,0,0,0,0,0,0,0,8,8,8,10,10,47,47,54,54,54,58,58,58],"current_hp_per_floor":[27,27,20,9,7,9,9,9,9,9,9,9,9,9,9,9,33,33,33,33,33,32,31,30,31,31,21,21,21,21,21,21,1,31,31,31,32,32,32,37,38,38,38,38,38,38,38,38,38,35,31,42,42,42,42,47,47,52,52,58],"gold":342,"neow_bonus":"","is_daily":false,"chose_seed":false,"campfire_upgraded":6,"win_rate":0.0,"timestamp":1607955736,"path_taken":["M","?","?","?","M","E","R","$","T","?","?","E","M","M","R_BF","BOSS","M","?","M","?","?","E","M","E","T","M","?","AVR","?","M","R","BOSS","M","?","M","?","M","E","?","M","T","E","?","R","$","E","R","BOSS","M","M","?","$","R","M","R","$","?","BOSS"],"items_purchased_type":["Relic","Relic","Relic","Relic","Relic","Relic","Relic","Relic","Relic","Potion","Relic","Relic","Relic","Relic","Card","Relic","Relic","Relic","Relic","Relic","Relic","Relic","Relic","Relic","Card"],"build_version":"2020-12-13","purchased_purges":6,"victory":true,"max_hp_per_floor":[76,76,76,76,76,76,76,76,76,76,76,76,76,76,76,76,41,41,41,41,41,41,41,41,41,41,41,41,41,41,41,41,41,41,41,41,41,41,41,41,41,41,41,41,41,41,41,41,41,43,48,49,49,49,49,49,49,52,52,58],"relic_stats":{"Sozu":1,"OrangePellets":[0],"Torii":12,"Happy Flower":[14],"Gremlin Horn":[39,41],"counters":[142,463],"Ornamental Fan":[256],"HandDrill":[24],"Ginger":[1],"Question Card":44,"Medical Kit":[28],"obtain_stats":[{"Golden Egg":9,"trackpad:Mousetrap":7,"vexMod:MemoryStick":13,"aspiration:PoetsPen_weak":34,"Ginger":0,"Boot":9,"halation:RedSoulGem":2,"Replay:Ringing Soul":9,"trackpad:PocketGalaxy":0,"vexMod:InvisibilityCloak":26,"vexMod:CardConverter":9,"hubris:DeckOfHolding":6,"Necronomicon":22,"HandDrill":8,"trackpad:AdjectivePendant":3,"Replay:Wax Seal":0,"hubris:MobiusCoin":0,"Counterbalance":0,"vexMod:MysteryBossChallenge":17,"hubris:SphereOfDissonance":54,"qcfpunch:School_Backpack":58,"hubris:TenFootPole":2,"trackpad:WindUpAutoDealer":7,"halation:BlackBeret":10,"qcfpunch:Spiky_Bracers":48,"Regal Pillow":5,"Lantern":40,"Torii":27,"RoseTintedShades":12,"Replay:Multitool":46,"hubris:EmptyBottle":0,"Cursed Key":17,"Smiling Mask":26,"Pet Ghost":44,"qcfpunch:Wild_Herbs_Ointment":58,"BranchBurnRelic":25,"infinitespire:Bottled Soul":54,"vexMod:RedPlottingStone":0,"WingedGreaves":0,"hubris:CuriousFeather":8,"hubris:FunFungus":0,"Chemical X":0,"Ring of Panic":2,"BicycleWheel":8,"construct:ClawGrip":17,"construct:WeddingRing":34,"NeowsBlessing":0,"Golden Idol":10,"qcfpunch:Black_Training_Shirt":31,"halation:Yufonium":34,"Damaru":0,"infinitespire:Joker Card":8,"PreservedInsect":0,"aspiration:RandomNobGenerator":17,"Omamori":27,"hubris:Towel":53,"halation:NonexistentMirror":58,"Ornamental Fan":42,"SpikesRelics:DaevaFist":47,"halation:AfternoonTea":13,"Bottled Lightning":31,"ReplayTheSpireMod:Ring of Challenge":2,"conspire:DeflatedDodgeball":54,"ReplayTheSpireMod:Lightbulb":28,"hubris:BottledRain":0,"Mark of the Bloom":47,"Gremlin Horn":50,"aspiration:Stabinomicon":25,"halation:Prosthetics":17,"halation:BlueSoulGem":30,"Sozu":50,"trackpad:ZombieHeart":48,"HornCleat":8,"DollysMirror":0,"Strawberry":30,"qcfpunch:Red_Gi":58,"halation:VictoryRuler":26,"Prayer Wheel":0,"Iron Hammer":27,"paleoftheancients:KeyRelic":50,"hubris:Teleporter":44,"Happy Flower":6,"trackpad:SappingStone":0,"vexMod:ScavengeHelm":9,"Dead Branch":19,"Oddly Smooth Stone":22,"infinitespire:Beetle Shell":9,"vexMod:PaidLearning":0,"conspire:Boomerang":8,"aspiration:HiddenCompartment":6,"Question Card":26,"paleoftheancients:Timepiece":50,"OrangePellets":0,"Replay:Baseball":0,"conspire:GiftBox":0,"Shuriken":58,"paleoftheancients:SoulOfTheWokeBloke":51,"ReplayTheSpireMod:TigerMarble":0,"trackpad:BottledTsunami":0,"Meat on the Bone":8,"halation:PapillonHeart":49,"trackpad:PetRock":43,"aspiration:TomeofQuesting":47,"Juzu Bracelet":40,"Incense Burner":54,"paleoftheancients:SoulOfTheDefect":56,"hubris:SlimyHat":43,"Replay:Mystery Machine":7,"vexMod:Spyglass":58,"PrismaticShard":54,"conspire:TopHat":40,"vexMod:FluxCapacitor":17,"Nunchaku":41,"TheAbacus":4,"Gambling Chip":11,"Pantograph":4,"trackpad:VoidSphere":58,"Replay:Bottled Snecko":58,"halation:LettersToHer":0,"BargainBundle":8,"trackpad:HandOfMidas":0,"trackpad:Trackpad":17,"Guide Book":0,"paleoftheancients:SoulOfTheHexaghost":56,"aspiration:HummingbirdHeart":5,"Odd Mushroom":11,"qcfpunch:White_Boots":43,"Medical Kit":0,"Strange Spoon":8,"Pondfish Scales":0,"Anchor":50,"infinitespire:WardingShard":13,"Snack Pack":23,"Membership Card":0,"PureWater":0,"ReplayTheSpireMod:ShopPack":10,"hubris:NiceRug":58},{"Golden Egg":4,"trackpad:Mousetrap":16,"vexMod:MemoryStick":18,"aspiration:PoetsPen_weak":99,"Ginger":111,"Boot":47,"halation:RedSoulGem":1,"Replay:Ringing Soul":16,"trackpad:PocketGalaxy":32,"vexMod:InvisibilityCloak":125,"vexMod:CardConverter":85,"hubris:DeckOfHolding":114,"Necronomicon":23,"HandDrill":114,"trackpad:AdjectivePendant":1,"Replay:Wax Seal":111,"hubris:MobiusCoin":32,"Counterbalance":111,"vexMod:MysteryBossChallenge":8,"hubris:SphereOfDissonance":139,"qcfpunch:School_Backpack":110,"hubris:TenFootPole":33,"trackpad:WindUpAutoDealer":54,"halation:BlackBeret":37,"qcfpunch:Spiky_Bracers":76,"Regal Pillow":54,"Lantern":104,"Torii":62,"RoseTintedShades":38,"Replay:Multitool":75,"hubris:EmptyBottle":111,"Cursed Key":20,"Smiling Mask":62,"Pet Ghost":73,"qcfpunch:Wild_Herbs_Ointment":110,"BranchBurnRelic":94,"infinitespire:Bottled Soul":139,"vexMod:RedPlottingStone":29,"WingedGreaves":32,"hubris:CuriousFeather":85,"hubris:FunFungus":111,"Chemical X":32,"Ring of Panic":30,"BicycleWheel":85,"construct:ClawGrip":89,"construct:WeddingRing":128,"NeowsBlessing":0,"Golden Idol":85,"qcfpunch:Black_Training_Shirt":65,"halation:Yufonium":66,"Damaru":52,"infinitespire:Joker Card":4,"PreservedInsect":12,"aspiration:RandomNobGenerator":41,"Omamori":62,"hubris:Towel":79,"halation:NonexistentMirror":140,"Ornamental Fan":72,"SpikesRelics:DaevaFist":135,"halation:AfternoonTea":6,"Bottled Lightning":98,"ReplayTheSpireMod:Ring of Challenge":30,"conspire:DeflatedDodgeball":79,"ReplayTheSpireMod:Lightbulb":63,"hubris:BottledRain":111,"Mark of the Bloom":75,"Gremlin Horn":77,"aspiration:Stabinomicon":125,"halation:Prosthetics":118,"halation:BlueSoulGem":126,"Sozu":107,"trackpad:ZombieHeart":136,"HornCleat":114,"DollysMirror":81,"Strawberry":27,"qcfpunch:Red_Gi":141,"halation:VictoryRuler":94,"Prayer Wheel":81,"Iron Hammer":62,"paleoftheancients:KeyRelic":77,"hubris:Teleporter":106,"Happy Flower":45,"trackpad:SappingStone":111,"vexMod:ScavengeHelm":114,"Dead Branch":90,"Oddly Smooth Stone":11,"infinitespire:Beetle Shell":36,"vexMod:PaidLearning":32,"conspire:Boomerang":47,"aspiration:HiddenCompartment":3,"Question Card":25,"paleoftheancients:Timepiece":77,"OrangePellets":32,"Replay:Baseball":81,"conspire:GiftBox":81,"Shuriken":110,"paleoftheancients:SoulOfTheWokeBloke":138,"ReplayTheSpireMod:TigerMarble":81,"trackpad:BottledTsunami":111,"Meat on the Bone":36,"halation:PapillonHeart":76,"trackpad:PetRock":105,"aspiration:TomeofQuesting":135,"Juzu Bracelet":70,"Incense Burner":108,"paleoftheancients:SoulOfTheDefect":109,"hubris:SlimyHat":134,"Replay:Mystery Machine":85,"vexMod:Spyglass":110,"PrismaticShard":139,"conspire:TopHat":132,"vexMod:FluxCapacitor":57,"Nunchaku":71,"TheAbacus":30,"Gambling Chip":49,"Pantograph":84,"trackpad:VoidSphere":110,"Replay:Bottled Snecko":110,"halation:LettersToHer":81,"BargainBundle":85,"trackpad:HandOfMidas":42,"trackpad:Trackpad":8,"Guide Book":32,"paleoftheancients:SoulOfTheHexaghost":80,"aspiration:HummingbirdHeart":44,"Odd Mushroom":86,"qcfpunch:White_Boots":72,"Medical Kit":111,"Strange Spoon":85,"Pondfish Scales":12,"Anchor":77,"infinitespire:WardingShard":50,"Snack Pack":24,"Membership Card":111,"PureWater":0,"ReplayTheSpireMod:ShopPack":114,"hubris:NiceRug":141},{"Golden Egg":6,"trackpad:Mousetrap":57,"vexMod:MemoryStick":63,"aspiration:PoetsPen_weak":313,"Ginger":349,"Boot":170,"halation:RedSoulGem":1,"Replay:Ringing Soul":57,"trackpad:PocketGalaxy":124,"vexMod:InvisibilityCloak":394,"vexMod:CardConverter":254,"hubris:DeckOfHolding":361,"Necronomicon":88,"HandDrill":361,"trackpad:AdjectivePendant":1,"Replay:Wax Seal":349,"hubris:MobiusCoin":124,"Counterbalance":349,"vexMod:MysteryBossChallenge":22,"hubris:SphereOfDissonance":449,"qcfpunch:School_Backpack":347,"hubris:TenFootPole":126,"trackpad:WindUpAutoDealer":190,"halation:BlackBeret":138,"qcfpunch:Spiky_Bracers":235,"Regal Pillow":190,"Lantern":327,"Torii":208,"RoseTintedShades":139,"Replay:Multitool":234,"hubris:EmptyBottle":349,"Cursed Key":73,"Smiling Mask":208,"Pet Ghost":226,"qcfpunch:Wild_Herbs_Ointment":347,"BranchBurnRelic":292,"infinitespire:Bottled Soul":449,"vexMod:RedPlottingStone":114,"WingedGreaves":124,"hubris:CuriousFeather":254,"hubris:FunFungus":349,"Chemical X":124,"Ring of Panic":119,"BicycleWheel":254,"construct:ClawGrip":275,"construct:WeddingRing":406,"NeowsBlessing":0,"Golden Idol":254,"qcfpunch:Black_Training_Shirt":214,"halation:Yufonium":216,"Damaru":185,"infinitespire:Joker Card":6,"PreservedInsect":38,"aspiration:RandomNobGenerator":149,"Omamori":208,"hubris:Towel":240,"halation:NonexistentMirror":450,"Ornamental Fan":224,"SpikesRelics:DaevaFist":431,"halation:AfternoonTea":12,"Bottled Lightning":308,"ReplayTheSpireMod:Ring of Challenge":119,"conspire:DeflatedDodgeball":240,"ReplayTheSpireMod:Lightbulb":210,"hubris:BottledRain":349,"Mark of the Bloom":234,"Gremlin Horn":236,"aspiration:Stabinomicon":394,"halation:Prosthetics":375,"halation:BlueSoulGem":398,"Sozu":338,"trackpad:ZombieHeart":436,"HornCleat":361,"DollysMirror":248,"Strawberry":105,"qcfpunch:Red_Gi":452,"halation:VictoryRuler":292,"Prayer Wheel":248,"Iron Hammer":208,"paleoftheancients:KeyRelic":236,"hubris:Teleporter":336,"Happy Flower":163,"trackpad:SappingStone":349,"vexMod:ScavengeHelm":361,"Dead Branch":279,"Oddly Smooth Stone":35,"infinitespire:Beetle Shell":136,"vexMod:PaidLearning":124,"conspire:Boomerang":170,"aspiration:HiddenCompartment":3,"Question Card":96,"paleoftheancients:Timepiece":236,"OrangePellets":124,"Replay:Baseball":248,"conspire:GiftBox":248,"Shuriken":347,"paleoftheancients:SoulOfTheWokeBloke":446,"ReplayTheSpireMod:TigerMarble":248,"trackpad:BottledTsunami":349,"Meat on the Bone":136,"halation:PapillonHeart":235,"trackpad:PetRock":334,"aspiration:TomeofQuesting":431,"Juzu Bracelet":220,"Incense Burner":343,"paleoftheancients:SoulOfTheDefect":345,"hubris:SlimyHat":430,"Replay:Mystery Machine":254,"vexMod:Spyglass":347,"PrismaticShard":449,"conspire:TopHat":423,"vexMod:FluxCapacitor":195,"Nunchaku":221,"TheAbacus":119,"Gambling Chip":177,"Pantograph":252,"trackpad:VoidSphere":347,"Replay:Bottled Snecko":347,"halation:LettersToHer":248,"BargainBundle":254,"trackpad:HandOfMidas":154,"trackpad:Trackpad":22,"Guide Book":124,"paleoftheancients:SoulOfTheHexaghost":246,"aspiration:HummingbirdHeart":158,"Odd Mushroom":258,"qcfpunch:White_Boots":224,"Medical Kit":349,"Strange Spoon":254,"Pondfish Scales":38,"Anchor":236,"infinitespire:WardingShard":180,"Snack Pack":92,"Membership Card":349,"PureWater":0,"ReplayTheSpireMod:ShopPack":361,"hubris:NiceRug":452}]},"card_choices":[{"not_picked":["FlyingSleeves","Replay:Hum","FollowUp","Swivel"],"picked":"SKIP","floor":1},{"not_picked":["FlyingSleeves","ReachHeaven","EmptyBody"],"picked":"CarveReality","floor":5},{"not_picked":["Replay:ManipulateFuture","Protect","FearNoEvil","CrushJoints"],"picked":"SKIP","floor":6},{"not_picked":["vexMod:StairwayStrike","Chrysalis","The Bomb"],"picked":"Midas Touch","floor":10},{"not_picked":["Tantrum","SashWhip","FlyingSleeves","Brilliance"],"picked":"SKIP","floor":12},{"not_picked":["SashWhip","FollowUp","FlurryOfBlows","Collect"],"picked":"SKIP","floor":13},{"not_picked":["FollowUp","WindmillStrike","WaveOfTheHand","ThirdEye"],"picked":"SKIP","floor":14},{"not_picked":["Establishment","Replay:AllIn","Devotion"],"picked":"DeusExMachina","floor":16},{"not_picked":["Weave","FlyingSleeves","Wireheading","Wallop"],"picked":"SKIP","floor":18},{"not_picked":["Wireheading","CutThroughFate+1","SignatureMove","Replay:Vibes"],"picked":"SKIP","floor":19},{"not_picked":["ThirdEye","Replay:BluntJabs","Crescendo","Fasting2+1"],"picked":"SKIP","floor":20},{"not_picked":["Brilliance","Prostrate","CrushJoints+1","FlurryOfBlows"],"picked":"SKIP","floor":22},{"not_picked":["SashWhip","CutThroughFate","Evaluate","Halt"],"picked":"SKIP","floor":23},{"not_picked":["Consecrate","CrushJoints","Indignation","Wireheading"],"picked":"SKIP","floor":24},{"not_picked":["Collect","Replay:AllIn","ReachHeaven","ClearTheMind+1"],"picked":"SKIP","floor":25},{"not_picked":["EmptyBody+1","Halt","BowlingBash","FlyingSleeves"],"picked":"SKIP","floor":27},{"not_picked":["ForeignInfluence","Consecrate","PathToVictory"],"picked":"TalkToTheHand","floor":31},{"not_picked":["Replay:AllIn","Scrawl","LessonLearned"],"picked":"DevaForm","floor":33},{"not_picked":["Wallop+1","SashWhip+1","Crescendo"],"picked":"TalkToTheHand","floor":35},{"not_picked":["WaveOfTheHand","Consecrate","InnerPeace"],"picked":"TalkToTheHand+1","floor":37},{"not_picked":["Replay:ManipulateFuture","EmptyFist","CrushJoints"],"picked":"TalkToTheHand","floor":39},{"not_picked":["CrushJoints","Tantrum+1","Replay:DivineShield+1"],"picked":"Fasting2+1","floor":40},{"not_picked":["JustLucky","Replay:BluntJabs+1","Brilliance","FlyingSleeves"],"picked":"SKIP","floor":41},{"not_picked":["FollowUp","Indignation","Replay:Cycle","JustLucky+1"],"picked":"SKIP","floor":42},{"not_picked":["EmptyBody+1","Wireheading","Worship","WreathOfFlame+1"],"picked":"SKIP","floor":44},{"not_picked":["CutThroughFate+1","CrushJoints","Replay:ManipulateFuture","FlurryOfBlows"],"picked":"SKIP","floor":48},{"not_picked":["Evaluate","ClearTheMind+1","FlurryOfBlows+1","JustLucky+1"],"picked":"SKIP","floor":51},{"not_picked":["CutThroughFate+1","Replay:BluntJabs","Conclude+1","EmptyFist+1"],"picked":"SKIP","floor":52},{"not_picked":["Coolheaded","Replay:BluntJabs","LikeWater","Slimebound:GoopSpray+1"],"picked":"SKIP","floor":56},{"not_picked":[],"picked":"ReplayUltimateDefense","floor":58},{"not_picked":["CrushJoints"],"picked":"SKIP","floor":58},{"not_picked":["FollowUp"],"picked":"SKIP","floor":58},{"not_picked":["PathToVictory"],"picked":"SKIP","floor":58},{"not_picked":["WaveOfTheHand"],"picked":"SKIP","floor":58},{"not_picked":["Impatience"],"picked":"SKIP","floor":58}],"player_experience":820507,"relics_obtained":[{"floor":6,"key":"hubris:DeckOfHolding"},{"floor":9,"key":"vexMod:ScavengeHelm"},{"floor":12,"key":"trackpad:WindUpAutoDealer"},{"floor":23,"key":"infinitespire:Beetle Shell"},{"floor":25,"key":"aspiration:Stabinomicon"},{"floor":26,"key":"vexMod:InvisibilityCloak"},{"floor":40,"key":"conspire:TopHat"},{"floor":43,"key":"hubris:SlimyHat"},{"floor":44,"key":"Happy Flower"},{"floor":48,"key":"trackpad:ZombieHeart"},{"floor":51,"key":"paleoftheancients:SoulOfTheWokeBloke"},{"floor":58,"key":"Ornamental Fan"},{"floor":58,"key":"vexMod:Spyglass"},{"floor":58,"key":"qcfpunch:Red_Gi"}],"event_choices":[{"damage_healed":0,"gold_gain":175,"player_choice":"AGREE","damage_taken":118,"max_hp_gain":0,"max_hp_loss":0,"event_name":"betterThird:BetterSerpent","floor":2,"gold_loss":0},{"cards_removed":["Doubt"],"damage_healed":0,"gold_gain":0,"player_choice":"Card Removal","damage_taken":7,"max_hp_gain":0,"max_hp_loss":0,"event_name":"Golden Wing","floor":3,"gold_loss":0},{"damage_healed":0,"gold_gain":75,"player_choice":"Gold","damage_taken":11,"max_hp_gain":0,"max_hp_loss":0,"event_name":"betterThird:BetterGoop","floor":4,"gold_loss":0},{"damage_healed":0,"gold_gain":0,"cards_transformed":["Strike_P"],"player_choice":"Transformed","damage_taken":0,"max_hp_gain":0,"max_hp_loss":0,"event_name":"Transmorgrifier","floor":11,"gold_loss":0,"cards_obtained":["WreathOfFlame"]},{"cards_removed":["WreathOfFlame"],"damage_healed":0,"gold_gain":0,"player_choice":"Give","damage_taken":0,"max_hp_gain":0,"max_hp_loss":0,"event_name":"betterNote:BetterNote","floor":21,"gold_loss":0,"cards_obtained":["None"]},{"damage_healed":0,"gold_gain":99,"player_choice":"Steal","damage_taken":0,"max_hp_gain":0,"max_hp_loss":0,"event_name":"betterThird:BetterNest","floor":28,"gold_loss":0},{"damage_healed":0,"gold_gain":0,"cards_transformed":["Defend_P"],"player_choice":"Transformed","damage_taken":0,"max_hp_gain":0,"max_hp_loss":0,"event_name":"Transmorgrifier","floor":38,"gold_loss":0,"cards_obtained":["CarveReality"]},{"cards_removed":["Midas Touch"],"damage_healed":0,"gold_gain":0,"player_choice":"Removed Skill","damage_taken":0,"max_hp_gain":0,"max_hp_loss":0,"event_name":"Falling","floor":45,"gold_loss":0}],"is_beta":false,"boss_relics":[{"not_picked":["Cursed Key","aspiration:SecretTechniqueScroll"],"picked":"halation:Prosthetics"},{"not_picked":["vexMod:BigBerry","conspire:SpecialSausage"],"picked":"construct:WeddingRing"}],"items_purged_floors":[0,0,0,0,8,47],"is_endless":false,"potions_floor_spawned":[1,6,14,18,19,20,22,31,33,35,37,39,42,44,48,51,60],"ascension_level":9}}