{"host":"zsm7bdfo51n66z45","time":1607973908,"event":{"mods":["AchievementEnabler","BaseMod","Better Skull","Better Third Choice","Colored Powertips","Minty Spire (QoL Compilation)","MostiFishMod","Relic Stats","Spicy Shops","StSLib","Waifu the Spire"],"gold_per_floor":[118,133,144,144,160,187,187,203,203,230,142,158,158,170,170,271,271,283,283,82,82,82],"floor_reached":21,"playtime":585,"items_purged":[],"score":316,"play_id":"c09f8d7b-f6d8-4bc6-ae9f-b722e9016551","local_time":"20201214132508","is_ascension_mode":false,"campfire_choices":[{"data":"MostiFishMod:UniPurple","floor":13,"key":"SMITH"},{"data":"Eruption","floor":15,"key":"SMITH"}],"circlet_count":0,"master_deck":["Defend_P","Defend_P","Defend_P","Defend_P","Eruption+1","Vigilance","Sword Boomerang+1","Riddle With Holes","Regret","Headbutt","Crescendo","MostiFishMod:UniPurple+1","FlurryOfBlows","EmptyFist","Halt","MostiFishMod:TheEndOfMoonlight","FollowUp","Bite","Bite","Bite","Bite","Bite"],"relics":["PureWater","DaveBox","OneHitWonderSystem","Question Card","PrismaticShard","Damaru","White Beast Statue","Ornamental Fan","Letter Opener","ImportantClient","Coffee Dripper","Bottled Lightning"],"acts_visited":["Exordium","TheCity"],"potions_floor_usage":[1],"damage_taken":[{"damage":0,"enemies":"2 Louse","floor":1,"turns":1},{"damage":0,"enemies":"Cultist","floor":2,"turns":3},{"damage":0,"enemies":"Jaw Worm","floor":3,"turns":3},{"damage":0,"enemies":"Blue Slaver","floor":5,"turns":3},{"damage":0,"enemies":"Gremlin Nob","floor":6,"turns":4},{"damage":0,"enemies":"3 Louse","floor":8,"turns":2},{"damage":0,"enemies":"3 Sentries","floor":10,"turns":4},{"damage":0,"enemies":"Exordium Thugs","floor":12,"turns":2},{"damage":0,"enemies":"Exordium Wildlife","floor":14,"turns":2},{"damage":0,"enemies":"Hexaghost","floor":16,"turns":5},{"damage":0,"enemies":"Chosen","floor":18,"turns":3},{"damage":0,"enemies":"2 Thieves","floor":21,"turns":1}],"seed_played":"6681845135973925797","potions_obtained":[{"floor":1,"key":"Fruit Juice"},{"floor":3,"key":"Ancient Potion"},{"floor":5,"key":"SkillPotion"},{"floor":8,"key":"Block Potion"},{"floor":18,"key":"StancePotion"}],"is_trial":false,"path_per_floor":["M","M","M","?","M","E","?","M","T","E","$","M","R","M","R","B",null,"M","?","$","M"],"character_chosen":"WATCHER","items_purchased":["FlurryOfBlows","EmptyFist","Bottled Lightning"],"campfire_rested":0,"item_purchase_floors":[11,11,20],"current_hp_per_floor":[6,1,1,1,1,1,1,1,1,1,1,1,1,1,1,1,1,1,1,1,1,1],"gold":82,"neow_bonus":"TEN_PERCENT_HP_BONUS","is_daily":false,"chose_seed":false,"campfire_upgraded":2,"win_rate":0.0,"timestamp":1607973908,"path_taken":["M","M","M","?","M","E","?","M","T","E","$","M","R","?","R","BOSS","M","?","$","M"],"items_purchased_type":["Card","Card","Relic"],"build_version":"2020-12-13","purchased_purges":0,"victory":false,"max_hp_per_floor":[6,1,1,1,1,1,1,1,1,1,1,1,1,1,1,1,1,1,1,1,1,1],"relic_stats":{"counters":[12,33],"Ornamental Fan":[32],"Letter Opener":[5],"Question Card":10,"obtain_stats":[{"DaveBox":0,"Ornamental Fan":9,"Damaru":4,"Coffee Dripper":17,"OneHitWonderSystem":0,"Letter Opener":10,"Bottled Lightning":20,"PureWater":0,"Question Card":1,"PrismaticShard":1,"White Beast Statue":6,"ImportantClient":16},{"DaveBox":0,"Ornamental Fan":6,"Damaru":3,"Coffee Dripper":10,"OneHitWonderSystem":0,"Letter Opener":7,"Bottled Lightning":11,"PureWater":0,"Question Card":1,"PrismaticShard":1,"White Beast Statue":5,"ImportantClient":10},{"DaveBox":0,"Ornamental Fan":16,"Damaru":7,"Coffee Dripper":29,"OneHitWonderSystem":0,"Letter Opener":20,"Bottled Lightning":32,"PureWater":0,"Question Card":1,"PrismaticShard":1,"White Beast Statue":14,"ImportantClient":29}]},"card_choices":[{"not_picked":["SandsOfTime","ClearTheMind","Halt"],"picked":"SKIP","floor":1},{"not_picked":["Dagger Throw","Thunderclap","PiercingWail"],"picked":"Sword Boomerang","floor":2},{"not_picked":["ClearTheMind","Reaper","Slice"],"picked":"Riddle With Holes","floor":3},{"not_picked":["Streamline","Second Wind","WreathOfFlame","Flex"],"picked":"SKIP","floor":5},{"not_picked":["Conserve Battery","Panacea","ThirdEye"],"picked":"Headbutt","floor":6},{"not_picked":["Swift Strike","BootSequence","Beam Cell"],"picked":"Crescendo","floor":8},{"not_picked":["Sweeping Beam","Acrobatics","Glass Knife"],"picked":"MostiFishMod:UniPurple","floor":10},{"not_picked":["Leap","Enlightenment","Madness","Steam"],"picked":"SKIP","floor":12},{"not_picked":["Concentrate","Compile Driver","Deadly Poison"],"picked":"Halt","floor":14},{"not_picked":["MostiFishMod:Dislodge","MasterReality","MostiFishMod:ReadyAimFire"],"picked":"MostiFishMod:TheEndOfMoonlight","floor":16},{"not_picked":["Blade Dance","Thunderclap","Deflect"],"picked":"FollowUp","floor":18}],"player_experience":143333,"relics_obtained":[{"floor":1,"key":"Question Card"},{"floor":1,"key":"PrismaticShard"},{"floor":6,"key":"White Beast Statue"},{"floor":9,"key":"Ornamental Fan"},{"floor":10,"key":"Letter Opener"},{"floor":16,"key":"ImportantClient"}],"event_choices":[{"damage_healed":0,"gold_gain":0,"player_choice":"Box","damage_taken":0,"relics_obtained":["Damaru"],"max_hp_gain":0,"max_hp_loss":0,"event_name":"Big Fish","floor":4,"gold_loss":0,"cards_obtained":["Regret"]},{"damage_healed":0,"gold_gain":0,"player_choice":"Forge","damage_taken":0,"max_hp_gain":0,"max_hp_loss":0,"event_name":"Accursed Blacksmith","floor":7,"gold_loss":0,"cards_upgraded":["Sword Boomerang"]},{"damage_healed":0,"gold_gain":0,"player_choice":"Became a vampire","damage_taken":0,"max_hp_gain":0,"max_hp_loss":0,"event_name":"Vampires","floor":19,"gold_loss":0,"cards_obtained":["Bite","Bite","Bite","Bite","Bite"]}],"is_beta":false,"boss_relics":[{"not_picked":["GuanYuAspect","HolyWater"],"picked":"Coffee Dripper"}],"items_purged_floors":[],"is_endless":false,"potions_floor_spawned":[1,3,5,8,10,12,14,16,18],"killed_by":"2 Thieves","ascension_level":0}}