{"host":"ctlqibkg0sskiu65","time":1607944063,"event":{"mods":["2.2 Compatiblity","AchievementEnabler","Aspiration","BaseMod","BetterRewards","Colored Map","Colored Powertips","Conspire","Fiend Mod","Infinite Spire","Minty Spire (QoL Compilation)","Quick Restart","Replay The Spire","Shop Mod","StSLib","The Bladedancer","The Cursed","The Hierophant","The Jungle","The Kombatant","The Servant 0.9.4","TheBandit"],"gold_per_floor":[115,115,13,13,13,40,60,91,91,107,107,107,118,130,130,226,226,239,252,7,38,58,58,89,104,104,104,104,65,76,111,111,206,206,220,233,233,233,253,253,253,278,353,353,395,441,481,532,532,532],"floor_reached":51,"playtime":4911,"items_purged":["Strike_G"],"score":796,"play_id":"95da0275-a9df-4435-9586-6f0aec954515","local_time":"20201214050743","is_ascension_mode":true,"campfire_choices":[{"data":"PiercingWail","floor":11,"key":"SMITH"},{"data":"Riddle With Holes","floor":15,"key":"SMITH"},{"data":"Infinite Blades","floor":23,"key":"SMITH"},{"floor":32,"key":"REST"},{"floor":40,"key":"REST"},{"data":"Cloak And Dagger","floor":44,"key":"SMITH"},{"data":"Neutralize","floor":49,"key":"SMITH"}],"circlet_count":0,"master_deck":["Strike_G","Strike_G","Defend_G","Defend_G","Defend_G","Defend_G","Defend_G","Survivor","Neutralize+1","PiercingWail+1","Poisoned Stab","Dash+1","Terror","Slice","Sucker Punch","Dagger Throw","Cloak And Dagger+1","Riddle With Holes+1","Riddle With Holes+1","Tactician","Replay:BasicMightCard+1","Infinite Blades+1","Footwork","Backstab","Blade Dance+1","Quick Slash+1","Poisoned Stab+1","Adrenaline+1","Accuracy+1","Backstab+1","Writhe","Parasite","Backflip+1","Parasite","Backstab+1"],"relics":["Sizzling Blood","Vajra","Golden Egg","Ornamental Fan","infinitespire:Cupcake","Replay:Wax Seal","Kunai","Ninja Scroll","Replay:Bottled Eggs","Snake Skull","aspiration:RitualDagger","infinitespire:EvilPickle","Pet Ghost","Meat on the Bone"],"acts_visited":["Exordium","TheCity","TheBeyond"],"potions_floor_usage":[8,14,16,18,21,24,24,25,39,45,50,50,50],"damage_taken":[{"damage":2,"enemies":"Jaw Worm","floor":1,"turns":5},{"damage":35,"enemies":"Gremlin Nob","floor":6,"turns":6},{"damage":0,"enemies":"Small Slimes","floor":7,"turns":3},{"damage":16,"enemies":"Lagavulin","floor":8,"turns":5},{"damage":0,"enemies":"2 Louse","floor":10,"turns":3},{"damage":1,"enemies":"Exordium Thugs","floor":13,"turns":3},{"damage":0,"enemies":"Large Slime","floor":14,"turns":4},{"damage":38,"enemies":"Fading Forest","floor":16,"turns":11},{"damage":0,"enemies":"Chosen","floor":18,"turns":4},{"damage":0,"enemies":"Spheric Guardian","floor":19,"turns":3},{"damage":33,"enemies":"conspire:MimicChest","floor":21,"turns":6},{"damage":0,"enemies":"Snake Plant","floor":22,"turns":4},{"damage":11,"enemies":"Book of Stabbing","floor":24,"turns":6},{"damage":0,"enemies":"Snecko","floor":25,"turns":4},{"damage":6,"enemies":"Shelled Parasite and Fungi","floor":30,"turns":4},{"damage":25,"enemies":"Slavers","floor":31,"turns":5},{"damage":44,"enemies":"Pondfish","floor":33,"turns":9},{"damage":6,"enemies":"Orb Walker","floor":35,"turns":2},{"damage":15,"enemies":"3 Darklings","floor":36,"turns":5},{"damage":47,"enemies":"Writhing Mass","floor":39,"turns":5},{"damage":24,"enemies":"Spire Growth","floor":45,"turns":4},{"damage":31,"enemies":"Sphere and 2 Shapes","floor":46,"turns":7},{"damage":38,"enemies":"Writhing Mass","floor":47,"turns":7},{"damage":26,"enemies":"Maw","floor":48,"turns":5},{"damage":66,"enemies":"Replay:Hell Engine","floor":50,"turns":9}],"seed_played":"-3644049639032483822","potions_obtained":[{"floor":1,"key":"Explosive Potion"},{"floor":7,"key":"Weak Potion"},{"floor":8,"key":"FearPotion"},{"floor":10,"key":"Adrenaline Potion"},{"floor":13,"key":"Energy Potion"},{"floor":16,"key":"Energy Potion"},{"floor":19,"key":"Regen Potion"},{"floor":21,"key":"Block Potion"},{"floor":22,"key":"PowerPotion"},{"floor":24,"key":"Elixir"},{"floor":25,"key":"Fruit Juice"},{"floor":35,"key":"BlessingOfTheForge"},{"floor":47,"key":"Ancient Potion"},{"floor":48,"key":"Toxic Potion"}],"is_trial":false,"path_per_floor":["M","?","$","?","?","E","M","E","T","M","R","?","M","M","R","B",null,"M","M","$","?","M","R","E","M","T","?","?","$","M","E","R","B",null,"M","M","?","?","M","R","?","T","T","R","M","M","M","M","R","B",null],"character_chosen":"THE_SILENT","items_purchased":["Poisoned Stab","Dash+1","Replay:Wax Seal","Replay:BasicMightCard","Quick Slash+1"],"campfire_rested":2,"item_purchase_floors":[3,3,20,20,29],"current_hp_per_floor":[75,75,75,75,79,48,52,40,40,44,44,44,47,51,51,25,81,81,81,81,61,65,65,58,67,67,67,61,61,59,38,63,23,86,84,73,86,86,43,68,68,68,68,68,48,33,86,84,84,76],"gold":532,"neow_bonus":"TEN_PERCENT_HP_BONUS","is_daily":false,"chose_seed":false,"campfire_upgraded":5,"win_rate":0.0,"timestamp":1607944063,"path_taken":["M","?","$","?","?","E","M","E","T","M","R","?","M","?","R","BOSS","M","M","$","?","M","R","E","M","T","?","?","$","M","E","R","BOSS","M","?","?","?","M","R","?","?","T","R","M","M","?","M","R","BOSS"],"items_purchased_type":["Card","Card","Relic","Card","Card"],"build_version":"2020-12-13","purchased_purges":1,"victory":true,"max_hp_per_floor":[77,77,77,77,81,81,81,81,81,81,81,81,81,81,81,81,81,81,81,81,81,81,81,81,86,86,86,86,86,86,86,86,86,86,86,86,86,86,86,86,86,86,86,86,86,86,86,86,86,86],"card_choices":[{"not_picked":["Eviscerate","Prepared"],"picked":"PiercingWail","floor":1},{"not_picked":["Outmaneuver","A Thousand Cuts"],"picked":"Terror","floor":6},{"not_picked":["ReplayTheSpireMod:The Works","Backflip"],"picked":"Slice","floor":7},{"not_picked":["Deadly Poison","PiercingWail"],"picked":"Sucker Punch","floor":8},{"not_picked":["Prepared","PiercingWail"],"picked":"Dagger Throw","floor":10},{"not_picked":["Outmaneuver","Venomology"],"picked":"Cloak And Dagger","floor":13},{"not_picked":["ReplayTheSpireMod:Shiv Toss","Footwork"],"picked":"Riddle With Holes","floor":14},{"not_picked":["Poisoned Stab+1","Reflex"],"picked":"Riddle With Holes+1","floor":18},{"not_picked":["Slice","Dagger Spray"],"picked":"Tactician","floor":19},{"not_picked":["Deflect","Tactician"],"picked":"Infinite Blades","floor":21},{"not_picked":["Masterful Stab","Sucker Punch"],"picked":"Footwork","floor":22},{"not_picked":["Quick Slash","Sucker Punch"],"picked":"Backstab","floor":24},{"not_picked":["Predator","Hidden Blade+1"],"picked":"Blade Dance","floor":25},{"not_picked":["Quick Slash","Catalyst","Backflip"],"picked":"SKIP","floor":30},{"not_picked":["Endless Agony","Acrobatics"],"picked":"Poisoned Stab+1","floor":31},{"not_picked":["Tools of the Trade","Night Terror"],"picked":"Adrenaline","floor":33},{"not_picked":["Blade Dance","Backflip+1"],"picked":"Accuracy+1","floor":35},{"not_picked":["Deadly Poison","Bane+1"],"picked":"Backstab+1","floor":36},{"not_picked":["Bullet Time","Sucker Punch+1","Toxin Wave+1"],"picked":"SKIP","floor":39},{"not_picked":["conspire:DoublingDagger","Noxious Fumes","Quick Slash"],"picked":"SKIP","floor":45},{"not_picked":["Fluid Movement","Quick Slash+1"],"picked":"Backflip+1","floor":46},{"not_picked":["Slice","Underhanded Strike+1","Acrobatics"],"picked":"SKIP","floor":47},{"not_picked":["Acrobatics+1","ReplayTheSpireMod:Tripwire+1"],"picked":"Backstab+1","floor":48}],"player_experience":120591,"relics_obtained":[{"floor":6,"key":"Vajra"},{"floor":8,"key":"Golden Egg"},{"floor":9,"key":"Ornamental Fan"},{"floor":21,"key":"Kunai"},{"floor":24,"key":"Ninja Scroll"},{"floor":26,"key":"Replay:Bottled Eggs"},{"floor":31,"key":"Snake Skull"},{"floor":42,"key":"Pet Ghost"},{"floor":43,"key":"Meat on the Bone"}],"event_choices":[{"damage_healed":0,"gold_gain":0,"player_choice":"Ignored","damage_taken":0,"max_hp_gain":0,"max_hp_loss":0,"event_name":"Liars Game","floor":2,"gold_loss":0},{"damage_healed":0,"gold_gain":0,"player_choice":"Leave","damage_taken":0,"max_hp_gain":0,"max_hp_loss":0,"event_name":"conspire:Investor","floor":4,"gold_loss":0},{"cards_removed":["Strike_G"],"damage_healed":0,"gold_gain":0,"player_choice":"Purged","damage_taken":0,"max_hp_gain":0,"max_hp_loss":0,"event_name":"Purifier","floor":12,"gold_loss":0},{"cards_removed":["Strike_G"],"damage_healed":0,"gold_gain":0,"player_choice":"Elegance","damage_taken":0,"max_hp_gain":0,"max_hp_loss":0,"event_name":"Back to Basics","floor":27,"gold_loss":0},{"damage_healed":0,"gold_gain":0,"player_choice":"","damage_taken":6,"max_hp_gain":0,"max_hp_loss":0,"event_name":"Knowing Skull","floor":28,"potions_obtained":[],"gold_loss":0,"cards_obtained":[]},{"damage_healed":22,"gold_gain":0,"player_choice":"Writhe","damage_taken":0,"max_hp_gain":0,"max_hp_loss":0,"event_name":"Winding Halls","floor":37,"gold_loss":0,"cards_obtained":["Writhe"]},{"damage_healed":0,"gold_gain":0,"player_choice":"Ignored","damage_taken":0,"max_hp_gain":0,"max_hp_loss":0,"event_name":"Mysterious Sphere","floor":41,"gold_loss":0}],"is_beta":false,"boss_relics":[{"not_picked":["Black Star","SacredBark"],"picked":"infinitespire:Cupcake"},{"not_picked":["Replay:Fungal Core","Replay:Bronze Core"],"picked":"aspiration:RitualDagger"}],"items_purged_floors":[20],"is_endless":false,"potions_floor_spawned":[1,7,8,10,13,16,19,21,22,24,25,35,47,48],"ascension_level":3}}