{"host":"hcg2wesxzfo46upw","time":1607981669,"event":{"mods":["2.2 Compatiblity","AchievementEnabler","Act Like it!","Aspiration","BaseMod","Beaked The Cultist","Clockwork Mod","Conspire","Downfall","Elementarium","Gensokyo","GifTheSpireLib","Glutton Mod","Hubris","Infinite Spire","Jedi Mod","Mad Scientist","Minty Spire (QoL Compilation)","Pale of the Ancients","Prisma Mod","Replay The Spire","Spikes Relics","StSLib","Stuff the Spire","The Blackbeard","The Bug Knight","The Construct","The Cursed","The Death Knight","The Disciple","The Jungle","Wandering Minibosses"],"gold_per_floor":[99,99,131,131,131,131,131,131,160,160,160,179,34,54,72,167,167,167,167,167,179,20,47,47,59,69,69,69,83,183,198,210,315,315,90,90,90,106,106,124,174,205,205,205],"floor_reached":43,"playtime":2498,"items_purged":["Languid"],"score":554,"play_id":"509a8697-ad5d-4428-9a86-b228611575f7","local_time":"20201214223429","is_ascension_mode":false,"campfire_choices":[{"data":"champ:Taunt","floor":1,"key":"SMITH"},{"data":"champ:TornadoPunch","floor":8,"key":"SMITH"},{"data":"champ:AdrenalArmor","floor":10,"key":"SMITH"},{"floor":18,"key":"RECALL"},{"floor":27,"key":"REST"},{"data":"beaked:KnowThyFoe","floor":35,"key":"SMITH"},{"data":"infinitespire:TheBestDefense","floor":43,"key":"SMITH"}],"circlet_count":0,"master_deck":["champ:Strike","champ:Strike","champ:Strike","champ:Strike","champ:Defend","champ:Defend","champ:Defend","champ:Defend","champ:Execute","champ:Taunt+1","champ:BerserkerStyle","champ:AdrenalArmor+1","champ:TornadoPunch+1","champ:Devastate","champ:Circumvent","champ:FaceSlap","champ:Shatter+1","champ:DefensiveShout","champ:ShieldWall","champ:Improvising","Slimebound:CheckThePlaybook","Slimebound:Icky","PrismaMod:IllyaPoisonTippedWeapons","sneckomod:UnknownClassInstall+1","DeathKnight:Rot+1","PrismaMod:IllyaPartialInstallAssassin","PrismaMod:IllyaBerserCAR","beaked:KnowThyFoe+1","Slimebound:SplitMire","sneckomod:QuickBite","construct:Analyze","MadScienceMod:GlassCannon","Replay:Fractal Strike","infinitespire:TheBestDefense+1","ReplayTheSpireMod:Scrap Shanks","MadScienceMod:Poke","PrismaMod:IllyaAssassinRevenge+1"],"relics":["champ:ChampionCrown","downfall:HeartsMalice","Mummified Hand","hubris:BottledRain","Ring of Misfortune","ReplayTheSpireMod:Ring of Collecting","Ring of Fury","hubris:AstralHammer","champ:ChampionCrownUpgraded","PrismaticShard","aspiration:VileToxins","hubris:MysteriousPyramids","ReplayTheSpireMod:Ring of Exchange","Blue Doll","StuffTheSpire:Expresso","jedi:heavyjacket","aspiration:SilentSkillbook","downfall:HeartBlessingRed","downfall:HeartBlessingGreen","downfall:HeartBlessingBlue","wanderingMiniBosses:Inkheart","Ring of Greed","Strawberry","Golden Idol","infinitespire:Midas Blood"],"acts_visited":["Exordium","TheCity","TheBeyond"],"potions_floor_usage":[16,16,26,26,33,38,42],"damage_taken":[{"damage":0,"enemies":"conspire:RoseBush","floor":2,"turns":1},{"damage":0,"enemies":"Lagavulin","floor":3,"turns":1},{"damage":0,"enemies":"Small Slimes","floor":4,"turns":1},{"damage":15,"enemies":"3 Sentries","floor":9,"turns":6},{"damage":8,"enemies":"Jaw Worm","floor":12,"turns":3},{"damage":22,"enemies":"downfall:FleeingMerchant","floor":13,"turns":4},{"damage":0,"enemies":"3 Louse","floor":14,"turns":1},{"damage":33,"enemies":"conspire:2 RoseBushes","floor":15,"turns":3},{"damage":38,"enemies":"downfall:Watcher","floor":16,"turns":6},{"damage":28,"enemies":"conspire:FuzzyDice","floor":21,"turns":3},{"damage":36,"enemies":"downfall:FleeingMerchant","floor":22,"turns":6},{"damage":34,"enemies":"conspire:Head Lice","floor":23,"turns":4},{"damage":21,"enemies":"Spheric Guardian","floor":25,"turns":3},{"damage":13,"enemies":"Snake Plant","floor":26,"turns":2},{"damage":18,"enemies":"3 Cultists","floor":29,"turns":3},{"damage":0,"enemies":"downfall:CharBossIronclad","floor":30,"turns":1},{"damage":34,"enemies":"Centurion and Healer","floor":31,"turns":4},{"damage":11,"enemies":"Snecko","floor":32,"turns":3},{"damage":18,"enemies":"downfall:Defect","floor":33,"turns":4},{"damage":50,"enemies":"Orb Walker","floor":38,"turns":6},{"damage":36,"enemies":"3 Shapes","floor":40,"turns":5},{"damage":22,"enemies":"Maw","floor":42,"turns":4}],"seed_played":"-3003515663970017765","potions_obtained":[{"floor":3,"key":"DistilledChaos"},{"floor":9,"key":"LiquidBronze"},{"floor":14,"key":"Flashbang"},{"floor":16,"key":"Fire Potion"},{"floor":23,"key":"champ:CounterPotion"},{"floor":26,"key":"Energy Potion"},{"floor":31,"key":"LifebloodPotion"},{"floor":33,"key":"Block Potion"},{"floor":38,"key":"Energy Potion"},{"floor":42,"key":"champ:OpenerPotion"}],"is_trial":false,"path_per_floor":["R","M","E","M","?","?","T","R","E","R","?","M","$","M","M","B",null,"R","?","?","M","$","E","T","M","M","R","?","M","?","M","M","B",null,"R","?","AVR","M","?","M","T","M","R"],"character_chosen":"THE_CHAMP","items_purchased":["champ:Shatter+1","aspiration:VileToxins"],"campfire_rested":1,"item_purchase_floors":[13,22],"current_hp_per_floor":[90,90,90,90,83,83,83,83,88,88,88,82,77,77,62,36,90,90,90,82,79,65,42,42,32,28,55,50,51,51,27,27,36,90,100,75,75,58,58,27,34,35,35,35],"gold":205,"neow_bonus":"THREE_ENEMY_KILL","is_daily":false,"chose_seed":false,"campfire_upgraded":5,"win_rate":0.0,"timestamp":1607981669,"path_taken":["R","M","E","M","?","?","T","R","E","R","?","M","$","M","M","BOSS","R","?","?","M","?","E","T","M","M","R","?","?","?","M","M","BOSS","R","?","AVR","M","?","M","T","M","R"],"items_purchased_type":["Card","Relic"],"build_version":"2020-12-13","purchased_purges":1,"victory":false,"max_hp_per_floor":[90,90,90,90,90,90,90,90,90,90,90,90,90,90,90,90,90,90,90,90,90,90,90,90,90,90,90,90,90,90,90,90,90,90,100,100,100,100,100,100,107,107,107,107],"card_choices":[{"not_picked":["champ:CalledShot","champ:FlashCut"],"picked":"champ:BerserkerStyle","floor":2},{"not_picked":["champ:StanceDance","champ:RapidStrikes"],"picked":"champ:AdrenalArmor","floor":3},{"not_picked":["champ:PerfectedStrike","champ:BerserkersShout"],"picked":"champ:TornadoPunch","floor":4},{"not_picked":["champ:Shatter","champ:Haymaker"],"picked":"champ:Devastate","floor":9},{"not_picked":["champ:BladeFlurry","champ:HeartStrike"],"picked":"champ:Circumvent","floor":12},{"not_picked":["champ:Circumvent","champ:Encircle"],"picked":"champ:FaceSlap","floor":13},{"not_picked":["champ:HeartStrike","champ:Shatter"],"picked":"champ:DefensiveShout","floor":14},{"not_picked":["champ:ViciousMockery","champ:SkillfulDodge"],"picked":"champ:ShieldWall","floor":15},{"not_picked":["champ:ShieldThrow","champ:LastStand"],"picked":"champ:Improvising","floor":16},{"not_picked":["ThirdEye","sneckomod:UnknownVulnerable"],"picked":"PrismaMod:IllyaPoisonTippedWeapons","floor":21},{"not_picked":["DaylightSavings","PrismaMod:ChloeGreatTracePools"],"picked":"sneckomod:UnknownClassInstall+1","floor":22},{"not_picked":["beaked:BraceForImpact+1","beaked:MimicMachine+1"],"picked":"DeathKnight:Rot+1","floor":23},{"not_picked":["Dropkick","HollowMod:SiblingsShadow+1"],"picked":"PrismaMod:IllyaPartialInstallAssassin","floor":25},{"not_picked":["jedi:BurstLightning","Fusion"],"picked":"PrismaMod:IllyaBerserCAR","floor":26},{"not_picked":["HollowMod:CycloneSlash","DeathKnight:MutagenicPlague"],"picked":"beaked:KnowThyFoe","floor":29},{"not_picked":["Guardian:Suspension","SandsOfTime+1"],"picked":"Slimebound:SplitMire","floor":30},{"not_picked":["blackbeard:CloakAndCannonball","SandsOfTime"],"picked":"sneckomod:QuickBite","floor":31},{"not_picked":["MadScienceMod:MechanicalClaw","BlueShift"],"picked":"construct:Analyze","floor":32},{"not_picked":["beaked:ShadowFade","All For One"],"picked":"MadScienceMod:GlassCannon","floor":33},{"not_picked":["ReplayTheSpireMod:Black Plague","ReplayTheSpireMod:Haul"],"picked":"Replay:Fractal Strike","floor":36},{"not_picked":["Replay:Undeath\u0027s Touch","HollowMod:CrystalDash+1","Clockwork:AdaptiveCannon+1"],"picked":"ReplayTheSpireMod:Scrap Shanks","floor":38},{"not_picked":["ResonantCall","Slice+1","hexamod:HeatShield"],"picked":"MadScienceMod:Poke","floor":40},{"not_picked":["BootSequence","StuffTheSpire:Injection+1","sneckomod:UnknownClassBLACKBEARD_BLACK+1"],"picked":"PrismaMod:IllyaAssassinRevenge+1","floor":42}],"player_experience":205117,"relics_obtained":[{"floor":3,"key":"Mummified Hand"},{"floor":6,"key":"Ring of Misfortune"},{"floor":6,"key":"ReplayTheSpireMod:Ring of Collecting"},{"floor":7,"key":"Ring of Fury"},{"floor":9,"key":"hubris:AstralHammer"},{"floor":20,"key":"PrismaticShard"},{"floor":23,"key":"hubris:MysteriousPyramids"},{"floor":24,"key":"ReplayTheSpireMod:Ring of Exchange"},{"floor":24,"key":"Blue Doll"},{"floor":30,"key":"StuffTheSpire:Expresso"},{"floor":30,"key":"jedi:heavyjacket"},{"floor":38,"key":"wanderingMiniBosses:Inkheart"},{"floor":41,"key":"Ring of Greed"},{"floor":41,"key":"Strawberry"},{"floor":41,"key":"Golden Idol"},{"floor":41,"key":"infinitespire:Midas Blood"}],"event_choices":[{"damage_healed":0,"gold_gain":0,"player_choice":"Success","damage_taken":7,"relics_obtained":["hubris:BottledRain"],"max_hp_gain":0,"max_hp_loss":0,"event_name":"Scrap Ooze","floor":5,"gold_loss":0},{"damage_healed":0,"gold_gain":0,"player_choice":"Disagree","damage_taken":0,"max_hp_gain":0,"max_hp_loss":0,"event_name":"conspire:LoneGhost","floor":11,"gold_loss":0},{"damage_healed":0,"gold_gain":0,"player_choice":"Leave","damage_taken":0,"max_hp_gain":0,"max_hp_loss":0,"event_name":"conspire:Investor","floor":39,"gold_loss":0}],"is_beta":false,"boss_relics":[{"not_picked":["Snecko Eye","conspire:SeveredTorchhead"],"picked":"champ:ChampionCrownUpgraded"},{"not_picked":["aspiration:KaomsHeart","Runic Pyramid"],"picked":"aspiration:SilentSkillbook"}],"items_purged_floors":[13],"is_endless":false,"potions_floor_spawned":[3,9,14,15,16,23,26,31,33,38,42],"ascension_level":0}}