{"host":"v4nyfngrgywi7zc6","time":1607914625,"event":{"mods":["2.2 Compatiblity","BaseMod","Custom Start","Downfall","Hermit","Minty Spire (QoL Compilation)","Shop Mod","StSLib","The Jungle"],"gold_per_floor":[99,115,290,323,323,358,358,377,377,227,246,265,152,427,442,442,442],"floor_reached":16,"playtime":838,"items_purged":["Slimebound:Tackle"],"score":110,"play_id":"915cbc7d-c80e-42c1-bffc-80343fb81b5f","local_time":"20201213205705","is_ascension_mode":false,"campfire_choices":[{"data":"Slimebound:Split","floor":1,"key":"SMITH"},{"floor":5,"key":"REST"},{"data":"Doubt","floor":10,"key":"PURGE"}],"circlet_count":0,"master_deck":["Slimebound:Strike_Slimebound","Slimebound:Strike_Slimebound","Slimebound:Strike_Slimebound","Slimebound:Defend_Slimebound","Slimebound:Defend_Slimebound","Slimebound:Defend_Slimebound","Slimebound:Defend_Slimebound","Slimebound:Split+1","Slimebound:GrowthPunch","Slimebound:SplitMire","Slimebound:Schlurp","Slimebound:SpikyOuterGoop","Slimebound:Replication","Slimebound:MinionMaster","Slimebound:Nibble","Slimebound:SplitBruiser","Regret","Slimebound:SamplingLick"],"relics":["Slimebound:AbsorbEndCombat","Kunai","Slimebound:ScrapOozeRelic","downfall:HeartBlessingGreen","downfall:HeartBlessingBlue"],"acts_visited":["Exordium"],"potions_floor_usage":[6,16],"damage_taken":[{"damage":9,"enemies":"Jaw Worm","floor":2,"turns":4},{"damage":44,"enemies":"Gremlin Nob","floor":4,"turns":5},{"damage":46,"enemies":"3 Sentries","floor":6,"turns":8},{"damage":12,"enemies":"Small Slimes","floor":8,"turns":3},{"damage":1,"enemies":"2 Louse","floor":11,"turns":3},{"damage":16,"enemies":"Red Slaver","floor":12,"turns":3},{"damage":23,"enemies":"downfall:FleeingMerchant","floor":13,"turns":4},{"damage":26,"enemies":"3 Louse","floor":15,"turns":3},{"damage":70,"enemies":"downfall:Defect","floor":16,"turns":6}],"seed_played":"-2376076486622005474","potions_obtained":[{"floor":4,"key":"Regen Potion"},{"floor":8,"key":"Strength Potion"},{"floor":12,"key":"hexamod:EctoCoolerPotion"}],"is_trial":false,"path_per_floor":["R","M","?","E","R","E","T","M","?","R","M","M","$","?","M","B"],"character_chosen":"SLIMEBOUND","items_purchased":["Slimebound:SplitBruiser"],"campfire_rested":1,"item_purchase_floors":[13],"current_hp_per_floor":[60,60,60,30,48,37,37,43,43,53,56,56,57,57,49,0,0],"gold":442,"neow_bonus":"REMOVE_CARD","is_daily":false,"chose_seed":false,"campfire_upgraded":1,"win_rate":0.0,"timestamp":1607914625,"path_taken":["R","M","?","E","R","E","T","M","?","R","M","M","$","?","M","BOSS"],"items_purchased_type":["Card"],"build_version":"2020-12-13","purchased_purges":1,"victory":false,"max_hp_per_floor":[60,60,60,60,60,60,60,60,60,70,70,70,70,70,70,70,70],"card_choices":[{"not_picked":["Slimebound:SamplingLick","Slimebound:SplitLeeching"],"picked":"Slimebound:GrowthPunch","floor":2},{"not_picked":["Slimebound:SlimeSpikes","Slimebound:FormOfPuddle"],"picked":"Slimebound:SplitMire","floor":4},{"not_picked":["Slimebound:RollThrough","Slimebound:ComboTackle"],"picked":"Slimebound:Schlurp","floor":6},{"not_picked":["Slimebound:RollThrough","Slimebound:Schlurp"],"picked":"Slimebound:SpikyOuterGoop","floor":8},{"not_picked":["Slimebound:SlimeSpikes","Slimebound:FormOfPuddle"],"picked":"Slimebound:Replication","floor":11},{"not_picked":["Slimebound:SamplingLick","Slimebound:SplitMire"],"picked":"Slimebound:MinionMaster","floor":12},{"not_picked":["Slimebound:LeechEnergy","Slimebound:Dissolve"],"picked":"Slimebound:Nibble","floor":13},{"not_picked":["Slimebound:RainOfGoop","Slimebound:ViciousTackle"],"picked":"Slimebound:SamplingLick","floor":15}],"player_experience":243022,"relics_obtained":[{"floor":4,"key":"Kunai"},{"floor":6,"key":"Toy Ornithopter"}],"event_choices":[],"is_beta":false,"boss_relics":[],"items_purged_floors":[13],"is_endless":false,"potions_floor_spawned":[4,8,12],"killed_by":"downfall:Defect","ascension_level":0}}