{"host":"y76clbnovzmw9ubx","time":1607955078,"event":{"mods":["AchievementEnabler","BaseMod","Minty Spire (QoL Compilation)","Permanent Neow","Relic Stats"],"gold_per_floor":[117,130,143,153,88,88,116,116,116,131,131,194,194,207,207,207,207],"floor_reached":16,"playtime":1256,"items_purged":[],"score":204,"play_id":"3982b78e-298b-45aa-b4d7-09cfe9af6c68","local_time":"20201214091118","is_ascension_mode":true,"campfire_choices":[{"data":"Bash","floor":6,"key":"SMITH"},{"data":"Power Through","floor":8,"key":"SMITH"},{"data":"Pommel Strike","floor":11,"key":"SMITH"},{"floor":15,"key":"REST"}],"circlet_count":0,"master_deck":["AscendersBane","Strike_R","Strike_R","Strike_R","Strike_R","Strike_R","Defend_R","Defend_R","Defend_R","Defend_R","Bash+1","Power Through+1","Clothesline","Pommel Strike+1","Shrug It Off+1","Fire Breathing"],"relics":["Burning Blood","Smiling Mask","The Courier"],"acts_visited":["Exordium"],"potions_floor_usage":[7,12,12],"damage_taken":[{"damage":0,"enemies":"Small Slimes","floor":1,"turns":4},{"damage":11,"enemies":"Jaw Worm","floor":2,"turns":6},{"damage":1,"enemies":"2 Louse","floor":3,"turns":3},{"damage":1,"enemies":"Exordium Wildlife","floor":4,"turns":4},{"damage":30,"enemies":"Gremlin Nob","floor":7,"turns":5},{"damage":22,"enemies":"Gremlin Gang","floor":10,"turns":7},{"damage":30,"enemies":"3 Sentries","floor":12,"turns":12},{"damage":2,"enemies":"Exordium Thugs","floor":14,"turns":7},{"damage":38,"enemies":"The Guardian","floor":16,"turns":9}],"seed_played":"2913433056823801689","potions_obtained":[{"floor":2,"key":"FearPotion"},{"floor":4,"key":"ElixirPotion"},{"floor":10,"key":"Energy Potion"}],"is_trial":false,"path_per_floor":["M","M","M","M","?","R","E","R","T","M","R","?","?","M","R","B"],"character_chosen":"IRONCLAD","items_purchased":[],"campfire_rested":1,"item_purchase_floors":[],"current_hp_per_floor":[74,69,74,75,75,75,51,51,51,35,35,11,11,15,37,0,0],"gold":207,"neow_bonus":"THREE_CARDS","is_daily":false,"chose_seed":false,"campfire_upgraded":3,"win_rate":0.0,"timestamp":1607955078,"path_taken":["M","M","M","M","?","R","E","R","T","M","R","?","?","M","R","BOSS"],"items_purchased_type":[],"build_version":"2020-12-13","purchased_purges":0,"victory":false,"max_hp_per_floor":[75,75,75,75,75,75,75,75,75,75,75,75,75,75,75,75,75],"relic_stats":{"counters":[9,57],"Smiling Mask":0,"obtain_stats":[{"The Courier":12,"Smiling Mask":7,"Burning Blood":0},{"The Courier":7,"Smiling Mask":5,"Burning Blood":0},{"The Courier":41,"Smiling Mask":22,"Burning Blood":0}],"Burning Blood":44},"card_choices":[{"not_picked":["Bloodletting","True Grit"],"picked":"Power Through","floor":0},{"not_picked":["Headbutt","Power Through","Clash"],"picked":"SKIP","floor":1},{"not_picked":["Power Through","Armaments","Pummel"],"picked":"SKIP","floor":2},{"not_picked":["Sword Boomerang","Wild Strike","Iron Wave"],"picked":"SKIP","floor":3},{"not_picked":["Barricade","Shrug It Off"],"picked":"Clothesline","floor":4},{"not_picked":["Wild Strike","Clash","Body Slam"],"picked":"SKIP","floor":7},{"not_picked":["Perfected Strike","Dark Embrace"],"picked":"Pommel Strike","floor":10},{"not_picked":["Body Slam","Flex"],"picked":"Shrug It Off","floor":12},{"not_picked":["Offering","Iron Wave"],"picked":"Fire Breathing","floor":14}],"player_experience":2860023,"relics_obtained":[{"floor":7,"key":"Smiling Mask"},{"floor":12,"key":"The Courier"}],"event_choices":[{"damage_healed":0,"gold_gain":0,"player_choice":"Left Gold","damage_taken":0,"max_hp_gain":0,"max_hp_loss":0,"event_name":"World of Goop","floor":5,"gold_loss":65},{"damage_healed":0,"gold_gain":0,"player_choice":"Searched \u00271\u0027 times","damage_taken":0,"max_hp_gain":0,"max_hp_loss":0,"event_name":"Dead Adventurer","floor":12,"gold_loss":0},{"damage_healed":0,"gold_gain":0,"player_choice":"Grow","damage_taken":0,"max_hp_gain":0,"max_hp_loss":0,"event_name":"Living Wall","floor":13,"gold_loss":0,"cards_upgraded":["Shrug It Off"]}],"is_beta":false,"boss_relics":[],"items_purged_floors":[],"is_endless":false,"potions_floor_spawned":[2,4,10],"killed_by":"The Guardian","ascension_level":20}}