{"host":"08t08ld674si40tv","time":1607943682,"event":{"mods":["AchievementEnabler","BaseMod","Colored Map","Minty Spire (QoL Compilation)","StSLib","SuperFastMode"],"gold_per_floor":[119,44,59,79,99,126,126,106,106,106,123,141,141,169,169,266,266,276,28,28,28,41,41,55,73,98,118,148,163,179,207,207,302,302,322,322,336,346,9,44,58,58,58,85,103,103,158,35,35,35,35,35,105,133,133,133],"floor_reached":55,"playtime":1981,"items_purged":["Strike_B","Strike_B","Strike_B"],"score":831,"play_id":"943e547e-37e8-45d2-bf11-d02d9de8086e","local_time":"20201214200122","is_ascension_mode":false,"campfire_choices":[{"data":"Zap","floor":7,"key":"SMITH"},{"data":"Multi-Cast","floor":10,"key":"SMITH"},{"floor":13,"key":"REST"},{"data":"Loop","floor":15,"key":"SMITH"},{"data":"Defragment","floor":23,"key":"SMITH"},{"data":"Turbo","floor":32,"key":"SMITH"},{"data":"Biased Cognition","floor":46,"key":"SMITH"},{"floor":49,"key":"RECALL"},{"data":"Heatsinks","floor":52,"key":"SMITH"}],"circlet_count":0,"master_deck":["Defend_B","Defend_B","Defend_B","Zap+1","Dualcast","Auto Shields","Loop+1","Genetic Algorithm","Ball Lightning","Doom and Gloom+1","Coolheaded","Chill","Multi-Cast+1","Self Repair","Tempest","Turbo+1","Defragment+1","Recycle+1","Lockon","Coolheaded+1","Heatsinks+1","Core Surge+1","Reboot","Redo","Creative AI+1","Hologram+1","Biased Cognition+1","Capacitor"],"relics":["Cracked Core","Prayer Wheel","Cables","Question Card","Pen Nib","Empty Cage","DataDisk","Bronze Scales","Ornamental Fan","The Courier","Runic Dome","ClockworkSouvenir","Vajra","Orichalcum","Unceasing Top","Bag of Preparation","Whetstone","HandDrill","Gremlin Horn","Nunchaku","Pantograph","Happy Flower","Blood Vial"],"acts_visited":["Exordium","TheCity","TheBeyond","TheEnding"],"potions_floor_usage":[6,14,14,14,33,40,47,55,55],"damage_taken":[{"damage":1,"enemies":"Cultist","floor":1,"turns":3},{"damage":0,"enemies":"Small Slimes","floor":3,"turns":4},{"damage":4,"enemies":"2 Louse","floor":4,"turns":3},{"damage":4,"enemies":"Blue Slaver","floor":5,"turns":4},{"damage":15,"enemies":"Gremlin Nob","floor":6,"turns":4},{"damage":16,"enemies":"Lots of Slimes","floor":11,"turns":3},{"damage":5,"enemies":"Exordium Wildlife","floor":12,"turns":6},{"damage":10,"enemies":"3 Sentries","floor":14,"turns":4},{"damage":11,"enemies":"Hexaghost","floor":16,"turns":7},{"damage":25,"enemies":"Shell Parasite","floor":18,"turns":5},{"damage":0,"enemies":"Chosen","floor":22,"turns":3},{"damage":0,"enemies":"Sentry and Sphere","floor":24,"turns":3},{"damage":11,"enemies":"Shelled Parasite and Fungi","floor":25,"turns":4},{"damage":7,"enemies":"Cultist and Chosen","floor":27,"turns":5},{"damage":0,"enemies":"Gremlin Leader","floor":28,"turns":5},{"damage":0,"enemies":"Snecko","floor":29,"turns":2},{"damage":5,"enemies":"Snake Plant","floor":30,"turns":3},{"damage":25,"enemies":"Book of Stabbing","floor":31,"turns":4},{"damage":25,"enemies":"Champ","floor":33,"turns":11},{"damage":6,"enemies":"3 Darklings","floor":35,"turns":6},{"damage":0,"enemies":"Orb Walker","floor":37,"turns":2},{"damage":12,"enemies":"3 Darklings","floor":38,"turns":4},{"damage":7,"enemies":"Giant Head","floor":40,"turns":8},{"damage":14,"enemies":"Jaw Worm Horde","floor":41,"turns":5},{"damage":0,"enemies":"Reptomancer","floor":44,"turns":7},{"damage":0,"enemies":"Spire Growth","floor":45,"turns":3},{"damage":10,"enemies":"2 Orb Walkers","floor":47,"turns":5},{"damage":46,"enemies":"Awakened One","floor":50,"turns":9},{"damage":15,"enemies":"Shield and Spear","floor":54,"turns":6},{"damage":78,"enemies":"The Heart","floor":55,"turns":9}],"seed_played":"-2259273796244108753","potions_obtained":[{"floor":1,"key":"SkillPotion"},{"floor":4,"key":"FocusPotion"},{"floor":5,"key":"Dexterity Potion"},{"floor":8,"key":"DuplicationPotion"},{"floor":11,"key":"PotionOfCapacity"},{"floor":16,"key":"FocusPotion"},{"floor":22,"key":"SkillPotion"},{"floor":29,"key":"PotionOfCapacity"},{"floor":35,"key":"BlessingOfTheForge"},{"floor":41,"key":"Ancient Potion"},{"floor":45,"key":"PowerPotion"}],"is_trial":false,"path_per_floor":["M","$","M","M","M","E","R","?","T","R","M","M","R","E","R","B",null,"M","$","?","$","M","R","M","M","T","M","E","M","M","E","R","B",null,"M","?","M","M","$","E","M","$","T","E","M","R","?","$","R","B",null,"R","$","E","B"],"character_chosen":"DEFECT","items_purchased":["DataDisk","ClockworkSouvenir","Biased Cognition","Bag of Preparation","Capacitor","Whetstone","HandDrill","Gremlin Horn","Nunchaku","Pantograph","Happy Flower"],"campfire_rested":1,"item_purchase_floors":[19,39,39,48,53,53,53,53,53,53,53],"current_hp_per_floor":[67,67,67,63,59,44,44,44,44,44,28,23,43,40,40,36,68,50,50,78,78,78,78,78,74,74,74,74,74,76,58,58,40,78,78,78,78,73,73,73,66,66,66,73,73,73,77,77,77,38,78,78,78,70,0,0],"gold":133,"neow_bonus":"ONE_RARE_RELIC","is_daily":false,"chose_seed":false,"campfire_upgraded":7,"win_rate":0.0,"timestamp":1607943682,"path_taken":["M","$","M","?","M","E","R","?","T","R","M","M","R","E","R","BOSS","M","?","?","$","M","R","M","M","T","M","E","M","?","E","R","BOSS","M","?","?","M","$","E","M","$","T","E","?","R","?","$","R","BOSS","R","$","E","BOSS"],"items_purchased_type":["Relic","Relic","Card","Relic","Card","Relic","Relic","Relic","Relic","Relic","Relic"],"build_version":"2020-12-13","purchased_purges":3,"victory":false,"max_hp_per_floor":[68,68,68,68,68,68,68,68,68,68,68,68,68,68,68,68,68,68,68,78,78,78,78,78,78,78,78,78,78,78,78,78,78,78,78,78,78,78,78,78,78,78,78,78,78,78,78,78,78,78,78,78,78,78,78,78],"card_choices":[{"not_picked":["Scrape","Turbo"],"picked":"Auto Shields","floor":1},{"not_picked":["Steam Power","Hologram"],"picked":"Loop","floor":1},{"not_picked":["Reinforced Body","Gash"],"picked":"Genetic Algorithm","floor":3},{"not_picked":["Streamline","Beam Cell"],"picked":"Ball Lightning","floor":3},{"not_picked":["Coolheaded","Redo"],"picked":"Doom and Gloom","floor":4},{"not_picked":["Auto Shields","Steam","Reprogram"],"picked":"SKIP","floor":4},{"not_picked":["Steam","Storm"],"picked":"Coolheaded","floor":5},{"not_picked":["Go for the Eyes","Sweeping Beam"],"picked":"Chill","floor":5},{"not_picked":["Gash","Auto Shields"],"picked":"Multi-Cast","floor":6},{"not_picked":["Gash","Conserve Battery","Doom and Gloom","Coolheaded"],"picked":"SKIP","floor":11},{"not_picked":["Chill","Ball Lightning","Steam","Gash"],"picked":"SKIP","floor":11},{"not_picked":["Consume","Beam Cell","Streamline"],"picked":"Self Repair","floor":12},{"not_picked":["Doom and Gloom","Leap","Aggregate","Coolheaded"],"picked":"SKIP","floor":12},{"not_picked":["Streamline","Conserve Battery","Rainbow"],"picked":"Tempest","floor":14},{"not_picked":["Core Surge","Echo Form","Seek"],"picked":"Thunder Strike","floor":16},{"not_picked":["Sunder","Ball Lightning","Hologram"],"picked":"Turbo","floor":18},{"not_picked":["Force Field+1","Rebound","Aggregate","Storm"],"picked":"SKIP","floor":18},{"not_picked":["Leap+1","Ball Lightning+1","Rebound"],"picked":"Defragment","floor":22},{"not_picked":["Multi-Cast","Turbo","Compile Driver"],"picked":"Recycle+1","floor":22},{"not_picked":["Go for the Eyes","Force Field+1","Scrape","Cold Snap"],"picked":"SKIP","floor":24},{"not_picked":["Lockon","Sunder","Doom and Gloom","Gash"],"picked":"SKIP","floor":24},{"not_picked":["Sunder","Doom and Gloom","Gash"],"picked":"Lockon","floor":24},{"not_picked":["Go for the Eyes","Force Field+1","Scrape","Cold Snap"],"picked":"SKIP","floor":24},{"not_picked":["Sweeping Beam","Stack","Leap","Go for the Eyes"],"picked":"SKIP","floor":25},{"not_picked":["Meteor Strike","Rip and Tear","Conserve Battery","Steam Power"],"picked":"SKIP","floor":25},{"not_picked":["Streamline","Conserve Battery","Double Energy"],"picked":"Coolheaded+1","floor":27},{"not_picked":["Streamline+1","Heatsinks","BootSequence","Doom and Gloom"],"picked":"SKIP","floor":27},{"not_picked":["Streamline+1","BootSequence","Doom and Gloom"],"picked":"Heatsinks","floor":27},{"not_picked":["Stack+1","Leap","Darkness"],"picked":"Core Surge","floor":28},{"not_picked":["Hologram","Leap","Redo"],"picked":"Reboot","floor":29},{"not_picked":["Stack","Turbo","Reinforced Body","Streamline"],"picked":"SKIP","floor":29},{"not_picked":["Barrage","Fusion","Gash"],"picked":"Redo","floor":30},{"not_picked":["Conserve Battery","Rebound","Streamline","Turbo"],"picked":"SKIP","floor":30},{"not_picked":["Cold Snap","Ball Lightning","Stack","Beam Cell"],"picked":"SKIP","floor":31},{"not_picked":["Machine Learning","Amplify","Electrodynamics"],"picked":"Creative AI","floor":33},{"not_picked":["Go for the Eyes+1","Turbo","BootSequence+1","Doom and Gloom"],"picked":"SKIP","floor":35},{"not_picked":["Heatsinks+1","Leap","Ball Lightning+1","Beam Cell"],"picked":"SKIP","floor":35},{"not_picked":["Conserve Battery","Stack","Gash","Self Repair"],"picked":"SKIP","floor":37},{"not_picked":["Beam Cell+1","Barrage+1","Sweeping Beam+1","Stack+1"],"picked":"SKIP","floor":37},{"not_picked":["Reinforced Body","Blizzard+1","Rebound"],"picked":"Hologram+1","floor":38},{"not_picked":["Streamline","Coolheaded+1","Hologram","Heatsinks+1"],"picked":"SKIP","floor":38},{"not_picked":["Leap+1","Streamline","Tempest+1","Coolheaded"],"picked":"SKIP","floor":40},{"not_picked":["Doom and Gloom+1","Gash+1","Compile Driver","Rebound"],"picked":"SKIP","floor":41},{"not_picked":["Meteor Strike","Conserve Battery+1","Reinforced Body","Stack"],"picked":"SKIP","floor":41},{"not_picked":["Consume+1","Tempest","Streamline","Go for the Eyes+1"],"picked":"SKIP","floor":44},{"not_picked":["Barrage+1","Coolheaded","Storm+1","Undo+1"],"picked":"SKIP","floor":45},{"not_picked":["Fusion","Static Discharge+1","Turbo","Hologram+1"],"picked":"SKIP","floor":45},{"not_picked":["Doom and Gloom","Compile Driver+1","Aggregate","Self Repair+1"],"picked":"SKIP","floor":54}],"player_experience":177841,"relics_obtained":[{"floor":6,"key":"Cables"},{"floor":9,"key":"Question Card"},{"floor":14,"key":"Pen Nib"},{"floor":26,"key":"Bronze Scales"},{"floor":28,"key":"Ornamental Fan"},{"floor":31,"key":"The Courier"},{"floor":40,"key":"Vajra"},{"floor":44,"key":"Orichalcum"},{"floor":47,"key":"Unceasing Top"},{"floor":54,"key":"Blood Vial"}],"event_choices":[{"damage_healed":0,"gold_gain":0,"player_choice":"Bought 1 Potion","damage_taken":0,"max_hp_gain":0,"max_hp_loss":0,"event_name":"The Woman in Blue","floor":8,"gold_loss":0},{"cards_removed":["Thunder Strike"],"damage_healed":18,"gold_gain":0,"player_choice":"Offered Rare","damage_taken":0,"max_hp_gain":10,"max_hp_loss":0,"event_name":"Bonfire Elementals","floor":20,"gold_loss":0},{"damage_healed":0,"gold_gain":0,"player_choice":"Upgraded","damage_taken":0,"max_hp_gain":0,"max_hp_loss":0,"event_name":"Upgrade Shrine","floor":36,"gold_loss":0,"cards_upgraded":["Creative AI"]},{"damage_healed":0,"gold_gain":0,"player_choice":"Fight","damage_taken":0,"max_hp_gain":0,"max_hp_loss":0,"event_name":"Mysterious Sphere","floor":47,"gold_loss":0}],"is_beta":false,"boss_relics":[{"not_picked":["Snecko Eye","Busted Crown"],"picked":"Empty Cage"},{"not_picked":["SacredBark","Cursed Key"],"picked":"Runic Dome"}],"items_purged_floors":[2,19,39],"is_endless":false,"potions_floor_spawned":[1,4,5,11,16,22,29,30,31,35,37,41,45],"killed_by":"The Heart","ascension_level":0}}