{"host":"85dtmvttrcbdj5h5","time":1607907155,"event":{"mods":["AchievementEnabler","BaseMod","Bestiary","Colored Map","Colored Powertips","Filter the Spire","Minty Spire (QoL Compilation)","RNG Fix","Relic Stats"],"gold_per_floor":[110,110,130,130,130,160,160,175,175,206,219,144,319,19,19,115,115,135,166,18,18,34,59,59,71,141,160,160,171,191,191,191,293,293,312,312,362,374,224,224,252,252,252,252,18,29,29,41,41,41,41,41,41,69,69],"floor_reached":56,"playtime":6855,"items_purged":["Defend_P","Doubt","Strike_P","Shame"],"score":1378,"play_id":"cd86dc1f-4590-4bc0-9984-a9e30a9d3a74","local_time":"20201213195235","is_ascension_mode":false,"campfire_choices":[{"data":"Vigilance","floor":7,"key":"SMITH"},{"data":"Conclude","floor":15,"key":"SMITH"},{"floor":24,"key":"REST"},{"floor":28,"key":"REST"},{"floor":32,"key":"REST"},{"data":"DevaForm","floor":40,"key":"SMITH"},{"floor":42,"key":"RECALL"},{"data":"Vault","floor":47,"key":"SMITH"},{"data":"TalkToTheHand","floor":49,"key":"SMITH"},{"data":"Fasting2","floor":52,"key":"SMITH"}],"circlet_count":0,"master_deck":["Strike_P+1","Strike_P+1","Defend_P+1","Defend_P+1","Defend_P+1","Eruption+1","CrushJoints+1","Halt","FlurryOfBlows","Tantrum+1","EmptyBody","Conclude+1","LessonLearned+1","LikeWater+1","CutThroughFate+1","Consecrate+1","FlyingSleeves+1","DevaForm+1","FearNoEvil+1","Meditate+1","ThirdEye+1","Protect+1","Vault+1","Dark Shackles+1","Violence+1","JustLucky+1","Regret","Fasting2+1","InnerPeace+1","TalkToTheHand+1","WaveOfTheHand"],"relics":["PureWater","Darkstone Periapt","Lizard Tail","Ancient Tea Set","ClockworkSouvenir","VioletLotus","Red Mask","Regal Pillow","PreservedInsect","Mercury Hourglass","Cursed Key","GoldenEye","Question Card","Potion Belt","Toy Ornithopter","Happy Flower"],"acts_visited":["Exordium","TheCity","TheBeyond","TheEnding"],"potions_floor_usage":[6,10,16,19,22,27,33,50,50,54,55],"damage_taken":[{"damage":0,"enemies":"Cultist","floor":1,"turns":2},{"damage":1,"enemies":"Jaw Worm","floor":3,"turns":2},{"damage":28,"enemies":"3 Sentries","floor":6,"turns":7},{"damage":0,"enemies":"Small Slimes","floor":8,"turns":1},{"damage":0,"enemies":"Lagavulin","floor":10,"turns":3},{"damage":0,"enemies":"Exordium Thugs","floor":11,"turns":2},{"damage":0,"enemies":"Slime Boss","floor":16,"turns":6},{"damage":0,"enemies":"Spheric Guardian","floor":18,"turns":3},{"damage":11,"enemies":"Masked Bandits","floor":19,"turns":4},{"damage":15,"enemies":"2 Thieves","floor":22,"turns":2},{"damage":55,"enemies":"Slavers","floor":23,"turns":4},{"damage":11,"enemies":"3 Cultists","floor":25,"turns":4},{"damage":30,"enemies":"Snake Plant","floor":27,"turns":5},{"damage":16,"enemies":"Centurion and Healer","floor":29,"turns":4},{"damage":0,"enemies":"Chosen and Byrds","floor":30,"turns":4},{"damage":4,"enemies":"Collector","floor":33,"turns":7},{"damage":0,"enemies":"3 Darklings","floor":35,"turns":3},{"damage":2,"enemies":"Mind Bloom Boss Battle","floor":37,"turns":8},{"damage":9,"enemies":"3 Shapes","floor":38,"turns":2},{"damage":0,"enemies":"Giant Head","floor":41,"turns":5},{"damage":0,"enemies":"Maw","floor":46,"turns":4},{"damage":3,"enemies":"4 Shapes","floor":48,"turns":4},{"damage":33,"enemies":"Donu and Deca","floor":50,"turns":8},{"damage":0,"enemies":"Shield and Spear","floor":54,"turns":2},{"damage":101,"enemies":"The Heart","floor":55,"turns":11}],"seed_played":"4611349306900355419","potions_obtained":[{"floor":3,"key":"Regen Potion"},{"floor":8,"key":"Explosive Potion"},{"floor":11,"key":"Energy Potion"},{"floor":19,"key":"Ambrosia"},{"floor":23,"key":"SpeedPotion"},{"floor":30,"key":"AttackPotion"},{"floor":33,"key":"SmokeBomb"},{"floor":37,"key":"ColorlessPotion"},{"floor":38,"key":"BottledMiracle"},{"floor":48,"key":"SteroidPotion"},{"floor":54,"key":"ColorlessPotion"}],"is_trial":false,"path_per_floor":["M","?","M","?","?","E","R","M","T","E","M","$","?","$","R","B",null,"M","?","$","?","M","E","R","M","T","M","R","M","M","?","R","B",null,"M","?","?","M","$","R","E","R","T","?","$","M","R","M","R","B",null,"R","$","E","B",null],"character_chosen":"WATCHER","items_purchased":["ClockworkSouvenir","SteroidPotion","Consecrate","Fasting2","Toy Ornithopter"],"campfire_rested":3,"item_purchase_floors":[14,14,20,45,45],"current_hp_per_floor":[72,65,64,64,69,56,56,56,56,56,56,56,62,62,62,62,83,83,72,72,78,63,8,49,38,38,8,49,33,33,33,74,70,89,89,84,82,73,73,73,73,73,79,79,79,79,79,76,76,53,95,95,95,95,47],"gold":69,"neow_bonus":"UPGRADE_CARD","is_daily":false,"chose_seed":false,"campfire_upgraded":6,"win_rate":0.0,"timestamp":1607907155,"path_taken":["M","?","?","?","?","E","R","M","T","E","?","$","?","$","R","BOSS","M","?","?","?","M","E","R","M","T","?","R","M","M","?","R","BOSS","M","?","?","M","$","R","E","R","T","?","$","M","R","M","R","BOSS","R","$","E","BOSS"],"items_purchased_type":["Relic","Potion","Card","Card","Relic"],"build_version":"2020-11-30","purchased_purges":4,"victory":true,"max_hp_per_floor":[72,72,72,72,77,77,77,77,77,77,77,77,83,83,83,83,83,83,83,83,89,89,89,89,89,89,89,89,89,89,89,89,89,89,89,89,89,89,89,89,89,89,95,95,95,95,95,95,95,95,95,95,95,95,95],"relic_stats":{"Darkstone Periapt":18,"Regal Pillow":45,"Happy Flower":[3],"counters":[25,107],"PreservedInsect":193,"Cursed Key":1,"GoldenEye":[42],"Question Card":3,"Mercury Hourglass":[214],"Lizard Tail":47,"VioletLotus":[19],"obtain_stats":[{"Darkstone Periapt":6,"Potion Belt":43,"Regal Pillow":21,"Happy Flower":54,"PreservedInsect":23,"Ancient Tea Set":10,"Cursed Key":34,"GoldenEye":37,"Question Card":41,"ClockworkSouvenir":14,"Mercury Hourglass":31,"Lizard Tail":9,"VioletLotus":17,"Red Mask":19,"PureWater":0,"Toy Ornithopter":45},{"Darkstone Periapt":3,"Potion Belt":20,"Regal Pillow":9,"Happy Flower":24,"PreservedInsect":11,"Ancient Tea Set":5,"Cursed Key":16,"GoldenEye":18,"Question Card":20,"ClockworkSouvenir":6,"Mercury Hourglass":15,"Lizard Tail":4,"VioletLotus":7,"Red Mask":9,"PureWater":0,"Toy Ornithopter":20},{"Darkstone Periapt":11,"Potion Belt":78,"Regal Pillow":30,"Happy Flower":96,"PreservedInsect":36,"Ancient Tea Set":15,"Cursed Key":60,"GoldenEye":71,"Question Card":78,"ClockworkSouvenir":17,"Mercury Hourglass":53,"Lizard Tail":12,"VioletLotus":23,"Red Mask":30,"PureWater":0,"Toy Ornithopter":78}],"Toy Ornithopter":10},"card_choices":[{"not_picked":["Worship","WaveOfTheHand"],"picked":"CrushJoints","floor":1},{"not_picked":["ThirdEye","Meditate"],"picked":"Halt","floor":3},{"not_picked":["JustLucky","EmptyBody"],"picked":"FlurryOfBlows","floor":6},{"not_picked":["EmptyBody","ClearTheMind"],"picked":"Tantrum","floor":8},{"not_picked":["Protect","Tantrum"],"picked":"EmptyBody","floor":10},{"not_picked":["CutThroughFate","Omniscience"],"picked":"Conclude","floor":11},{"not_picked":["MasterReality","DeusExMachina"],"picked":"LessonLearned","floor":16},{"not_picked":["Protect","BattleHymn"],"picked":"LikeWater+1","floor":18},{"not_picked":["Halt","Nirvana"],"picked":"CutThroughFate","floor":19},{"not_picked":["Collect","CrushJoints+1"],"picked":"FlyingSleeves+1","floor":22},{"not_picked":["PathToVictory","Nirvana+1"],"picked":"DevaForm","floor":23},{"not_picked":["WaveOfTheHand","Conclude"],"picked":"FearNoEvil","floor":25},{"not_picked":["Fasting2","FlurryOfBlows"],"picked":"Meditate+1","floor":27},{"not_picked":["Consecrate","LikeWater"],"picked":"ThirdEye","floor":29},{"not_picked":["Halt","BattleHymn"],"picked":"Protect+1","floor":30},{"not_picked":["Scrawl","LessonLearned"],"picked":"Vault","floor":33},{"not_picked":["SashWhip+1","Study","Crescendo"],"picked":"SKIP","floor":35},{"not_picked":["Madness","Impatience"],"picked":"Dark Shackles","floor":36},{"not_picked":["Madness","Deep Breath"],"picked":"Violence","floor":36},{"not_picked":["Nirvana","Swivel","SandsOfTime+1"],"picked":"SKIP","floor":38},{"not_picked":["SashWhip","ThirdEye"],"picked":"JustLucky+1","floor":41},{"not_picked":["EmptyBody+1","Collect","ClearTheMind+1"],"picked":"InnerPeace+1","floor":46},{"not_picked":["ClearTheMind+1","Meditate","Weave+1"],"picked":"TalkToTheHand","floor":48},{"not_picked":["Meditate","ClearTheMind+1","ReachHeaven"],"picked":"WaveOfTheHand","floor":54}],"player_experience":14916,"relics_obtained":[{"floor":6,"key":"Darkstone Periapt"},{"floor":9,"key":"Lizard Tail"},{"floor":10,"key":"Ancient Tea Set"},{"floor":19,"key":"Red Mask"},{"floor":23,"key":"PreservedInsect"},{"floor":37,"key":"GoldenEye"},{"floor":41,"key":"Question Card"},{"floor":43,"key":"Potion Belt"},{"floor":54,"key":"Happy Flower"}],"event_choices":[{"cards_removed":["Strike_P"],"damage_healed":0,"gold_gain":0,"player_choice":"Card Removal","damage_taken":7,"max_hp_gain":0,"max_hp_loss":0,"event_name":"Golden Wing","floor":2,"gold_loss":0},{"damage_healed":0,"gold_gain":0,"player_choice":"Grow","damage_taken":0,"max_hp_gain":0,"max_hp_loss":0,"event_name":"Living Wall","floor":4,"gold_loss":0,"cards_upgraded":["CrushJoints"]},{"damage_healed":0,"gold_gain":0,"player_choice":"Donut","damage_taken":0,"max_hp_gain":5,"max_hp_loss":0,"event_name":"Big Fish","floor":5,"gold_loss":0},{"damage_healed":0,"gold_gain":175,"player_choice":"AGREE","damage_taken":0,"max_hp_gain":0,"max_hp_loss":0,"event_name":"Liars Game","floor":13,"gold_loss":0,"cards_obtained":["Doubt"]},{"damage_healed":0,"gold_gain":0,"player_choice":"Fought Bandits","damage_taken":0,"max_hp_gain":0,"max_hp_loss":0,"event_name":"Masked Bandits","floor":19,"gold_loss":0},{"damage_healed":0,"gold_gain":0,"player_choice":"Stole Relic","damage_taken":0,"relics_obtained":["Regal Pillow"],"max_hp_gain":0,"max_hp_loss":0,"event_name":"Addict","floor":21,"gold_loss":0,"cards_obtained":["Shame"]},{"damage_healed":0,"gold_gain":0,"player_choice":"Opened","damage_taken":0,"relics_obtained":["Mercury Hourglass"],"max_hp_gain":0,"max_hp_loss":0,"event_name":"The Mausoleum","floor":31,"gold_loss":0},{"damage_healed":0,"gold_gain":0,"player_choice":"Memory 2","damage_taken":5,"max_hp_gain":0,"max_hp_loss":0,"event_name":"SensoryStone","floor":36,"gold_loss":0},{"damage_healed":0,"gold_gain":0,"player_choice":"Fight","damage_taken":0,"max_hp_gain":0,"max_hp_loss":0,"event_name":"MindBloom","floor":37,"gold_loss":0},{"cards_removed":["Vigilance"],"damage_healed":0,"gold_gain":0,"player_choice":"Removed Skill","damage_taken":0,"max_hp_gain":0,"max_hp_loss":0,"event_name":"Falling","floor":44,"gold_loss":0}],"is_beta":false,"boss_relics":[{"not_picked":["Busted Crown","Philosopher\u0027s Stone"],"picked":"VioletLotus"},{"not_picked":["Astrolabe","Tiny House"],"picked":"Cursed Key"}],"items_purged_floors":[12,14,20,39],"is_endless":false,"potions_floor_spawned":[3,8,11,19,23,30,33,37,38,48,54],"ascension_level":0}}