{"host":"thn8o1tmql8xszd5","time":1607908550,"event":{"mods":["AchievementEnabler","BaseMod","Block Reminder","Colored Map","DeckTracker","Highlight Path","Minty Spire (QoL Compilation)","Permanent Neow","Quick Restart","Relic Stats","Robot Space Explorer","StSLib","The Blue Laboratory"],"gold_per_floor":[114,114,60,4,15,41,41,75,75,110,110,125,141,168,168,268,268,280,290,307,307,307,307,339,351,363,385,67,100,100,117,117,222,222,238,255,255,255,305,335,348,381,381,401,27,27,27,42,42,42],"floor_reached":51,"playtime":2595,"items_purged":[],"score":1035,"play_id":"48dcffac-d4b5-48e1-848d-641250367714","local_time":"20201213201550","is_ascension_mode":true,"campfire_choices":[{"data":"RobotSpaceExplorer:Electropulse","floor":7,"key":"SMITH"},{"floor":11,"key":"REST"},{"floor":15,"key":"DIG"},{"data":"RobotSpaceExplorer:ImprovisedAttack","floor":23,"key":"SMITH"},{"data":"RobotSpaceExplorer:ChargingLaser","floor":25,"key":"SMITH"},{"floor":32,"key":"REST"},{"floor":47,"key":"REST"},{"floor":49,"key":"REST"}],"circlet_count":0,"master_deck":["RobotSpaceExplorer:Defend","RobotSpaceExplorer:Defend","RobotSpaceExplorer:Defend","RobotSpaceExplorer:Defend","RobotSpaceExplorer:Scan","RobotSpaceExplorer:MiniLasers","RobotSpaceExplorer:ImprovisedAttack+1","RobotSpaceExplorer:ShovelStrike","RobotSpaceExplorer:ScrapToss","RobotSpaceExplorer:Electropulse+1","RobotSpaceExplorer:SurgingShield","RobotSpaceExplorer:TrailblazerForm","RobotSpaceExplorer:JunkDive","RobotSpaceExplorer:ChargingLaser+1","RobotSpaceExplorer:Discharger","RobotSpaceExplorer:ShockMissile","RobotSpaceExplorer:ExhaustFan","RobotSpaceExplorer:Multitool","RobotSpaceExplorer:SurgingStrike+1","Writhe","RobotSpaceExplorer:PowerCollector"],"relics":["RobotSpaceExplorer:RoboCore","Shovel","Orichalcum","Bird Faced Urn","StrikeDummy","MealTicket","RobotSpaceExplorer:BottledGravity","Mummified Hand","Philosopher\u0027s Stone","MawBank","Bottled Flame","Singing Bowl","TungstenRod","Black Star","Dead Branch","Mercury Hourglass","Pen Nib","Du-Vu Doll","Bronze Scales","RobotSpaceExplorer:PlasmaHourglass","Happy Flower","OrangePellets"],"acts_visited":["Exordium","TheCity","TheBeyond"],"potions_floor_usage":[8,16,18,29,40,40,40,42,44,50],"damage_taken":[{"damage":2,"enemies":"Small Slimes","floor":1,"turns":5},{"damage":0,"enemies":"Cultist","floor":5,"turns":3},{"damage":21,"enemies":"3 Sentries","floor":6,"turns":11},{"damage":8,"enemies":"Lagavulin","floor":8,"turns":4},{"damage":5,"enemies":"3 Sentries","floor":10,"turns":3},{"damage":0,"enemies":"2 Louse","floor":12,"turns":1},{"damage":1,"enemies":"Looter","floor":13,"turns":3},{"damage":12,"enemies":"Gremlin Nob","floor":14,"turns":3},{"damage":27,"enemies":"Hexaghost","floor":16,"turns":8},{"damage":0,"enemies":"3 Byrds","floor":18,"turns":4},{"damage":0,"enemies":"Spheric Guardian","floor":19,"turns":2},{"damage":27,"enemies":"Snecko","floor":20,"turns":4},{"damage":0,"enemies":"Gremlin Leader","floor":24,"turns":4},{"damage":9,"enemies":"Cultist and Chosen","floor":27,"turns":2},{"damage":15,"enemies":"Slavers","floor":29,"turns":3},{"damage":4,"enemies":"Chosen and Byrds","floor":31,"turns":3},{"damage":38,"enemies":"Automaton","floor":33,"turns":7},{"damage":1,"enemies":"Orb Walker","floor":35,"turns":2},{"damage":22,"enemies":"3 Darklings","floor":36,"turns":5},{"damage":23,"enemies":"Mind Bloom Boss Battle","floor":39,"turns":4},{"damage":17,"enemies":"Giant Head","floor":40,"turns":7},{"damage":18,"enemies":"Spire Growth","floor":41,"turns":4},{"damage":26,"enemies":"Nemesis","floor":42,"turns":5},{"damage":32,"enemies":"Jaw Worm Horde","floor":44,"turns":3},{"damage":0,"enemies":"4 Shapes","floor":48,"turns":3},{"damage":72,"enemies":"Time Eater","floor":50,"turns":6}],"seed_played":"-6262358270557428302","potions_obtained":[{"floor":6,"key":"blueLaboratory:HorrorPotion"},{"floor":10,"key":"blueLaboratory:SavagePotion"},{"floor":14,"key":"Fire Potion"},{"floor":16,"key":"blueLaboratory:NullPotion"},{"floor":19,"key":"blueLaboratory:LouseDecoction"},{"floor":24,"key":"RobotSpaceExplorer:LiquidFusion"},{"floor":27,"key":"Strength Potion"},{"floor":39,"key":"blueLaboratory:BottleOfVodka"},{"floor":40,"key":"blueLaboratory:EmptyBottle"},{"floor":41,"key":"Energy Potion"},{"floor":42,"key":"blueLaboratory:TrueEctoplasm"},{"floor":44,"key":"Explosive Potion"}],"is_trial":false,"path_per_floor":["M","?","$","?","M","E","R","E","T","E","R","M","M","E","R","B",null,"M","M","M","?","?","R","E","R","T","M","$","E","?","M","R","B",null,"M","M","?","?","?","E","M","E","T","M","$","?","R","M","R","B",null],"character_chosen":"RobotSpaceExplorer","items_purchased":["RobotSpaceExplorer:ShovelStrike","Singing Bowl","RobotSpaceExplorer:Discharger","Happy Flower","RobotSpaceExplorer:PowerCollector","OrangePellets"],"campfire_rested":4,"item_purchase_floors":[3,28,28,45,45,45],"current_hp_per_floor":[73,73,73,73,73,52,52,44,44,39,61,61,60,48,48,21,75,75,75,48,48,48,48,50,50,50,41,56,43,30,30,54,20,80,79,67,67,82,61,56,48,32,32,8,23,25,53,63,91,32],"gold":42,"neow_bonus":"REMOVE_CARD","is_daily":false,"chose_seed":false,"campfire_upgraded":3,"win_rate":0.0,"timestamp":1607908550,"path_taken":["M","?","$","?","?","E","R","E","T","E","R","M","M","E","R","BOSS","M","M","M","?","?","R","E","R","T","M","$","E","?","M","R","BOSS","M","M","?","?","?","E","M","E","T","M","$","?","R","M","R","BOSS"],"items_purchased_type":["Card","Relic","Card","Relic","Card","Relic"],"build_version":"2020-12-13","purchased_purges":0,"victory":true,"max_hp_per_floor":[75,75,75,75,75,75,75,75,75,75,75,75,75,75,75,75,75,75,75,75,75,75,75,75,75,75,75,75,75,80,80,80,80,80,80,82,82,82,84,86,88,90,90,92,92,94,94,96,96,96],"relic_stats":{"Singing Bowl":16,"Happy Flower":[3],"counters":[26,109],"Dead Branch":[33],"Pen Nib":[5],"Orichalcum":[60],"MawBank":48,"Mercury Hourglass":[78],"OrangePellets":[4],"Shovel":1,"Mummified Hand":[50],"Bird Faced Urn":[73],"Bronze Scales":[50],"MealTicket":30,"Black Star":2,"obtain_stats":[{"Singing Bowl":28,"Happy Flower":45,"Dead Branch":39,"RobotSpaceExplorer:PlasmaHourglass":43,"RobotSpaceExplorer:RoboCore":0,"Pen Nib":40,"Orichalcum":6,"MawBank":24,"Mercury Hourglass":40,"Du-Vu Doll":42,"OrangePellets":45,"Bottled Flame":26,"Shovel":4,"RobotSpaceExplorer:BottledGravity":14,"Mummified Hand":15,"Bird Faced Urn":8,"Bronze Scales":42,"MealTicket":10,"Philosopher\u0027s Stone":17,"Black Star":34,"StrikeDummy":9,"TungstenRod":29},{"Singing Bowl":14,"Happy Flower":24,"Dead Branch":20,"RobotSpaceExplorer:PlasmaHourglass":23,"RobotSpaceExplorer:RoboCore":0,"Pen Nib":21,"Orichalcum":3,"MawBank":13,"Mercury Hourglass":21,"Du-Vu Doll":23,"OrangePellets":24,"Bottled Flame":13,"Shovel":1,"RobotSpaceExplorer:BottledGravity":8,"Mummified Hand":8,"Bird Faced Urn":4,"Bronze Scales":23,"MealTicket":5,"Philosopher\u0027s Stone":9,"Black Star":17,"StrikeDummy":4,"TungstenRod":15},{"Singing Bowl":57,"Happy Flower":100,"Dead Branch":81,"RobotSpaceExplorer:PlasmaHourglass":97,"RobotSpaceExplorer:RoboCore":0,"Pen Nib":88,"Orichalcum":19,"MawBank":55,"Mercury Hourglass":88,"Du-Vu Doll":97,"OrangePellets":100,"Bottled Flame":55,"Shovel":5,"RobotSpaceExplorer:BottledGravity":33,"Mummified Hand":33,"Bird Faced Urn":23,"Bronze Scales":97,"MealTicket":26,"Philosopher\u0027s Stone":41,"Black Star":70,"StrikeDummy":23,"TungstenRod":60}],"TungstenRod":26},"card_choices":[{"not_picked":["RobotSpaceExplorer:FranticSearch","RobotSpaceExplorer:Ammunition"],"picked":"RobotSpaceExplorer:ImprovisedAttack","floor":1},{"not_picked":["RobotSpaceExplorer:GlueShot","RobotSpaceExplorer:SlimeMissile"],"picked":"RobotSpaceExplorer:ScrapToss","floor":5},{"not_picked":["RobotSpaceExplorer:ScrapToss","RobotSpaceExplorer:Ammunition"],"picked":"RobotSpaceExplorer:Electropulse","floor":6},{"not_picked":["RobotSpaceExplorer:Pulsar","RobotSpaceExplorer:SurgingStrike"],"picked":"RobotSpaceExplorer:SurgingShield","floor":8},{"not_picked":["RobotSpaceExplorer:TurboDodge","RobotSpaceExplorer:Electroshield","RobotSpaceExplorer:Comet"],"picked":"SKIP","floor":10},{"not_picked":["RobotSpaceExplorer:Ammunition","RobotSpaceExplorer:GlueShot","RobotSpaceExplorer:DoubleBlock"],"picked":"SKIP","floor":12},{"not_picked":["RobotSpaceExplorer:Pulsar","RobotSpaceExplorer:ToxicBomb","RobotSpaceExplorer:ShovelStrike"],"picked":"SKIP","floor":13},{"not_picked":["RobotSpaceExplorer:Electropulse","RobotSpaceExplorer:ToxicBomb","RobotSpaceExplorer:TurboDodge"],"picked":"SKIP","floor":14},{"not_picked":["RobotSpaceExplorer:Asteroid","RobotSpaceExplorer:Arsenal"],"picked":"RobotSpaceExplorer:TrailblazerForm","floor":16},{"not_picked":["RobotSpaceExplorer:MetalStrike","RobotSpaceExplorer:Probe+1","RobotSpaceExplorer:Ammunition"],"picked":"SKIP","floor":18},{"not_picked":["RobotSpaceExplorer:ShovelStrike","RobotSpaceExplorer:SurgingStrike","RobotSpaceExplorer:PlasmaMissile"],"picked":"SKIP","floor":19},{"not_picked":["RobotSpaceExplorer:PowerCollector","RobotSpaceExplorer:ToxicBomb","RobotSpaceExplorer:ShockKick"],"picked":"SKIP","floor":20},{"not_picked":["RobotSpaceExplorer:TurboDodge","RobotSpaceExplorer:Wormhole","RobotSpaceExplorer:DoubleBlock"],"picked":"SKIP","floor":24},{"not_picked":["RobotSpaceExplorer:Probe","RobotSpaceExplorer:Counterblock","RobotSpaceExplorer:BigMissile"],"picked":"SKIP","floor":27},{"not_picked":["RobotSpaceExplorer:Probe","RobotSpaceExplorer:GearShield"],"picked":"RobotSpaceExplorer:ShockMissile","floor":29},{"not_picked":["RobotSpaceExplorer:MiniDrones","RobotSpaceExplorer:ShovelStrike"],"picked":"RobotSpaceExplorer:ExhaustFan","floor":31},{"not_picked":["RobotSpaceExplorer:Exploration","RobotSpaceExplorer:Asteroid"],"picked":"RobotSpaceExplorer:Multitool","floor":33},{"not_picked":["RobotSpaceExplorer:MakeshiftVolley","RobotSpaceExplorer:Blitz"],"picked":"RobotSpaceExplorer:SurgingStrike+1","floor":35},{"not_picked":["RobotSpaceExplorer:GlueSpray","RobotSpaceExplorer:DoubleBlock+1","RobotSpaceExplorer:Pulsar"],"picked":"Singing Bowl","floor":36},{"not_picked":["RobotSpaceExplorer:ImprovisedAttack+1","RobotSpaceExplorer:SwiftStep","RobotSpaceExplorer:Pulsar"],"picked":"Singing Bowl","floor":39},{"not_picked":["RobotSpaceExplorer:ScrapMissile","RobotSpaceExplorer:StarDust","RobotSpaceExplorer:Fix+1"],"picked":"Singing Bowl","floor":40},{"not_picked":["RobotSpaceExplorer:Counterblock+1","RobotSpaceExplorer:ImprovisedAttack+1","RobotSpaceExplorer:JunkDive"],"picked":"Singing Bowl","floor":41},{"not_picked":["RobotSpaceExplorer:FreezeRay","RobotSpaceExplorer:ImprovisedAttack+1","RobotSpaceExplorer:Arsenal"],"picked":"Singing Bowl","floor":42},{"not_picked":["RobotSpaceExplorer:Counterblock","RobotSpaceExplorer:ShovelStrike","RobotSpaceExplorer:Electroshield"],"picked":"Singing Bowl","floor":44},{"not_picked":["Swift Strike","Madness","Sadistic Nature"],"picked":"Singing Bowl","floor":46},{"not_picked":["RobotSpaceExplorer:SwiftStep","RobotSpaceExplorer:StunGrenade","RobotSpaceExplorer:Fix+1"],"picked":"Singing Bowl","floor":48}],"player_experience":475871,"relics_obtained":[{"floor":6,"key":"Orichalcum"},{"floor":8,"key":"Bird Faced Urn"},{"floor":9,"key":"StrikeDummy"},{"floor":10,"key":"MealTicket"},{"floor":14,"key":"RobotSpaceExplorer:BottledGravity"},{"floor":15,"key":"Mummified Hand"},{"floor":24,"key":"MawBank"},{"floor":26,"key":"Bottled Flame"},{"floor":29,"key":"TungstenRod"},{"floor":39,"key":"Dead Branch"},{"floor":40,"key":"Mercury Hourglass"},{"floor":40,"key":"Pen Nib"},{"floor":42,"key":"Du-Vu Doll"},{"floor":42,"key":"Bronze Scales"},{"floor":43,"key":"RobotSpaceExplorer:PlasmaHourglass"}],"event_choices":[{"cards_removed":["RobotSpaceExplorer:Strike"],"damage_healed":0,"gold_gain":0,"player_choice":"Offered Basic","damage_taken":0,"max_hp_gain":0,"max_hp_loss":0,"event_name":"Bonfire Elementals","floor":2,"gold_loss":0},{"damage_healed":0,"gold_gain":0,"player_choice":"Paid Gold","damage_taken":0,"relics_obtained":["Shovel"],"max_hp_gain":0,"max_hp_loss":0,"event_name":"WeMeetAgain","floor":4,"gold_loss":56},{"damage_healed":0,"gold_gain":0,"cards_transformed":["RobotSpaceExplorer:Strike","RobotSpaceExplorer:Strike"],"player_choice":"Became Test Subject","damage_taken":0,"max_hp_gain":0,"max_hp_loss":0,"event_name":"Drug Dealer","floor":21,"gold_loss":0,"cards_obtained":["RobotSpaceExplorer:JunkDive","RobotSpaceExplorer:ChargingLaser"]},{"damage_healed":0,"gold_gain":0,"player_choice":"Ignored","damage_taken":0,"max_hp_gain":0,"max_hp_loss":0,"event_name":"Vampires","floor":22,"gold_loss":0},{"damage_healed":0,"gold_gain":0,"player_choice":"Shed Blood","damage_taken":19,"max_hp_gain":5,"max_hp_loss":0,"event_name":"Forgotten Altar","floor":30,"gold_loss":0},{"damage_healed":0,"gold_gain":0,"player_choice":"Ignored","damage_taken":0,"max_hp_gain":0,"max_hp_loss":0,"event_name":"Tomb of Lord Red Mask","floor":37,"gold_loss":0},{"damage_healed":21,"gold_gain":0,"player_choice":"Writhe","damage_taken":0,"max_hp_gain":0,"max_hp_loss":0,"event_name":"Winding Halls","floor":38,"gold_loss":0,"cards_obtained":["Writhe"]},{"damage_healed":0,"gold_gain":0,"player_choice":"Fight","damage_taken":0,"max_hp_gain":0,"max_hp_loss":0,"event_name":"MindBloom","floor":39,"gold_loss":0},{"damage_healed":0,"gold_gain":0,"player_choice":"Memory 1","damage_taken":0,"max_hp_gain":0,"max_hp_loss":0,"event_name":"SensoryStone","floor":46,"gold_loss":0}],"is_beta":false,"boss_relics":[{"not_picked":["Coffee Dripper","Snecko Eye"],"picked":"Philosopher\u0027s Stone"},{"not_picked":["Pandora\u0027s Box","Astrolabe"],"picked":"Black Star"}],"items_purged_floors":[],"is_endless":false,"potions_floor_spawned":[6,10,14,16,19,24,27,39,40,41,42,44],"ascension_level":3}}