{"host":"ow9msrs9p2ctkx99","time":1607910383,"event":{"mods":["AchievementEnabler","BaseMod","Colored Map","Colored Powertips","Minty Spire (QoL Compilation)","Permanent Neow","Quick Restart","SuperFastMode"],"gold_per_floor":[217,230,242,86,101,101,111,111,164,10,10,42,99,119,119,119,119],"floor_reached":16,"playtime":366,"items_purged":["Strike_B"],"score":158,"play_id":"62e24aff-419d-473b-91c4-1a3e220313d5","local_time":"20201214024623","is_ascension_mode":true,"campfire_choices":[{"data":"Chaos","floor":6,"key":"SMITH"},{"data":"Sweeping Beam","floor":8,"key":"SMITH"},{"data":"Dualcast","floor":11,"key":"SMITH"},{"floor":15,"key":"REST"}],"circlet_count":0,"master_deck":["AscendersBane","Strike_B","Strike_B","Strike_B","Defend_B","Defend_B","Defend_B","Defend_B","Zap","Dualcast+1","BootSequence","Chill","Ball Lightning","Chaos+1","Sweeping Beam+1","Electrodynamics","Skim"],"relics":["Cracked Core","Nunchaku","Orichalcum","Gremlin Horn","CeramicFish"],"acts_visited":["Exordium"],"potions_floor_usage":[13,16],"damage_taken":[{"damage":4,"enemies":"Jaw Worm","floor":1,"turns":3},{"damage":0,"enemies":"Small Slimes","floor":2,"turns":3},{"damage":0,"enemies":"2 Louse","floor":3,"turns":3},{"damage":1,"enemies":"Looter","floor":5,"turns":3},{"damage":7,"enemies":"3 Louse","floor":7,"turns":3},{"damage":30,"enemies":"Lagavulin","floor":12,"turns":6},{"damage":21,"enemies":"Lagavulin Event","floor":13,"turns":5},{"damage":0,"enemies":"Red Slaver","floor":14,"turns":3},{"damage":41,"enemies":"Slime Boss","floor":16,"turns":5}],"seed_played":"-1331475966471749710","potions_obtained":[{"floor":3,"key":"PotionOfCapacity"},{"floor":5,"key":"Regen Potion"},{"floor":12,"key":"FearPotion"},{"floor":13,"key":"SpeedPotion"}],"is_trial":false,"path_per_floor":["M","M","M","$","M","R","M","R","T","$","R","E","?","M","R","B"],"character_chosen":"DEFECT","items_purchased":["Chaos","Orichalcum"],"campfire_rested":1,"item_purchase_floors":[4,10],"current_hp_per_floor":[64,64,64,64,63,63,56,56,56,56,56,26,19,19,41,0,0],"gold":119,"neow_bonus":"HUNDRED_GOLD","is_daily":false,"chose_seed":false,"campfire_upgraded":3,"win_rate":0.0,"timestamp":1607910383,"path_taken":["M","M","M","$","M","R","M","R","T","$","R","E","?","M","R","BOSS"],"items_purchased_type":["Card","Relic"],"build_version":"2020-12-13","purchased_purges":1,"victory":false,"max_hp_per_floor":[75,75,75,75,75,75,75,75,75,75,75,75,75,75,75,75,75],"card_choices":[{"not_picked":["Redo","Barrage"],"picked":"BootSequence","floor":1},{"not_picked":["Compile Driver","Lockon"],"picked":"Chill","floor":2},{"not_picked":["Steam","Storm"],"picked":"Ball Lightning","floor":3},{"not_picked":["Beam Cell","Self Repair","Force Field"],"picked":"SKIP","floor":5},{"not_picked":["Beam Cell","Reinforced Body"],"picked":"Sweeping Beam","floor":7},{"not_picked":["Hologram","White Noise"],"picked":"Electrodynamics","floor":12},{"not_picked":["Compile Driver","Rebound"],"picked":"Skim","floor":14}],"player_experience":1052445,"relics_obtained":[{"floor":9,"key":"Nunchaku"},{"floor":12,"key":"Gremlin Horn"},{"floor":13,"key":"CeramicFish"}],"event_choices":[{"damage_healed":0,"gold_gain":0,"player_choice":"Searched \u00271\u0027 times","damage_taken":0,"max_hp_gain":0,"max_hp_loss":0,"event_name":"Dead Adventurer","floor":13,"gold_loss":0}],"is_beta":false,"boss_relics":[],"items_purged_floors":[4],"is_endless":false,"potions_floor_spawned":[3,5,12,13],"killed_by":"Slime Boss","ascension_level":11}}