{"host":"87w2793jpavfbt1o","time":1607915941,"event":{"mods":["AchievementEnabler","Aspiration","BaseMod","Better Altar","Better Match","Better Note","Better Sensory Stone","Better Skull","Better Third Choice","Better Vampires","BetterRewards","Conspire","Displayed Cursed Tome","Downfall","Energized Spire","Filter the Spire","Halation","Highlight Path","Hubris","Infinite Spire","Marked Mod","Minty Spire (QoL Compilation)","Practice Mode","Prisma Mod","Relic Filter","Relic Sorter","Replay The Spire","SIMod","Shop Mod","StSLib","TestMod","??????REMEMod"],"gold_per_floor":[109,109,109,119,70,104,116,128,140,70,106,92,102,2,2],"floor_reached":14,"playtime":1251,"items_purged":[],"score":123,"play_id":"e665ba66-b0f6-4ce5-8774-244f984af5cc","local_time":"20201213191901","is_ascension_mode":true,"campfire_choices":[{"floor":8,"key":"RECALL"}],"circlet_count":0,"master_deck":["Strike_P","Strike_P","Strike_P","Strike_P","Defend_P","Defend_P","Defend_P","Defend_P","Eruption","Vigilance","testmod-Reverberation","Prostrate","ReplayTheSpireMod:Brewmster","Replay:ManipulateFuture","MarkedMod:GracefulMovements","ReplayTheSpireMod:IOU","MarkedMod:ChiBlock","ReplayTheSpireMod:IOU","REME_MusicOfDeath","REME_MusicOfDeath","testmod-FightingIntention","ConjureBlade","WindmillStrike","ClearTheMind","Halt"],"relics":["PureWater","Replay:Wax Seal","REME_ComplimentaryCards","testmod-TestBox","testmod-AscensionHeart","ReplayTheSpireMod:TigerMarble","halation:PinkSoulGem","MawBank","ReplayFunnel"],"acts_visited":["Exordium"],"potions_floor_usage":[4,4,6,6,6,6,6,10,10,10,13,14,14,14,14,14],"damage_taken":[{"damage":6,"enemies":"Cultist","floor":1,"turns":5},{"damage":0,"enemies":"Small Slimes","floor":4,"turns":2},{"damage":80,"enemies":"3 Sentries","floor":6,"turns":9},{"damage":17,"enemies":"2 Louse","floor":10,"turns":5},{"damage":18,"enemies":"Large Slime","floor":13,"turns":5},{"damage":14,"enemies":"Gremlin Nob","floor":14,"turns":3}],"seed_played":"4207636427412625391","potions_obtained":[{"floor":6,"key":"Weak Potion"},{"floor":13,"key":"GamblersBrew"}],"is_trial":false,"path_per_floor":["M","$","?","M","$","E","?","R","T","M","T","$","M","E"],"character_chosen":"WATCHER","items_purchased":["ReplayTheSpireMod:TigerMarble","Prostrate","ReplayTheSpireMod:Brewmster","Replay:Wax Seal","MarkedMod:ChiBlock","REME_MusicOfDeath","testmod-FightingIntention","ClearTheMind"],"campfire_rested":0,"item_purchase_floors":[0,0,0,5,5,5,5,12],"current_hp_per_floor":[60,60,60,61,61,17,38,38,38,22,22,22,5,0,0],"gold":2,"neow_bonus":"","is_daily":false,"chose_seed":false,"campfire_upgraded":0,"win_rate":0.0,"timestamp":1607915941,"path_taken":["M","?","?","M","$","E","?","R","T","M","?","?","M","E"],"items_purchased_type":["Relic","Card","Card","Relic","Card","Card","Card","Card"],"build_version":"2020-12-13","purchased_purges":0,"victory":false,"max_hp_per_floor":[72,72,72,72,72,72,72,72,72,72,72,72,72,72,72],"card_choices":[{"not_picked":["Conclude","Crescendo"],"picked":"Replay:ManipulateFuture","floor":1},{"not_picked":["Prostrate","EmptyFist"],"picked":"MarkedMod:GracefulMovements","floor":4},{"not_picked":["REME_EmptyShield","DeusExMachina"],"picked":"ConjureBlade","floor":6},{"not_picked":["Adaptation","Crescendo"],"picked":"WindmillStrike","floor":10},{"not_picked":["CrushJoints","REME_WorshipGod"],"picked":"Halt","floor":13}],"player_experience":623192,"relics_obtained":[{"floor":6,"key":"MawBank"},{"floor":11,"key":"ReplayFunnel"}],"event_choices":[],"is_beta":false,"boss_relics":[],"items_purged_floors":[],"is_endless":false,"potions_floor_spawned":[6,13],"killed_by":"Gremlin Nob","ascension_level":8}}