{"host":"jm9833yuloeli2yd","time":1607983461,"event":{"mods":["AchievementEnabler","BaseMod","Better Altar","Better Match","Better Note","Better Sensory Stone","Better Skull","Better Vampires","Colored Map","Colored Powertips","DeckTracker","Minty Spire (QoL Compilation)","Permanent Neow","Quick Restart","Replay The Spire","StSLib","SuperFastMode"],"gold_per_floor":[116,129,129,147,72,98,98,132,155,155,43,43,76,76,76,76,76],"floor_reached":16,"playtime":442,"items_purged":["Strike_B"],"score":232,"play_id":"57491827-1a6c-4ed5-9ebe-9bc2fd10379b","local_time":"20201214170421","is_ascension_mode":true,"campfire_choices":[{"data":"Compile Driver","floor":10,"key":"SMITH"},{"data":"Sweeping Beam","floor":12,"key":"SMITH"},{"data":"Zap","floor":15,"key":"SMITH"}],"circlet_count":0,"master_deck":["AscendersBane","Strike_B","Defend_B","Defend_B","Defend_B","Defend_B","Zap+1","Dualcast","Strike_G","m_Survivalism","Sunder+1","Self Repair","Compile Driver+1","Sweeping Beam+1","Glacier"],"relics":["Cracked Core","CaptainsWheel","ReplayTheSpireMod:TigerMarble","Juzu Bracelet","Happy Flower","Pondfish Scales"],"acts_visited":["Exordium"],"potions_floor_usage":[6,8,16],"damage_taken":[{"damage":7,"enemies":"Jaw Worm","floor":1,"turns":4},{"damage":1,"enemies":"Cultist","floor":2,"turns":3},{"damage":3,"enemies":"2 Louse","floor":4,"turns":4},{"damage":37,"enemies":"Lagavulin","floor":6,"turns":8},{"damage":5,"enemies":"3 Sentries","floor":8,"turns":6},{"damage":8,"enemies":"Gremlin Nob","floor":13,"turns":3},{"damage":45,"enemies":"Fading Forest","floor":16,"turns":11}],"seed_played":"-4620353379318694483","potions_obtained":[{"floor":2,"key":"FearPotion"},{"floor":4,"key":"Strength Potion"},{"floor":8,"key":"DuplicationPotion"}],"is_trial":false,"path_per_floor":["M","M","?","M","$","E","?","E","T","R","$","R","E","?","R","B"],"character_chosen":"DEFECT","items_purchased":["Sweeping Beam","AttackPotion"],"campfire_rested":0,"item_purchase_floors":[11,11],"current_hp_per_floor":[57,56,56,60,60,30,30,32,32,32,32,32,31,31,31,0,0],"gold":76,"neow_bonus":"ONE_RARE_RELIC","is_daily":false,"chose_seed":false,"campfire_upgraded":3,"win_rate":0.0,"timestamp":1607983461,"path_taken":["M","M","?","M","?","E","?","E","T","R","$","R","E","?","R","BOSS"],"items_purchased_type":["Card","Potion"],"build_version":"2020-12-13","purchased_purges":1,"victory":false,"max_hp_per_floor":[71,71,71,71,71,71,71,71,71,71,71,71,71,71,71,71,71],"card_choices":[{"not_picked":["Conserve Battery","Rebound"],"picked":"Sunder","floor":1},{"not_picked":["Undo","Compile Driver"],"picked":"Self Repair","floor":2},{"not_picked":["Lockon","Leap"],"picked":"Compile Driver","floor":4},{"not_picked":["BasicCrystalCard","Redo","Multi-Cast"],"picked":"SKIP","floor":6},{"not_picked":["Creative AI","Stack","Chaos"],"picked":"SKIP","floor":8},{"not_picked":["Hologram","Stack"],"picked":"Glacier","floor":13}],"player_experience":1057534,"relics_obtained":[{"floor":6,"key":"ReplayTheSpireMod:TigerMarble"},{"floor":8,"key":"Juzu Bracelet"},{"floor":9,"key":"Happy Flower"},{"floor":13,"key":"Pondfish Scales"}],"event_choices":[{"cards_removed":["Strike_B"],"damage_healed":0,"gold_gain":0,"player_choice":"Offered Basic","damage_taken":0,"max_hp_gain":0,"max_hp_loss":0,"event_name":"Bonfire Elementals","floor":3,"gold_loss":0},{"damage_healed":0,"gold_gain":0,"player_choice":"Grow","damage_taken":0,"max_hp_gain":0,"max_hp_loss":0,"event_name":"Living Wall","floor":7,"gold_loss":0,"cards_upgraded":["Sunder"]},{"cards_removed":["Strike_B"],"damage_healed":0,"gold_gain":0,"player_choice":"Purged","damage_taken":0,"max_hp_gain":0,"max_hp_loss":0,"event_name":"Purifier","floor":14,"gold_loss":0}],"is_beta":false,"boss_relics":[],"items_purged_floors":[5],"is_endless":false,"potions_floor_spawned":[2,4,8],"killed_by":"Fading Forest","ascension_level":20}}