{"host":"1","time":1607948277,"event":{"mods":["Act Like it!","BaseMod","Better Third Choice","Hubris","Jorbs\u0027s Wanderer Trilogy","Minty Spire (QoL Compilation)","Replay The Spire","Shade Mod","StSLib","The Cursed","The Mystic","Wandering Minibosses"],"gold_per_floor":[111,61,61,75,90,90,101,127,199,219,24,36,61,72,72,174,174,193,193,393,480,480,480,480,480],"floor_reached":24,"playtime":831,"items_purged":[],"score":243,"play_id":"d956ac8f-5d07-4cb0-8322-a188fb31fa80","local_time":"20201214151757","is_ascension_mode":true,"campfire_choices":[{"data":"Zap","floor":6,"key":"SMITH"},{"floor":15,"key":"REST"},{"floor":23,"key":"REST"}],"circlet_count":0,"master_deck":["Defend_B+1","Defend_B+1","Defend_B","Defend_B+1","Zap+1","Dualcast","Double Energy","Streamline","Conserve Battery","ReplayTheSpireMod:Reroute Power","Sweeping Beam","Heatsinks","Heatsinks","Aggregate","hubris:DoWhile","Force Field+1","Necronomicurse","Beam Cell+1","Bite","Bite","Bite","Bite","Bite"],"relics":["Cracked Core","Dream Catcher","War Paint","Iron Hammer","Simple Rune","Replay:Bottled Steam","Inserter","Necronomicon"],"acts_visited":["Exordium","TheCity"],"potions_floor_usage":[8,13,16,16,21,21,24],"damage_taken":[{"damage":1,"enemies":"2 Louse","floor":1,"turns":2},{"damage":2,"enemies":"Small Slimes","floor":4,"turns":3},{"damage":0,"enemies":"Cultist","floor":5,"turns":3},{"damage":8,"enemies":"2 Fungi Beasts","floor":7,"turns":3},{"damage":26,"enemies":"Lagavulin","floor":8,"turns":8},{"damage":3,"enemies":"Red Slaver","floor":10,"turns":2},{"damage":0,"enemies":"Looter","floor":12,"turns":2},{"damage":11,"enemies":"3 Sentries","floor":13,"turns":6},{"damage":10,"enemies":"3 Louse","floor":14,"turns":3},{"damage":21,"enemies":"Hexaghost","floor":16,"turns":9},{"damage":21,"enemies":"Shell Parasite","floor":18,"turns":8},{"damage":28,"enemies":"3 Byrds","floor":21,"turns":8},{"damage":36,"enemies":"Book of Stabbing","floor":24,"turns":4}],"seed_played":"8976725139306789421","potions_obtained":[{"floor":3,"key":"Venom Potion"},{"floor":3,"key":"SteroidPotion"},{"floor":3,"key":"ColorlessPotion"},{"floor":7,"key":"Regen Potion"},{"floor":8,"key":"Swift Potion"},{"floor":14,"key":"Milkshake"},{"floor":18,"key":"FearPotion"},{"floor":21,"key":"Weak Potion"}],"is_trial":false,"path_per_floor":["M","?","?","M","M","R","M","E","T","M","$","M","E","M","R","B",null,"M","?","?","M","?","R","E"],"character_chosen":"DEFECT","items_purchased":["Sweeping Beam","Simple Rune"],"campfire_rested":2,"item_purchase_floors":[11,11],"current_hp_per_floor":[74,74,74,72,72,72,64,50,50,47,47,47,36,26,48,27,75,54,38,38,10,10,25,0,0],"gold":480,"neow_bonus":"RANDOM_COMMON_RELIC","is_daily":false,"chose_seed":false,"campfire_upgraded":1,"win_rate":0.0,"timestamp":1607948277,"path_taken":["M","?","?","M","M","R","M","E","T","M","$","M","E","M","R","BOSS","M","?","?","?","?","R","E"],"items_purchased_type":["Card","Relic"],"build_version":"2020-11-17","purchased_purges":0,"victory":false,"max_hp_per_floor":[75,75,75,75,75,75,75,75,75,75,75,75,75,75,75,75,75,75,75,75,75,52,52,52,52],"card_choices":[{"not_picked":["Steam","Doom and Gloom","Redo"],"picked":"SKIP","floor":1},{"not_picked":["ReplaySort","BasicCrystalCard"],"picked":"Double Energy","floor":4},{"not_picked":["Cold Snap","Reinforced Body"],"picked":"Streamline","floor":5},{"not_picked":["Streamline","Crystallizer"],"picked":"Conserve Battery","floor":7},{"not_picked":["Barrage","Steam","BasicCrystalCard"],"picked":"SKIP","floor":8},{"not_picked":["Steam","hubris:SpecializedCircuitry"],"picked":"ReplayTheSpireMod:Reroute Power","floor":10},{"not_picked":["Hologram","Stack"],"picked":"Heatsinks","floor":12},{"not_picked":["Rip and Tear","Turbo"],"picked":"Heatsinks","floor":13},{"not_picked":["Redo","Compile Driver"],"picked":"Aggregate","floor":14},{"not_picked":["Multi-Cast","Amplify"],"picked":"hubris:DoWhile","floor":16},{"not_picked":["Streamline+1","Redo"],"picked":"Force Field+1","floor":18},{"not_picked":["Ball Lightning","Go for the Eyes"],"picked":"Beam Cell+1","floor":21}],"player_experience":69247,"relics_obtained":[{"floor":8,"key":"War Paint"},{"floor":9,"key":"Iron Hammer"},{"floor":13,"key":"Replay:Bottled Steam"},{"floor":19,"key":"Necronomicon"}],"event_choices":[{"cards_removed":["Strike_B"],"damage_healed":0,"gold_gain":0,"player_choice":"Card Removal","damage_taken":0,"max_hp_gain":0,"max_hp_loss":0,"event_name":"The Cleric","floor":2,"gold_loss":50},{"damage_healed":0,"gold_gain":0,"player_choice":"Got Potions","damage_taken":0,"max_hp_gain":0,"max_hp_loss":0,"event_name":"Lab","floor":3,"gold_loss":0},{"damage_healed":0,"gold_gain":0,"player_choice":"Obtained Book","damage_taken":16,"max_hp_gain":0,"max_hp_loss":0,"event_name":"Cursed Tome","floor":19,"gold_loss":0},{"damage_healed":0,"gold_gain":250,"player_choice":"Bet on Owner","damage_taken":0,"max_hp_gain":0,"max_hp_loss":0,"event_name":"The Joust","floor":20,"gold_loss":50},{"damage_healed":0,"gold_gain":0,"player_choice":"Became a vampire","damage_taken":0,"max_hp_gain":0,"max_hp_loss":23,"event_name":"Vampires","floor":22,"gold_loss":0,"cards_obtained":["Bite","Bite","Bite","Bite","Bite"]}],"is_beta":true,"boss_relics":[{"not_picked":["Astrolabe","Snecko Eye"],"picked":"Inserter"}],"items_purged_floors":[],"is_endless":false,"potions_floor_spawned":[7,8,13,14,18,21],"killed_by":"Book of Stabbing","ascension_level":1}}