{"host":"1tl36azeqm6yhdgj","time":1607955417,"event":{"mods":["AchievementEnabler","BaseMod","Minty Spire (QoL Compilation)","StSLib","The IronCluck","everything is the same but u backflip on backflip"],"gold_per_floor":[111,111,13,13,26,26,56,56,56,87,2,16,16,27,27,123,123,134,134,148,198,217,217,217],"floor_reached":23,"playtime":633,"items_purged":[],"score":347,"play_id":"eca44a28-2fc2-4144-afc3-dac1e73033f7","local_time":"20201214091657","is_ascension_mode":true,"campfire_choices":[{"data":"Enlightenment","floor":6.0,"key":"SMITH"},{"data":"Uppercut","floor":8.0,"key":"SMITH"},{"floor":15.0,"key":"DIG"}],"circlet_count":0,"master_deck":["AscendersBane","Strike_R","Strike_R","Defend_R","Defend_R","Defend_R+1","Defend_R","Bash","Rage","Enlightenment+1","Uppercut+1","Immolate","Fire Breathing","Disarm+1","Carnage","Feed","True Grit+1","Demon Form+1","Berserk+1","Reckless Charge","Body Slam+1"],"relics":["Burning Blood","NeowsBlessing","Bag of Preparation","Self Forming Clay","Meat on the Bone","Shovel","Eternal Feather","Astrolabe"],"acts_visited":["Exordium","TheCity"],"potions_floor_usage":[20,22],"damage_taken":[{"damage":0.0,"enemies":"2 Louse","floor":1.0,"turns":1.0},{"damage":0.0,"enemies":"Cultist","floor":5.0,"turns":1.0},{"damage":0.0,"enemies":"Gremlin Nob","floor":7.0,"turns":1.0},{"damage":35.0,"enemies":"Lagavulin","floor":10.0,"turns":6.0},{"damage":6.0,"enemies":"Jaw Worm","floor":12.0,"turns":3.0},{"damage":16.0,"enemies":"Exordium Thugs","floor":14.0,"turns":4.0},{"damage":13.0,"enemies":"Hexaghost","floor":16.0,"turns":10.0},{"damage":28.0,"enemies":"2 Thieves","floor":18.0,"turns":4.0},{"damage":32,"enemies":"Spheric Guardian","floor":20,"turns":6},{"damage":5,"enemies":"Snecko","floor":22,"turns":4},{"damage":33,"enemies":"Gremlin Leader","floor":23,"turns":4}],"seed_played":"-2470832556577705337","potions_obtained":[{"floor":5.0,"key":"Fire Potion"},{"floor":12.0,"key":"AttackPotion"},{"floor":18.0,"key":"SpeedPotion"},{"floor":20,"key":"SkillPotion"}],"is_trial":false,"path_per_floor":["M","?","$","$","M","R","E","R","T","E","?","M","?","M","R","B",null,"M","?","M","?","M","E"],"character_chosen":"IRONCLAD","items_purchased":["Enlightenment"],"campfire_rested":0,"item_purchase_floors":[3],"current_hp_per_floor":[78,70,70,70,76,76,80,80,80,51,51,51,35,37,37,42,71,49,34,20,20,33,0,0],"gold":217,"neow_bonus":"THREE_ENEMY_KILL","is_daily":false,"chose_seed":false,"campfire_upgraded":2,"win_rate":0.0,"timestamp":1607955417,"path_taken":["M","?","?","$","M","R","E","R","T","E","?","?","?","M","R","BOSS","M","?","M","?","M","E"],"items_purchased_type":["Card"],"build_version":"2020-12-13","purchased_purges":0,"victory":false,"max_hp_per_floor":[80,80,80,80,80,80,80,80,80,80,80,80,80,80,80,80,80,80,85,85,85,85,85,85],"card_choices":[{"not_picked":["Clash","Flex"],"picked":"Rage","floor":1.0},{"not_picked":["Clash","Evolve"],"picked":"Uppercut","floor":5.0},{"not_picked":["Body Slam","Feel No Pain"],"picked":"Immolate","floor":7.0},{"not_picked":["Dark Embrace","Pommel Strike"],"picked":"Fire Breathing","floor":10.0},{"not_picked":["Metallicize","Flex"],"picked":"Disarm","floor":12.0},{"not_picked":["Carnage","True Grit","Perfected Strike"],"picked":"SKIP","floor":14.0},{"not_picked":["True Grit","Perfected Strike"],"picked":"Carnage","floor":14.0},{"not_picked":["Berserk","Bludgeon"],"picked":"Feed","floor":16.0},{"not_picked":["Combust","Pommel Strike"],"picked":"Reckless Charge","floor":18.0},{"not_picked":["Headbutt","Havoc","Iron Wave"],"picked":"SKIP","floor":20},{"not_picked":["Twin Strike","Disarm"],"picked":"Body Slam+1","floor":22}],"player_experience":1927896,"relics_obtained":[{"floor":7.0,"key":"Bag of Preparation"},{"floor":9.0,"key":"Self Forming Clay"},{"floor":10.0,"key":"Meat on the Bone"},{"floor":15.0,"key":"Eternal Feather"}],"event_choices":[{"damage_healed":0.0,"max_hp_gain":0.0,"max_hp_loss":0.0,"gold_gain":0.0,"event_name":"Wheel of Change","player_choice":"Damaged","floor":2.0,"gold_loss":0.0,"damage_taken":8.0},{"damage_healed":0.0,"max_hp_gain":0.0,"max_hp_loss":0.0,"gold_gain":0.0,"event_name":"WeMeetAgain","player_choice":"Paid Gold","floor":11.0,"gold_loss":85.0,"damage_taken":0.0,"relics_obtained":["Shovel"]},{"damage_healed":0.0,"max_hp_gain":0.0,"max_hp_loss":0.0,"gold_gain":0.0,"event_name":"Shining Light","player_choice":"Entered Light","floor":13.0,"gold_loss":0.0,"damage_taken":16.0,"cards_upgraded":["Defend_R","Disarm"]},{"damage_healed":0.0,"max_hp_gain":5.0,"max_hp_loss":0.0,"gold_gain":0.0,"event_name":"Forgotten Altar","player_choice":"Shed Blood","floor":19.0,"gold_loss":0.0,"damage_taken":20.0},{"damage_healed":0,"gold_gain":100,"player_choice":"Bet on Murderer","damage_taken":0,"max_hp_gain":0,"max_hp_loss":0,"event_name":"The Joust","floor":21,"gold_loss":50}],"is_beta":false,"boss_relics":[{"not_picked":["Ectoplasm","Calling Bell"],"picked":"Astrolabe"}],"items_purged_floors":[],"is_endless":false,"potions_floor_spawned":[5,12,18,20],"killed_by":"Gremlin Leader","ascension_level":11}}