{"host":"g3bty4prdobmknyh","time":1607925414,"event":{"mods":["Act Like it!","Aspiration","BaseMod","Hermit","Minty Spire (QoL Compilation)","Pale of the Ancients","Replay The Spire","StSLib","The Blackbeard","The Hierophant","The Jungle"],"gold_per_floor":[114,114,127,147,352,352,379,379,379,390,410,138,172,172,172,277,277,289,289,289,75,95,95,111,131,131,165,165,183,202,34,34,138,138,151,86,86,104,104,104,120,94,94,106,138,138,149,149,149,149,149],"floor_reached":50,"playtime":3378,"items_purged":[],"score":702,"play_id":"bc91237d-e769-49a6-996c-b31c713f2b0e","local_time":"20201214005654","daily_mods":["SealedDeck","Heirloom","DeadlyEvents","Lethality"],"is_ascension_mode":true,"campfire_choices":[{"data":"hermit:Glare","floor":6.0,"key":"SMITH"},{"data":"hermit:Determination","floor":8.0,"key":"SMITH"},{"floor":15.0,"key":"REST"},{"floor":23.0,"key":"REST"},{"floor":28.0,"key":"REST"},{"floor":32.0,"key":"REST"},{"floor":40,"key":"REST"},{"floor":46,"key":"REST"},{"floor":49,"key":"REST"}],"circlet_count":0,"master_deck":["hermit:Deadeye","hermit:Vantage+1","hermit:LowProfile","hermit:Enervate","hermit:Malice","hermit:Snipe","hermit:Determination+1","hermit:PistolWhip","hermit:Glare+1","hermit:Virtue","hermit:ItchyTrigger","ReplayTheSpireMod:Splinters","hermit:Gambit","hermit:Horror+1","hermit:TakeAim","hermit:Roughhouse","hermit:DeadMansHand+1","theJungle:PetSnecko+1","Shame","Apotheosis","hermit:Brawl","hermit:Vantage+1","hermit:RoundhouseKick","hermit:SprayPray+1","ReplayTheSpireMod:Trickstab","hermit:FinalCanter","hermit:BodyArmor+1","ReplayTheSpireMod:IOU","hermit:Manifest+1","hermit:EyeOfTheStorm+1","ReplayTheSpireMod:IOU","ReplayTheSpireMod:IOU","hermit:TrackingShot+1","hermit:Grudge"],"relics":["hermit:ClaspedLocket","Incense Burner","Bag of Marbles","Replay:Bottled Flurry","Membership Card","hermit:Spyglass","Toy Ornithopter","ReplayTheSpireMod:Ring of Addiction","White Beast Statue","SacredBark","ReplayTheSpireMod:Ring of Exchange","Strange Spoon","theJungle:SneckoAutograph","Replay:WaspNest","hermit:PetGhost","aspiration:FetidBarrel","InkBottle","Frozen Egg 2","Replay:Wax Seal","hermit:CharredGlove","Shovel","War Paint","Toxic Egg 2","Blue Candle","Sundial"],"acts_visited":["Exordium","theJungle:Jungle","TheBeyond"],"potions_floor_usage":[38,41,44,44,47,50,50],"damage_taken":[{"damage":0.0,"enemies":"Small Slimes","floor":1.0,"turns":2.0},{"damage":3.0,"enemies":"2 Louse","floor":3.0,"turns":4.0},{"damage":0.0,"enemies":"Cultist","floor":4.0,"turns":3.0},{"damage":19.0,"enemies":"Gremlin Nob","floor":7.0,"turns":3.0},{"damage":8.0,"enemies":"3 Louse","floor":10.0,"turns":3.0},{"damage":6.0,"enemies":"2 Fungi Beasts","floor":11.0,"turns":3.0},{"damage":12.0,"enemies":"3 Sentries","floor":13.0,"turns":5.0},{"damage":50.0,"enemies":"Hexaghost","floor":16.0,"turns":5.0},{"damage":29.0,"enemies":"theJungle:Flameango_and_Byrd","floor":18.0,"turns":4.0},{"damage":17.0,"enemies":"theJungle:MUSHROOMGANG","floor":22.0,"turns":5.0},{"damage":18.0,"enemies":"theJungle:Lyon","floor":24.0,"turns":5.0},{"damage":11.0,"enemies":"theJungle:2_Snecko_Cultists","floor":25.0,"turns":4.0},{"damage":28.0,"enemies":"theJungle:2_Phrogs","floor":27.0,"turns":8.0},{"damage":10.0,"enemies":"theJungle:Snecko_Cultist_And_Trap","floor":29.0,"turns":6.0},{"damage":15.0,"enemies":"Snake Plant","floor":30.0,"turns":4.0},{"damage":48.0,"enemies":"theJungle:FunGuy","floor":33.0,"turns":9.0},{"damage":13,"enemies":"Orb Walker","floor":35,"turns":2},{"damage":48,"enemies":"3 Darklings","floor":38,"turns":5},{"damage":13,"enemies":"Sphere and 2 Shapes","floor":41,"turns":3},{"damage":54,"enemies":"Writhing Mass","floor":44,"turns":4},{"damage":2,"enemies":"Reptomancer","floor":45,"turns":5},{"damage":14,"enemies":"Transient","floor":47,"turns":5},{"damage":100071,"enemies":"Donu and Deca","floor":50,"turns":4}],"seed_played":"-6576520610129971059","potions_obtained":[{"floor":4.0,"key":"FearPotion"},{"floor":7.0,"key":"Fire Potion"},{"floor":14.0,"key":"Energy Potion"},{"floor":14.0,"key":"hermit:BlackBile"},{"floor":14.0,"key":"Explosive Potion"},{"floor":16.0,"key":"PowerPotion"},{"floor":18.0,"key":"ColorlessPotion"},{"floor":22.0,"key":"ColorlessPotion"},{"floor":24.0,"key":"LifebloodPotion"},{"floor":25.0,"key":"SkillPotion"},{"floor":27.0,"key":"BlessingOfTheForge"},{"floor":29.0,"key":"ColorlessPotion"},{"floor":30.0,"key":"FearPotion"},{"floor":33.0,"key":"Weak Potion"},{"floor":35,"key":"Strength Potion"},{"floor":38,"key":"AttackPotion"},{"floor":41,"key":"Toxic Potion"},{"floor":44,"key":"Strength Potion"},{"floor":45,"key":"SneckoOil"},{"floor":47,"key":"Fire Potion"}],"is_trial":true,"path_per_floor":["M","?","M","M","?","R","E","R","T","M","M","$","E","?","R","B",null,"M","?","?","$","M","R","M","M","T","E","R","M","M","$","R","B",null,"M","$","?","M","?","R","M","$","T","M","E","R","M","T","R","B"],"character_chosen":"HERMIT","items_purchased":["Membership Card","hermit:Spyglass","Apotheosis","Replay:WaspNest","Frozen Egg 2","ReplayTheSpireMod:Trickstab","Replay:Wax Seal","hermit:CharredGlove","Shovel","War Paint"],"campfire_rested":7,"item_purchase_floors":[12,12,21,21,31,31,36,36,42,42],"current_hp_per_floor":[75,75,72,72,72,72,53,53,53,45,39,39,27,27,49,9,75,46,46,46,46,34,55,42,41,41,18,39,29,19,19,40,2,73,60,60,60,17,17,38,30,30,30,6,4,25,16,16,37,0,0],"gold":149,"neow_bonus":"","is_daily":false,"chose_seed":false,"campfire_upgraded":2,"win_rate":0.0,"timestamp":1607925414,"path_taken":["M","?","M","M","?","R","E","R","T","M","?","$","?","?","R","BOSS","M","?","?","$","M","R","M","?","T","E","R","?","M","$","R","BOSS","M","$","?","M","?","R","M","$","T","M","?","R","?","?","R","BOSS"],"items_purchased_type":["Relic","Relic","Card","Relic","Relic","Card","Relic","Relic","Relic","Relic"],"build_version":"2020-12-13","purchased_purges":0,"victory":false,"max_hp_per_floor":[75,75,75,75,75,75,75,75,75,75,75,75,75,75,75,75,75,75,75,75,75,73,73,73,73,73,73,73,73,73,73,73,73,73,73,73,71,71,71,71,71,71,71,71,71,71,71,71,71,71,71],"card_choices":[{"not_picked":["hermit:Brawl","hermit:Feint"],"picked":"hermit:Virtue","floor":1.0},{"not_picked":["hermit:HoleUp","hermit:Vantage","hermit:BodyArmor"],"picked":"SKIP","floor":3.0},{"not_picked":["hermit:Dive","hermit:Deadeye"],"picked":"hermit:ItchyTrigger","floor":4.0},{"not_picked":["hermit:Headshot","hermit:LowProfile"],"picked":"hermit:Gambit","floor":5.0},{"not_picked":["hermit:Quickdraw","hermit:LoneWolf"],"picked":"hermit:Horror","floor":7.0},{"not_picked":["hermit:BodyArmor","hermit:Showdown","hermit:TrackingShot"],"picked":"SKIP","floor":10.0},{"not_picked":["hermit:HoleUp","hermit:Enervate","hermit:Roulette"],"picked":"SKIP","floor":11.0},{"not_picked":["hermit:FullyLoaded","hermit:Snipe"],"picked":"hermit:TakeAim","floor":13.0},{"not_picked":["hermit:BlackWind","hermit:DeadOrAlive"],"picked":"hermit:Roughhouse","floor":16.0},{"not_picked":["hermit:Quickdraw","hermit:Horror+1"],"picked":"hermit:DeadMansHand+1","floor":18.0},{"not_picked":["hermit:Quickdraw","hermit:BodyArmor"],"picked":"hermit:Brawl","floor":22.0},{"not_picked":["hermit:BodyArmor","hermit:Desperado"],"picked":"hermit:Vantage+1","floor":24.0},{"not_picked":["hermit:Glare","hermit:Misfire","hermit:Gestalt"],"picked":"SKIP","floor":25.0},{"not_picked":["hermit:Vantage+1","hermit:GhostlyPresence"],"picked":"hermit:RoundhouseKick","floor":27.0},{"not_picked":["hermit:ItchyTrigger","hermit:Virtue+1"],"picked":"hermit:SprayPray+1","floor":29.0},{"not_picked":["hermit:LuckOfTheDraw","hermit:BodyArmor","hermit:Enervate"],"picked":"SKIP","floor":30.0},{"not_picked":["hermit:Purgatory","hermit:DeadOrAlive"],"picked":"hermit:FinalCanter","floor":33.0},{"not_picked":["hermit:Roulette","hermit:Manifest"],"picked":"hermit:BodyArmor+1","floor":35},{"not_picked":["hermit:Misfire+1","hermit:BodyArmor+1"],"picked":"hermit:Manifest+1","floor":38},{"not_picked":["hermit:Horror+1","hermit:Midnight"],"picked":"hermit:EyeOfTheStorm+1","floor":41},{"not_picked":["hermit:FullyLoaded+1","hermit:HighCaliber+1"],"picked":"hermit:TrackingShot+1","floor":44},{"not_picked":["hermit:Dissolve+1","hermit:Maintenance+1"],"picked":"hermit:Grudge","floor":45},{"not_picked":["hermit:Enervate","hermit:HoleUp+1","hermit:CalledShot"],"picked":"SKIP","floor":47}],"player_experience":902842,"relics_obtained":[{"floor":7.0,"key":"Bag of Marbles"},{"floor":9.0,"key":"Replay:Bottled Flurry"},{"floor":13.0,"key":"Toy Ornithopter"},{"floor":14.0,"key":"ReplayTheSpireMod:Ring of Addiction"},{"floor":14.0,"key":"White Beast Statue"},{"floor":14.0,"key":"SacredBark"},{"floor":14.0,"key":"ReplayTheSpireMod:Ring of Exchange"},{"floor":26.0,"key":"aspiration:FetidBarrel"},{"floor":27.0,"key":"InkBottle"},{"floor":43,"key":"Toxic Egg 2"},{"floor":45,"key":"Blue Candle"},{"floor":48,"key":"Sundial"}],"event_choices":[{"cards_removed":["hermit:GhostlyPresence"],"damage_healed":0,"gold_gain":0,"player_choice":"Removed Skill","damage_taken":0,"max_hp_gain":0,"max_hp_loss":0,"event_name":"Falling","floor":37,"gold_loss":0},{"damage_healed":0,"gold_gain":0,"player_choice":"Ignored","damage_taken":0,"max_hp_gain":0,"max_hp_loss":0,"event_name":"Mysterious Sphere","floor":39,"gold_loss":0}],"is_beta":false,"boss_relics":[{"not_picked":["Replay:Fungal Core","Astrolabe"],"picked":"Strange Spoon"},{"not_picked":["hermit:BartenderGlass","Chemical X"],"picked":"hermit:ClaspedLocket"}],"items_purged_floors":[],"is_endless":false,"potions_floor_spawned":[4,7,16,18,22,24,25,27,29,30,33,35,38,41,44,45,47],"killed_by":"Donu and Deca","ascension_level":1}}