{"host":"zr590xw2unlz0wv7","time":1607967525,"event":{"mods":["BaseMod","Minty Spire (QoL Compilation)","READ ME - Guardian Mod","StSLib"],"gold_per_floor":[113,113,288,304,7,7,42,56,80,103,141,156,156,169,169,293,293,313,16,106,129,10,10,44,44,68,68,0,31,31,60,60,60,60],"floor_reached":33,"playtime":1043,"items_purged":["Doubt","Dual Wield"],"score":398,"play_id":"af94eaee-cfd3-4c65-b97c-f5e01406e75f","local_time":"20201215013845","is_ascension_mode":true,"campfire_choices":[{"data":"Bash","floor":6,"key":"SMITH"},{"floor":15,"key":"REST"},{"floor":23,"key":"REST"},{"floor":25,"key":"REST"},{"floor":27,"key":"REST"},{"floor":32,"key":"REST"}],"circlet_count":0,"master_deck":["Strike_R+1","Strike_R","Strike_R","Strike_R","Strike_R+1","Defend_R","Defend_R","Defend_R","Defend_R","Bash+1","Inflame","Armaments","Thunderclap","Heavy Blade","Flex","Limit Break","Madness","Flex","Clothesline","Sentinel","Flex"],"relics":["Burning Blood","NeowsBlessing","Golden Idol","PreservedInsect","Whetstone","Toy Ornithopter","Akabeko","Smiling Mask","Black Star","Blood Vial","Orichalcum","Incense Burner","Tiny Chest","Juzu Bracelet","CeramicFish","Lantern"],"acts_visited":["Exordium","TheCity"],"potions_floor_usage":[16,16,24,24,31,31,31,33],"damage_taken":[{"damage":0,"enemies":"Jaw Worm","floor":1,"turns":1},{"damage":0,"enemies":"2 Louse","floor":4,"turns":1},{"damage":0,"enemies":"3 Sentries","floor":7,"turns":1},{"damage":1,"enemies":"Cultist","floor":8,"turns":3},{"damage":10,"enemies":"3 Louse","floor":10,"turns":4},{"damage":35,"enemies":"Lagavulin","floor":11,"turns":5},{"damage":12,"enemies":"Exordium Thugs","floor":12,"turns":4},{"damage":10,"enemies":"Lots of Slimes","floor":14,"turns":4},{"damage":33,"enemies":"Slime Boss","floor":16,"turns":11},{"damage":27,"enemies":"Spheric Guardian","floor":18,"turns":4},{"damage":12,"enemies":"Chosen","floor":21,"turns":4},{"damage":48,"enemies":"Gremlin Leader","floor":24,"turns":6},{"damage":51,"enemies":"Book of Stabbing","floor":29,"turns":5},{"damage":29,"enemies":"Sentry and Sphere","floor":31,"turns":5},{"damage":53,"enemies":"Champ","floor":33,"turns":10}],"seed_played":"-6472701111599460077","potions_obtained":[{"floor":1,"key":"PowerPotion"},{"floor":4,"key":"SteroidPotion"},{"floor":8,"key":"LiquidBronze"},{"floor":18,"key":"PowerPotion"},{"floor":30,"key":"Swift Potion"},{"floor":30,"key":"Fruit Juice"},{"floor":30,"key":"Fire Potion"},{"floor":31,"key":"Fire Potion"}],"is_trial":false,"path_per_floor":["M","?","?","M","$","R","E","M","T","M","E","M","?","M","R","B",null,"M","$","?","M","$","R","E","R","T","R","?","E","?","M","R","B"],"character_chosen":"IRONCLAD","items_purchased":["PreservedInsect","Inflame","Blood Vial","Orichalcum","Flex","Clothesline"],"campfire_rested":5,"item_purchase_floors":[5,5,19,19,22,22],"current_hp_per_floor":[80,60,60,66,66,66,72,77,77,73,44,38,20,16,40,23,66,45,45,27,23,23,47,17,41,41,65,65,22,22,21,46,0,0],"gold":60,"neow_bonus":"THREE_ENEMY_KILL","is_daily":false,"chose_seed":false,"campfire_upgraded":1,"win_rate":0.0,"timestamp":1607967525,"path_taken":["M","?","?","M","$","R","E","M","T","M","E","M","?","M","R","BOSS","M","$","?","M","$","R","E","R","T","R","?","E","?","M","R","BOSS"],"items_purchased_type":["Relic","Card","Relic","Relic","Card","Card"],"build_version":"2020-12-13","purchased_purges":2,"victory":false,"max_hp_per_floor":[80,80,80,80,80,80,80,80,80,80,80,80,80,80,80,80,80,80,80,80,80,80,80,80,80,80,80,80,80,80,85,85,85,85],"card_choices":[{"not_picked":["Combust","Blood for Blood","Iron Wave"],"picked":"SKIP","floor":1},{"not_picked":["Rupture","Second Wind","Power Through"],"picked":"SKIP","floor":4},{"not_picked":["Shrug It Off","Wild Strike"],"picked":"Dual Wield","floor":7},{"not_picked":["Whirlwind","Anger"],"picked":"Armaments","floor":8},{"not_picked":["Cleave","Fire Breathing"],"picked":"Thunderclap","floor":10},{"not_picked":["Inflame","Whirlwind"],"picked":"Heavy Blade","floor":11},{"not_picked":["Body Slam","Havoc","True Grit"],"picked":"SKIP","floor":12},{"not_picked":["Clothesline","Second Wind"],"picked":"Flex","floor":14},{"not_picked":["Brutality","Juggernaut"],"picked":"Limit Break","floor":16},{"not_picked":["Cleave","Wild Strike","Armaments"],"picked":"SKIP","floor":18},{"not_picked":["Perfected Strike","Havoc","Infernal Blade"],"picked":"SKIP","floor":21},{"not_picked":["Dropkick","Feel No Pain"],"picked":"Sentinel","floor":24},{"not_picked":["Armaments","Hemokinesis+1","Headbutt"],"picked":"SKIP","floor":29},{"not_picked":["Pommel Strike+1","Ghostly Armor+1"],"picked":"Flex","floor":31}],"player_experience":475897,"relics_obtained":[{"floor":7,"key":"Whetstone"},{"floor":9,"key":"Toy Ornithopter"},{"floor":11,"key":"Akabeko"},{"floor":24,"key":"Incense Burner"},{"floor":24,"key":"Tiny Chest"},{"floor":26,"key":"Juzu Bracelet"},{"floor":29,"key":"CeramicFish"},{"floor":29,"key":"Lantern"}],"event_choices":[{"damage_healed":0,"gold_gain":0,"player_choice":"Take Damage","damage_taken":20,"relics_obtained":["Golden Idol"],"max_hp_gain":0,"max_hp_loss":0,"event_name":"Golden Idol","floor":2,"gold_loss":0},{"damage_healed":0,"gold_gain":175,"player_choice":"AGREE","damage_taken":0,"max_hp_gain":0,"max_hp_loss":0,"event_name":"Liars Game","floor":3,"gold_loss":0,"cards_obtained":["Doubt"]},{"damage_healed":0,"gold_gain":0,"player_choice":"Success","damage_taken":18,"relics_obtained":["Smiling Mask"],"max_hp_gain":0,"max_hp_loss":0,"event_name":"Scrap Ooze","floor":13,"gold_loss":0},{"damage_healed":0,"gold_gain":90,"player_choice":"CARD GOLD ","damage_taken":18,"max_hp_gain":0,"max_hp_loss":0,"event_name":"Knowing Skull","floor":20,"potions_obtained":[],"gold_loss":0,"cards_obtained":["Madness"]},{"damage_healed":0,"gold_gain":0,"player_choice":"Paid Fearfully","damage_taken":0,"max_hp_gain":0,"max_hp_loss":0,"event_name":"Masked Bandits","floor":28,"gold_loss":68},{"damage_healed":0,"gold_gain":0,"player_choice":"Got Potions","damage_taken":0,"max_hp_gain":0,"max_hp_loss":0,"event_name":"Lab","floor":30,"gold_loss":0}],"is_beta":false,"boss_relics":[{"not_picked":["Runic Dome","Velvet Choker"],"picked":"Black Star"}],"items_purged_floors":[5,22],"is_endless":false,"potions_floor_spawned":[1,4,8,18,31],"killed_by":"Champ","ascension_level":5}}