{"host":"wl5kcyk3ocgwii71","time":1607976408,"event":{"mods":["AchievementEnabler","BaseMod","Better Altar","Better Match","Better Note","Better Sensory Stone","Better Skull","Better Third Choice","Colored Powertips","Downfall","Hermit","Minty Spire (QoL Compilation)","Quick Restart","Replay The Spire","StSLib","The Servant 0.9.4"],"gold_per_floor":[114,125,144,156,166,166,197,197,197,214,214,233,233,264,264,365,365,381,381,61,78,78,106,106,106,174,174,174],"floor_reached":27,"playtime":957,"items_purged":["Strike_G"],"score":316,"play_id":"6e1cf90e-7b4d-4d38-a045-ca5a36dabb2a","local_time":"20201214120648","is_ascension_mode":true,"campfire_choices":[{"data":"Escape Plan","floor":6,"key":"SMITH"},{"floor":11,"key":"REST"},{"floor":13,"key":"REST"},{"data":"Die Die Die","floor":15,"key":"SMITH"},{"data":"Apotheosis","floor":25,"key":"SMITH"}],"circlet_count":0,"master_deck":["Strike_G+1","Strike_G","Strike_G+1","Strike_G","Defend_G+1","Defend_G","Defend_G","Defend_G","Defend_G","Survivor+1","Neutralize","Backflip","Dagger Spray","Dash","Dagger Throw","Escape Plan+1","Die Die Die+1","Flechettes","PiercingWail","Envenom","Escape Plan+1","Fluid Movement","Apotheosis+1","Outmaneuver"],"relics":["Ring of the Snake","Whetstone","HornCleat","Iron Hammer","Ring of Chaos","Nloth\u0027s Gift","Question Card","Bottled Lightning"],"acts_visited":["Exordium","TheCity"],"potions_floor_usage":[5,23],"damage_taken":[{"damage":0,"enemies":"2 Louse","floor":1,"turns":3},{"damage":4,"enemies":"Small Slimes","floor":2,"turns":4},{"damage":0,"enemies":"Cultist","floor":3,"turns":3},{"damage":4,"enemies":"Red Slaver","floor":4,"turns":4},{"damage":1,"enemies":"3 Louse","floor":5,"turns":2},{"damage":29,"enemies":"Gremlin Nob","floor":7,"turns":6},{"damage":0,"enemies":"Blue Slaver","floor":10,"turns":3},{"damage":0,"enemies":"Red Slaver","floor":12,"turns":3},{"damage":2,"enemies":"3 Sentries","floor":14,"turns":4},{"damage":73,"enemies":"Fading Forest","floor":16,"turns":11},{"damage":6,"enemies":"Shell Parasite","floor":18,"turns":8},{"damage":11,"enemies":"2 Thieves","floor":21,"turns":4},{"damage":11,"enemies":"Slavers","floor":23,"turns":6},{"damage":60,"enemies":"Book of Stabbing","floor":27,"turns":8}],"seed_played":"-2351916040807338898","potions_obtained":[{"floor":2,"key":"FairyPotion"},{"floor":3,"key":"SmokeBomb"},{"floor":4,"key":"SteroidPotion"},{"floor":7,"key":"FairyPotion"},{"floor":16,"key":"Slimebound:ThreeZeroPotion"}],"is_trial":false,"path_per_floor":["M","M","M","M","M","R","E","?","T","M","R","M","R","E","R","B",null,"M","?","$","M","$","E","?","R","T","E"],"character_chosen":"THE_SILENT","items_purchased":["Fluid Movement","Apotheosis"],"campfire_rested":2,"item_purchase_floors":[20,20],"current_hp_per_floor":[63,59,59,55,54,54,25,11,11,11,32,32,53,51,51,21,58,52,52,52,41,41,30,30,30,30,0,0],"gold":174,"neow_bonus":"RANDOM_COMMON_RELIC","is_daily":false,"chose_seed":false,"campfire_upgraded":3,"win_rate":0.0,"timestamp":1607976408,"path_taken":["M","M","M","M","M","R","E","?","T","M","R","M","R","E","R","BOSS","M","?","$","?","?","E","?","R","T","E"],"items_purchased_type":["Card","Card"],"build_version":"2020-12-13","purchased_purges":1,"victory":false,"max_hp_per_floor":[70,70,70,70,70,70,70,70,70,70,70,70,70,70,70,70,70,70,70,70,70,70,70,70,70,70,70,70],"card_choices":[{"not_picked":["Bane","Outmaneuver"],"picked":"Backflip","floor":1},{"not_picked":["Eviscerate","Acrobatics"],"picked":"Dagger Spray","floor":2},{"not_picked":["Distraction","Prepared"],"picked":"Dash","floor":3},{"not_picked":["Quick Slash","Prepared"],"picked":"Dagger Throw","floor":4},{"not_picked":["ReplayTheSpireMod:Speed Training","Underhanded Strike"],"picked":"Escape Plan","floor":5},{"not_picked":["Dash","Slice","Bane"],"picked":"SKIP","floor":7},{"not_picked":["Quick Slash","Terror"],"picked":"Die Die Die","floor":10},{"not_picked":["Deflect","Hidden Blade"],"picked":"Flechettes","floor":12},{"not_picked":["Predator","Deflect"],"picked":"PiercingWail","floor":14},{"not_picked":["Replay:Bag of Tricks","Venomology"],"picked":"Envenom","floor":16},{"not_picked":["PiercingWail+1","Quick Slash"],"picked":"Escape Plan+1","floor":18},{"not_picked":["Dagger Throw","Replay:Poison Smokescreen"],"picked":"Outmaneuver","floor":21},{"not_picked":["ReplayTheSpireMod:Speed Training+1","Underhanded Strike","Glass Knife"],"picked":"SKIP","floor":23}],"player_experience":353998,"relics_obtained":[{"floor":7,"key":"Gambling Chip"},{"floor":9,"key":"HornCleat"},{"floor":14,"key":"Iron Hammer"},{"floor":23,"key":"Question Card"},{"floor":26,"key":"Bottled Lightning"}],"event_choices":[{"damage_healed":25,"gold_gain":0,"player_choice":"Upgrade","damage_taken":14,"max_hp_gain":0,"max_hp_loss":70,"event_name":"betterThird:BetterShining","floor":8,"gold_loss":0,"cards_upgraded":["Survivor","Defend_G"]},{"damage_healed":0,"gold_gain":0,"player_choice":"Traded Relic","damage_taken":0,"relics_obtained":["Nloth\u0027s Gift"],"max_hp_gain":0,"max_hp_loss":0,"event_name":"N\u0027loth","floor":19,"relics_lost":["Gambling Chip"],"gold_loss":0},{"damage_healed":0,"gold_gain":0,"player_choice":"Ignored","damage_taken":0,"max_hp_gain":0,"max_hp_loss":0,"event_name":"Ghosts","floor":24,"gold_loss":0}],"is_beta":false,"boss_relics":[{"not_picked":["Replay:Grab Bag","Snecko Eye"],"picked":"Ring of Chaos"}],"items_purged_floors":[20],"is_endless":false,"potions_floor_spawned":[2,3,4,7,10,16,18],"killed_by":"Book of Stabbing","ascension_level":6}}