{"host":"Wind","time":1607951799,"event":{"mods":["BaseMod","CapriCore","Custom Start","Koishi","Marisa????????","Minty Spire (QoL Compilation)","StSLib","The Alterego","The Construct","The Immortal","The Wild Card","Waifu the Spire","Yuyuko"],"gold_per_floor":[110,110,60,60,8,8,37,37,63,90,90,102,112,132,132,232,232,244,244,87,87,100,100,112,112,112,126,137,155,180,80,80,177,177,191,241,253,271,251,264,264,274,354,354,3,15,25,78,78,78,78,78,28,61,61],"floor_reached":56,"playtime":3238,"items_purged":["alterego_mod:Impale","alterego_mod:Defend","Shame"],"score":1374,"play_id":"f3989cf5-29f0-436a-87f3-adbc2e1607ed","local_time":"20201214141639","is_ascension_mode":true,"campfire_choices":[{"data":"alterego_mod:BiFurious","floor":6,"key":"SMITH"},{"data":"alterego_mod:BigMeatyClaws","floor":8,"key":"SMITH"},{"data":"alterego_mod:BrynhildrRomantia","floor":11,"key":"SMITH"},{"floor":15,"key":"RECALL"},{"data":"alterego_mod:Belts","floor":23,"key":"SMITH"},{"data":"alterego_mod:Rake","floor":25,"key":"SMITH"},{"floor":32,"key":"REST"},{"data":"1","floor":41,"key":"LIFT"},{"data":"2","floor":44,"key":"LIFT"},{"data":"3","floor":49,"key":"LIFT"},{"data":"alterego_mod:Vow","floor":52,"key":"SMITH"}],"circlet_count":0,"master_deck":["alterego_mod:Strike","alterego_mod:Strike","alterego_mod:Strike","alterego_mod:Strike","alterego_mod:Defend","alterego_mod:BigMeatyClaws+1","alterego_mod:BrynhildrsRune","alterego_mod:BrynhildrRomantia+1","alterego_mod:BiFurious+1","alterego_mod:Rake+1","alterego_mod:Belts+1","alterego_mod:SakuraFive","alterego_mod:Vow+1","Parasite","alterego_mod:Rip+1","alterego_mod:Birthday+1"],"relics":["alterego_mod:MasochisticConstitution","NeowsBlessing","Blood Vial","Regal Pillow","Runic Dome","Ice Cream","Mummified Hand","Cursed Key","Girya","InkBottle","alterego_mod:SistersRibbon","CatCart","Art of War"],"acts_visited":["Exordium","TheCity","TheBeyond","TheEnding"],"potions_floor_usage":[16,16,16,24,27,28,33,33,33,38,46,50,50,55,55,55],"damage_taken":[{"damage":0,"enemies":"2 Louse","floor":1,"turns":1},{"damage":0,"enemies":"Gremlin Nob","floor":7,"turns":1},{"damage":0,"enemies":"Lagavulin","floor":10,"turns":1},{"damage":3,"enemies":"Small Slimes","floor":12,"turns":2},{"damage":10,"enemies":"Cultist","floor":13,"turns":4},{"damage":18,"enemies":"Large Slime","floor":14,"turns":6},{"damage":52,"enemies":"The Guardian","floor":16,"turns":7},{"damage":17,"enemies":"Shell Parasite","floor":18,"turns":4},{"damage":10,"enemies":"Spheric Guardian","floor":22,"turns":3},{"damage":33,"enemies":"Centurion and Healer","floor":24,"turns":4},{"damage":6,"enemies":"Shelled Parasite and Fungi","floor":27,"turns":5},{"damage":15,"enemies":"Chosen and Byrds","floor":28,"turns":4},{"damage":29,"enemies":"Centurion and Healer","floor":29,"turns":5},{"damage":4,"enemies":"Book of Stabbing","floor":30,"turns":6},{"damage":70,"enemies":"Champ","floor":33,"turns":11},{"damage":45,"enemies":"3 Shapes","floor":35,"turns":3},{"damage":0,"enemies":"Mind Bloom Boss Battle","floor":36,"turns":5},{"damage":13,"enemies":"3 Darklings","floor":37,"turns":6},{"damage":5,"enemies":"Writhing Mass","floor":38,"turns":9},{"damage":0,"enemies":"Spire Growth","floor":40,"turns":4},{"damage":8,"enemies":"Transient","floor":42,"turns":5},{"damage":10,"enemies":"Sphere and 2 Shapes","floor":46,"turns":3},{"damage":22,"enemies":"Maw","floor":47,"turns":6},{"damage":0,"enemies":"Orin","floor":48,"turns":2},{"damage":98,"enemies":"Time Eater","floor":50,"turns":9},{"damage":120,"enemies":"Shield and Spear","floor":54,"turns":4},{"damage":15,"enemies":"The Heart","floor":55,"turns":11}],"seed_played":"1148202629648759389","potions_obtained":[{"floor":10,"key":"DuplicationPotion"},{"floor":12,"key":"FearPotion"},{"floor":14,"key":"Explosive Potion"},{"floor":16,"key":"Swift Potion"},{"floor":21,"key":"AttackPotion"},{"floor":21,"key":"SteroidPotion"},{"floor":24,"key":"Block Potion"},{"floor":27,"key":"Dexterity Potion"},{"floor":28,"key":"FearPotion"},{"floor":36,"key":"FearPotion"},{"floor":37,"key":"ColorlessPotion"},{"floor":38,"key":"CultistPotion"},{"floor":39,"key":"ColorlessPotion"},{"floor":47,"key":"Ancient Potion"},{"floor":54,"key":"LiquidMemories"}],"is_trial":false,"path_per_floor":["M","?","?","?","$","R","E","R","T","E","R","M","M","M","R","B",null,"M","?","$","?","M","R","M","R","T","M","M","M","E","$","R","B",null,"M","?","M","M","?","M","R","M","T","R","$","M","M","?","R","B",null,"R","$","E","B",null],"character_chosen":"The_Alterego","items_purchased":["alterego_mod:BiFurious","alterego_mod:Belts","alterego_mod:SistersRibbon","GamblersBrew","Swift Potion"],"campfire_rested":1,"item_purchase_floors":[5,20,45,45,53],"current_hp_per_floor":[70,63,63,63,63,63,63,63,63,65,65,75,77,80,80,31,86,81,81,81,81,85,85,66,66,66,74,73,58,68,68,119,52,122,82,102,113,122,122,124,124,119,119,119,119,126,118,120,120,36,149,149,149,30,21],"gold":61,"neow_bonus":"THREE_ENEMY_KILL","is_daily":false,"chose_seed":false,"campfire_upgraded":6,"win_rate":0.0,"timestamp":1607951799,"path_taken":["M","?","?","?","$","R","E","R","T","E","R","M","?","M","R","BOSS","M","?","$","?","?","R","M","R","T","M","M","M","E","$","R","BOSS","M","?","M","M","?","M","R","M","T","R","$","?","M","?","R","BOSS","R","$","E","BOSS"],"items_purchased_type":["Card","Card","Relic","Potion","Potion"],"build_version":"2020-12-07","purchased_purges":3,"victory":true,"max_hp_per_floor":[70,70,70,70,70,70,70,70,70,70,70,75,80,85,85,86,86,91,91,91,91,96,96,101,101,101,106,111,116,121,121,121,122,122,127,131,132,137,137,137,137,138,138,138,138,139,144,144,144,149,149,149,149,150,151],"card_choices":[{"not_picked":["alterego_mod:Skirt","alterego_mod:SakuraPetals","alterego_mod:PresenceConcealment"],"picked":"SKIP","floor":1},{"not_picked":["alterego_mod:RingBreak","alterego_mod:Mirror","alterego_mod:Bounce"],"picked":"SKIP","floor":7},{"not_picked":["alterego_mod:Crossover","alterego_mod:Jiggle","alterego_mod:Collar"],"picked":"SKIP","floor":10},{"not_picked":["alterego_mod:Cycle","alterego_mod:Punishment","alterego_mod:Rip"],"picked":"SKIP","floor":12},{"not_picked":["alterego_mod:DestructionOfProperty","alterego_mod:PurpleHair","alterego_mod:Support"],"picked":"SKIP","floor":13},{"not_picked":["alterego_mod:DeftHands","alterego_mod:Cycle","alterego_mod:Lingerie"],"picked":"SKIP","floor":14},{"not_picked":["alterego_mod:SideboobHour","alterego_mod:Weigh"],"picked":"alterego_mod:Rake","floor":16},{"not_picked":["alterego_mod:MaintainEyeContact","alterego_mod:DustData","alterego_mod:DeftHands"],"picked":"SKIP","floor":18},{"not_picked":["alterego_mod:Bounce","alterego_mod:Jiggle+1","alterego_mod:Cycle+1"],"picked":"SKIP","floor":22},{"not_picked":["alterego_mod:DustData","alterego_mod:Skirt","alterego_mod:BreastValley+1"],"picked":"SKIP","floor":24},{"not_picked":["alterego_mod:PresenceConcealment+1","alterego_mod:Cycle+1","alterego_mod:Punishment"],"picked":"SKIP","floor":27},{"not_picked":["alterego_mod:BiFurious","alterego_mod:Clap","alterego_mod:Clones"],"picked":"SKIP","floor":28},{"not_picked":["alterego_mod:TrashNCrash","alterego_mod:PerceptionDisorder","alterego_mod:SuperDuperMasochism"],"picked":"SKIP","floor":29},{"not_picked":["alterego_mod:TrashNCrash+1","alterego_mod:SuperDuperMasochism"],"picked":"alterego_mod:SakuraFive","floor":30},{"not_picked":["alterego_mod:RingBreak","alterego_mod:Palingenesis"],"picked":"alterego_mod:Vow","floor":33},{"not_picked":["alterego_mod:Punishment","alterego_mod:GoddessCore+1","alterego_mod:Cycle+1"],"picked":"SKIP","floor":35},{"not_picked":["alterego_mod:Birthday","alterego_mod:Bunnysuit+1","alterego_mod:PerceptionDisorder"],"picked":"SKIP","floor":37},{"not_picked":["alterego_mod:Skirt","alterego_mod:PresenceConcealment+1","alterego_mod:Pet"],"picked":"SKIP","floor":38},{"not_picked":["alterego_mod:Undulate","alterego_mod:BoobPocket+1","alterego_mod:Bunnysuit+1"],"picked":"SKIP","floor":40},{"not_picked":["alterego_mod:GoddessCore","alterego_mod:Skirt+1"],"picked":"alterego_mod:Rip+1","floor":42},{"not_picked":["alterego_mod:Cooking+1","alterego_mod:Support+1","alterego_mod:BeGentle"],"picked":"SKIP","floor":46},{"not_picked":["alterego_mod:DeftHands","alterego_mod:BreastValley+1","alterego_mod:Bunnysuit"],"picked":"SKIP","floor":47},{"not_picked":["alterego_mod:Valentines","alterego_mod:RidiculouslyBig+1"],"picked":"alterego_mod:Birthday+1","floor":54}],"player_experience":291542,"relics_obtained":[{"floor":7,"key":"Blood Vial"},{"floor":10,"key":"Regal Pillow"},{"floor":26,"key":"Ice Cream"},{"floor":30,"key":"Mummified Hand"},{"floor":36,"key":"Girya"},{"floor":43,"key":"InkBottle"},{"floor":48,"key":"CatCart"},{"floor":54,"key":"Art of War"}],"event_choices":[{"cards_removed":["alterego_mod:Defend"],"damage_healed":0,"gold_gain":0,"player_choice":"Card Removal","damage_taken":7,"max_hp_gain":0,"max_hp_loss":0,"event_name":"Golden Wing","floor":2,"gold_loss":0},{"cards_removed":["alterego_mod:Defend"],"damage_healed":0,"gold_gain":0,"player_choice":"Card Removal","damage_taken":0,"max_hp_gain":0,"max_hp_loss":0,"event_name":"The Cleric","floor":3,"gold_loss":50},{"damage_healed":0,"gold_gain":0,"player_choice":"1 cards matched","damage_taken":0,"max_hp_gain":0,"max_hp_loss":0,"event_name":"Match and Keep!","floor":4,"gold_loss":0,"cards_obtained":["alterego_mod:BrynhildrRomantia"]},{"damage_healed":0,"gold_gain":0,"player_choice":"Ignored","damage_taken":0,"max_hp_gain":0,"max_hp_loss":0,"event_name":"Ghosts","floor":19,"gold_loss":0},{"damage_healed":0,"gold_gain":0,"player_choice":"Got Potions","damage_taken":0,"max_hp_gain":0,"max_hp_loss":0,"event_name":"Lab","floor":21,"gold_loss":0},{"damage_healed":0,"gold_gain":0,"player_choice":"Fight","damage_taken":0,"max_hp_gain":0,"max_hp_loss":0,"event_name":"MindBloom","floor":36,"gold_loss":0},{"damage_healed":0,"gold_gain":0,"player_choice":"Bought 1 Potion","damage_taken":0,"max_hp_gain":0,"max_hp_loss":0,"event_name":"The Woman in Blue","floor":39,"gold_loss":0},{"damage_healed":0,"gold_gain":0,"player_choice":"Fight","damage_taken":0,"max_hp_gain":0,"max_hp_loss":0,"event_name":"OrinTheCat","floor":48,"gold_loss":0}],"is_beta":true,"boss_relics":[{"not_picked":["Fusion Hammer","SacredBark"],"picked":"Runic Dome"},{"not_picked":["Astrolabe","Coffee Dripper"],"picked":"Cursed Key"}],"items_purged_floors":[20,31,45],"is_endless":false,"potions_floor_spawned":[10,12,14,16,24,27,28,36,37,38,47,54],"ascension_level":1}}