{"host":"fq9q35as5g8xdsoo","time":1607918389,"event":{"mods":["2.2 Compatiblity","AchievementEnabler","Act Like it!","Aspiration","BaseMod","Beaked The Cultist","Better Skull","Card Forge","Colored Map","Colored Powertips","Conspire","Dota2Spire","Energized Spire","Gensokyo","GifTheSpireLib","Halation","Hermit","Hubris","Marked Mod","Menagerie","Minty Spire (QoL Compilation)","Pale of the Ancients","Permanent Neow","Quick Restart","Relic Filter","Replay The Spire","Robot Space Explorer","Spicy Shops","Spikes Relics","StSLib","Stuff the Spire","SuperFastMode","The Blue Laboratory","The Construct","The Disciple","The Factory","The Gatherer","The Jungle","The Runesmith","The Servant 0.9.4","Trackpad","WarShipGirlsR/????R mod","vexMod"],"gold_per_floor":[364,374,65,65,65,100,100,136,136,269,287,287,304,322,322,437,437,457,9,40,40,55,179,179,292,339,339,339,456,207,226,226,331,331,347,347,347,347,367,605,620,764,818,818,818,839,854,975,975,982,1006,983,983,608,608,623,623,958,958,958],"floor_reached":61,"playtime":4345,"items_purged":["Strike_R","Defend_R"],"score":1816,"play_id":"38491cfb-a609-4e39-8b23-604539af3df8","local_time":"20201213195949","is_ascension_mode":true,"campfire_choices":[{"data":"Bludgeon","floor":7.0,"key":"SMITH"},{"data":"Iron Wave","floor":15.0,"key":"SMITH"},{"data":"Bash","floor":24.0,"key":"SMITH"},{"data":"Flex","floor":28.0,"key":"SMITH"},{"data":"Flex","floor":32.0,"key":"SMITH"},{"floor":45.0,"key":"RECALL"},{"floor":49.0,"key":"REST"},{"floor":55,"key":"REST"},{"floor":57,"key":"REST"}],"circlet_count":0,"master_deck":["Defend_R","Defend_R+1","Defend_R","Bash+1","beaked:Defend_Y+1","PatternShift","Cleave","Infernal Blade+1","Bludgeon+1","conspire:Charge+1","Iron Wave+1","Flex+1","Clash","Flex+1","Invigoration","Clash","Body Slam+1","AbeCurse"],"relics":["Burning Blood","Hammer of Thor","Seething Fire","Anvil of the Gods","halation:IllGainedPizza","Unceasing Top","aspiration:Nostalgia","Gatherer:AlchemyBag","SuspiciousGoo","StuffTheSpire:TintedRock","Replay:Wax Seal","Dota2Spire:PowerTreads","Replay:Ancient Bell","Dota2Spire:ArcaneBoots","Runesmith:Nanobots","Thread and Needle","aspiration:HatOfInfinitePower","trackpad:PocketGalaxy","theJungle:SneckoAutograph","Dota2Spire:OrchidMalevolence","ReplayFunnel","Dota2Spire:BladeMail","Boot","Fusion Hammer","hubris:Icosahedron","Kunai","vexMod:RetaliationKit","War Paint","StuffTheSpire:GrapeVine","Eternal Feather","paleoftheancients:Timepiece","paleoftheancients:KeyRelic","Gremlin Horn","CultistMask","paleoftheancients:SoulOfTheWatcher","halation:PinkSoulGem","vexMod:Spyglass","Turnip","aspiration:Lifesprig","ReplayTheSpireMod:TigerMarble","hubris:NiceRug","Dota2Spire:OctarineCore","trackpad:FieryHotPepper","halation:Jellyphish","Happy Flower","BlackRope"],"acts_visited":["Exordium","theJungle:Jungle","theFactory:Factory","paleoftheancients:PaleOfTheAncients"],"potions_floor_usage":[51,51,58,60],"damage_taken":[{"damage":6.0,"enemies":"Cultist","floor":1.0,"turns":4.0},{"damage":6.0,"enemies":"2 Louse","floor":2.0,"turns":3.0},{"damage":13.0,"enemies":"3 Sentries","floor":6.0,"turns":10.0},{"damage":13.0,"enemies":"Lagavulin","floor":8.0,"turns":5.0},{"damage":1.0,"enemies":"Replay:BlueRogue","floor":10.0,"turns":5.0},{"damage":4.0,"enemies":"Jaw Worm","floor":11.0,"turns":2.0},{"damage":0.0,"enemies":"Exordium Thugs","floor":13.0,"turns":3.0},{"damage":0.0,"enemies":"Large Slime","floor":14.0,"turns":4.0},{"damage":76.0,"enemies":"Fading Forest","floor":16.0,"turns":11.0},{"damage":10.0,"enemies":"theJungle:Flameango_and_Byrd","floor":18.0,"turns":6.0},{"damage":25.0,"enemies":"theJungle:5_Spyders","floor":20.0,"turns":7.0},{"damage":0.0,"enemies":"Snake Plant","floor":22.0,"turns":3.0},{"damage":0.0,"enemies":"theJungle:MamaSnecko","floor":23.0,"turns":3.0},{"damage":0.0,"enemies":"theJungle:Cassacara","floor":25.0,"turns":5.0},{"damage":0.0,"enemies":"theJungle:MamaSnecko","floor":29.0,"turns":3.0},{"damage":8.0,"enemies":"theJungle:2_Flameangoes","floor":31.0,"turns":3.0},{"damage":16.0,"enemies":"theJungle:FunGuy","floor":33.0,"turns":4.0},{"damage":0.0,"enemies":"theFactory:BigBot","floor":35.0,"turns":1.0},{"damage":0.0,"enemies":"theFactory:2_Experiment_Personnel","floor":39.0,"turns":2.0},{"damage":3.0,"enemies":"theFactory:DrinkBrewer","floor":40.0,"turns":3.0},{"damage":0.0,"enemies":"theFactory:Orbs_and_Orb_Walker","floor":41.0,"turns":4.0},{"damage":0.0,"enemies":"theFactory:Manservantes","floor":42.0,"turns":4.0},{"damage":0.0,"enemies":"theFactory:DecayingSentinel","floor":46.0,"turns":3.0},{"damage":0.0,"enemies":"theFactory:6_Mini-Bots","floor":47.0,"turns":3.0},{"damage":0.0,"enemies":"theFactory:DrinkBrewer","floor":48.0,"turns":2.0},{"damage":9.0,"enemies":"theFactory:Experiment01","floor":50.0,"turns":4.0},{"damage":3,"enemies":"","floor":51,"turns":5},{"damage":43,"enemies":"","floor":52,"turns":3},{"damage":1,"enemies":"","floor":56,"turns":2},{"damage":8,"enemies":"hubris:Merchant","floor":58,"turns":4},{"damage":0,"enemies":"paleoftheancients:N","floor":60,"turns":2}],"seed_played":"-2577798673888966771","potions_obtained":[{"floor":1.0,"key":"AttackPotion"},{"floor":2.0,"key":"Weak Potion"},{"floor":11.0,"key":"blueLaboratory:BottleOfRum"},{"floor":14.0,"key":"Toxic Potion"},{"floor":18.0,"key":"Block Potion"},{"floor":20.0,"key":"blueLaboratory:FruitPunch"},{"floor":29.0,"key":"Elixir"},{"floor":31.0,"key":"blueLaboratory:FruitPunch"},{"floor":39.0,"key":"Fire Potion"},{"floor":52,"key":"blueLaboratory:LouseDecoction"},{"floor":56,"key":"DuplicationPotion"},{"floor":58,"key":"blueLaboratory:StoneskinPotion"}],"is_trial":false,"path_per_floor":["M","M","$","?","?","E","R","E","T","E","M","?","M","M","R","B",null,"M","$","M","?","M","E","R","E","T","?","R","E","$","M","R","B",null,"M","?","?","$","M","E","M","E","T","T","R","M","M","E","R","B","M","M","?","$","R","M","R","$","?","B",null],"character_chosen":"IRONCLAD","items_purchased":["halation:IllGainedPizza","Unceasing Top","aspiration:Nostalgia","aspiration:HatOfInfinitePower","trackpad:PocketGalaxy","Boot","vexMod:Spyglass","aspiration:Lifesprig","ReplayTheSpireMod:TigerMarble"],"campfire_rested":3,"item_purchase_floors":[3,3,3,19,19,30,54,54,54],"current_hp_per_floor":[80,80,80,80,80,73,73,66,66,71,73,73,79,80,80,16,80,76,76,57,57,65,71,71,77,77,77,77,82,82,80,80,72,84,87,87,87,87,87,87,87,87,87,87,87,87,87,87,87,87,87,50,50,50,85,87,87,85,85,87],"gold":958,"neow_bonus":"TWO_FIFTY_GOLD","is_daily":false,"chose_seed":false,"campfire_upgraded":5,"win_rate":0.0,"timestamp":1607918389,"path_taken":["M","?","$","?","?","E","R","E","T","E","M","?","M","?","R","BOSS","M","$","M","?","M","E","R","E","T","?","R","E","$","?","R","BOSS","M","?","?","$","M","E","M","E","T","?","R","?","M","E","R","BOSS","M","M","?","$","R","M","R","$","?","BOSS"],"items_purchased_type":["Relic","Relic","Relic","Relic","Relic","Relic","Relic","Relic","Relic"],"build_version":"2020-12-13","purchased_purges":2,"victory":true,"max_hp_per_floor":[80,80,80,80,80,80,80,80,80,80,80,80,80,80,80,80,80,80,80,80,80,82,82,82,82,82,82,82,82,82,82,82,84,84,87,87,87,87,87,87,87,87,87,87,87,87,87,87,87,87,87,87,87,87,87,87,87,87,87,87],"card_choices":[{"not_picked":["StuffTheSpire:Resist","Flex","Dark Embrace"],"picked":"SKIP","floor":1.0},{"not_picked":["Sentinel","Replay:Undeath\u0027s Touch"],"picked":"Cleave","floor":2.0},{"not_picked":["StuffTheSpire:Incineration","Seeing Red"],"picked":"Bludgeon","floor":6.0},{"not_picked":["StuffTheSpire:Slingshot","Anger"],"picked":"conspire:Charge","floor":8.0},{"not_picked":["Defy Death","True Grit"],"picked":"Iron Wave","floor":10.0},{"not_picked":["hubris:CleavingFinish","Body Slam","Dark Embrace"],"picked":"SKIP","floor":11.0},{"not_picked":["ReplayTheSpireMod:LeadingStrike","Flex","Replay:Undeath\u0027s Touch"],"picked":"SKIP","floor":13.0},{"not_picked":["Dark Embrace","Sword Boomerang","Thunderclap"],"picked":"SKIP","floor":14.0},{"not_picked":["Demon Form","Double Tap"],"picked":"conspire:Purge","floor":16.0},{"not_picked":["hubris:Gluttony","hubris:Compulsion"],"picked":"Normality","floor":17.0},{"not_picked":["Hatred","ReplayTheSpireMod:Compounding Headache"],"picked":"Looming Evil","floor":17.0},{"not_picked":["Writhe","hubris:Gluttony"],"picked":"Clumsy","floor":17.0},{"not_picked":["StuffTheSpire:BloodClot","ReplayTheSpireMod:Strike From Hell+1","Sword Boomerang"],"picked":"SKIP","floor":18.0},{"not_picked":["Second Wind+1","Armaments"],"picked":"Flex","floor":20.0},{"not_picked":["ReplayTheSpireMod:Strike From Hell","Anger"],"picked":"Clash","floor":22.0},{"not_picked":["Heavy Blade","Anger+1"],"picked":"Flex","floor":23.0},{"not_picked":["Eclipse","True Grit","Twin Strike"],"picked":"SKIP","floor":25.0},{"not_picked":["Defy Death+1","Clash","Spot Weakness"],"picked":"SKIP","floor":29.0},{"not_picked":["Absolvement+1","Headbutt","StuffTheSpire:RockThrow"],"picked":"SKIP","floor":31.0},{"not_picked":["Pommel Strike+1","Defy Death","Heavy Blade+1"],"picked":"SKIP","floor":35.0},{"not_picked":["StuffTheSpire:Slingshot","StuffTheSpire:Pyroclast","Run Through+1"],"picked":"SKIP","floor":39.0},{"not_picked":["Headbutt+1","Flex+1"],"picked":"Invigoration","floor":40.0},{"not_picked":["conspire:HitWhereItHurts","Wild Strike"],"picked":"Clash","floor":41.0},{"not_picked":["Carnage","Sword Boomerang"],"picked":"Body Slam+1","floor":42.0},{"not_picked":["StuffTheSpire:Incineration","Metallicize+1","Carnage"],"picked":"SKIP","floor":46.0},{"not_picked":["Run Through+1","Pummel+1","Replay:Undeath\u0027s Touch"],"picked":"SKIP","floor":47.0},{"not_picked":["ReplayTheSpireMod:Strike From Hell","Hemokinesis","StuffTheSpire:RockThrow+1"],"picked":"SKIP","floor":48.0},{"not_picked":["StuffTheSpire:Slingshot+1","Replay:Undeath\u0027s Touch+1","Heavy Blade+1"],"picked":"SKIP","floor":51},{"not_picked":["Abandon","StuffTheSpire:RockThrow","True Grit"],"picked":"SKIP","floor":52},{"not_picked":["Burning Pact+1","conspire:ExplosiveBarrier+1","Twin Strike+1"],"picked":"SKIP","floor":56},{"not_picked":["ReplayTheSpireMod:LeadingStrike"],"picked":"SKIP","floor":58},{"not_picked":["Anger"],"picked":"SKIP","floor":58},{"not_picked":["Eclipse+1"],"picked":"SKIP","floor":58},{"not_picked":["Offering"],"picked":"SKIP","floor":58},{"not_picked":["Invigoration"],"picked":"SKIP","floor":58},{"not_picked":["ReplayTheSpireMod:Trickstab"],"picked":"SKIP","floor":58},{"not_picked":["ReplayTheSpireMod:Necrogeddon"],"picked":"SKIP","floor":58}],"player_experience":949938,"relics_obtained":[{"floor":6.0,"key":"SuspiciousGoo"},{"floor":8.0,"key":"StuffTheSpire:TintedRock"},{"floor":9.0,"key":"Replay:Wax Seal"},{"floor":10.0,"key":"Dota2Spire:PowerTreads"},{"floor":23.0,"key":"Dota2Spire:OrchidMalevolence"},{"floor":25.0,"key":"ReplayFunnel"},{"floor":29.0,"key":"Dota2Spire:BladeMail"},{"floor":40.0,"key":"Kunai"},{"floor":42.0,"key":"vexMod:RetaliationKit"},{"floor":43.0,"key":"War Paint"},{"floor":44.0,"key":"StuffTheSpire:GrapeVine"},{"floor":48.0,"key":"Eternal Feather"},{"floor":51,"key":"paleoftheancients:SoulOfTheWatcher"},{"floor":52,"key":"paleoftheancients:SoulOfTheGuardian"},{"floor":56,"key":"paleoftheancients:SoulOfTheHexaghost"},{"floor":58,"key":"Dota2Spire:OctarineCore"},{"floor":58,"key":"trackpad:FieryHotPepper"},{"floor":58,"key":"halation:Jellyphish"},{"floor":58,"key":"Happy Flower"},{"floor":58,"key":"BlackRope"}],"event_choices":[{"damage_healed":0.0,"max_hp_gain":0.0,"max_hp_loss":0.0,"gold_gain":0.0,"event_name":"conspire:Investor","player_choice":"Leave","floor":36.0,"gold_loss":0.0,"damage_taken":0.0}],"is_beta":false,"boss_relics":[{"not_picked":["aspiration:ServantSkillbook","Honey Jar"],"picked":"Replay:Ancient Bell"},{"not_picked":["Centennial Puzzle","StuffTheSpire:Experiment12"],"picked":"Dota2Spire:ArcaneBoots"},{"not_picked":["Sundial","hubris:DeckOfHolding"],"picked":"Runesmith:Nanobots"},{"not_picked":["Replay:Towering Pillar of Hats","StuffTheSpire:Expresso"],"picked":"Thread and Needle"},{"not_picked":["halation:Yufonium","halation:Risk"],"picked":"Fusion Hammer"}],"items_purged_floors":[30,30],"is_endless":false,"potions_floor_spawned":[1,2,11,14,18,20,29,31,39,46,52,56],"ascension_level":2}}