{"host":"xenpv6dj5x1yxp66","time":1607985226,"event":{"mods":["AchievementEnabler","Aspiration","BaseMod","Better Altar","Better Sensory Stone","Better Skull","Better Third Choice","BetterRewards","Colored Map","Colored Powertips","Conspire","Downfall","Highlight Path","Hubris","Marisa????????","Minty Spire (QoL Compilation)","Quick Restart","READ ME - Guardian Mod","Replay The Spire","Shade Mod","StSLib","The Animator","The Bug Knight","The Construct","The Cursed","The Disciple","The Necromancer","The Runesmith","The Servant 0.9.4"],"gold_per_floor":[99,99,127,127,156,166,193,223,239,239,239,224,236,249,259,362,362,362,362,56,56,156,190,214,225,243,243,243,243,81,181,181,198,218,218,218],"floor_reached":35,"playtime":2752,"items_purged":[],"score":333,"play_id":"6605936a-e7c9-4981-9ab5-3e2389e391d6","local_time":"20201214233346","is_ascension_mode":false,"campfire_choices":[{"data":"hexamod:Sear","floor":1.0,"key":"SMITH"},{"floor":10.0,"key":"REST"},{"data":"hexamod:BurningTouch","floor":18,"key":"SMITH"},{"data":"hexamod:EmpoweredFlame","floor":21,"key":"SMITH"},{"floor":29,"key":"REST"}],"circlet_count":0,"master_deck":["hexamod:Strike+1","hexamod:Strike","hexamod:Strike+1","hexamod:Strike","hexamod:Defend","hexamod:Defend","hexamod:Defend","hexamod:Defend","hexamod:Sear+1","hexamod:Float","hexamod:BurningTouch+1","hexamod:DynamicBlow","hexamod:HeatCrush","hexamod:SkipABeat","hexamod:FastForward","hexamod:ThirdSeal","hexamod:GhostLash","hexamod:ShieldOfDarkness","hexamod:HauntingEcho","hexamod:InspiringFlames","hexamod:RetreatToShadows+1","hexamod:GhostShield","hexamod:WildfireWeapon+1","hexamod:SixthSeal","expansioncontent:PolyBeam","expansioncontent:DarkVoid","hexamod:BacktrackSmack+1","hexamod:EmpoweredFlame+1","hexamod:FastForward+1","hexamod:HeatMetal+1","hexamod:ThermalTransfer+1","hexamod:GhostOfSpirePast+1","hexamod:EmpoweredFlame","hexamod:Firestarter"],"relics":["hexamod:SpiritBrand","downfall:HeartsMalice","Replay:Bottled Snecko","aspiration:HummingbirdHeart","aspiration:Lifesprig","Odd Mushroom","Sozu","aspiration:StickyExplosives_weak","Smiling Mask","Juzu Bracelet","hexamod:MatchstickCase","Calipers","hubris:TinFlute"],"acts_visited":["Exordium","TheCity"],"potions_floor_usage":[16,31,35,35],"damage_taken":[{"damage":0.0,"enemies":"3 Sentries","floor":3.0,"turns":1.0},{"damage":0.0,"enemies":"Jaw Worm","floor":4.0,"turns":1.0},{"damage":0.0,"enemies":"Lagavulin","floor":5.0,"turns":1.0},{"damage":0.0,"enemies":"Small Slimes","floor":6.0,"turns":3.0},{"damage":31.0,"enemies":"The Mushroom Lair","floor":8.0,"turns":6.0},{"damage":3.0,"enemies":"2 Louse","floor":9.0,"turns":4.0},{"damage":0.0,"enemies":"downfall:FleeingMerchant","floor":12.0,"turns":4.0},{"damage":2,"enemies":"conspire:2 RoseBushes","floor":13,"turns":4},{"damage":0,"enemies":"2 Fungi Beasts","floor":14,"turns":3},{"damage":1,"enemies":"Large Slime","floor":15,"turns":4},{"damage":14,"enemies":"downfall:Ironclad","floor":16,"turns":9},{"damage":6,"enemies":"downfall:FleeingMerchant","floor":20,"turns":4},{"damage":26,"enemies":"Slavers","floor":23,"turns":5},{"damage":4,"enemies":"Spheric Guardian","floor":25,"turns":4},{"damage":0,"enemies":"conspire:FuzzyDice","floor":26,"turns":4},{"damage":0,"enemies":"downfall:FleeingMerchant","floor":30,"turns":4},{"damage":4,"enemies":"Colosseum Nobs","floor":31,"turns":4},{"damage":7,"enemies":"Cultist and Chosen","floor":33,"turns":5},{"damage":0,"enemies":"Chosen and Byrds","floor":34,"turns":3},{"damage":42,"enemies":"downfall:Silent","floor":35,"turns":7}],"seed_played":"-6692878996273692283","potions_obtained":[{"floor":5.0,"key":"Elixir"},{"floor":6.0,"key":"Dexterity Potion"},{"floor":9.0,"key":"SteroidPotion"},{"floor":15,"key":"CultistPotion"},{"floor":16,"key":"Dexterity Potion"}],"is_trial":false,"path_per_floor":["R","?","E","M","E","M","T","?","M","R","?","$","M","M","M","B",null,"R","?","$","R","?","E","T","M","M","PTL","PTL","R","$","?","?","M","M","B"],"character_chosen":"THE_SPIRIT","items_purchased":["hexamod:EmpoweredFlame","aspiration:StickyExplosives_weak","hexamod:MatchstickCase"],"campfire_rested":2,"item_purchase_floors":[20,20,30],"current_hp_per_floor":[70,70,70,70,70,70,70,39,36,57,64,64,62,62,61,47,70,70,70,64,64,64,38,38,34,34,34,34,55,55,51,43,36,36,0,0],"gold":218,"neow_bonus":"THREE_ENEMY_KILL","is_daily":false,"chose_seed":false,"campfire_upgraded":3,"win_rate":0.0,"timestamp":1607985226,"path_taken":["R","?","E","M","E","M","T","?","M","R","?","?","?","M","M","BOSS","R","?","$","R","?","E","T","M","M","PTL","PTL","R","$","?","?","M","M","BOSS"],"items_purchased_type":["Card","Relic","Relic"],"build_version":"2020-12-13","purchased_purges":0,"victory":false,"max_hp_per_floor":[70,70,70,70,70,70,70,70,70,70,70,70,70,70,70,70,70,70,70,70,70,70,70,70,70,70,70,70,70,70,70,70,70,70,70,70],"card_choices":[{"not_picked":["hexamod:NightmareGuise","hexamod:SkipABeat"],"picked":"hexamod:BurningTouch","floor":3.0},{"not_picked":["hexamod:AdvancingGuard","hexamod:Rewind"],"picked":"hexamod:DynamicBlow","floor":4.0},{"not_picked":["hexamod:ExtraCrispy","hexamod:WildfireWeapon"],"picked":"hexamod:HeatCrush","floor":5.0},{"not_picked":["hexamod:Hexaguard","hexamod:ThermalTransfer"],"picked":"hexamod:SkipABeat","floor":6.0},{"not_picked":["hexamod:Firestarter","hexamod:InspiringFlames"],"picked":"hexamod:FastForward","floor":8.0},{"not_picked":["hexamod:ThermalTransfer","hexamod:FastForward"],"picked":"hexamod:ThirdSeal","floor":9.0},{"not_picked":["hexamod:ExtraCrispy","hexamod:SixthSeal"],"picked":"hexamod:GhostLash","floor":12},{"not_picked":["hexamod:CatchUp","hexamod:HauntingEcho"],"picked":"hexamod:ShieldOfDarkness","floor":13},{"not_picked":["hexamod:RainOfEmbers","hexamod:BurningTouch"],"picked":"hexamod:HauntingEcho","floor":14},{"not_picked":["hexamod:Hexaguard","hexamod:Rewind"],"picked":"hexamod:InspiringFlames","floor":14},{"not_picked":["hexamod:EtherealExpedition","hexamod:SpectralAdrenaline"],"picked":"hexamod:RetreatToShadows","floor":15},{"not_picked":["hexamod:NightmareStrike","hexamod:RetreatToShadows"],"picked":"hexamod:GhostShield","floor":15},{"not_picked":["hexamod:TurnItUp","hexamod:ParanormalForm"],"picked":"hexamod:WildfireWeapon","floor":16},{"not_picked":["hexamod:FifthSeal","hexamod:SearingWound"],"picked":"hexamod:SixthSeal","floor":16},{"not_picked":["Jack Of All Trades","Survey Options"],"picked":"expansioncontent:PolyBeam","floor":19},{"not_picked":["PanicButton","expansioncontent:DefensiveStance"],"picked":"expansioncontent:DarkVoid","floor":19},{"not_picked":["hexamod:StepThrough","hexamod:SkipABeat"],"picked":"hexamod:BacktrackSmack+1","floor":20},{"not_picked":["hexamod:GhostflameBarrier","hexamod:GhostLash"],"picked":"hexamod:FastForward+1","floor":23},{"not_picked":["hexamod:InspiringFlames","hexamod:NecessarySacrifice","hexamod:Rewind"],"picked":"SKIP","floor":23},{"not_picked":["hexamod:NightmareGuise","hexamod:StepThrough+1"],"picked":"hexamod:HeatMetal+1","floor":25},{"not_picked":["hexamod:ChargedBarrage","hexamod:BacktrackSmack"],"picked":"hexamod:ThermalTransfer+1","floor":25},{"not_picked":["hexamod:Firestarter","hexamod:NightmareGuise"],"picked":"hexamod:GhostOfSpirePast+1","floor":26},{"not_picked":["hexamod:AdvancingGuard","hexamod:Firestarter"],"picked":"hexamod:EmpoweredFlame","floor":30},{"not_picked":["hexamod:GhostOfSpirePresent","hexamod:GhostOfSpirePast+1"],"picked":"hexamod:Firestarter","floor":31},{"not_picked":["hexamod:RainOfEmbers","hexamod:GhostLash","hexamod:BurningTouch"],"picked":"SKIP","floor":33},{"not_picked":["hexamod:SpectersWail","hexamod:CatchUp","hexamod:HeatMetal"],"picked":"SKIP","floor":34}],"player_experience":137528,"relics_obtained":[{"floor":3.0,"key":"Replay:Bottled Snecko"},{"floor":5.0,"key":"aspiration:HummingbirdHeart"},{"floor":7.0,"key":"aspiration:Lifesprig"},{"floor":8.0,"key":"Odd Mushroom"},{"floor":23,"key":"Smiling Mask"},{"floor":24,"key":"Juzu Bracelet"},{"floor":31,"key":"Calipers"},{"floor":31,"key":"hubris:TinFlute"}],"event_choices":[{"damage_healed":0.0,"max_hp_gain":0.0,"max_hp_loss":0.0,"gold_gain":0.0,"event_name":"Mushrooms","player_choice":"Fought Mushrooms","floor":8.0,"gold_loss":0.0,"damage_taken":0.0},{"damage_healed":0,"gold_gain":2,"player_choice":"1","damage_taken":0,"max_hp_gain":0,"max_hp_loss":0,"event_name":"betterStone:BetterStone","floor":19,"gold_loss":0}],"is_beta":false,"boss_relics":[{"not_picked":["Coffee Dripper","conspire:RoyalGoblet"],"picked":"Sozu"}],"items_purged_floors":[],"is_endless":false,"potions_floor_spawned":[5,6,9,15,16,23,26,34],"killed_by":"downfall:Silent","ascension_level":0}}