{"host":"5kadl7uu83y136u3","time":1607968152,"event":{"mods":["2.2 Compatiblity","BaseMod","Better Match","Better Note","Better Sensory Stone","Better Third Choice","BetterRewards","Colored Map","Colored Powertips","DeckTracker","Defuse TimeMaze Blight","Gold Saver","Googly Eyes","Highlight Path","Hubris","Infinite Spire","Luminous","Minty Spire (QoL Compilation)","Replay The Spire","Shop Mod","Spicy Shops","Spikes Relics","StSLib","The Necromancer","Uncapped"],"gold_per_floor":[1331,1331,1347,1347,1361,1361,1392,1392,1392,1392,1406,1419,1419,1439,1439,1534,1534,1554,1566,1566,1095,1095,1095,1095,1095,1095,1113,1113,1130,1130,1130,1130,1159,1159,1256,1256,1268,459,459,459,477,477,487,518,568,588,588,603,628,1627,1627,1723,1723,1738,1735,1835,1832,1262,1262,1262,1267,1292,1304,1316,1316,414,416,416,423,423,421,421],"floor_reached":71,"playtime":3301,"items_purged":["Strike_B","Defend_B","Strike_B+1","Normality","Normality","Defend_B"],"score":1130,"play_id":"dc6e3b0e-b19f-4c4d-ab0e-f2476665ffe8","local_time":"20201214124912","is_ascension_mode":false,"campfire_choices":[{"floor":6,"key":"REST"},{"floor":8,"key":"REST"},{"data":"Mirror Shield","floor":10,"key":"SMITH"},{"data":"BasicCrystalCard","floor":15,"key":"SMITH"},{"data":"Dualcast","floor":25,"key":"SMITH"},{"data":"Streamline","floor":30,"key":"SMITH"},{"data":"Gash","floor":34,"key":"SMITH"},{"data":"Zap","floor":42,"key":"SMITH"},{"data":"hubris:Fate","floor":51,"key":"SMITH"},{"data":"Reforge","floor":59,"key":"SMITH"},{"data":"infinitespire:FutureSight","floor":65,"key":"SMITH"},{"data":"Pot Of Greed","floor":68,"key":"SMITH"}],"circlet_count":0,"master_deck":["Strike_B+1","Defend_B+1","Zap+1","Dualcast+1","BasicCrystalCard+1","The Bomb+1","Mirror Shield+1","Gash+1","Streamline+1","Chill+1","PlatinumSkin+1","White Noise+1","Tempest","hubris:Fate+1","infinitespire:FutureSight+1","Reforge+1","Pot Of Greed","Pot Of Greed+1","Crystallizer"],"relics":["Cracked Core","hubris:RGBLights","infinitespire:FocusingShard","hubris:Towel","Empty Cage","Lee\u0027s Waffle","Sundial","DataDisk","AncientExoskeleton","hubris:MysteriousPyramids","hubris:Icosahedron","LugNut","Turnip","Quantum Egg","Guide Book","ReplayTheSpireMod:TigerMarble","Blood Vial","infinitespire:SolderingIron","hubris:TenFootPole","Replay:Antivirus Software","hubris:Backtick","hubris:SoftwareUpdate","Singing Bowl","Busted Crown","TheAbacus","hubris:BallOfYels","Omamori","Grinning Jar","MerchantsRug","Replay:Frozen Program","Frozen Eye","StoneCalendar"],"acts_visited":["Exordium","TheCity","TheBeyond","Exordium","TheCity"],"potions_floor_usage":[16,16],"damage_taken":[{"damage":7,"enemies":"Small Slimes","floor":1,"turns":3},{"damage":2,"enemies":"2 Louse","floor":3,"turns":3},{"damage":8,"enemies":"infinitespire:Voidling","floor":5,"turns":3},{"damage":0,"enemies":"Replay:BlueRogue","floor":7,"turns":5},{"damage":1,"enemies":"3 Louse","floor":11,"turns":3},{"damage":3,"enemies":"2 Fungi Beasts","floor":12,"turns":3},{"damage":11,"enemies":"Exordium Thugs","floor":14,"turns":3},{"damage":2,"enemies":"The Guardian","floor":16,"turns":11},{"damage":12,"enemies":"Shell Parasite","floor":18,"turns":5},{"damage":3,"enemies":"3 Byrds","floor":19,"turns":5},{"damage":0,"enemies":"Centurion and Healer","floor":27,"turns":3},{"damage":0,"enemies":"Sentry and Sphere","floor":29,"turns":3},{"damage":9,"enemies":"Slavers","floor":33,"turns":3},{"damage":13,"enemies":"Champ","floor":35,"turns":7},{"damage":3,"enemies":"3 Darklings","floor":37,"turns":3},{"damage":0,"enemies":"3 Shapes","floor":41,"turns":3},{"damage":0,"enemies":"3 Darklings","floor":43,"turns":5},{"damage":0,"enemies":"Reptomancer","floor":44,"turns":4},{"damage":0,"enemies":"Sphere and 2 Shapes","floor":46,"turns":4},{"damage":0,"enemies":"Maw","floor":48,"turns":5},{"damage":0,"enemies":"Nightmare","floor":49,"turns":6},{"damage":0,"enemies":"hubris:GrandSnecko","floor":52,"turns":3},{"damage":0,"enemies":"2 Louse","floor":54,"turns":1},{"damage":24,"enemies":"Small Slimes","floor":55,"turns":4},{"damage":0,"enemies":"Cultist","floor":57,"turns":2},{"damage":0,"enemies":"Gremlin Gang","floor":61,"turns":2},{"damage":0,"enemies":"3 Sentries","floor":63,"turns":3},{"damage":0,"enemies":"2 Fungi Beasts","floor":64,"turns":1},{"damage":7,"enemies":"Replay:BlueRogue","floor":67,"turns":3},{"damage":0,"enemies":"Fading Forest","floor":69,"turns":5},{"damage":115,"enemies":"Chosen","floor":71,"turns":7}],"seed_played":"1758855646801022677","potions_obtained":[{"floor":7,"key":"SkillPotion"},{"floor":11,"key":"DuplicationPotion"},{"floor":16,"key":"FearPotion"},{"floor":19,"key":"AttackPotion"},{"floor":27,"key":"BlessingOfTheForge"}],"is_trial":false,"path_per_floor":["M","?","M","?","M","R","E","R","T","R","M","M","?","M","R","B",null,"M","M","?","$","?","PTL","PTL","R","AVR","M","T","M","R","?","T","E","R","B",null,"M","$","?","?","M","R","M","E","T","M","?","M","NM","?","R","B",null,"M","M","?","M","$","R","AVR","M","T","E","M","R","$","E","R","B",null,"M"],"character_chosen":"DEFECT","items_purchased":["Lee\u0027s Waffle","Sundial","Quantum Egg","Guide Book","ReplayTheSpireMod:TigerMarble","Blood Vial","PlatinumSkin","Singing Bowl","Reforge","Grinning Jar","hubris:Spice","MerchantsRug","Replay:Frozen Program","Frozen Eye","Crystallizer"],"campfire_rested":2,"item_purchase_floors":[21,21,38,38,38,38,38,58,58,66,66,66,66,66,66],"current_hp_per_floor":[47,32,30,30,22,44,44,66,66,66,65,62,62,51,51,49,75,63,60,54,82,82,82,82,82,82,82,82,82,82,82,82,73,73,60,82,79,79,79,79,81,81,82,82,82,82,72,74,76,76,76,78,82,82,58,58,60,60,60,60,64,64,68,72,72,80,77,77,91,100,0,0],"gold":421,"neow_bonus":"RANDOM_COLORLESS_2","is_daily":false,"chose_seed":false,"campfire_upgraded":10,"win_rate":0.0,"timestamp":1607968152,"path_taken":["M","?","M","?","M","R","E","R","T","R","M","M","?","M","R","BOSS","M","M","?","$","?","PTL","PTL","R","AVR","M","T","M","R","?","?","E","R","BOSS","M","$","?","?","M","R","M","E","T","?","?","M","NM","?","R","BOSS","M","M","?","M","?","R","AVR","M","T","E","M","R","$","E","R","BOSS","M"],"items_purchased_type":["Relic","Relic","Relic","Relic","Relic","Relic","Card","Relic","Card","Relic","Relic","Relic","Relic","Relic","Card"],"build_version":"2020-12-13","purchased_purges":6,"victory":false,"max_hp_per_floor":[75,75,75,75,75,75,75,75,75,75,75,75,75,75,75,75,75,75,75,75,82,82,82,82,82,82,82,82,82,82,82,82,82,82,82,82,82,82,82,82,82,82,82,82,82,82,82,82,82,82,82,82,82,82,82,82,82,82,82,82,84,84,86,88,88,96,98,98,100,100,100,100],"card_choices":[{"not_picked":["Compile Driver","Chaos"],"picked":"BasicCrystalCard","floor":1},{"not_picked":["hubris:PowerSurge","Auto Shields","Aggregate"],"picked":"SKIP","floor":3},{"not_picked":["Replay:Dark Deal+1","Mayhem+1"],"picked":"The Bomb+1","floor":4},{"not_picked":["Sweeping Beam","Steam","Hologram"],"picked":"SKIP","floor":5},{"not_picked":["Fusion","hubris:PowerSurge"],"picked":"Mirror Shield","floor":7},{"not_picked":["Melter","Sweeping Beam","Beam Cell"],"picked":"SKIP","floor":11},{"not_picked":["FIFO Queue","hubris:PowerSurge"],"picked":"Gash","floor":12},{"not_picked":["Doom and Gloom","Aggregate","Redo"],"picked":"SKIP","floor":14},{"not_picked":["ReplayTheSpireMod:System Scan","Redo","Barrage+1"],"picked":"SKIP","floor":18},{"not_picked":["Barrage+1","Leap","Ball Lightning"],"picked":"SKIP","floor":19},{"not_picked":["Redo","Melter","Hello World+1"],"picked":"SKIP","floor":27},{"not_picked":["Stack","Hologram"],"picked":"Streamline","floor":29},{"not_picked":["ReplayTheSpireMod:Reroute Power","Hello World","Auto Shields"],"picked":"SKIP","floor":33},{"not_picked":["Thunder Strike","Meteor Strike"],"picked":"Machine Learning","floor":35},{"not_picked":["Chill+1","Conserve Battery","Auto Shields"],"picked":"SKIP","floor":37},{"not_picked":["Conserve Battery","Auto Shields"],"picked":"Chill+1","floor":37},{"not_picked":["Glacier+1","Compile Driver"],"picked":"White Noise+1","floor":41},{"not_picked":["Go for the Eyes+1","Heatsinks+1","Gash+1"],"picked":"SKIP","floor":43},{"not_picked":["Self Repair","Rainbow"],"picked":"Tempest","floor":44},{"not_picked":["Go for the Eyes+1","Fusion","Ball Lightning"],"picked":"SKIP","floor":46},{"not_picked":["infinitespire:Starlight","infinitespire:Punishment"],"picked":"hubris:Fate","floor":47},{"not_picked":["Turbo+1","Ball Lightning+1","Self Repair+1"],"picked":"SKIP","floor":48},{"not_picked":["infinitespire:Fortify","hubris:Fate"],"picked":"infinitespire:FutureSight","floor":49},{"not_picked":["Steam","Gash+1","Blizzard+1"],"picked":"SKIP","floor":49},{"not_picked":["Steam","Gash+1","Blizzard+1"],"picked":"SKIP","floor":49},{"not_picked":["Steam","Rebound","BasicCrystalCard"],"picked":"SKIP","floor":54},{"not_picked":["Melter","Static Discharge","Steam"],"picked":"SKIP","floor":55},{"not_picked":["ReplayTheSpireMod:Reroute Power","Static Discharge","ReplayRNGCard"],"picked":"SKIP","floor":57},{"not_picked":["hubris:Ukulele"],"picked":"Singing Bowl","floor":61},{"not_picked":["Rebound"],"picked":"Singing Bowl","floor":63},{"not_picked":["Compile Driver"],"picked":"Singing Bowl","floor":64},{"not_picked":["Hyperbeam"],"picked":"Singing Bowl","floor":67},{"not_picked":["ReplayRNGCard"],"picked":"Singing Bowl","floor":69}],"player_experience":1596871,"relics_obtained":[{"floor":7,"key":"hubris:RGBLights"},{"floor":9,"key":"infinitespire:FocusingShard"},{"floor":28,"key":"hubris:MysteriousPyramids"},{"floor":32,"key":"LugNut"},{"floor":33,"key":"Turnip"},{"floor":44,"key":"infinitespire:SolderingIron"},{"floor":45,"key":"hubris:TenFootPole"},{"floor":49,"key":"Replay:Antivirus Software"},{"floor":62,"key":"hubris:BallOfYels"},{"floor":63,"key":"Omamori"},{"floor":67,"key":"StoneCalendar"}],"event_choices":[{"damage_healed":47,"gold_gain":0,"player_choice":"Upgrade","damage_taken":15,"max_hp_gain":0,"max_hp_loss":75,"event_name":"betterThird:BetterShining","floor":2,"gold_loss":0,"cards_upgraded":["Strike_B","Defend_B"]},{"damage_healed":0,"gold_gain":0,"player_choice":"2","damage_taken":0,"max_hp_gain":0,"max_hp_loss":0,"event_name":"betterMatch:BetterMatch","floor":4,"gold_loss":0,"cards_obtained":["betterMatch:ColorlessRareCard"]},{"damage_healed":0,"gold_gain":0,"player_choice":"","damage_taken":6,"max_hp_gain":0,"max_hp_loss":0,"event_name":"Knowing Skull","floor":20,"potions_obtained":[],"gold_loss":0,"cards_obtained":[]},{"cards_removed":["Mirror Shield"],"damage_healed":0,"gold_gain":0,"player_choice":"Give","damage_taken":0,"max_hp_gain":0,"max_hp_loss":0,"event_name":"betterNote:BetterNote","floor":22,"gold_loss":0,"cards_obtained":["None"]},{"cards_removed":["Machine Learning"],"damage_healed":0,"gold_gain":0,"player_choice":"Removed Power","damage_taken":0,"max_hp_gain":0,"max_hp_loss":0,"event_name":"Falling","floor":40,"gold_loss":0},{"damage_healed":0,"gold_gain":999,"player_choice":"Gold","damage_taken":0,"max_hp_gain":0,"max_hp_loss":0,"event_name":"MindBloom","floor":50,"gold_loss":0,"cards_obtained":["Normality","Normality"]},{"damage_healed":0,"gold_gain":100,"player_choice":"Pray","damage_taken":0,"max_hp_gain":0,"max_hp_loss":0,"event_name":"Golden Shrine","floor":56,"gold_loss":0}],"is_beta":false,"boss_relics":[{"not_picked":["Velvet Choker","Runic Dome"],"picked":"Empty Cage"},{"not_picked":["Fusion Hammer","Replay:Drink Me","Painkiller Herb"]},{"not_picked":["Coffee Dripper","Busted Crown"],"picked":"hubris:Backtick"},{"not_picked":["hubris:CrackedHourglass","Sandwich","Snecko Eye"]}],"items_purged_floors":[21,26,38,58,60,66],"is_endless":true,"potions_floor_spawned":[7,11,16,19,27,29,41,54,61,64,67],"killed_by":"Chosen","ascension_level":0}}