{"host":"a9gsz7kv8aebwp1f","time":1607966567,"event":{"mods":["AchievementEnabler","BaseMod","Minty Spire (QoL Compilation)"],"gold_per_floor":[115,124,124,308,258,302,20,20,46,66,66,91,91,117,117,231,231,258,9,9,9,9,47,47,75,101,101,121,149,168,209,209,209,209],"floor_reached":33,"playtime":1105,"items_purged":[],"score":453,"play_id":"87740c6c-43fd-4b02-932c-cab30c8d52e7","local_time":"20201215022247","is_ascension_mode":true,"campfire_choices":[{"floor":8,"key":"REST"},{"data":"Dualcast","floor":11,"key":"SMITH"},{"floor":13,"key":"REST"},{"data":"Metamorphosis","floor":15,"key":"SMITH"},{"floor":24,"key":"REST"},{"floor":27,"key":"REST"},{"floor":32,"key":"REST"}],"circlet_count":0,"master_deck":["AscendersBane","Strike_B+1","Strike_B+1","Strike_B+1","Strike_B+1","Defend_B+1","Defend_B+1","Defend_B+1","Defend_B+1","Zap","Dualcast+1","Metamorphosis+1","Cold Snap","Streamline","Beam Cell","Hologram","Sunder","Thunder Strike","Go for the Eyes","Glacier+1","Trip+1","Loop+1","Chill+1","Genetic Algorithm+1","Steam+1","All For One","Hyperbeam"],"relics":["Cracked Core","CeramicFish","The Courier","Membership Card","Shuriken","Blood Vial","DataDisk","Black Star","Toxic Egg 2","Nloth\u0027s Gift","Frozen Egg 2","Meat on the Bone","Bag of Preparation","Sundial","Strawberry"],"acts_visited":["Exordium","TheCity"],"potions_floor_usage":[16,16,29,33],"damage_taken":[{"damage":0,"enemies":"Small Slimes","floor":1,"turns":3},{"damage":30,"enemies":"3 Sentries","floor":6,"turns":6},{"damage":6,"enemies":"2 Louse","floor":10,"turns":3},{"damage":1,"enemies":"Cultist","floor":12,"turns":3},{"damage":0,"enemies":"Large Slime","floor":14,"turns":4},{"damage":60,"enemies":"The Guardian","floor":16,"turns":8},{"damage":48,"enemies":"2 Thieves","floor":18,"turns":4},{"damage":34,"enemies":"Book of Stabbing","floor":23,"turns":6},{"damage":4,"enemies":"Chosen","floor":25,"turns":4},{"damage":9,"enemies":"3 Cultists","floor":28,"turns":5},{"damage":9,"enemies":"Centurion and Healer","floor":29,"turns":6},{"damage":11,"enemies":"Shelled Parasite and Fungi","floor":30,"turns":7},{"damage":42,"enemies":"Slavers","floor":31,"turns":5},{"damage":84,"enemies":"Automaton","floor":33,"turns":6}],"seed_played":"-8646847701928562342","potions_obtained":[{"floor":1,"key":"Explosive Potion"},{"floor":6,"key":"AttackPotion"},{"floor":25,"key":"SteroidPotion"},{"floor":28,"key":"PowerPotion"},{"floor":29,"key":"Strength Potion"}],"is_trial":false,"path_per_floor":["M","?","?","?","?","E","$","R","T","M","R","M","R","M","R","B",null,"M","$","?","?","?","E","R","M","T","R","M","M","M","E","R","B"],"character_chosen":"DEFECT","items_purchased":["Membership Card","Shuriken","Blood Vial","Streamline","Toxic Egg 2","Kunai","Glacier+1","Trip+1"],"campfire_rested":5,"item_purchase_floors":[7,7,7,7,19,19,19,19],"current_hp_per_floor":[50,50,50,50,50,20,20,42,42,38,38,39,61,63,63,5,58,12,12,37,37,37,5,27,37,37,59,52,45,48,27,51,0,0],"gold":209,"neow_bonus":"RANDOM_COLORLESS_2","is_daily":false,"chose_seed":false,"campfire_upgraded":2,"win_rate":0.0,"timestamp":1607966567,"path_taken":["M","?","?","?","?","E","?","R","T","M","R","M","R","M","R","BOSS","M","?","?","?","?","E","R","M","T","R","M","M","?","E","R","BOSS"],"items_purchased_type":["Relic","Relic","Relic","Card","Relic","Relic","Card","Card"],"build_version":"2020-12-13","purchased_purges":0,"victory":false,"max_hp_per_floor":[75,75,75,75,75,75,75,75,75,75,75,75,75,75,75,75,75,75,75,75,75,75,75,75,75,75,75,75,75,75,82,82,82,82],"card_choices":[{"not_picked":["Violence","Sadistic Nature"],"picked":"Metamorphosis","floor":0},{"not_picked":["Heatsinks","Skim","Compile Driver"],"picked":"SKIP","floor":1},{"not_picked":["Storm","Steam Power"],"picked":"Cold Snap","floor":6},{"not_picked":["Hologram","Scrape"],"picked":"Beam Cell","floor":10},{"not_picked":["Consume","Storm"],"picked":"Hologram","floor":12},{"not_picked":["Coolheaded","Scrape"],"picked":"Sunder","floor":14},{"not_picked":["Amplify","Seek"],"picked":"Thunder Strike","floor":16},{"not_picked":["Aggregate","Barrage"],"picked":"Go for the Eyes","floor":18},{"not_picked":["Core Surge","Rebound"],"picked":"Loop+1","floor":23},{"not_picked":["Ball Lightning","Streamline+1"],"picked":"Chill+1","floor":25},{"not_picked":["Beam Cell","Ball Lightning+1"],"picked":"Genetic Algorithm+1","floor":28},{"not_picked":["Gash","Chill+1"],"picked":"Steam+1","floor":29},{"not_picked":["Sweeping Beam","Ball Lightning"],"picked":"All For One","floor":30},{"not_picked":["Thunder Strike","Meteor Strike"],"picked":"Hyperbeam","floor":31}],"player_experience":421929,"relics_obtained":[{"floor":6,"key":"The Courier"},{"floor":9,"key":"DataDisk"},{"floor":23,"key":"Frozen Egg 2"},{"floor":23,"key":"Meat on the Bone"},{"floor":26,"key":"Bag of Preparation"},{"floor":31,"key":"Sundial"},{"floor":31,"key":"Strawberry"}],"event_choices":[{"damage_healed":0,"gold_gain":0,"player_choice":"Box","damage_taken":0,"relics_obtained":["CeramicFish"],"max_hp_gain":0,"max_hp_loss":0,"event_name":"Big Fish","floor":2,"gold_loss":0,"cards_obtained":["Regret"]},{"cards_removed":["Regret"],"damage_healed":0,"gold_gain":0,"player_choice":"Forget","damage_taken":0,"max_hp_gain":0,"max_hp_loss":0,"event_name":"Living Wall","floor":3,"gold_loss":0},{"damage_healed":0,"gold_gain":175,"player_choice":"AGREE","damage_taken":0,"max_hp_gain":0,"max_hp_loss":0,"event_name":"Liars Game","floor":4,"gold_loss":0,"cards_obtained":["Doubt"]},{"cards_removed":["Doubt"],"damage_healed":0,"gold_gain":0,"player_choice":"Card Removal","damage_taken":0,"max_hp_gain":0,"max_hp_loss":0,"event_name":"The Cleric","floor":5,"gold_loss":50},{"damage_healed":25,"gold_gain":0,"player_choice":"Heal","damage_taken":0,"max_hp_gain":0,"max_hp_loss":0,"event_name":"The Library","floor":20,"gold_loss":0},{"damage_healed":0,"gold_gain":0,"player_choice":"Simplicity","damage_taken":0,"max_hp_gain":0,"max_hp_loss":0,"event_name":"Back to Basics","floor":21,"gold_loss":0,"cards_upgraded":["Strike_B","Strike_B","Strike_B","Strike_B","Defend_B","Defend_B","Defend_B","Defend_B"]},{"damage_healed":0,"gold_gain":0,"player_choice":"Traded Relic","damage_taken":0,"relics_obtained":["Nloth\u0027s Gift"],"max_hp_gain":0,"max_hp_loss":0,"event_name":"N\u0027loth","floor":22,"relics_lost":["Kunai"],"gold_loss":0}],"is_beta":false,"boss_relics":[{"not_picked":["Cursed Key","Fusion Hammer"],"picked":"Black Star"}],"items_purged_floors":[],"is_endless":false,"potions_floor_spawned":[1,6,25,28,29],"killed_by":"Automaton","ascension_level":12}}