{"host":"ks12kfi5c4d9hdxy","time":1607978301,"event":{"mods":["BaseMod","Conspire","GifTheSpireLib","Koishi","LagranYue(拉格朗・月)","Marisa（F雨　魔理沙）","Minty Spire (QoL Compilation)","Reimu（博丽灵梦）","Remilia（蕾米莉亚）","Replay The Spire","RumiaBox-露米娅的神秘盒子","StSLib","SuperFastMode","The Administrix","The Servant 0.9.4","Youmu（魂魄妖梦）","Yuyuko","【功能Mod】混沌之环修复补丁","【功能Mod】聪明的最终Boss","篝火指南"],"gold_per_floor":[216,216,216,227,242,242,242],"floor_reached":6,"playtime":199,"items_purged":[],"score":68,"play_id":"21f5927d-fb19-46b4-bbb8-cef82334eb46","local_time":"20201215043821","is_ascension_mode":true,"campfire_choices":[],"circlet_count":0,"master_deck":["AscendersBane","Strike_MRS","Strike_MRS","Strike_MRS","Strike_MRS","Defend_MRS","Defend_MRS","Defend_MRS","Defend_MRS","MasterSpark","UpSweep","SporeBomb","Looming Evil","ShootTheMoon","ShootingEcho"],"relics":["MiniHakkero","LagranYue:RandomDrawCardRelic","Replay:Wanted Poster","conspire:SpecialSausage","ReplayTheSpireMod:Ring of Collecting","ReplayTheSpireMod:Ring of Addiction","Potion Belt","Toy Ornithopter","Replay:WaspNest"],"acts_visited":["Exordium"],"potions_floor_usage":[6],"damage_taken":[{"damage":14.0,"enemies":"Small Slimes","floor":1.0,"turns":3.0},{"damage":1.0,"enemies":"Cultist","floor":4.0,"turns":3.0},{"damage":0.0,"enemies":"2 Louse","floor":5.0,"turns":1.0},{"damage":41,"enemies":"3 Sentries","floor":6,"turns":5}],"seed_played":"-2757526467445118977","potions_obtained":[{"floor":2.0,"key":"Adrenaline Potion"},{"floor":2.0,"key":"Toxic Potion"},{"floor":2.0,"key":"SpeedPotion"}],"is_trial":false,"path_per_floor":["M","?","?","M","M","E"],"character_chosen":"MARISA","items_purchased":[],"campfire_rested":0,"item_purchase_floors":[],"current_hp_per_floor":[49,49,23,22,27,0,0],"gold":242,"neow_bonus":"DOUBLE_BOSS_RELIC","is_daily":false,"chose_seed":false,"campfire_upgraded":0,"win_rate":0.0,"timestamp":1607978301,"path_taken":["M","?","?","M","M","E"],"items_purchased_type":[],"build_version":"2020-12-13","purchased_purges":0,"victory":false,"max_hp_per_floor":[70,70,70,70,70,70,70],"card_choices":[{"not_picked":["PulseMagic","LuminesStrike"],"picked":"SporeBomb","floor":1.0},{"not_picked":["Occultation","MilkyWay"],"picked":"ShootTheMoon","floor":4.0},{"not_picked":["DoubleSpark","AsteroidBelt"],"picked":"ShootingEcho","floor":5.0}],"player_experience":489997,"relics_obtained":[{"floor":2.0,"key":"ReplayTheSpireMod:Ring of Collecting"},{"floor":2.0,"key":"ReplayTheSpireMod:Ring of Addiction"},{"floor":2.0,"key":"Potion Belt"},{"floor":2.0,"key":"Toy Ornithopter"}],"event_choices":[{"damage_healed":0.0,"max_hp_gain":0.0,"max_hp_loss":0.0,"gold_gain":0.0,"event_name":"Scrap Ooze","player_choice":"Success","floor":3.0,"gold_loss":0.0,"damage_taken":26.0,"relics_obtained":["Replay:WaspNest"]}],"is_beta":false,"boss_relics":[],"items_purged_floors":[],"is_endless":false,"potions_floor_spawned":[],"killed_by":"3 Sentries","ascension_level":18}}