{"host":"v0byp44r5syn346h","time":1607912250,"event":{"mods":["2.2 Compatiblity","AchievementEnabler","Act Like it!","AlwaysNeverKeys","Aspiration","BaseMod","Bestiary","Better Match","Better Note","Better Skull","Better Third Choice","Better Vampires","BetterRewards","Card Filter","Colored Map","Colored Powertips","Conspire","Defuse TimeMaze Blight","Displayed Cursed Tome","Downfall","Friendly Minions","Gremlin Skip","Halation","Highlight Path","Hubris","Infinite Spire","Minty Spire (QoL Compilation)","Pale of the Ancients","Quarter Circle Forward PUNCH!","Quick Restart","Random Character Button","Rare Cards Sparkle","Relic Filter","Relic Stats","Reorder Act Four","Replay The Spire","Reworked Bosses","Shop Mod","Spicy Shops","Spikes Relics","StSLib","SuperFastMode","The Blue Laboratory","The Construct","The Cursed","The Hierophant","The Jungle","Thieving Mod","Trackpad","Unknown Chances","egg","vexMod"],"gold_per_floor":[109,126,126,126,126,126,126,126,176,76,76,96,96,110,110,212,212,229,668,668,688,704,704,719,748,772,39,67,17,37,72,72,171,171,187,187,187,199,209,234,259,290,290,324,324,424,424,458,458,458,469,483,483,65,65,78,78,28,28,28],"floor_reached":61,"playtime":1153,"items_purged":["Strike_P","Catalyst","Strike_P","BattleHymn","Choke+1","Slice+1","Consecrate+1"],"score":2675,"play_id":"8b1c0a39-57dd-465d-bcc0-d3a23da3e28c","local_time":"20201214031730","is_ascension_mode":true,"campfire_choices":[{"data":"Choke","floor":6.0,"key":"SMITH"},{"data":"hubris:InfiniteBlow+104","floor":13.0,"key":"SMITH"},{"data":"Pray","floor":15.0,"key":"SMITH"},{"floor":23,"key":"REST"},{"data":"Omniscience","floor":32,"key":"SMITH"},{"data":"Apotheosis","floor":45,"key":"SMITH"},{"data":"hubris:InfiniteBlow+210","floor":57,"key":"SMITH"}],"circlet_count":0,"master_deck":["Defend_P+1","Defend_P+1","Eruption+1","Vigilance+1","Halt+1","Replay:Cycle+1","Endless Agony+1","hubris:InfiniteBlow+211","Pray+1","DevaForm+1","SpiritShield+1","Pray+1","Apotheosis+1","Omniscience+1","Omniscience+1","hubris:InfiniteBlow+210","hubris:Rewind+1","hubris:InfiniteBlow+210"],"relics":["PureWater","Damaru","Regal Pillow","trackpad:WindUpAutoDealer","aspiration:HiddenCompartment","vexMod:FluxCapacitor","Replay:Ringing Soul","Smiling Mask","Omamori","Torii","Iron Hammer","ReplayTheSpireMod:Lightbulb","qcfpunch:Black_Training_Shirt","halation:Yufonium","Juzu Bracelet","Nunchaku","Ornamental Fan","qcfpunch:White_Boots","Pet Ghost","Replay:Multitool","Mark of the Bloom","qcfpunch:Spiky_Bracers","halation:PapillonHeart","paleoftheancients:Timepiece","paleoftheancients:KeyRelic","Anchor","Gremlin Horn","hubris:Towel","trackpad:Mousetrap","conspire:DeflatedDodgeball","paleoftheancients:SoulOfTheHexaghost"],"acts_visited":["Exordium","TheCity","TheBeyond","TheBeyond"],"potions_floor_usage":[35,35,46,56,56],"damage_taken":[{"damage":0.0,"enemies":"Jaw Worm","floor":1.0,"turns":3.0},{"damage":0.0,"enemies":"2 Louse","floor":2.0,"turns":2.0},{"damage":0.0,"enemies":"Small Slimes","floor":12.0,"turns":1.0},{"damage":0.0,"enemies":"Blue Slaver","floor":14.0,"turns":2.0},{"damage":0,"enemies":"Fading Forest","floor":16,"turns":2},{"damage":0,"enemies":"conspire:FuzzyDice","floor":18,"turns":3},{"damage":1,"enemies":"Chosen","floor":21,"turns":2},{"damage":0,"enemies":"3 Cultists","floor":22,"turns":3},{"damage":0,"enemies":"Snecko","floor":24,"turns":1},{"damage":19,"enemies":"Slavers","floor":25,"turns":4},{"damage":0,"enemies":"Nightmare","floor":28,"turns":2},{"damage":0,"enemies":"Snake Plant","floor":30,"turns":1},{"damage":9,"enemies":"conspire:Head Lice","floor":31,"turns":3},{"damage":0,"enemies":"bossMod:newChamp","floor":33,"turns":2},{"damage":4,"enemies":"3 Shapes","floor":35,"turns":1},{"damage":0,"enemies":"Orb Walker","floor":38,"turns":1},{"damage":0,"enemies":"Spire Growth","floor":39,"turns":1},{"damage":0,"enemies":"Reptomancer","floor":40,"turns":1},{"damage":0,"enemies":"conspire:MimicChest","floor":41,"turns":1},{"damage":21,"enemies":"Nemesis","floor":42,"turns":3},{"damage":0,"enemies":"R_Hoarder","floor":44,"turns":2},{"damage":0,"enemies":"infinitespire:Three Voidlings","floor":46,"turns":2},{"damage":38,"enemies":"Nightmare_Alpha","floor":46,"turns":6},{"damage":0,"enemies":"Reptomancer","floor":48,"turns":1},{"damage":0,"enemies":"conspire:OrnateMirror","floor":50,"turns":1},{"damage":0,"enemies":"conspire:OrnateMirror","floor":51,"turns":1},{"damage":0,"enemies":"conspire:OrnateMirror","floor":52,"turns":3},{"damage":1,"enemies":"conspire:OrnateMirror","floor":56,"turns":6},{"damage":0,"enemies":"paleoftheancients:N","floor":60,"turns":2}],"seed_played":"-8781062889130283007","potions_obtained":[{"floor":1.0,"key":"Adrenaline Potion"},{"floor":14.0,"key":"SpeedPotion"},{"floor":21,"key":"Explosive Potion"},{"floor":24,"key":"Elixir"},{"floor":28,"key":"blueLaboratory:BottledHope"},{"floor":35,"key":"SkillPotion"},{"floor":38,"key":"blueLaboratory:SavagePotion"},{"floor":46,"key":"CultistPotion"}],"is_trial":false,"path_per_floor":["M","M","?","?","?","R","T","?","T","$","?","M","R","M","R","B",null,"M","?","?","M","M","R","M","E","T","$","NM","$","M","E","R","B",null,"M","?","?","M","M","E","?","E","T","E","R","?","?","E","R","B","M","M","?","$","R","M","R","$","?","B",null],"character_chosen":"WATCHER","items_purchased":["Damaru","Consecrate","Apotheosis","Omamori","Torii","Iron Hammer","trackpad:Mousetrap","conspire:DeflatedDodgeball"],"campfire_rested":1,"item_purchase_floors":[0,0,27,27,27,27,54,54],"current_hp_per_floor":[57,57,57,57,41,41,41,23,23,23,72,72,72,72,72,72,72,72,13,6,5,5,41,41,25,25,28,28,28,28,22,22,25,69,65,65,68,68,68,68,68,47,47,47,47,12,12,12,12,12,12,12,12,12,12,11,11,11,11,11],"gold":28,"neow_bonus":"","is_daily":false,"chose_seed":false,"campfire_upgraded":6,"win_rate":0.0,"timestamp":1607912250,"path_taken":["M","M","?","?","?","R","?","?","T","?","?","?","R","M","R","BOSS","M","?","?","M","M","R","?","E","T","?","NM","?","M","E","R","BOSS","M","?","?","M","?","E","?","E","T","E","R","?","?","E","R","BOSS","M","M","?","$","R","M","R","$","?","BOSS"],"items_purchased_type":["Relic","Card","Card","Relic","Relic","Relic","Relic","Relic"],"build_version":"2020-12-13","purchased_purges":7,"victory":true,"max_hp_per_floor":[72,72,72,72,72,72,72,72,72,72,72,72,72,72,72,72,72,72,72,72,72,72,72,72,75,75,78,78,78,78,81,81,84,84,84,84,87,87,87,87,87,87,87,87,87,90,90,90,85,88,88,88,88,88,88,88,88,88,88,88],"relic_stats":{"Regal Pillow":15,"Nunchaku":[6],"Mark of the Bloom":220,"Torii":20,"Gremlin Horn":[18,20],"counters":[81,248],"Ornamental Fan":[44],"Juzu Bracelet":0,"Smiling Mask":625,"obtain_stats":[{"Golden Egg":9,"trackpad:Mousetrap":7,"vexMod:MemoryStick":13,"Mark of the Bloom":47,"Gremlin Horn":50,"Boot":9,"halation:RedSoulGem":2,"Replay:Ringing Soul":9,"trackpad:PocketGalaxy":0,"Strawberry":30,"Iron Hammer":27,"Necronomicon":22,"trackpad:AdjectivePendant":3,"hubris:MobiusCoin":0,"paleoftheancients:KeyRelic":50,"Happy Flower":6,"vexMod:MysteryBossChallenge":17,"Oddly Smooth Stone":22,"infinitespire:Beetle Shell":9,"vexMod:PaidLearning":0,"conspire:Boomerang":8,"aspiration:HiddenCompartment":6,"Question Card":26,"paleoftheancients:Timepiece":50,"OrangePellets":0,"hubris:TenFootPole":2,"trackpad:WindUpAutoDealer":7,"Meat on the Bone":8,"halation:BlackBeret":10,"qcfpunch:Spiky_Bracers":48,"Regal Pillow":5,"halation:PapillonHeart":49,"Torii":27,"RoseTintedShades":12,"Juzu Bracelet":40,"Replay:Multitool":46,"Cursed Key":17,"Smiling Mask":26,"Pet Ghost":44,"vexMod:FluxCapacitor":17,"Nunchaku":41,"TheAbacus":4,"vexMod:RedPlottingStone":0,"Gambling Chip":11,"WingedGreaves":0,"Chemical X":0,"Ring of Panic":2,"NeowsBlessing":0,"trackpad:HandOfMidas":0,"trackpad:Trackpad":17,"Guide Book":0,"qcfpunch:Black_Training_Shirt":31,"halation:Yufonium":34,"paleoftheancients:SoulOfTheHexaghost":56,"Damaru":0,"infinitespire:Joker Card":8,"PreservedInsect":0,"aspiration:RandomNobGenerator":17,"aspiration:HummingbirdHeart":5,"Omamori":27,"hubris:Towel":53,"qcfpunch:White_Boots":43,"Pondfish Scales":0,"Anchor":50,"infinitespire:WardingShard":13,"Ornamental Fan":42,"Snack Pack":23,"halation:AfternoonTea":13,"PureWater":0,"ReplayTheSpireMod:Ring of Challenge":2,"conspire:DeflatedDodgeball":54,"ReplayTheSpireMod:Lightbulb":28},{"Golden Egg":4,"trackpad:Mousetrap":16,"vexMod:MemoryStick":18,"Mark of the Bloom":75,"Gremlin Horn":77,"Boot":47,"halation:RedSoulGem":1,"Replay:Ringing Soul":16,"trackpad:PocketGalaxy":32,"Strawberry":27,"Iron Hammer":62,"Necronomicon":23,"trackpad:AdjectivePendant":1,"hubris:MobiusCoin":32,"paleoftheancients:KeyRelic":77,"Happy Flower":45,"vexMod:MysteryBossChallenge":8,"Oddly Smooth Stone":11,"infinitespire:Beetle Shell":36,"vexMod:PaidLearning":32,"conspire:Boomerang":47,"aspiration:HiddenCompartment":3,"Question Card":25,"paleoftheancients:Timepiece":77,"OrangePellets":32,"hubris:TenFootPole":33,"trackpad:WindUpAutoDealer":54,"Meat on the Bone":36,"halation:BlackBeret":37,"qcfpunch:Spiky_Bracers":76,"Regal Pillow":54,"halation:PapillonHeart":76,"Torii":62,"RoseTintedShades":38,"Juzu Bracelet":70,"Replay:Multitool":75,"Cursed Key":20,"Smiling Mask":62,"Pet Ghost":73,"vexMod:FluxCapacitor":57,"Nunchaku":71,"TheAbacus":30,"vexMod:RedPlottingStone":29,"Gambling Chip":49,"WingedGreaves":32,"Chemical X":32,"Ring of Panic":30,"NeowsBlessing":0,"trackpad:HandOfMidas":42,"trackpad:Trackpad":8,"Guide Book":32,"qcfpunch:Black_Training_Shirt":65,"halation:Yufonium":66,"paleoftheancients:SoulOfTheHexaghost":80,"Damaru":52,"infinitespire:Joker Card":4,"PreservedInsect":12,"aspiration:RandomNobGenerator":41,"aspiration:HummingbirdHeart":44,"Omamori":62,"hubris:Towel":79,"qcfpunch:White_Boots":72,"Pondfish Scales":12,"Anchor":77,"infinitespire:WardingShard":50,"Ornamental Fan":72,"Snack Pack":24,"halation:AfternoonTea":6,"PureWater":0,"ReplayTheSpireMod:Ring of Challenge":30,"conspire:DeflatedDodgeball":79,"ReplayTheSpireMod:Lightbulb":63},{"Golden Egg":6,"trackpad:Mousetrap":57,"vexMod:MemoryStick":63,"Mark of the Bloom":234,"Gremlin Horn":236,"Boot":170,"halation:RedSoulGem":1,"Replay:Ringing Soul":57,"trackpad:PocketGalaxy":124,"Strawberry":105,"Iron Hammer":208,"Necronomicon":88,"trackpad:AdjectivePendant":1,"hubris:MobiusCoin":124,"paleoftheancients:KeyRelic":236,"Happy Flower":163,"vexMod:MysteryBossChallenge":22,"Oddly Smooth Stone":35,"infinitespire:Beetle Shell":136,"vexMod:PaidLearning":124,"conspire:Boomerang":170,"aspiration:HiddenCompartment":3,"Question Card":96,"paleoftheancients:Timepiece":236,"OrangePellets":124,"hubris:TenFootPole":126,"trackpad:WindUpAutoDealer":190,"Meat on the Bone":136,"halation:BlackBeret":138,"qcfpunch:Spiky_Bracers":235,"Regal Pillow":190,"halation:PapillonHeart":235,"Torii":208,"RoseTintedShades":139,"Juzu Bracelet":220,"Replay:Multitool":234,"Cursed Key":73,"Smiling Mask":208,"Pet Ghost":226,"vexMod:FluxCapacitor":195,"Nunchaku":221,"TheAbacus":119,"vexMod:RedPlottingStone":114,"Gambling Chip":177,"WingedGreaves":124,"Chemical X":124,"Ring of Panic":119,"NeowsBlessing":0,"trackpad:HandOfMidas":154,"trackpad:Trackpad":22,"Guide Book":124,"qcfpunch:Black_Training_Shirt":214,"halation:Yufonium":216,"paleoftheancients:SoulOfTheHexaghost":246,"Damaru":185,"infinitespire:Joker Card":6,"PreservedInsect":38,"aspiration:RandomNobGenerator":149,"aspiration:HummingbirdHeart":158,"Omamori":208,"hubris:Towel":240,"qcfpunch:White_Boots":224,"Pondfish Scales":38,"Anchor":236,"infinitespire:WardingShard":180,"Ornamental Fan":224,"Snack Pack":92,"halation:AfternoonTea":12,"PureWater":0,"ReplayTheSpireMod:Ring of Challenge":119,"conspire:DeflatedDodgeball":240,"ReplayTheSpireMod:Lightbulb":210}]},"card_choices":[{"not_picked":["Replay:ManipulateFuture","PathToVictory"],"picked":"BattleHymn","floor":1.0},{"not_picked":["Crescendo","Tantrum"],"picked":"Halt","floor":2.0},{"not_picked":["infinitespire:Menacing","infinitespire:Execution"],"picked":"hubris:InfiniteBlow+104","floor":8.0},{"not_picked":["FlyingSleeves","Consecrate","Replay:Vibes"],"picked":"SKIP","floor":12.0},{"not_picked":["ThirdEye","JustLucky"],"picked":"Pray","floor":14.0},{"not_picked":["ConjureBlade","Alpha"],"picked":"DevaForm","floor":16},{"not_picked":["Halt","Nirvana","Prostrate"],"picked":"SKIP","floor":18},{"not_picked":["Fasting2","BowlingBash","FlurryOfBlows"],"picked":"SKIP","floor":21},{"not_picked":["Tantrum","Fasting2+1"],"picked":"SpiritShield","floor":22},{"not_picked":["Replay:BluntJabs+1","Replay:AtTheReady","Conclude+1"],"picked":"SKIP","floor":24},{"not_picked":["Replay:Cycle","CarveReality"],"picked":"Pray","floor":25},{"not_picked":["JustLucky","FlyingSleeves+1","Replay:Cycle"],"picked":"SKIP","floor":28},{"not_picked":["Replay:Cycle","Consecrate","Protect+1"],"picked":"SKIP","floor":30},{"not_picked":["Perseverance","Replay:ManipulateFuture+1"],"picked":"Omniscience","floor":31},{"not_picked":["MasterReality","ConjureBlade"],"picked":"Omniscience","floor":33},{"not_picked":["Replay:BluntJabs+1","ForeignInfluence","ThirdEye"],"picked":"SKIP","floor":35},{"not_picked":["LikeWater","Replay:ManipulateFuture","Weave"],"picked":"SKIP","floor":38},{"not_picked":["Halt","Indignation","Prostrate+1"],"picked":"SKIP","floor":39},{"not_picked":["ThirdEye+1","CrushJoints+1","Replay:BluntJabs+1"],"picked":"SKIP","floor":40},{"not_picked":["TalkToTheHand","FlurryOfBlows+1","Wireheading"],"picked":"SKIP","floor":42},{"not_picked":["WheelKick","Replay:Cycle+1","DeceiveReality+1"],"picked":"SKIP","floor":44},{"not_picked":["ReplayTheSpireMod:??????????????????????","Replay:Fractal Strike"],"picked":"hubris:Rewind","floor":46},{"not_picked":["Vengeance+1","EmptyFist+1","ThirdEye+1"],"picked":"SKIP","floor":48},{"not_picked":["LikeWater","DeceiveReality","Indignation"],"picked":"SKIP","floor":51},{"not_picked":["Protect","WreathOfFlame+1","Perseverance"],"picked":"SKIP","floor":52},{"not_picked":["Replay:AtTheReady+1","Tantrum+1","WindmillStrike+1"],"picked":"SKIP","floor":56}],"player_experience":817067,"relics_obtained":[{"floor":7.0,"key":"trackpad:WindUpAutoDealer"},{"floor":9.0,"key":"aspiration:HiddenCompartment"},{"floor":25,"key":"Replay:Ringing Soul"},{"floor":26,"key":"Smiling Mask"},{"floor":28,"key":"ReplayTheSpireMod:Lightbulb"},{"floor":31,"key":"qcfpunch:Black_Training_Shirt"},{"floor":40,"key":"Juzu Bracelet"},{"floor":41,"key":"Nunchaku"},{"floor":42,"key":"Ornamental Fan"},{"floor":43,"key":"qcfpunch:White_Boots"},{"floor":44,"key":"Pet Ghost"},{"floor":46,"key":"Replay:Multitool"},{"floor":48,"key":"qcfpunch:Spiky_Bracers"},{"floor":56,"key":"paleoftheancients:SoulOfTheHexaghost"}],"event_choices":[{"damage_healed":49.0,"max_hp_gain":0.0,"max_hp_loss":0.0,"gold_gain":0.0,"event_name":"Wheel of Change","player_choice":"Full Heal","floor":11.0,"gold_loss":0.0,"damage_taken":0.0},{"damage_healed":0,"gold_gain":439,"player_choice":"GO GO GO GO UP UP ","damage_taken":67,"relics_obtained":[],"max_hp_gain":0,"max_hp_loss":0,"event_name":"betterSkull:BetterSkull","floor":19,"gold_loss":0,"cards_upgraded":["Slice","Defend_P"]},{"damage_healed":0,"gold_gain":0,"player_choice":"Damaged","damage_taken":7,"max_hp_gain":0,"max_hp_loss":0,"event_name":"Wheel of Change","floor":20,"gold_loss":0},{"damage_healed":0,"gold_gain":0,"player_choice":"Copied","damage_taken":0,"max_hp_gain":0,"max_hp_loss":0,"event_name":"Duplicator","floor":37,"gold_loss":0,"cards_obtained":["hubris:InfiniteBlow"]},{"damage_healed":0,"gold_gain":0,"player_choice":"Upgrade","damage_taken":0,"relics_obtained":["Mark of the Bloom"],"max_hp_gain":0,"max_hp_loss":0,"event_name":"MindBloom","floor":47,"gold_loss":0,"cards_upgraded":["Defend_P","Eruption","Vigilance","Consecrate","Halt","Endless Agony","hubris:InfiniteBlow","DevaForm","SpiritShield","Pray","hubris:InfiniteBlow","hubris:Rewind"]},{"damage_healed":0,"gold_gain":0,"player_choice":"Copied","damage_taken":0,"max_hp_gain":0,"max_hp_loss":0,"event_name":"Recollection","floor":50,"gold_loss":0,"cards_obtained":["hubris:InfiniteBlow"]}],"is_beta":false,"boss_relics":[{"not_picked":["aspiration:SecretTechniqueScroll","Sandwich"],"picked":"vexMod:FluxCapacitor"},{"not_picked":["halation:LoveArrow","halation:ForbiddenBikini"],"picked":"halation:Yufonium"}],"items_purged_floors":[0,10,27,29,54,54,58],"is_endless":false,"potions_floor_spawned":[1,14,21,24,28,30,31,35,38,42,46,48,60],"ascension_level":7}}