{"host":"8a3g9edf69u3epoz","time":1607923829,"event":{"mods":["BaseMod","Minty Spire (QoL Compilation)","MostiFishMod","Relic Stats","Remilia（蕾米莉亚）","StSLib","TestMod","UnlockEverythingMod","WarShipGirlsR/战舰少女R mod"],"gold_per_floor":[-1282,-1282,-1246,-1246,-1234,-1183,19,49,49,82,98,98,98,128,128,236,236,271,117,117,131,531,569,569,602,602,655,655,302,302,326,326,429,441,473,485,515,404,451,488,448,448,496,512,543,553,591,389,389,392,392,392,16,56,70],"floor_reached":56,"playtime":2350,"items_purged":[],"score":2099,"play_id":"f9f75c4d-f5a9-46ef-833b-9bb5635624d7","local_time":"20201214133029","is_ascension_mode":true,"campfire_choices":[{"data":"DemonKingCradle","floor":15.0,"key":"SMITH"},{"data":"ScarletMeister","floor":30.0,"key":"SMITH"},{"data":"DiffusionOfMisfortune","floor":32.0,"key":"SMITH"},{"floor":42.0,"key":"RECALL"},{"data":"TricksterDevil","floor":49,"key":"SMITH"},{"data":"BloodySeventeenLaser","floor":52,"key":"SMITH"}],"circlet_count":0,"master_deck":["Strike_RM+1","Strike_RM+1","Strike_RM+1","Defend_RM+1","Defend_RM+1","Defend_RM+1","Defend_RM","RedMoon+1","ScarletShoot","FavorOfDestiny","MastersStateliness+1","DemonKingCradle+1","Septette+1","ScarletCoffin+1","DiffusionOfMisfortune+1","TricksterDevil+1","DiffusionOfMisfortune+1","RedNightlessCastle+1","ScarletMeister+1","EquivalentExchange+1","BloodySeventeenLaser+1","Shame","Clumsy","Envy_TH"],"relics":["testmod-TestBox","testmod-DeterminationOfClimber","SynthV:MejaisSoulstealer","Philosopher\u0027s Stone","Question Card","Gremlin Horn","Singing Bowl","Pantograph","Dream Catcher","Ginger","ImportantClient","BirthdayGift-Tetrahedron","Whetstone","Potion Belt","SynthV:C4","White Beast Statue","ImprovedEquipment","Mummified Hand","Orichalcum","testmod-Brilliant","MawBank","JellyFishMachine","Happy Flower","testmod-Antiphasic","Mango","testmod-Justice","War Paint","testmod-Laevatain","Sundial","Pear","testmod-Maize","Lee\u0027s Waffle","Bag of Marbles"],"acts_visited":["Exordium","TheCity","TheBeyond","TheEnding"],"potions_floor_usage":[],"damage_taken":[{"damage":0.0,"enemies":"Small Slimes","floor":1.0,"turns":3.0},{"damage":0.0,"enemies":"Cultist","floor":3.0,"turns":2.0},{"damage":0.0,"enemies":"2 Louse","floor":5.0,"turns":2.0},{"damage":0.0,"enemies":"3 Sentries","floor":6.0,"turns":5.0},{"damage":0.0,"enemies":"Looter","floor":7.0,"turns":3.0},{"damage":0.0,"enemies":"Lagavulin","floor":8.0,"turns":5.0},{"damage":0.0,"enemies":"3 Louse","floor":10.0,"turns":2.0},{"damage":0.0,"enemies":"Exordium Thugs","floor":11.0,"turns":3.0},{"damage":0.0,"enemies":"Gremlin Nob","floor":14.0,"turns":4.0},{"damage":35.0,"enemies":"Hexaghost","floor":16.0,"turns":4.0},{"damage":2.0,"enemies":"Shell Parasite","floor":18.0,"turns":2.0},{"damage":2.0,"enemies":"Chosen","floor":21.0,"turns":2.0},{"damage":4.0,"enemies":"Gremlin Leader","floor":23.0,"turns":3.0},{"damage":3.0,"enemies":"Book of Stabbing","floor":25.0,"turns":2.0},{"damage":4.0,"enemies":"Gremlin Leader","floor":27.0,"turns":3.0},{"damage":1.0,"enemies":"Snecko","floor":31.0,"turns":1.0},{"damage":2.0,"enemies":"Collector","floor":33.0,"turns":2.0},{"damage":0.0,"enemies":"3 Darklings","floor":35.0,"turns":1.0},{"damage":0.0,"enemies":"3 Shapes","floor":37.0,"turns":1.0},{"damage":0.0,"enemies":"Maw","floor":39.0,"turns":1.0},{"damage":4.0,"enemies":"Nemesis","floor":40.0,"turns":3.0},{"damage":0.0,"enemies":"3 Darklings","floor":44.0,"turns":1.0},{"damage":0.0,"enemies":"Reptomancer","floor":45.0,"turns":1.0},{"damage":0,"enemies":"4 Shapes","floor":46,"turns":1},{"damage":2,"enemies":"Giant Head","floor":47,"turns":2},{"damage":16,"enemies":"Donu and Deca","floor":50,"turns":2},{"damage":2,"enemies":"Shield and Spear","floor":54,"turns":2},{"damage":5,"enemies":"The Heart","floor":55,"turns":3}],"seed_played":"7899575673618158615","potions_obtained":[{"floor":5.0,"key":"BlessingOfTheForge"},{"floor":7.0,"key":"ColorlessPotion"},{"floor":7.0,"key":"Weak Potion"},{"floor":25.0,"key":"AttackPotion"},{"floor":27.0,"key":"Dexterity Potion"},{"floor":33.0,"key":"DestinyDice"},{"floor":39.0,"key":"SteroidPotion"},{"floor":47,"key":"testmod-TestPotion"},{"floor":54,"key":"PowerPotion"}],"is_trial":false,"path_per_floor":["M","?","M","$","M","E","M","E","T","M","M","T","?","E","R","B",null,"M","$","?","M","?","E","?","E","T","E","T","$","R","M","R","B",null,"M","?","M","$","M","E","?","R","T","M","E","M","E","$","R","B",null,"R","$","E","B",null],"character_chosen":"REMILIA","items_purchased":["Potion Belt","DiffusionOfMisfortune","ScarletMeister","testmod-Brilliant","Happy Flower","Pear","testmod-Maize","Lee\u0027s Waffle"],"campfire_rested":0,"item_purchase_floors":[19,19,29,29,38,48,53,53],"current_hp_per_floor":[69,69,69,69,70,74,75,77,77,77,77,77,77,79,79,53,73,76,76,76,80,80,83,83,83,83,86,86,86,86,88,88,89,89,91,91,93,93,95,109,109,109,109,109,113,115,117,127,127,115,124,124,134,136,135],"gold":70,"neow_bonus":"BOSS_RELIC","is_daily":false,"chose_seed":false,"campfire_upgraded":5,"win_rate":0.0,"timestamp":1607923829,"path_taken":["M","?","M","$","M","E","M","E","T","?","M","?","?","E","R","BOSS","BOSS","M","$","?","M","?","E","?","E","T","E","?","$","R","M","R","BOSS","M","?","M","?","?","E","?","R","T","?","E","M","E","$","R","BOSS","R","$","E","BOSS"],"items_purchased_type":["Relic","Card","Card","Relic","Relic","Relic","Relic","Relic"],"build_version":"2020-12-13","purchased_purges":0,"victory":true,"max_hp_per_floor":[75,75,75,75,75,75,75,77,77,77,77,77,77,79,79,79,79,81,81,81,83,83,83,83,85,85,87,87,87,87,89,89,89,89,91,91,93,93,95,111,111,111,111,111,113,115,117,127,127,127,127,127,134,136,136],"relic_stats":{"Lee\u0027s Waffle":10,"Gremlin Horn":[20,20],"Singing Bowl":30,"Happy Flower":[5],"counters":[28,66],"Ginger":[3],"Whetstone":["ScarletCoffin","Strike_RM"],"Orichalcum":[0],"War Paint":["Defend_RM","RedMoon"],"Question Card":27,"MawBank":60,"Dream Catcher":0,"Mummified Hand":[52],"Sundial":[0],"Pantograph":1,"obtain_stats":[{"DaveBox":0,"Gremlin Horn":6,"Singing Bowl":8,"Mango":40,"Ginger":14,"Whetstone":18,"ScarletHat":0,"SynthV:C4":23,"testmod-Brilliant":29,"Dream Catcher":14,"Mummified Hand":27,"testmod-Laevatain":45,"Sundial":47,"Pantograph":12,"Philosopher\u0027s Stone":0,"testmod-DeterminationOfClimber":0,"BirthdayGift-Tetrahedron":17,"ImportantClient":16,"Potion Belt":19,"testmod-Maize":53,"Lee\u0027s Waffle":53,"testmod-TestBox":0,"SynthV:MejaisSoulstealer":0,"Pear":48,"Happy Flower":38,"JellyFishMachine":34,"ImprovedEquipment":26,"Orichalcum":28,"testmod-Justice":40,"War Paint":43,"Question Card":1,"MawBank":33,"White Beast Statue":25,"testmod-Antiphasic":39,"Bag of Marbles":54},{"DaveBox":0,"Gremlin Horn":4,"Singing Bowl":6,"Mango":21,"Ginger":9,"Whetstone":11,"ScarletHat":0,"SynthV:C4":13,"testmod-Brilliant":15,"Dream Catcher":9,"Mummified Hand":15,"testmod-Laevatain":23,"Sundial":25,"Pantograph":8,"Philosopher\u0027s Stone":0,"testmod-DeterminationOfClimber":0,"BirthdayGift-Tetrahedron":10,"ImportantClient":10,"Potion Belt":11,"testmod-Maize":26,"Lee\u0027s Waffle":26,"testmod-TestBox":0,"SynthV:MejaisSoulstealer":0,"Pear":25,"Happy Flower":19,"JellyFishMachine":17,"ImprovedEquipment":14,"Orichalcum":15,"testmod-Justice":21,"War Paint":21,"Question Card":1,"MawBank":17,"White Beast Statue":14,"testmod-Antiphasic":20,"Bag of Marbles":27},{"DaveBox":0,"Gremlin Horn":12,"Singing Bowl":20,"Mango":54,"Ginger":29,"Whetstone":35,"ScarletHat":0,"SynthV:C4":40,"testmod-Brilliant":45,"Dream Catcher":29,"Mummified Hand":45,"testmod-Laevatain":56,"Sundial":59,"Pantograph":25,"Philosopher\u0027s Stone":0,"testmod-DeterminationOfClimber":0,"BirthdayGift-Tetrahedron":33,"ImportantClient":33,"Potion Belt":35,"testmod-Maize":61,"Lee\u0027s Waffle":61,"testmod-TestBox":0,"SynthV:MejaisSoulstealer":0,"Pear":59,"Happy Flower":50,"JellyFishMachine":48,"ImprovedEquipment":42,"Orichalcum":45,"testmod-Justice":54,"War Paint":54,"Question Card":3,"MawBank":48,"White Beast Statue":42,"testmod-Antiphasic":51,"Bag of Marbles":63}]},"card_choices":[{"not_picked":["BombardNight","DevilSight"],"picked":"FavorOfDestiny","floor":1.0},{"not_picked":["BadLadyScramble","CharismaGuard","RedMagic"],"picked":"MastersStateliness","floor":3.0},{"not_picked":["ScarletDream","ChainGang","MastersStateliness"],"picked":"DemonKingCradle","floor":5.0},{"not_picked":["MiserableFate","BlasphemousPunishment","MastersStateliness","TwelveNightmare"],"picked":"SKIP","floor":6.0},{"not_picked":["BloodAndWine","FavorOfDestiny","VampireClaw"],"picked":"Septette","floor":7.0},{"not_picked":["UnstableMagic","VampireKiss","TwelveNightmare","BlasphemousPunishment"],"picked":"Singing Bowl","floor":8.0},{"not_picked":["EndlessAdversity","NightDance","DiffusionOfMisfortune"],"picked":"ScarletCoffin","floor":10.0},{"not_picked":["ScarletImprint","UnderTheZenith","MastersStateliness"],"picked":"DiffusionOfMisfortune","floor":11.0},{"not_picked":["MastersStateliness","DevilSight","CharismaGuard","BombardNight"],"picked":"Singing Bowl","floor":14.0},{"not_picked":["CeilingFear","HellCatastrophe","TransientEternity"],"picked":"TricksterDevil","floor":16.0},{"not_picked":["EndlessAdversity+1","UnderTheZenith+1","VampireKiss","GlobalNightmare"],"picked":"Singing Bowl","floor":18.0},{"not_picked":["RedMagic","ScarletNetherworld","BlasphemousPunishment","VampireKiss"],"picked":"Singing Bowl","floor":21.0},{"not_picked":["ScarletNetherworld","LeisurelyOfLord","SuperhumanBloodyKnife"],"picked":"RedNightlessCastle","floor":23.0},{"not_picked":["SuperhumanBloodyKnife","VampirishNight+1","ForbiddenFruit","EndlessAdversity"],"picked":"Singing Bowl","floor":25.0},{"not_picked":["BombardNight","EmergencyRegeneration+1","VampireSweep","BloodHunter+1"],"picked":"Singing Bowl","floor":27.0},{"not_picked":["UnstableMagic+1","DiffusionOfMisfortune","AfternoonTea","NightLord"],"picked":"Singing Bowl","floor":31.0},{"not_picked":["ChaoticDestiny","CeilingFear","KillingBlow"],"picked":"EquivalentExchange","floor":33.0},{"not_picked":["MastersStateliness+1","DiffusionOfMisfortune+1","Stigmanizer","BombardNight"],"picked":"Singing Bowl","floor":35.0},{"not_picked":["LeisurelyOfLord+1","StarOfDavid","BlasphemousPunishment+1","FavorOfDestiny+1"],"picked":"Singing Bowl","floor":37.0},{"not_picked":["UnderTheZenith+1","BlasphemousPunishment","NightDance","MiserableFate+1"],"picked":"Singing Bowl","floor":39.0},{"not_picked":["FavorOfDestiny","DevilSight+1","VampireSweep+1","Stigmanizer"],"picked":"Singing Bowl","floor":40.0},{"not_picked":["AfternoonTea","ScarletDevil","ScarletDream"],"picked":"BloodySeventeenLaser","floor":44.0},{"not_picked":["BloodHunter","CeilingFear","BlasphemousPunishment+1","MastersStateliness"],"picked":"Singing Bowl","floor":45},{"not_picked":["ScarletImprint","EndlessAdversity+1","UnderTheZenith+1","Ultimatum"],"picked":"Singing Bowl","floor":46},{"not_picked":["HellCatastrophe","HunterOfTheNight","BloodRain","ScarletNetherworld"],"picked":"Singing Bowl","floor":47},{"not_picked":["LeisurelyOfLord","DiffusionOfMisfortune+1","FitfulNightmare","BombardNight"],"picked":"Singing Bowl","floor":54}],"player_experience":48946,"relics_obtained":[{"floor":1.0,"key":"Question Card"},{"floor":6.0,"key":"Gremlin Horn"},{"floor":8.0,"key":"Singing Bowl"},{"floor":12.0,"key":"Pantograph"},{"floor":14.0,"key":"Dream Catcher"},{"floor":14.0,"key":"Ginger"},{"floor":16.0,"key":"ImportantClient"},{"floor":18.0,"key":"Whetstone"},{"floor":23.0,"key":"SynthV:C4"},{"floor":25.0,"key":"White Beast Statue"},{"floor":26.0,"key":"ImprovedEquipment"},{"floor":27.0,"key":"Mummified Hand"},{"floor":28.0,"key":"Orichalcum"},{"floor":33.0,"key":"MawBank"},{"floor":39.0,"key":"testmod-Antiphasic"},{"floor":40.0,"key":"Mango"},{"floor":40.0,"key":"testmod-Justice"},{"floor":43.0,"key":"War Paint"},{"floor":45,"key":"testmod-Laevatain"},{"floor":47,"key":"Sundial"},{"floor":54,"key":"Bag of Marbles"}],"event_choices":[{"damage_healed":0.0,"max_hp_gain":0.0,"max_hp_loss":0.0,"gold_gain":0.0,"event_name":"Golden Shrine","player_choice":"Ignored","floor":2.0,"gold_loss":0.0,"damage_taken":0.0},{"damage_healed":0.0,"max_hp_gain":0.0,"max_hp_loss":0.0,"gold_gain":0.0,"event_name":"The Cleric","player_choice":"Leave","floor":13.0,"gold_loss":0.0,"damage_taken":0.0},{"damage_healed":0.0,"max_hp_gain":0.0,"max_hp_loss":0.0,"gold_gain":0.0,"event_name":"Beggar","player_choice":"Ignored","floor":20.0,"gold_loss":0.0,"damage_taken":0.0},{"damage_healed":0.0,"max_hp_gain":0.0,"max_hp_loss":0.0,"gold_gain":400.0,"event_name":"恩洛斯的盘子","player_choice":"Sell","floor":22.0,"relics_lost":["DaveBox"],"gold_loss":0.0,"damage_taken":0.0},{"damage_healed":0.0,"max_hp_gain":0.0,"max_hp_loss":0.0,"gold_gain":0.0,"event_name":"Ghosts","player_choice":"Ignored","floor":24.0,"gold_loss":0.0,"damage_taken":0.0},{"cards_removed":["Strike_RM"],"damage_healed":0.0,"max_hp_gain":0.0,"max_hp_loss":0.0,"gold_gain":0.0,"event_name":"Bonfire Elementals","player_choice":"Offered Basic","floor":36.0,"gold_loss":0.0,"damage_taken":0.0},{"damage_healed":0.0,"max_hp_gain":0.0,"max_hp_loss":0.0,"gold_gain":0.0,"event_name":"Designer","player_choice":"Upgraded Two","floor":41.0,"gold_loss":40.0,"damage_taken":0.0,"cards_upgraded":["Strike_RM","Defend_RM"]}],"is_beta":false,"boss_relics":[{"not_picked":["FixedStarFall","SacredBark"],"picked":"BirthdayGift-Tetrahedron"},{"not_picked":["APieceOfRedMist","Astrolabe"],"picked":"JellyFishMachine"}],"items_purged_floors":[],"is_endless":false,"potions_floor_spawned":[5,7,11,25,27,31,33,35,37,44,45,46,47,54],"ascension_level":6}}