{"host":"ueef25wtkg2eer3h","time":1607955620,"event":{"mods":["AchievementEnabler","BaseMod","Colored Map","Colored Powertips","DeckTracker","Displayed Cursed Tome","Googly Eyes","Highlight Path","Minty Spire (QoL Compilation)","Slay the Relics Exporter","StSLib"],"gold_per_floor":[114,125,136,147,147,147,158,158,158,185,196,231,7,7,7,112,112,125,139,139,139,139,139,139,139],"floor_reached":24,"playtime":751,"items_purged":["Strike_B"],"score":319,"play_id":"fb86bd96-156f-4874-9f14-3d9b444eeb45","local_time":"20201214152020","is_ascension_mode":true,"campfire_choices":[{"data":"Cold Snap","floor":6,"key":"SMITH"},{"data":"Double Energy","floor":8,"key":"SMITH"},{"floor":15,"key":"REST"},{"data":"Defragment","floor":23,"key":"SMITH"}],"circlet_count":0,"master_deck":["AscendersBane","Strike_B","Strike_B","Strike_B+1","Defend_B","Defend_B","Defend_B","Defend_B+1","Zap","Dualcast","Hologram","Cold Snap+1","Conserve Battery","Double Energy+1","Buffer","Ball Lightning","Capacitor","Static Discharge","Sunder","Machine Learning","Turbo","Go for the Eyes+1","Defragment+1","Shame"],"relics":["Cracked Core","Letter Opener","Mercury Hourglass","Mummified Hand","Sundial","Runic Pyramid","Turnip","FossilizedHelix"],"acts_visited":["Exordium","TheCity"],"potions_floor_usage":[12,12,16,19,24],"damage_taken":[{"damage":3,"enemies":"Jaw Worm","floor":1,"turns":4},{"damage":5,"enemies":"2 Louse","floor":2,"turns":3},{"damage":0,"enemies":"Small Slimes","floor":3,"turns":2},{"damage":12,"enemies":"Blue Slaver","floor":4,"turns":4},{"damage":8,"enemies":"Looter","floor":7,"turns":3},{"damage":11,"enemies":"3 Sentries","floor":10,"turns":5},{"damage":0,"enemies":"3 Louse","floor":11,"turns":2},{"damage":12,"enemies":"Gremlin Nob","floor":12,"turns":4},{"damage":23,"enemies":"Slime Boss","floor":16,"turns":9},{"damage":4,"enemies":"Spheric Guardian","floor":18,"turns":3},{"damage":23,"enemies":"3 Byrds","floor":19,"turns":3},{"damage":36,"enemies":"Slavers","floor":24,"turns":3}],"seed_played":"4440105559134433760","potions_obtained":[{"floor":2,"key":"EssenceOfSteel"},{"floor":3,"key":"Strength Potion"},{"floor":11,"key":"Ancient Potion"},{"floor":12,"key":"ColorlessPotion"},{"floor":18,"key":"ColorlessPotion"},{"floor":19,"key":"Fire Potion"}],"is_trial":false,"path_per_floor":["M","M","M","M","?","R","M","R","T","E","M","E","$","?","R","B",null,"M","M","?","?","T","R","E"],"character_chosen":"DEFECT","items_purchased":["Static Discharge","Sunder"],"campfire_rested":1,"item_purchase_floors":[13,13],"current_hp_per_floor":[72,67,67,55,52,52,44,44,44,33,33,21,21,5,29,6,63,59,36,36,36,36,36,0,0],"gold":139,"neow_bonus":"TEN_PERCENT_HP_BONUS","is_daily":false,"chose_seed":false,"campfire_upgraded":3,"win_rate":0.0,"timestamp":1607955620,"path_taken":["M","M","M","M","?","R","M","R","T","E","M","E","$","?","R","BOSS","M","M","?","?","?","R","E"],"items_purchased_type":["Card","Card"],"build_version":"2020-12-13","purchased_purges":1,"victory":false,"max_hp_per_floor":[82,82,82,82,82,82,82,82,82,82,82,82,82,82,82,82,82,82,82,82,82,82,82,82,82],"card_choices":[{"not_picked":["Steam","Heatsinks"],"picked":"Hologram","floor":1},{"not_picked":["Leap","Conserve Battery"],"picked":"Cold Snap","floor":2},{"not_picked":["Storm","Leap"],"picked":"Conserve Battery","floor":3},{"not_picked":["Leap","Hello World","Conserve Battery"],"picked":"SKIP","floor":4},{"not_picked":["Cold Snap","Conserve Battery"],"picked":"Double Energy","floor":7},{"not_picked":["Cold Snap","Conserve Battery"],"picked":"Buffer","floor":10},{"not_picked":["Turbo","Go for the Eyes"],"picked":"Ball Lightning","floor":11},{"not_picked":["Recycle","Coolheaded"],"picked":"Capacitor","floor":12},{"not_picked":["Core Surge","Meteor Strike"],"picked":"Machine Learning","floor":16},{"not_picked":["Fusion","Cold Snap"],"picked":"Turbo","floor":18},{"not_picked":["Cold Snap","Stack"],"picked":"Go for the Eyes+1","floor":19}],"player_experience":255314,"relics_obtained":[{"floor":9,"key":"Mercury Hourglass"},{"floor":10,"key":"Mummified Hand"},{"floor":12,"key":"Sundial"},{"floor":22,"key":"FossilizedHelix"}],"event_choices":[{"damage_healed":0,"gold_gain":0,"player_choice":"Success","damage_taken":3,"relics_obtained":["Letter Opener"],"max_hp_gain":0,"max_hp_loss":0,"event_name":"Scrap Ooze","floor":5,"gold_loss":0},{"damage_healed":0,"gold_gain":0,"player_choice":"Entered Light","damage_taken":16,"max_hp_gain":0,"max_hp_loss":0,"event_name":"Shining Light","floor":14,"gold_loss":0,"cards_upgraded":["Defend_B","Strike_B"]},{"damage_healed":0,"gold_gain":0,"player_choice":"Read","damage_taken":0,"max_hp_gain":0,"max_hp_loss":0,"event_name":"The Library","floor":20,"gold_loss":0,"cards_obtained":["Defragment"]},{"damage_healed":0,"gold_gain":0,"player_choice":"Stole Relic","damage_taken":0,"relics_obtained":["Turnip"],"max_hp_gain":0,"max_hp_loss":0,"event_name":"Addict","floor":21,"gold_loss":0,"cards_obtained":["Shame"]}],"is_beta":false,"boss_relics":[{"not_picked":["Coffee Dripper","Nuclear Battery"],"picked":"Runic Pyramid"}],"items_purged_floors":[13],"is_endless":false,"potions_floor_spawned":[2,3,11,12,18,19],"killed_by":"Slavers","ascension_level":11}}