{"host":"cz3p2o9n3b1gdmkz","time":1607976233,"event":{"mods":["AchievementEnabler","BaseMod","CapriCore","GungeonMod","Hermit","Lobotomy","Minty Spire (QoL Compilation)","Replay The Spire","Shop Mod","StSLib","SuperFastMode","The Cursed","The Dragon Tamer","The Gatherer","The Jungle","The Poker Player","The Runesmith"],"gold_per_floor":[109,127,127,143,240,269,269,269,269,298,298,315,197,207,207,310,310,325,345,227,227,238,238,192,192,192,224,231,231,260,260,260,365,415,415,428,428,428,444,478,478,504,504,504,326,353,353,400,400,400,400,400,400,53,86,98],"floor_reached":57,"playtime":3400,"items_purged":["Madness"],"score":2025,"play_id":"e1c35be0-3bd4-4a54-9189-df09e8378a34","local_time":"20201215050353","is_ascension_mode":true,"campfire_choices":[{"data":"hermit:WideOpen","floor":7,"key":"SMITH"},{"floor":11,"key":"REST"},{"floor":15,"key":"DIG"},{"floor":23,"key":"REST"},{"data":"hermit:FlashPowder","floor":29,"key":"SMITH"},{"data":"TheCursedMod:CircleOfWindfury","floor":32,"key":"SMITH"},{"floor":44,"key":"RECALL"},{"data":"Madness","floor":49,"key":"SMITH"},{"data":"Anger","floor":53,"key":"SMITH"}],"circlet_count":7,"master_deck":["ApocalypseBird","PunishingBird","LongBird","BigBird","hermit:Strike_Hermit","hermit:Strike_Hermit","hermit:Strike_Hermit+2","hermit:Strike_Hermit","hermit:Defend_Hermit","hermit:Defend_Hermit","hermit:Defend_Hermit","hermit:Defend_Hermit","hermit:Snapshot","hermit:Covet","CrumblingArmor","hermit:WideOpen+1","BlueStar","Freischutz","hermit:SprayPray","hermit:Grudge+1","Mercenary","hermit:Enervate","Regret","OldLady","hermit:FatalDesire+1","hermit:Grudge+1","Bloodbath","Rudolta","BodiesMountain","DespairKnight","BlueStar","TheCursedMod:CircleOfWindfury+1","QueenOfHatred","Anger+1","VoidDream","Beak+1","Variant","Adoration+1","ShyLook","FieryBird","Madness+1","NothingThere","Gatherer:CollectorsShot+1","OSAHOGD","FairyFestival","BigBadWolf","ReplayTheSpireMod:IOU","ReplayTheSpireMod:IOU","ReplayTheSpireMod:IOU","ReplayTheSpireMod:IOU","ReplayTheSpireMod:IOU","ReplayTheSpireMod:IOU","ReplayTheSpireMod:IOU","ReplayTheSpireMod:IOU","ReplayTheSpireMod:IOU","ReplayTheSpireMod:IOU","ReplayTheSpireMod:IOU","ReplayTheSpireMod:IOU","ReplayTheSpireMod:IOU","ReplayTheSpireMod:IOU","ReplayTheSpireMod:IOU","ReplayTheSpireMod:IOU","ReplayTheSpireMod:IOU","ReplayTheSpireMod:IOU","ReplayTheSpireMod:IOU","ReplayTheSpireMod:IOU","ReplayTheSpireMod:IOU","ReplayTheSpireMod:IOU","ReplayTheSpireMod:IOU","ReplayTheSpireMod:IOU","ReplayTheSpireMod:IOU","ReplayTheSpireMod:IOU","ReplayTheSpireMod:IOU","ReplayTheSpireMod:IOU","ReplayTheSpireMod:IOU","ReplayTheSpireMod:IOU","ReplayTheSpireMod:IOU","ReplayTheSpireMod:IOU","ReplayTheSpireMod:IOU","ReplayTheSpireMod:IOU","ReplayTheSpireMod:IOU","ReplayTheSpireMod:IOU","ReplayTheSpireMod:IOU","ReplayTheSpireMod:IOU","ReplayTheSpireMod:IOU","ReplayTheSpireMod:IOU","ReplayTheSpireMod:IOU","ReplayTheSpireMod:IOU","ReplayTheSpireMod:IOU","ReplayTheSpireMod:IOU","ReplayTheSpireMod:IOU","ReplayTheSpireMod:IOU","ReplayTheSpireMod:IOU","ReplayTheSpireMod:IOU","ReplayTheSpireMod:IOU","ReplayTheSpireMod:IOU","ReplayTheSpireMod:IOU","ReplayTheSpireMod:IOU","ReplayTheSpireMod:IOU","ReplayTheSpireMod:IOU","ReplayTheSpireMod:IOU","ReplayTheSpireMod:IOU","ReplayTheSpireMod:IOU","ReplayTheSpireMod:IOU","ReplayTheSpireMod:IOU","ReplayTheSpireMod:IOU","ReplayTheSpireMod:IOU","ReplayTheSpireMod:IOU","ReplayTheSpireMod:IOU","ReplayTheSpireMod:IOU","ReplayTheSpireMod:IOU","ReplayTheSpireMod:IOU","ReplayTheSpireMod:IOU","ReplayTheSpireMod:IOU","ReplayTheSpireMod:IOU","ReplayTheSpireMod:IOU","ReplayTheSpireMod:IOU","ReplayTheSpireMod:IOU","ReplayTheSpireMod:IOU","ReplayTheSpireMod:IOU","ReplayTheSpireMod:IOU","ReplayTheSpireMod:IOU","ReplayTheSpireMod:IOU","ReplayTheSpireMod:IOU","ReplayTheSpireMod:IOU","ReplayTheSpireMod:IOU","ReplayTheSpireMod:IOU","ReplayTheSpireMod:IOU","ReplayTheSpireMod:IOU","ReplayTheSpireMod:IOU","Pot Of Greed+1","Pot Of Greed+1","Pot Of Greed+1","Pot Of Greed+1","Pot Of Greed+1","Pot Of Greed+1","Pot Of Greed+1","Pot Of Greed+1","Pot Of Greed+1","Pot Of Greed+1","Pot Of Greed+1","ReplayTheSpireMod:IOU","ReplayTheSpireMod:IOU","ReplayTheSpireMod:IOU","ReplayTheSpireMod:IOU","Pot Of Greed+1","ReplayTheSpireMod:IOU","ReplayTheSpireMod:IOU","ReplayTheSpireMod:IOU","ReplayTheSpireMod:IOU","ReplayTheSpireMod:IOU","ReplayTheSpireMod:IOU","ReplayTheSpireMod:IOU","ReplayTheSpireMod:IOU","ReplayTheSpireMod:IOU","ReplayTheSpireMod:IOU","ReplayTheSpireMod:IOU","ReplayTheSpireMod:IOU","Pot Of Greed+1","ReplayTheSpireMod:IOU","ReplayTheSpireMod:IOU","ReplayTheSpireMod:IOU","ReplayTheSpireMod:IOU","ReplayTheSpireMod:IOU","ReplayTheSpireMod:IOU","ReplayTheSpireMod:IOU","ReplayTheSpireMod:IOU","ReplayTheSpireMod:IOU","ReplayTheSpireMod:IOU","ReplayTheSpireMod:IOU","ReplayTheSpireMod:IOU","Pot Of Greed+1","ReplayTheSpireMod:IOU","ReplayTheSpireMod:IOU","ReplayTheSpireMod:IOU","ReplayTheSpireMod:IOU","ReplayTheSpireMod:IOU","ReplayTheSpireMod:IOU","ReplayTheSpireMod:IOU","ReplayTheSpireMod:IOU","ReplayTheSpireMod:IOU","ReplayTheSpireMod:IOU","ReplayTheSpireMod:IOU","ReplayTheSpireMod:IOU","Pot Of Greed+1","ReplayTheSpireMod:IOU","ReplayTheSpireMod:IOU","ReplayTheSpireMod:IOU","ReplayTheSpireMod:IOU","ReplayTheSpireMod:IOU","ReplayTheSpireMod:IOU","ReplayTheSpireMod:IOU","ReplayTheSpireMod:IOU","ReplayTheSpireMod:IOU","ReplayTheSpireMod:IOU","ReplayTheSpireMod:IOU","ReplayTheSpireMod:IOU","Pot Of Greed+1","ReplayTheSpireMod:IOU","ReplayTheSpireMod:IOU","ReplayTheSpireMod:IOU","ReplayTheSpireMod:IOU","ReplayTheSpireMod:IOU","ReplayTheSpireMod:IOU","ReplayTheSpireMod:IOU","ReplayTheSpireMod:IOU","ReplayTheSpireMod:IOU","ReplayTheSpireMod:IOU","ReplayTheSpireMod:IOU","ReplayTheSpireMod:IOU","Pot Of Greed+1","ReplayTheSpireMod:IOU","ReplayTheSpireMod:IOU","ReplayTheSpireMod:IOU","ReplayTheSpireMod:IOU","ReplayTheSpireMod:IOU","ReplayTheSpireMod:IOU","ReplayTheSpireMod:IOU","ReplayTheSpireMod:IOU","ReplayTheSpireMod:IOU","ReplayTheSpireMod:IOU","ReplayTheSpireMod:IOU","ReplayTheSpireMod:IOU","Pot Of Greed+1","ReplayTheSpireMod:IOU","ReplayTheSpireMod:IOU","ReplayTheSpireMod:IOU","ReplayTheSpireMod:IOU","ReplayTheSpireMod:IOU","ReplayTheSpireMod:IOU","ReplayTheSpireMod:IOU","ReplayTheSpireMod:IOU","ReplayTheSpireMod:IOU","ReplayTheSpireMod:IOU","ReplayTheSpireMod:IOU","ReplayTheSpireMod:IOU","Pot Of Greed+1","ReplayTheSpireMod:IOU","ReplayTheSpireMod:IOU","ReplayTheSpireMod:IOU","ReplayTheSpireMod:IOU","ReplayTheSpireMod:IOU","ReplayTheSpireMod:IOU","ReplayTheSpireMod:IOU","ReplayTheSpireMod:IOU","ReplayTheSpireMod:IOU","ReplayTheSpireMod:IOU","ReplayTheSpireMod:IOU","ReplayTheSpireMod:IOU","Pot Of Greed+1","ReplayTheSpireMod:IOU","ReplayTheSpireMod:IOU","ReplayTheSpireMod:IOU","ReplayTheSpireMod:IOU","ReplayTheSpireMod:IOU","ReplayTheSpireMod:IOU","ReplayTheSpireMod:IOU","ReplayTheSpireMod:IOU","ReplayTheSpireMod:IOU","ReplayTheSpireMod:IOU","ReplayTheSpireMod:IOU","ReplayTheSpireMod:IOU","Pot Of Greed+1","ReplayTheSpireMod:IOU","ReplayTheSpireMod:IOU","ReplayTheSpireMod:IOU","ReplayTheSpireMod:IOU","ReplayTheSpireMod:IOU","ReplayTheSpireMod:IOU","ReplayTheSpireMod:IOU","ReplayTheSpireMod:IOU","ReplayTheSpireMod:IOU","ReplayTheSpireMod:IOU","ReplayTheSpireMod:IOU","ReplayTheSpireMod:IOU","Pot Of Greed+1","ReplayTheSpireMod:IOU","ReplayTheSpireMod:IOU","ReplayTheSpireMod:IOU","ReplayTheSpireMod:IOU","ReplayTheSpireMod:IOU","ReplayTheSpireMod:IOU","ReplayTheSpireMod:IOU","ReplayTheSpireMod:IOU","ReplayTheSpireMod:IOU","ReplayTheSpireMod:IOU","ReplayTheSpireMod:IOU","ReplayTheSpireMod:IOU","Pot Of Greed+1","ReplayTheSpireMod:IOU","ReplayTheSpireMod:IOU","ReplayTheSpireMod:IOU","ReplayTheSpireMod:IOU","ReplayTheSpireMod:IOU","ReplayTheSpireMod:IOU","Violence+1","SingingMachine","Body Slam"],"relics":["hermit:Momento","CogitoBucket","RabbitCall","Juzu Bracelet","Frozen Egg 2","Golden Egg","The Courier","DemoMod:MeltedRock","LuminousBracelet","PrismaticShard","DemoMod:AgedBell","Busted Crown","DollysMirror","BehaviorAdjustment","Gremlin Horn","Replay:Accelerometer","Eternal Feather","Red Mask","Singing Bowl","Tiny House","Twilight","HellTrain","AtMidnight","Runesmith:Nanobots","hermit:RedScarf","ClockworkSouvenir","StrikeDummy","Incense Burner","Dead Branch","Replay:Wax Seal","Calipers","DemoMod:WhiteGuonStone","Lizard Tail","Strange Spoon","Pocketwatch","DemoMod:PoisonVial","Boot","Replay:Bottled Steam","Simple Rune","Strawberry","Pen Nib","Blue Doll","Replay:PocketPolymizer","Replay:Mystery Machine","DemoMod:ClearGuonStone","Pondfish Scales","Replay:Baseball","Pet Ghost","TungstenRod","Replay:Rubber Ducky","Toy Ornithopter","Ginger","hermit:RyeStalk","Art of War","Nunchaku","ReplayFunnel","DemoMod:JetPack","Blood Vial","DemoMod:BlueGuonStone","Snack Pack","Gambling Chip","ReplayTheSpireMod:TigerMarble","Runesmith:AutoHammer","Replay:Ringing Soul","Vajra","DemoMod:MonsterBlood","Bag of Marbles","Happy Flower","HornCleat","DemoMod:PartiallyEatenCheese","Bronze Scales","Ornamental Fan","DemoMod:ChaffGrenade","Torii","Orichalcum","Replay:Bandana","Akabeko","Grinning Jar","Replay:Bottled Eggs","DemoMod:ResourcefulSack","Du-Vu Doll","Replay:WaspNest","Gremlin Food","DemoMod:SuperHotWatch","DemoMod:Relodestone","ReplayTheSpireMod:Ninjato","DemoMod:GreenGuonStone","ReplayTheSpireMod:Lightbulb","Anchor","Pear","CaptainsWheel","White Beast Statue","Centennial Puzzle","Thread and Needle","Durian","DemoMod:BigBoy","Whetstone","Bag of Preparation","hermit:Spyglass","DemoMod:OrangeGuonStone","Divine Protection","Iron Hammer","Replay:Arrowhead","Ice Cream","DemoMod:Bottle","DemoMod:MemoryAlloy","DemoMod:Orange","Blue Candle","Sundial","Shuriken","Turnip","InkBottle","Replay:Bottled Flurry","Garlic","DemoMod:PinkGuonStone","Bottled Lightning","hermit:Horseshoe","Letter Opener","Bottled Tornado","Mercury Hourglass","StoneCalendar","Replay:Bottled Snecko","Replay:Kaleidoscope","Replay:Multitool","Onion Ring","Kunai","FossilizedHelix","ReplayTheSpireMod:Shallot","Runesmith:Locket","Bird Faced Urn","Replay:Towering Pillar of Hats","DemoMod:RingOfEthereal","hermit:CharredGlove","DemoMod:NanoMachines","DemoMod:Armor","Mango","Counterbalance","Unceasing Top","DemoMod:GundromedaStrain","Circlet","Quantum Egg","DemoMod:Antibody"],"acts_visited":["Exordium","TheCity","TheBeyond","TheEnding"],"potions_floor_usage":[6,22,22,35,35,35,56,56],"damage_taken":[{"damage":7,"enemies":"Jaw Worm","floor":1,"turns":3},{"damage":0,"enemies":"Small Slimes","floor":2,"turns":4},{"damage":0,"enemies":"Cultist","floor":4,"turns":2},{"damage":9,"enemies":"Replay:BlueRogue","floor":6,"turns":4},{"damage":19,"enemies":"3 Sentries","floor":10,"turns":6},{"damage":16,"enemies":"Blue Slaver","floor":12,"turns":2},{"damage":1,"enemies":"2 Fungi Beasts","floor":14,"turns":2},{"damage":43,"enemies":"Fading Forest","floor":16,"turns":9},{"damage":0,"enemies":"3 Byrds","floor":18,"turns":3},{"damage":34,"enemies":"Shell Parasite","floor":19,"turns":4},{"damage":2,"enemies":"Centurion and Healer","floor":22,"turns":2},{"damage":0,"enemies":"Gremlin Leader","floor":24,"turns":2},{"damage":16,"enemies":"Book of Stabbing","floor":27,"turns":3},{"damage":13,"enemies":"Masked Bandits","floor":28,"turns":2},{"damage":12,"enemies":"Gremlin Leader","floor":30,"turns":3},{"damage":25,"enemies":"Collector","floor":33,"turns":3},{"damage":72,"enemies":"Orb Walker","floor":35,"turns":6},{"damage":32,"enemies":"Orb Walker","floor":36,"turns":5},{"damage":1,"enemies":"3 Shapes","floor":39,"turns":1},{"damage":41,"enemies":"Giant Head","floor":40,"turns":4},{"damage":31,"enemies":"R_Hoarder","floor":42,"turns":3},{"damage":5,"enemies":"Giant Head","floor":46,"turns":3},{"damage":34,"enemies":"2 Orb Walkers","floor":48,"turns":2},{"damage":92,"enemies":"Time Eater","floor":50,"turns":4},{"damage":0,"enemies":"Shield and Spear","floor":55,"turns":1},{"damage":0,"enemies":"The Heart","floor":56,"turns":4}],"seed_played":"2139135543463360027","potions_obtained":[{"floor":1,"key":"Adrenaline Potion"},{"floor":12,"key":"Swift Potion"},{"floor":16,"key":"SteroidPotion"},{"floor":19,"key":"hermit:Tonic"},{"floor":30,"key":"Fruit Juice"},{"floor":34,"key":"Ancient Potion"},{"floor":35,"key":"Regen Potion"},{"floor":39,"key":"DemoMod:LeadSkinPotion"},{"floor":42,"key":"SkillPotion"},{"floor":55,"key":"AttackPotion"}],"is_trial":false,"path_per_floor":["M","M","?","M","?","E","R","?","T","E","R","M","$","M","R","B",null,"M","M","$","?","M","R","E","?","T","E","?","R","E","?","R","B",null,"M","M","?","?","M","E","$","E","T","R","$","E","?","?","R","B",null,null,"R","$","E","B",null],"character_chosen":"HERMIT","items_purchased":["PrismaticShard","DollysMirror","ClockworkSouvenir","Dead Branch","Replay:Wax Seal","Calipers","DemoMod:WhiteGuonStone","Lizard Tail","Strange Spoon","Pocketwatch","DemoMod:PoisonVial","Boot","Replay:Bottled Steam","Simple Rune","Strawberry","Pen Nib","DemoMod:WeirdEgg","Replay:PocketPolymizer","Replay:Mystery Machine","DemoMod:ClearGuonStone","Pondfish Scales","Replay:Baseball","Pet Ghost","TungstenRod","Replay:Rubber Ducky","Toy Ornithopter","Ginger","hermit:RyeStalk","Art of War","Nunchaku","ReplayFunnel","DemoMod:JetPack","Blood Vial","DemoMod:BlueGuonStone","Snack Pack","Gambling Chip","ReplayTheSpireMod:TigerMarble","Runesmith:AutoHammer","Replay:Ringing Soul","Vajra","DemoMod:MonsterBlood","Bag of Marbles","Happy Flower","HornCleat","DemoMod:PartiallyEatenCheese","Bronze Scales","Ornamental Fan","DemoMod:ChaffGrenade","Torii","Orichalcum","Replay:Bandana","Akabeko","Grinning Jar","Replay:Bottled Eggs","DemoMod:ResourcefulSack","Du-Vu Doll","Replay:WaspNest","Gremlin Food","DemoMod:SuperHotWatch","DemoMod:Relodestone","ReplayTheSpireMod:Ninjato","DemoMod:GreenGuonStone","ReplayTheSpireMod:Lightbulb","Anchor","Pear","CaptainsWheel","White Beast Statue","Centennial Puzzle","Thread and Needle","Durian","DemoMod:BigBoy","Whetstone","Bag of Preparation","hermit:Spyglass","DemoMod:OrangeGuonStone","Divine Protection","Iron Hammer","Replay:Arrowhead","Ice Cream","DemoMod:Bottle","DemoMod:MemoryAlloy","DemoMod:Orange","Blue Candle","Sundial","Shuriken","Turnip","InkBottle","Replay:Bottled Flurry","Garlic","DemoMod:PinkGuonStone","Bottled Lightning","hermit:Horseshoe","Letter Opener","Bottled Tornado","Mercury Hourglass","StoneCalendar","Replay:Bottled Snecko","Replay:Kaleidoscope","Replay:Multitool","Onion Ring","Kunai","FossilizedHelix","ReplayTheSpireMod:Shallot","Runesmith:Locket","Bird Faced Urn","Replay:Towering Pillar of Hats","DemoMod:RingOfEthereal","hermit:CharredGlove","DemoMod:NanoMachines","Mango","Counterbalance","Unceasing Top","DemoMod:GundromedaStrain","Circlet","Circlet","Circlet","Quantum Egg","DemoMod:Antibody","Circlet","Circlet","Circlet","Violence"],"campfire_rested":2,"item_purchase_floors":[13,20,45,54,54,54,54,54,54,54,54,54,54,54,54,54,54,54,54,54,54,54,54,54,54,54,54,54,54,54,54,54,54,54,54,54,54,54,54,54,54,54,54,54,54,54,54,54,54,54,54,54,54,54,54,54,54,54,54,54,54,54,54,54,54,54,54,54,54,54,54,54,54,54,54,54,54,54,54,54,54,54,54,54,54,54,54,54,54,54,54,54,54,54,54,54,54,54,54,54,54,54,54,54,54,54,54,54,54,54,54,54,54,54,54,54,54,54,54,54,54,54],"current_hp_per_floor":[68,68,53,53,53,44,44,44,44,25,47,46,46,45,45,35,76,77,55,55,55,59,86,88,88,88,80,74,90,88,88,92,76,95,100,93,79,79,84,110,110,112,112,112,112,114,110,113,122,122,122,122,122,187,190,190],"gold":98,"neow_bonus":"","is_daily":false,"chose_seed":false,"campfire_upgraded":5,"win_rate":0.0,"timestamp":1607976233,"path_taken":["M","M","?","M","?","E","R","?","T","E","R","M","$","M","R","BOSS","M","M","$","?","M","R","E","?","T","E","?","R","E","?","R","BOSS","M","M","?","?","M","E","$","E","T","R","?","E","?","?","R","BOSS","R","$","E","BOSS"],"items_purchased_type":["Relic","Relic","Relic","Relic","Relic","Relic","Relic","Relic","Relic","Relic","Relic","Relic","Relic","Relic","Relic","Relic","Relic","Relic","Relic","Relic","Relic","Relic","Relic","Relic","Relic","Relic","Relic","Relic","Relic","Relic","Relic","Relic","Relic","Relic","Relic","Relic","Relic","Relic","Relic","Relic","Relic","Relic","Relic","Relic","Relic","Relic","Relic","Relic","Relic","Relic","Relic","Relic","Relic","Relic","Relic","Relic","Relic","Relic","Relic","Relic","Relic","Relic","Relic","Relic","Relic","Relic","Relic","Relic","Relic","Relic","Relic","Relic","Relic","Relic","Relic","Relic","Relic","Relic","Relic","Relic","Relic","Relic","Relic","Relic","Relic","Relic","Relic","Relic","Relic","Relic","Relic","Relic","Relic","Relic","Relic","Relic","Relic","Relic","Relic","Relic","Relic","Relic","Relic","Relic","Relic","Relic","Relic","Relic","Relic","Relic","Relic","Relic","Relic","Undefined","Undefined","Undefined","Relic","Relic","Undefined","Undefined","Undefined","Card"],"build_version":"2020-12-13","purchased_purges":1,"victory":true,"max_hp_per_floor":[75,75,75,75,75,75,75,75,75,75,75,90,90,90,90,90,90,90,90,90,90,90,90,90,90,90,90,90,90,92,92,92,92,99,106,108,108,108,108,110,110,112,112,112,112,114,120,122,122,122,122,122,122,187,190,190],"card_choices":[{"not_picked":["SpiderBud","BeautyBeast"],"picked":"CrumblingArmor","floor":1},{"not_picked":["hermit:Roulette","hermit:FullyLoaded"],"picked":"hermit:WideOpen","floor":1},{"not_picked":["Rudolta","OSAHOGD"],"picked":"BlueStar","floor":2},{"not_picked":["hermit:Coalescence","hermit:Roulette","hermit:ItchyTrigger"],"picked":"SKIP","floor":2},{"not_picked":["LaLuna","Murderer","BlackSwan"],"picked":"Singing Bowl","floor":4},{"not_picked":["DespairKnight","Murderer"],"picked":"Freischutz","floor":4},{"not_picked":["hermit:SprayPray","hermit:Cheat","hermit:HoleUp"],"picked":"SKIP","floor":4},{"not_picked":["hermit:Cheat","hermit:HoleUp"],"picked":"hermit:SprayPray","floor":4},{"not_picked":["hermit:Determination","hermit:Roulette"],"picked":"hermit:Grudge","floor":5},{"not_picked":["hermit:Midnight","hermit:HighCaliber"],"picked":"hermit:FlashPowder","floor":5},{"not_picked":["QueenBee","Murderer","SnowQueen"],"picked":"Singing Bowl","floor":6},{"not_picked":["CherryBlossoms","Scorched"],"picked":"Mercenary","floor":6},{"not_picked":["hermit:Snipe","hermit:PistolWhip"],"picked":"hermit:Enervate","floor":6},{"not_picked":["WallGazer","BlackSwan"],"picked":"OldLady","floor":10},{"not_picked":["hermit:Enervate","hermit:Scavenge"],"picked":"hermit:FatalDesire+1","floor":10},{"not_picked":["DreamingCurrent","MHz"],"picked":"LongBird","floor":12},{"not_picked":["hermit:TakeAim+1","hermit:SprayPray"],"picked":"hermit:Grudge","floor":12},{"not_picked":["SingingMachine","CherryBlossoms","Bloodbath"],"picked":"Singing Bowl","floor":14},{"not_picked":["UniverseFragment","Scorched"],"picked":"Bloodbath","floor":14},{"not_picked":["hermit:Manifest","hermit:Vantage","DTMod:PurifyingFlame"],"picked":"SKIP","floor":14},{"not_picked":["MHz","MeatLantern","HappyTeddy"],"picked":"Singing Bowl","floor":16},{"not_picked":["DreamingCurrent","BeautyBeast"],"picked":"Rudolta","floor":16},{"not_picked":["PunishingBird","Wellcheers"],"picked":"BodiesMountain","floor":18},{"not_picked":["Runesmith:Refine+1"],"picked":"SKIP","floor":18},{"not_picked":["OSAHOGD","GalaxyChild","LaLuna"],"picked":"Singing Bowl","floor":19},{"not_picked":["Porccubus","BeautyBeast"],"picked":"DespairKnight","floor":19},{"not_picked":["TheCursedMod:CircleOfFocus+1"],"picked":"SKIP","floor":19},{"not_picked":["SnowQueen","CherryBlossoms","SpiderBud"],"picked":"Singing Bowl","floor":22},{"not_picked":["Scorched","UniverseFragment"],"picked":"BigBird","floor":22},{"not_picked":[],"picked":"TheCursedMod:CircleOfWindfury","floor":22},{"not_picked":["UniverseFragment","LittleHelper","FieryBird"],"picked":"Singing Bowl","floor":24},{"not_picked":["LittlePrince","UniverseFragment"],"picked":"QueenOfHatred","floor":24},{"not_picked":[],"picked":"Anger","floor":24},{"not_picked":["BeautyBeast","RedShoes"],"picked":"VoidDream","floor":27},{"not_picked":[],"picked":"Beak+1","floor":27},{"not_picked":["FairyFestival","Yin","WallGazer"],"picked":"Singing Bowl","floor":28},{"not_picked":["FairyFestival","Yin"],"picked":"Variant","floor":28},{"not_picked":["ShyLook","FairyFestival"],"picked":"PunishingBird","floor":30},{"not_picked":["Pinks"],"picked":"Singing Bowl","floor":30},{"not_picked":["RedShoes","Murderer","GreedKing"],"picked":"Singing Bowl","floor":33},{"not_picked":[],"picked":"Adoration","floor":33},{"not_picked":["TheCursedMod:Torture"],"picked":"Singing Bowl","floor":34},{"not_picked":["RedShoes","NakedNest","SingingMachine"],"picked":"Singing Bowl","floor":35},{"not_picked":["MHz","WallGazer"],"picked":"ShyLook","floor":35},{"not_picked":["hermit:Quickdraw"],"picked":"Singing Bowl","floor":35},{"not_picked":["FairyFestival","WhitesApple"],"picked":"FieryBird","floor":36},{"not_picked":["Flying Knee+1"],"picked":"Singing Bowl","floor":36},{"not_picked":["RedShoes","Laetitia"],"picked":"NothingThere","floor":39},{"not_picked":[],"picked":"Gatherer:CollectorsShot+1","floor":39},{"not_picked":["Yin","SnowQueen","Laetitia"],"picked":"Singing Bowl","floor":40},{"not_picked":["PanicButton+1"],"picked":"Singing Bowl","floor":40},{"not_picked":["SingingMachine","Alriune","WallGazer"],"picked":"Singing Bowl","floor":42},{"not_picked":["Alriune","BlackSwan"],"picked":"OSAHOGD","floor":42},{"not_picked":["PokerPlayerMod:Harden+1"],"picked":"Singing Bowl","floor":42},{"not_picked":["LittleHelper","BeautyBeast","Murderer"],"picked":"Singing Bowl","floor":46},{"not_picked":["LaLuna","HappyTeddy"],"picked":"FairyFestival","floor":46},{"not_picked":["DemoMod:TripleGun"],"picked":"Singing Bowl","floor":46},{"not_picked":["Sadistic Nature+1"],"picked":"Singing Bowl","floor":47},{"not_picked":["Jack Of All Trades"],"picked":"Singing Bowl","floor":47},{"not_picked":["Secret Technique"],"picked":"Singing Bowl","floor":47},{"not_picked":["Scarecrow","Laetitia"],"picked":"BigBadWolf","floor":48},{"not_picked":["DemoMod:DirectionalPad"],"picked":"Singing Bowl","floor":48},{"not_picked":["Scarecrow","BeautyBeast","BlackArmy"],"picked":"Singing Bowl","floor":55},{"not_picked":["SnowQueen","Laetitia"],"picked":"SingingMachine","floor":55},{"not_picked":[],"picked":"Body Slam","floor":55}],"player_experience":940938,"relics_obtained":[{"floor":5,"key":"Juzu Bracelet"},{"floor":6,"key":"Frozen Egg 2"},{"floor":9,"key":"The Courier"},{"floor":10,"key":"DemoMod:MeltedRock"},{"floor":15,"key":"DemoMod:AgedBell"},{"floor":24,"key":"Gremlin Horn"},{"floor":26,"key":"Replay:Accelerometer"},{"floor":27,"key":"Eternal Feather"},{"floor":28,"key":"Red Mask"},{"floor":30,"key":"Singing Bowl"},{"floor":35,"key":"Twilight"},{"floor":36,"key":"AtMidnight"},{"floor":40,"key":"Runesmith:Nanobots"},{"floor":42,"key":"hermit:RedScarf"},{"floor":46,"key":"StrikeDummy"},{"floor":48,"key":"Incense Burner"},{"floor":55,"key":"Circlet"}],"event_choices":[{"damage_healed":0,"gold_gain":0,"player_choice":"Entered Light","damage_taken":15,"max_hp_gain":0,"max_hp_loss":0,"event_name":"Shining Light","floor":3,"gold_loss":0,"cards_upgraded":["hermit:Defend_Hermit","hermit:Defend_Hermit"]},{"damage_healed":0,"gold_gain":0,"player_choice":"Box","damage_taken":0,"relics_obtained":["Golden Egg"],"max_hp_gain":0,"max_hp_loss":0,"event_name":"Big Fish","floor":8,"gold_loss":0,"cards_obtained":["Regret"]},{"damage_healed":0,"gold_gain":0,"player_choice":"Simplicity","damage_taken":0,"max_hp_gain":0,"max_hp_loss":0,"event_name":"Back to Basics","floor":21,"gold_loss":0,"cards_upgraded":["hermit:Strike_Hermit","hermit:Strike_Hermit","hermit:Strike_Hermit","hermit:Strike_Hermit","hermit:Defend_Hermit","hermit:Defend_Hermit"]},{"damage_healed":0,"gold_gain":0,"player_choice":"Ignored","damage_taken":0,"max_hp_gain":0,"max_hp_loss":0,"event_name":"Ghosts","floor":25,"gold_loss":0},{"damage_healed":0,"gold_gain":0,"player_choice":"Fought Bandits","damage_taken":0,"max_hp_gain":0,"max_hp_loss":0,"event_name":"Masked Bandits","floor":28,"gold_loss":0},{"damage_healed":0,"gold_gain":0,"player_choice":"Embrace Madness","damage_taken":14,"max_hp_gain":0,"max_hp_loss":0,"event_name":"Winding Halls","floor":37,"gold_loss":0,"cards_obtained":["Madness","Madness"]},{"cards_removed":["hermit:FlashPowder"],"damage_healed":0,"gold_gain":0,"player_choice":"Removed Skill","damage_taken":0,"max_hp_gain":0,"max_hp_loss":0,"event_name":"Falling","floor":38,"gold_loss":0},{"damage_healed":0,"gold_gain":0,"player_choice":"Memory 3","damage_taken":10,"max_hp_gain":0,"max_hp_loss":0,"event_name":"SensoryStone","floor":47,"gold_loss":0},{"damage_healed":0,"gold_gain":0,"player_choice":"Fight","damage_taken":0,"max_hp_gain":0,"max_hp_loss":0,"event_name":"Mysterious Sphere","floor":48,"gold_loss":0}],"is_beta":false,"boss_relics":[{"not_picked":["Empty Cage","Astrolabe"],"picked":"Busted Crown"},{"not_picked":["Painkiller Herb","Replay:Fungal Core"],"picked":"Tiny House"}],"items_purged_floors":[45],"is_endless":false,"potions_floor_spawned":[1,12,16,19,30,35,39,42,55],"ascension_level":5}}