{"host":"1tl36azeqm6yhdgj","time":1607961133,"event":{"mods":["AchievementEnabler","BaseMod","Minty Spire (QoL Compilation)","StSLib","The IronCluck","everything is the same but u backflip on backflip"],"gold_per_floor":[114,129,143,177,187,198,198,251,333,367,387,25,60,60,60,159,159,169,169,186,198,208,208,208],"floor_reached":23,"playtime":909,"items_purged":["Strike_R"],"score":321,"play_id":"a522169e-8db9-480b-b999-876c968d2482","local_time":"20201214105213","is_ascension_mode":true,"campfire_choices":[{"data":"Juggernaut","floor":7.0,"key":"SMITH"},{"floor":15.0,"key":"REST"}],"circlet_count":0,"master_deck":["AscendersBane","Strike_R","Strike_R","Strike_R","Strike_R","Defend_R","Defend_R","Defend_R","Defend_R","Bash","Uppercut","Body Slam","Inflame","Dropkick","Juggernaut+1","Discovery","Mayhem","Twin Strike","Double Tap","Spot Weakness+1","Armaments+1","Metallicize+1","Flame Barrier"],"relics":["Burning Blood","Omamori","Red Skull","TungstenRod","Calling Bell","Happy Flower","Paper Frog","Du-Vu Doll","WarpedTongs"],"acts_visited":["Exordium","TheCity"],"potions_floor_usage":[23],"damage_taken":[{"damage":2.0,"enemies":"2 Louse","floor":1.0,"turns":3.0},{"damage":15.0,"enemies":"Jaw Worm","floor":2.0,"turns":4.0},{"damage":0.0,"enemies":"Cultist","floor":3.0,"turns":4.0},{"damage":16.0,"enemies":"Exordium Thugs","floor":4.0,"turns":4.0},{"damage":1.0,"enemies":"2 Fungi Beasts","floor":5.0,"turns":3.0},{"damage":1.0,"enemies":"3 Louse","floor":6.0,"turns":4.0},{"damage":50.0,"enemies":"3 Sentries","floor":10.0,"turns":11.0},{"damage":7.0,"enemies":"Exordium Wildlife","floor":11.0,"turns":3.0},{"damage":12.0,"enemies":"Gremlin Nob","floor":13.0,"turns":3.0},{"damage":36.0,"enemies":"The Guardian","floor":16.0,"turns":9.0},{"damage":10.0,"enemies":"Chosen","floor":18.0,"turns":5.0},{"damage":21.0,"enemies":"Spheric Guardian","floor":20.0,"turns":4.0},{"damage":24.0,"enemies":"Shelled Parasite and Fungi","floor":21.0,"turns":4.0},{"damage":3.0,"enemies":"Snecko","floor":22.0,"turns":4.0},{"damage":35,"enemies":"Book of Stabbing","floor":23,"turns":4}],"seed_played":"-1378340652845128589","potions_obtained":[{"floor":2.0,"key":"Dexterity Potion"},{"floor":3.0,"key":"ColorlessPotion"},{"floor":13.0,"key":"EntropicBrew"},{"floor":16.0,"key":"ElixirPotion"},{"floor":20.0,"key":"Dexterity Potion"},{"floor":22.0,"key":"BlessingOfTheForge"}],"is_trial":false,"path_per_floor":["M","M","M","M","M","M","R","?","T","E","M","$","E","?","R","B",null,"M","?","M","M","M","E"],"character_chosen":"IRONCLAD","items_purchased":["Discovery","Mayhem"],"campfire_rested":1,"item_purchase_floors":[12,12],"current_hp_per_floor":[76,67,73,63,68,73,73,73,73,29,28,28,22,27,52,22,69,65,65,50,32,35,0,0],"gold":208,"neow_bonus":"RANDOM_COMMON_RELIC","is_daily":false,"chose_seed":false,"campfire_upgraded":1,"win_rate":0.0,"timestamp":1607961133,"path_taken":["M","M","M","M","M","M","R","?","T","E","M","$","E","?","R","BOSS","M","?","M","M","M","E"],"items_purchased_type":["Card","Card"],"build_version":"2020-12-13","purchased_purges":1,"victory":false,"max_hp_per_floor":[80,80,80,80,80,80,80,80,80,80,80,80,80,85,85,85,85,85,85,85,85,85,85,85],"card_choices":[{"not_picked":["Wild Strike","Infernal Blade"],"picked":"Uppercut","floor":1.0},{"not_picked":["Havoc","Iron Wave"],"picked":"Body Slam","floor":2.0},{"not_picked":["Havoc","Searing Blow"],"picked":"Inflame","floor":3.0},{"not_picked":["Sword Boomerang","Havoc","True Grit"],"picked":"SKIP","floor":4.0},{"not_picked":["Body Slam","Disarm"],"picked":"Dropkick","floor":5.0},{"not_picked":["Metallicize","Clothesline"],"picked":"Juggernaut","floor":6.0},{"not_picked":["Havoc","Wild Strike","Uppercut"],"picked":"SKIP","floor":10.0},{"not_picked":["True Grit","Combust","Dual Wield"],"picked":"SKIP","floor":11.0},{"not_picked":["Power Through","Sword Boomerang"],"picked":"Twin Strike","floor":13.0},{"not_picked":["Exhume","Berserk"],"picked":"Double Tap","floor":16.0},{"not_picked":["Pommel Strike","True Grit"],"picked":"Spot Weakness+1","floor":18.0},{"not_picked":["Headbutt","Anger"],"picked":"Armaments+1","floor":20.0},{"not_picked":["Rampage","Sword Boomerang+1"],"picked":"Metallicize+1","floor":21.0},{"not_picked":["Power Through","Iron Wave"],"picked":"Flame Barrier","floor":22.0}],"player_experience":1932325,"relics_obtained":[{"floor":10.0,"key":"Red Skull"},{"floor":13.0,"key":"TungstenRod"},{"floor":17.0,"key":"Happy Flower"},{"floor":17.0,"key":"Paper Frog"},{"floor":17.0,"key":"Du-Vu Doll"}],"event_choices":[{"damage_healed":0.0,"max_hp_gain":0.0,"max_hp_loss":0.0,"gold_gain":53.0,"event_name":"Golden Wing","player_choice":"Gained Gold","floor":8.0,"gold_loss":0.0,"damage_taken":0.0},{"damage_healed":0.0,"max_hp_gain":5.0,"max_hp_loss":0.0,"gold_gain":0.0,"event_name":"Big Fish","player_choice":"Donut","floor":14.0,"gold_loss":0.0,"damage_taken":0.0},{"damage_healed":0.0,"max_hp_gain":0.0,"max_hp_loss":0.0,"gold_gain":0.0,"event_name":"Accursed Blacksmith","player_choice":"Rummage","floor":19.0,"gold_loss":0.0,"damage_taken":0.0,"relics_obtained":["WarpedTongs"],"cards_obtained":["Pain"]}],"is_beta":false,"boss_relics":[{"not_picked":["Fusion Hammer","Runic Cube"],"picked":"Calling Bell"}],"items_purged_floors":[12],"is_endless":false,"potions_floor_spawned":[2,3,13,16,20,22],"killed_by":"Book of Stabbing","ascension_level":11}}