{"host":"w3x3n9s6mrz4xpf0","time":1607936551,"event":{"mods":["BaseMod","Minty Spire (QoL Compilation)","StSLib","SuperFastMode"],"gold_per_floor":[118,43,58,73,85,85,99,99,125,125,137,155,184,197,197,271,271,281,281,294,194,194,194,208,208,208,208,208,208],"floor_reached":28,"playtime":729,"items_purged":["Doubt","Strike_R"],"score":392,"play_id":"33562301-3176-4725-abc7-debf8b17e289","local_time":"20201214180231","is_ascension_mode":true,"campfire_choices":[{"data":"True Grit","floor":6.0,"key":"SMITH"},{"data":"Rampage","floor":8.0,"key":"SMITH"},{"data":"Brutality","floor":10.0,"key":"SMITH"},{"floor":15,"key":"REST"},{"floor":23,"key":"REST"},{"data":"Entrench","floor":25,"key":"SMITH"},{"data":"Shrug It Off","floor":27,"key":"SMITH"}],"circlet_count":0,"master_deck":["AscendersBane","Strike_R","Defend_R","Defend_R","Defend_R","Defend_R","Bash","Brutality+1","Rampage+1","True Grit+1","Entrench+1","Shrug It Off+1","Double Tap"],"relics":["Burning Blood","Tiny Chest","Lantern","Mark of Pain","Unceasing Top"],"acts_visited":["Exordium","TheCity"],"potions_floor_usage":[16,16,22,28],"damage_taken":[{"damage":4.0,"enemies":"Cultist","floor":1.0,"turns":4.0},{"damage":3.0,"enemies":"2 Louse","floor":3.0,"turns":3.0},{"damage":14.0,"enemies":"Small Slimes","floor":4.0,"turns":3.0},{"damage":14.0,"enemies":"Red Slaver","floor":5.0,"turns":6.0},{"damage":6.0,"enemies":"Looter","floor":7.0,"turns":4.0},{"damage":17.0,"enemies":"Large Slime","floor":11.0,"turns":7.0},{"damage":16.0,"enemies":"3 Louse","floor":12.0,"turns":4.0},{"damage":32.0,"enemies":"Gremlin Nob","floor":13.0,"turns":5.0},{"damage":7,"enemies":"Blue Slaver","floor":14,"turns":5},{"damage":14,"enemies":"The Guardian","floor":16,"turns":8},{"damage":36,"enemies":"Chosen","floor":18,"turns":8},{"damage":27,"enemies":"Spheric Guardian","floor":20,"turns":6},{"damage":0,"enemies":"3 Cultists","floor":22,"turns":1},{"damage":6,"enemies":"Snecko","floor":24,"turns":6},{"damage":40,"enemies":"Gremlin Leader","floor":28,"turns":4}],"seed_played":"625989494907239408","potions_obtained":[{"floor":3.0,"key":"AttackPotion"},{"floor":7.0,"key":"PowerPotion"},{"floor":14,"key":"DuplicationPotion"},{"floor":20,"key":"SmokeBomb"},{"floor":24,"key":"Regen Potion"}],"is_trial":false,"path_per_floor":["M","$","M","M","M","R","M","R","T","R","M","M","E","M","R","B",null,"M","?","M","$","M","R","M","R","T","R","E"],"character_chosen":"IRONCLAD","items_purchased":[],"campfire_rested":2,"item_purchase_floors":[],"current_hp_per_floor":[70,70,73,65,57,57,57,57,57,57,46,36,10,9,31,23,62,32,32,11,11,17,39,39,39,39,39,11,11],"gold":208,"neow_bonus":"TRANSFORM_TWO_CARDS","is_daily":false,"chose_seed":false,"campfire_upgraded":5,"win_rate":0.0,"timestamp":1607936551,"path_taken":["M","$","M","M","M","R","?","R","T","R","M","?","E","M","R","BOSS","M","?","M","$","?","R","M","R","T","R","E"],"items_purchased_type":[],"build_version":"2020-12-13","purchased_purges":2,"victory":false,"max_hp_per_floor":[75,75,75,75,75,75,75,75,75,75,75,75,75,75,75,75,75,75,75,75,75,75,75,75,75,75,75,75,75],"card_choices":[{"not_picked":["Warcry","Iron Wave","Reckless Charge"],"picked":"SKIP","floor":1.0},{"not_picked":["Rampage","Thunderclap"],"picked":"True Grit","floor":3.0},{"not_picked":["Thunderclap","Uppercut"],"picked":"Entrench","floor":4.0},{"not_picked":["Heavy Blade","Warcry","Perfected Strike"],"picked":"SKIP","floor":5.0},{"not_picked":["Twin Strike","Iron Wave","Havoc"],"picked":"SKIP","floor":7.0},{"not_picked":["Intimidate","Anger"],"picked":"Shrug It Off","floor":11.0},{"not_picked":["Body Slam","Infernal Blade","Ghostly Armor"],"picked":"SKIP","floor":12.0},{"not_picked":["Limit Break","Feel No Pain","True Grit"],"picked":"SKIP","floor":13.0},{"not_picked":["Clothesline","Shockwave","Havoc"],"picked":"SKIP","floor":14},{"not_picked":["Berserk","Brutality"],"picked":"Double Tap","floor":16},{"not_picked":["Warcry","Clash","Armaments"],"picked":"SKIP","floor":18},{"not_picked":["Wild Strike","Flex","Warcry"],"picked":"SKIP","floor":20},{"not_picked":["Shockwave","Havoc","Sentinel"],"picked":"SKIP","floor":24}],"player_experience":65443,"relics_obtained":[{"floor":9.0,"key":"Tiny Chest"},{"floor":13.0,"key":"Lantern"},{"floor":26,"key":"Unceasing Top"}],"event_choices":[{"cards_removed":["Strike_R"],"damage_healed":0,"gold_gain":0,"player_choice":"Offered Basic","damage_taken":0,"max_hp_gain":0,"max_hp_loss":0,"event_name":"Bonfire Elementals","floor":19,"gold_loss":0}],"is_beta":false,"boss_relics":[{"not_picked":["Pandora\u0027s Box","Philosopher\u0027s Stone"],"picked":"Mark of Pain"}],"items_purged_floors":[2,21],"is_endless":false,"potions_floor_spawned":[3,7,11,14,20,24],"killed_by":"Gremlin Leader","ascension_level":15}}