{"host":"d7qmn60fs48wu5y6","time":1607912731,"event":{"mods":["BaseMod","Downfall","Minty Spire (QoL Compilation)","Shade Mod","StSLib","The Cursed","The Servant 0.9.4"],"gold_per_floor":[117,117,128,128,148,148,159,159,159,177,194,228,228,248,248,345,345,328,339,359,406,421,421,421,164,164,164,63,63,73,104,104,205,205,221,221,221,7,27,56,56,76,76,128,148,176,187,65,65,65,65,65,15,47,47,47],"floor_reached":55,"playtime":2599,"items_purged":["Strike_R","Strike_R","Strike_R"],"score":785,"play_id":"2ef50a15-0c55-4636-8838-6d0eede976d8","local_time":"20201213182531","is_ascension_mode":true,"campfire_choices":[{"data":"True Grit","floor":6,"key":"SMITH"},{"data":"Flame Barrier","floor":8,"key":"SMITH"},{"data":"Entrench","floor":15,"key":"SMITH"},{"data":"Body Slam","floor":23,"key":"SMITH"},{"floor":27,"key":"RECALL"},{"data":"Dark Embrace","floor":29,"key":"SMITH"},{"data":"Shrug It Off","floor":32,"key":"SMITH"},{"floor":41,"key":"REST"},{"floor":49,"key":"REST"},{"data":"Juggernaut","floor":52,"key":"SMITH"}],"circlet_count":0,"master_deck":["Strike_R+1","Defend_R","Defend_R","Defend_R","Defend_R","Bash+1","Disarm","True Grit+1","Impervious","Flame Barrier+1","Pommel Strike","Shrug It Off+1","Inflame","Reaper","Offering","Entrench+1","Twin Strike","Juggernaut+1","Battle Trance","Rampage","Body Slam+1","Second Wind+1","Metallicize","Immolate","Dark Embrace+1","Sentinel","Flame Barrier+1","Juggernaut","Wild Strike+1","Madness","Madness","Fire Breathing","True Grit+1","Flame Barrier+1","Wild Strike","Reckless Charge+1","Seeing Red+1","Rage","Evolve","Wild Strike","Impervious","Feel No Pain+1","Dark Embrace"],"relics":["Burning Blood","Bottled Lightning","Mummified Hand","Mark of Pain","Ice Cream","Ginger","Sozu","Orrery","Smiling Mask","Shuriken","Pocketwatch","Sundial","Vajra"],"acts_visited":["Exordium","TheCity","TheBeyond","TheEnding"],"potions_floor_usage":[12,44,50,50],"damage_taken":[{"damage":6,"enemies":"Jaw Worm","floor":1,"turns":3},{"damage":3,"enemies":"2 Louse","floor":3,"turns":3},{"damage":7,"enemies":"Cultist","floor":5,"turns":5},{"damage":8,"enemies":"Looter","floor":7,"turns":3},{"damage":0,"enemies":"Red Slaver","floor":10,"turns":5},{"damage":3,"enemies":"Blue Slaver","floor":11,"turns":4},{"damage":16,"enemies":"Lagavulin","floor":12,"turns":8},{"damage":6,"enemies":"Exordium Wildlife","floor":14,"turns":4},{"damage":40,"enemies":"Slime Boss","floor":16,"turns":11},{"damage":6,"enemies":"2 Thieves","floor":18,"turns":4},{"damage":15,"enemies":"Chosen","floor":19,"turns":6},{"damage":6,"enemies":"Snake Plant","floor":20,"turns":4},{"damage":19,"enemies":"Snecko","floor":22,"turns":6},{"damage":4,"enemies":"3 Cultists","floor":30,"turns":4},{"damage":12,"enemies":"Slavers","floor":31,"turns":6},{"damage":74,"enemies":"Automaton","floor":33,"turns":12},{"damage":57,"enemies":"3 Darklings","floor":35,"turns":5},{"damage":13,"enemies":"Orb Walker","floor":39,"turns":3},{"damage":23,"enemies":"Nemesis","floor":40,"turns":8},{"damage":16,"enemies":"Spire Growth","floor":42,"turns":4},{"damage":27,"enemies":"2 Orb Walkers","floor":44,"turns":5},{"damage":7,"enemies":"4 Shapes","floor":45,"turns":4},{"damage":10,"enemies":"Giant Head","floor":46,"turns":6},{"damage":0,"enemies":"Maw","floor":47,"turns":6},{"damage":36,"enemies":"Awakened One","floor":50,"turns":8},{"damage":12,"enemies":"Shield and Spear","floor":54,"turns":5},{"damage":71,"enemies":"The Heart","floor":55,"turns":5}],"seed_played":"3258135408580686129","potions_obtained":[{"floor":1,"key":"SteroidPotion"},{"floor":11,"key":"ElixirPotion"},{"floor":14,"key":"BlessingOfTheForge"},{"floor":18,"key":"Swift Potion"},{"floor":22,"key":"Swift Potion"}],"is_trial":false,"path_per_floor":["M","?","M","?","M","R","M","R","T","M","M","E","?","M","R","B",null,"M","M","M","T","M","R","?","$","T","R","$","R","M","E","R","B",null,"M","?","?","$","M","E","R","M","T","?","M","E","M","$","R","B",null,"R","$","E","B"],"character_chosen":"IRONCLAD","items_purchased":["Metallicize","Immolate","Dark Embrace","Sentinel","Fire Breathing","Orrery","Dark Embrace"],"campfire_rested":2,"item_purchase_floors":[25,25,28,28,38,38,48],"current_hp_per_floor":[80,80,80,80,79,79,77,77,77,80,80,70,70,70,70,45,80,80,75,80,80,76,76,76,76,76,76,76,76,78,72,72,10,80,29,19,70,70,63,46,67,61,61,40,39,44,50,50,70,40,70,70,70,70,0,0],"gold":47,"neow_bonus":"UPGRADE_CARD","is_daily":false,"chose_seed":false,"campfire_upgraded":7,"win_rate":0.0,"timestamp":1607912731,"path_taken":["M","?","M","?","?","R","M","R","T","M","M","E","?","M","R","BOSS","M","M","M","?","M","R","?","$","T","R","$","R","M","E","R","BOSS","M","?","?","?","?","E","R","M","T","?","M","E","M","$","R","BOSS","R","$","E","BOSS"],"items_purchased_type":["Card","Card","Card","Card","Card","Relic","Card"],"build_version":"2020-12-13","purchased_purges":3,"victory":false,"max_hp_per_floor":[80,80,80,80,80,80,80,80,80,80,80,80,80,80,80,80,80,80,80,80,80,80,80,80,80,80,80,80,80,80,80,80,80,80,80,80,70,70,70,70,70,70,70,70,70,70,70,70,70,70,70,70,70,70,70,70],"card_choices":[{"not_picked":["Clash","Body Slam"],"picked":"Disarm","floor":1},{"not_picked":["Second Wind","Heavy Blade"],"picked":"True Grit","floor":3},{"not_picked":["Anger","Thunderclap"],"picked":"Flame Barrier","floor":5},{"not_picked":["Heavy Blade","Second Wind"],"picked":"Pommel Strike","floor":7},{"not_picked":["Sword Boomerang","Heavy Blade"],"picked":"Shrug It Off","floor":10},{"not_picked":["Warcry","Cleave"],"picked":"Inflame","floor":11},{"not_picked":["Iron Wave","Shrug It Off"],"picked":"Reaper","floor":12},{"not_picked":["Perfected Strike","Carnage"],"picked":"Twin Strike","floor":14},{"not_picked":["Exhume","Impervious"],"picked":"Juggernaut","floor":16},{"not_picked":["Warcry","Sever Soul"],"picked":"Battle Trance","floor":18},{"not_picked":["Headbutt","Heavy Blade+1"],"picked":"Rampage","floor":19},{"not_picked":["Clash","Infernal Blade+1"],"picked":"Body Slam","floor":20},{"not_picked":["Combust","Clothesline"],"picked":"Second Wind+1","floor":22},{"not_picked":["Body Slam","Limit Break"],"picked":"Flame Barrier+1","floor":30},{"not_picked":["Wild Strike","Flex","Cleave"],"picked":"SKIP","floor":31},{"not_picked":["Berserk","Reaper"],"picked":"Juggernaut","floor":33},{"not_picked":["Twin Strike","Thunderclap+1"],"picked":"Wild Strike+1","floor":35},{"not_picked":["Heavy Blade+1","Cleave+1"],"picked":"True Grit+1","floor":38},{"not_picked":["Thunderclap+1","Shrug It Off"],"picked":"Flame Barrier+1","floor":38},{"not_picked":["Ghostly Armor+1","Corruption"],"picked":"Wild Strike","floor":38},{"not_picked":["Body Slam+1","Dark Embrace+1"],"picked":"Reckless Charge+1","floor":38},{"not_picked":["Body Slam","Flex"],"picked":"Seeing Red+1","floor":39},{"not_picked":["Pommel Strike+1","Dual Wield"],"picked":"Rage","floor":40},{"not_picked":["True Grit","Heavy Blade+1"],"picked":"Evolve","floor":42},{"not_picked":["Anger","True Grit"],"picked":"Wild Strike","floor":44},{"not_picked":["Twin Strike","Body Slam+1"],"picked":"Impervious","floor":45},{"not_picked":["Pommel Strike+1","Flex","Battle Trance"],"picked":"SKIP","floor":46},{"not_picked":["Battle Trance+1","Rage+1"],"picked":"Feel No Pain+1","floor":47},{"not_picked":["Cleave+1","Headbutt","Carnage+1"],"picked":"SKIP","floor":54}],"player_experience":843648,"relics_obtained":[{"floor":9,"key":"Bottled Lightning"},{"floor":12,"key":"Mummified Hand"},{"floor":26,"key":"Ice Cream"},{"floor":31,"key":"Ginger"},{"floor":40,"key":"Smiling Mask"},{"floor":43,"key":"Shuriken"},{"floor":44,"key":"Pocketwatch"},{"floor":46,"key":"Sundial"},{"floor":54,"key":"Vajra"}],"event_choices":[{"damage_healed":0,"gold_gain":0,"player_choice":"Grow","damage_taken":0,"max_hp_gain":0,"max_hp_loss":0,"event_name":"Living Wall","floor":2,"gold_loss":0,"cards_upgraded":["Strike_R"]},{"damage_healed":0,"gold_gain":0,"cards_transformed":["Strike_R"],"player_choice":"Transformed","damage_taken":0,"max_hp_gain":0,"max_hp_loss":0,"event_name":"Transmorgrifier","floor":4,"gold_loss":0,"cards_obtained":["Impervious"]},{"damage_healed":0,"gold_gain":0,"player_choice":"2 cards matched","damage_taken":0,"max_hp_gain":0,"max_hp_loss":0,"event_name":"Match and Keep!","floor":13,"gold_loss":0,"cards_obtained":["Offering","Entrench"]},{"damage_healed":0,"gold_gain":0,"player_choice":"Ignored","damage_taken":0,"max_hp_gain":0,"max_hp_loss":0,"event_name":"Vampires","floor":24,"gold_loss":0},{"damage_healed":0,"gold_gain":0,"player_choice":"Embrace Madness","damage_taken":10,"max_hp_gain":0,"max_hp_loss":0,"event_name":"Winding Halls","floor":36,"gold_loss":0,"cards_obtained":["Madness","Madness"]},{"damage_healed":70,"gold_gain":0,"player_choice":"Heal","damage_taken":0,"max_hp_gain":0,"max_hp_loss":10,"event_name":"The Moai Head","floor":37,"gold_loss":0},{"damage_healed":0,"gold_gain":0,"player_choice":"Fight","damage_taken":0,"max_hp_gain":0,"max_hp_loss":0,"event_name":"Mysterious Sphere","floor":44,"gold_loss":0}],"is_beta":false,"boss_relics":[{"not_picked":["Empty Cage","Ectoplasm"],"picked":"Mark of Pain"},{"not_picked":["Snecko Eye","Black Star"],"picked":"Sozu"}],"items_purged_floors":[25,48,53],"is_endless":false,"potions_floor_spawned":[1,11,14,18,22,31,33,35,40,42,46],"killed_by":"The Heart","ascension_level":1}}