{"host":"79x1xq0joessh4ki","time":1607949133,"event":{"mods":["BaseMod","Hermit","Minty Spire (QoL Compilation)","Relic Stats","StSLib"],"gold_per_floor":[117,133,52,68,68,93,93,127,127,146,159,159,184,199,199,273,273,293,208,208,236,67,95,95,115,115,115,148,148,160,171,171,250,250,267,286,286,64,76,105,105,137,137,154,189,16,28,44,44,44,44,44,44,44,75,75],"floor_reached":57,"playtime":3454,"items_purged":["hermit:Covet"],"score":2929,"play_id":"aa5d8c34-f07d-41ea-97da-be1653fa38ba","local_time":"20201214133213","is_ascension_mode":true,"campfire_choices":[{"floor":7,"key":"REST"},{"floor":12,"key":"REST"},{"data":"hermit:Brawl","floor":15,"key":"SMITH"},{"floor":27,"key":"REST"},{"floor":32,"key":"REST"},{"floor":41,"key":"RECALL"},{"floor":49,"key":"REST"},{"floor":53,"key":"REST"}],"circlet_count":0,"master_deck":["AscendersBane","hermit:Strike_Hermit+1","hermit:Strike_Hermit+1","hermit:Strike_Hermit+1","hermit:Strike_Hermit+1","hermit:Defend_Hermit+1","hermit:Defend_Hermit+1","hermit:Defend_Hermit+1","hermit:Defend_Hermit+1","hermit:Snapshot","hermit:Showdown","hermit:Brawl+1","hermit:Midnight","hermit:HighNoon","hermit:Showdown","hermit:Roughhouse","hermit:HeroicBravado","hermit:FullyLoaded","hermit:RoundhouseKick","hermit:Roulette","hermit:FlashPowder","hermit:Maintenance"],"relics":["Snecko Eye","Omamori","hermit:CharredGlove","Matryoshka","Mercury Hourglass","Fusion Hammer","Tiny Chest","Red Mask","TheAbacus","Dead Branch","Gremlin Horn","Bottled Tornado","Smiling Mask","Potion Belt","Kunai","Philosopher\u0027s Stone","ClockworkSouvenir","Torii","Darkstone Periapt","CeramicFish","Toy Ornithopter","White Beast Statue"],"acts_visited":["Exordium","TheCity","TheBeyond","TheEnding"],"potions_floor_usage":[8,13,18,33,35,50,51,55,56,56,56,56,56],"damage_taken":[{"damage":21,"enemies":"Small Slimes","floor":1,"turns":5},{"damage":2,"enemies":"Jaw Worm","floor":2,"turns":3},{"damage":0,"enemies":"2 Louse","floor":4,"turns":3},{"damage":40,"enemies":"3 Sentries","floor":6,"turns":7},{"damage":2,"enemies":"Gremlin Nob","floor":8,"turns":3},{"damage":4,"enemies":"Large Slime","floor":10,"turns":5},{"damage":1,"enemies":"Exordium Wildlife","floor":11,"turns":2},{"damage":0,"enemies":"Lagavulin","floor":13,"turns":4},{"damage":0,"enemies":"Lots of Slimes","floor":14,"turns":2},{"damage":38,"enemies":"Slime Boss","floor":16,"turns":7},{"damage":9,"enemies":"Shell Parasite","floor":18,"turns":3},{"damage":11,"enemies":"Masked Bandits","floor":21,"turns":3},{"damage":6,"enemies":"Book of Stabbing","floor":23,"turns":4},{"damage":0,"enemies":"Spheric Guardian","floor":25,"turns":2},{"damage":0,"enemies":"Slavers","floor":28,"turns":3},{"damage":1,"enemies":"Snecko","floor":30,"turns":3},{"damage":23,"enemies":"Shelled Parasite and Fungi","floor":31,"turns":3},{"damage":1,"enemies":"Automaton","floor":33,"turns":6},{"damage":4,"enemies":"3 Shapes","floor":35,"turns":3},{"damage":1,"enemies":"Orb Walker","floor":36,"turns":3},{"damage":0,"enemies":"Spire Growth","floor":39,"turns":3},{"damage":11,"enemies":"Nemesis","floor":40,"turns":5},{"damage":0,"enemies":"Reptomancer","floor":42,"turns":3},{"damage":1,"enemies":"Transient","floor":44,"turns":6},{"damage":0,"enemies":"Giant Head","floor":45,"turns":6},{"damage":0,"enemies":"Maw","floor":47,"turns":5},{"damage":0,"enemies":"Sphere and 2 Shapes","floor":48,"turns":4},{"damage":35,"enemies":"Awakened One","floor":50,"turns":12},{"damage":28,"enemies":"Donu and Deca","floor":51,"turns":8},{"damage":29,"enemies":"Shield and Spear","floor":55,"turns":8},{"damage":49,"enemies":"The Heart","floor":56,"turns":11}],"seed_played":"909891138107637455","potions_obtained":[{"floor":1,"key":"Swift Potion"},{"floor":2,"key":"hermit:BlackBile"},{"floor":11,"key":"SteroidPotion"},{"floor":14,"key":"Energy Potion"},{"floor":21,"key":"EntropicBrew"},{"floor":28,"key":"Regen Potion"},{"floor":30,"key":"Swift Potion"},{"floor":33,"key":"BlessingOfTheForge"},{"floor":36,"key":"LiquidMemories"},{"floor":42,"key":"PowerPotion"},{"floor":48,"key":"Block Potion"}],"is_trial":false,"path_per_floor":["M","M","$","M","?","E","R","E","T","M","M","R","E","M","R","B",null,"M","?","?","?","$","E","?","M","T","R","E","T","M","M","R","B",null,"M","M","?","$","M","E","R","E","T","M","E","$","M","M","R","B","B",null,"R","$","E","B",null],"character_chosen":"HERMIT","items_purchased":["hermit:Showdown","TheAbacus","ClockworkSouvenir","Toy Ornithopter"],"campfire_rested":6,"item_purchase_floors":[3,22,38,46],"current_hp_per_floor":[43,41,41,41,46,6,28,26,26,22,21,43,43,43,43,5,58,49,49,49,38,38,32,32,32,32,54,54,54,53,30,52,66,74,70,69,74,74,74,63,63,63,63,62,62,62,62,62,76,41,18,62,76,76,48,24],"gold":75,"neow_bonus":"BOSS_RELIC","is_daily":false,"chose_seed":false,"campfire_upgraded":1,"win_rate":0.0,"timestamp":1607949133,"path_taken":["M","M","$","M","?","E","R","E","T","M","M","R","E","M","R","BOSS","M","?","?","?","$","E","?","M","T","R","E","?","M","M","R","BOSS","M","M","?","$","M","E","R","E","T","M","E","$","M","?","R","BOSS","BOSS","R","$","E","BOSS"],"items_purchased_type":["Card","Relic","Relic","Relic"],"build_version":"2020-12-13","purchased_purges":1,"victory":true,"max_hp_per_floor":[71,71,71,71,76,76,76,76,76,76,76,76,76,76,76,76,76,76,76,76,76,76,76,76,76,76,76,76,76,76,76,76,76,76,76,76,76,76,76,76,76,76,76,76,76,76,76,76,76,76,76,76,76,76,76,76],"relic_stats":{"Darkstone Periapt":0,"Gremlin Horn":[15,16],"Torii":33,"counters":[31,145],"Dead Branch":[107],"CeramicFish":0,"Smiling Mask":25,"Mercury Hourglass":[379],"TheAbacus":[366],"Snecko Eye":[372,351,369,358],"Tiny Chest":1,"Kunai":[86],"obtain_stats":[{"Potion Belt":29,"Darkstone Periapt":42,"Gremlin Horn":26,"Torii":40,"Dead Branch":23,"CeramicFish":45,"Omamori":6,"Bottled Tornado":26,"Smiling Mask":28,"White Beast Statue":55,"Mercury Hourglass":13,"ClockworkSouvenir":38,"Matryoshka":9,"TheAbacus":22,"hermit:CharredGlove":8,"Snecko Eye":0,"Tiny Chest":19,"Philosopher\u0027s Stone":34,"Fusion Hammer":17,"Red Mask":21,"Kunai":29,"hermit:Momento":0,"Toy Ornithopter":46},{"Potion Belt":15,"Darkstone Periapt":23,"Gremlin Horn":14,"Torii":22,"Dead Branch":13,"CeramicFish":25,"Omamori":4,"Bottled Tornado":14,"Smiling Mask":15,"White Beast Statue":30,"Mercury Hourglass":8,"ClockworkSouvenir":20,"Matryoshka":5,"TheAbacus":12,"hermit:CharredGlove":5,"Snecko Eye":0,"Tiny Chest":11,"Philosopher\u0027s Stone":18,"Fusion Hammer":10,"Red Mask":12,"Kunai":15,"hermit:Momento":0,"Toy Ornithopter":25},{"Potion Belt":56,"Darkstone Periapt":85,"Gremlin Horn":53,"Torii":82,"Dead Branch":51,"CeramicFish":97,"Omamori":18,"Bottled Tornado":53,"Smiling Mask":56,"White Beast Statue":134,"Mercury Hourglass":32,"ClockworkSouvenir":74,"Matryoshka":21,"TheAbacus":47,"hermit:CharredGlove":21,"Snecko Eye":0,"Tiny Chest":44,"Philosopher\u0027s Stone":68,"Fusion Hammer":41,"Red Mask":47,"Kunai":56,"hermit:Momento":0,"Toy Ornithopter":97}],"Toy Ornithopter":31},"card_choices":[{"not_picked":["hermit:Combo","hermit:LuckOfTheDraw","hermit:SprayPray"],"picked":"SKIP","floor":1},{"not_picked":["hermit:Desperado","hermit:Misfire"],"picked":"hermit:Headshot","floor":2},{"not_picked":["hermit:Headshot","hermit:TrackingShot"],"picked":"hermit:Brawl","floor":4},{"not_picked":["hermit:SprayPray","hermit:CalledShot"],"picked":"hermit:Midnight","floor":6},{"not_picked":["hermit:Headshot","hermit:Feint"],"picked":"hermit:HighNoon","floor":8},{"not_picked":["hermit:PistolWhip","hermit:Glare","hermit:Grudge"],"picked":"SKIP","floor":10},{"not_picked":["hermit:Grudge","hermit:Deadeye"],"picked":"hermit:Showdown","floor":11},{"not_picked":["hermit:HoleUp","hermit:Headshot","hermit:Misfire"],"picked":"SKIP","floor":13},{"not_picked":["hermit:Ricochet","hermit:Headshot","hermit:Reprieve"],"picked":"SKIP","floor":14},{"not_picked":["hermit:SprayPray+1","hermit:Misfire+1","hermit:Midnight"],"picked":"SKIP","floor":18},{"not_picked":["hermit:TakeAim","hermit:Snipe"],"picked":"hermit:Roughhouse","floor":23},{"not_picked":["hermit:DeadMansHand","hermit:Glare","hermit:Snipe"],"picked":"SKIP","floor":25},{"not_picked":["hermit:SprayPray","hermit:Spite"],"picked":"hermit:HeroicBravado","floor":28},{"not_picked":["hermit:ItchyTrigger","hermit:Dive"],"picked":"hermit:FullyLoaded","floor":30},{"not_picked":["hermit:Ricochet","hermit:BodyArmor","hermit:WideOpen"],"picked":"SKIP","floor":31},{"not_picked":["hermit:OverwhelmingPower","hermit:HeroicBravado"],"picked":"hermit:RoundhouseKick","floor":33},{"not_picked":["hermit:FullyLoaded","hermit:Glare","hermit:WideOpen"],"picked":"SKIP","floor":35},{"not_picked":["hermit:Quickdraw","hermit:Coalescence"],"picked":"hermit:Roulette","floor":36},{"not_picked":["hermit:NoHoldsBarred","hermit:BigShot","hermit:Showdown+1"],"picked":"SKIP","floor":39},{"not_picked":["hermit:FatalDesire","hermit:Ricochet","hermit:GoldenBullet"],"picked":"SKIP","floor":40},{"not_picked":["hermit:Coalescence+1","hermit:Manifest"],"picked":"hermit:FlashPowder","floor":42},{"not_picked":["hermit:WideOpen","hermit:Horror"],"picked":"hermit:Maintenance","floor":44},{"not_picked":["hermit:HoleUp","hermit:Deadeye+1","hermit:Dive"],"picked":"SKIP","floor":45},{"not_picked":["hermit:Deadeye","hermit:ItchyTrigger+1","hermit:BlackWind"],"picked":"SKIP","floor":47},{"not_picked":["hermit:GhostlyPresence","hermit:LoneWolf+1","hermit:DeadMansHand"],"picked":"SKIP","floor":48},{"not_picked":["hermit:Snipe","hermit:Manifest","hermit:HighCaliber"],"picked":"SKIP","floor":55}],"player_experience":685334,"relics_obtained":[{"floor":6,"key":"Omamori"},{"floor":8,"key":"hermit:CharredGlove"},{"floor":9,"key":"Matryoshka"},{"floor":13,"key":"Mercury Hourglass"},{"floor":21,"key":"Red Mask"},{"floor":23,"key":"Dead Branch"},{"floor":26,"key":"Gremlin Horn"},{"floor":26,"key":"Bottled Tornado"},{"floor":28,"key":"Smiling Mask"},{"floor":29,"key":"Potion Belt"},{"floor":29,"key":"Kunai"},{"floor":40,"key":"Torii"},{"floor":42,"key":"Darkstone Periapt"},{"floor":45,"key":"CeramicFish"},{"floor":55,"key":"White Beast Statue"}],"event_choices":[{"damage_healed":0,"gold_gain":0,"player_choice":"Donut","damage_taken":0,"max_hp_gain":5,"max_hp_loss":0,"event_name":"Big Fish","floor":5,"gold_loss":0},{"damage_healed":0,"gold_gain":0,"player_choice":"Obtained Relic","damage_taken":0,"relics_obtained":["Tiny Chest"],"max_hp_gain":0,"max_hp_loss":0,"event_name":"Addict","floor":19,"gold_loss":85},{"damage_healed":0,"gold_gain":0,"player_choice":"Ignored","damage_taken":0,"max_hp_gain":0,"max_hp_loss":0,"event_name":"The Mausoleum","floor":20,"gold_loss":0},{"damage_healed":0,"gold_gain":0,"player_choice":"Fought Bandits","damage_taken":0,"max_hp_gain":0,"max_hp_loss":0,"event_name":"Masked Bandits","floor":21,"gold_loss":0},{"damage_healed":0,"gold_gain":0,"player_choice":"Simplicity","damage_taken":0,"max_hp_gain":0,"max_hp_loss":0,"event_name":"Back to Basics","floor":24,"gold_loss":0,"cards_upgraded":["hermit:Strike_Hermit","hermit:Strike_Hermit","hermit:Strike_Hermit","hermit:Strike_Hermit","hermit:Defend_Hermit","hermit:Defend_Hermit","hermit:Defend_Hermit","hermit:Defend_Hermit"]},{"cards_removed":["hermit:Headshot"],"damage_healed":5,"gold_gain":0,"player_choice":"Offered Common","damage_taken":0,"max_hp_gain":0,"max_hp_loss":0,"event_name":"Bonfire Elementals","floor":37,"gold_loss":0},{"cards_removed":["hermit:Headshot"],"damage_healed":5,"gold_gain":0,"player_choice":"Offered Special","damage_taken":0,"max_hp_gain":0,"max_hp_loss":0,"event_name":"Bonfire Elementals","floor":37,"gold_loss":0}],"is_beta":false,"boss_relics":[{"not_picked":["SlaversCollar","Sozu"],"picked":"Fusion Hammer"},{"not_picked":["Velvet Choker","Pandora\u0027s Box"],"picked":"Philosopher\u0027s Stone"}],"items_purged_floors":[38],"is_endless":false,"potions_floor_spawned":[1,2,11,14,21,28,30,33,36,42,45,48],"ascension_level":20}}