{"host":"dh4nu8nelr2izibb","time":1607924729,"event":{"mods":["Act Like it!","BaseMod","Better Third Choice","Card Forge","Displayed Cursed Tome","HololiveMod","Marisa????????","Minty Spire (QoL Compilation)","Puzzle Mod","Quick Restart","Relic Filter","StSLib","The Poker Player","The Servant 0.9.4","WarShipGirlsR/????R mod","???????????mod"],"gold_per_floor":[112,131,149,161,86,96,96,96,119,158,158,158,42,66,66,157,157,177,177,0,12,12,12,31,47,47,47,47],"floor_reached":27,"playtime":854,"items_purged":[],"score":430,"play_id":"000853dd-fda4-43ee-a532-a6c4dd9fcca3","local_time":"20201214004529","is_ascension_mode":true,"campfire_choices":[{"data":"Neutralize","floor":7.0,"key":"SMITH"},{"data":"Cloak And Dagger","floor":12.0,"key":"SMITH"},{"floor":15.0,"key":"REST"},{"data":"Glass Knife","floor":23.0,"key":"SMITH"}],"circlet_count":0,"master_deck":["AscendersBane","Strike_G","Strike_G","Strike_G","Defend_G","Defend_G","Defend_G","Defend_G","Survivor","Neutralize+1","Dagger Throw","Eviscerate+1","Cloak And Dagger+1","Quick Slash","Backflip","Dash","Underhanded Strike","Prepared","Leg Sweep","Glass Knife+1","Acrobatics","PiercingWail","Calculated Gamble","Escape Plan"],"relics":["Ring of the Snake","Hammer of Thor","Seething Fire","Anvil of the Gods","Bloody Idol","Oddly Smooth Stone","Mercury Hourglass","Philosopher\u0027s Stone","White Beast Statue"],"acts_visited":["Exordium","TheCity"],"potions_floor_usage":[],"damage_taken":[{"damage":4.0,"enemies":"Small Slimes","floor":1.0,"turns":5.0},{"damage":5.0,"enemies":"Jaw Worm","floor":2.0,"turns":4.0},{"damage":4.0,"enemies":"2 Louse","floor":3.0,"turns":2.0},{"damage":2.0,"enemies":"Blue Slaver","floor":4.0,"turns":5.0},{"damage":4.0,"enemies":"3 Louse","floor":6.0,"turns":4.0},{"damage":14.0,"enemies":"3 Sentries","floor":10.0,"turns":11.0},{"damage":1.0,"enemies":"Exordium Wildlife","floor":14.0,"turns":2.0},{"damage":25.0,"enemies":"Slime Boss","floor":16.0,"turns":9.0},{"damage":0.0,"enemies":"Spheric Guardian","floor":18.0,"turns":3.0},{"damage":5.0,"enemies":"2 Thieves","floor":21.0,"turns":3.0},{"damage":0.0,"enemies":"3 Cultists","floor":24.0,"turns":4.0},{"damage":23.0,"enemies":"Snecko","floor":25.0,"turns":6.0},{"damage":2,"enemies":"Gremlin Leader","floor":27,"turns":5}],"seed_played":"-1041138073866589923","potions_obtained":[{"floor":3.0,"key":"EntropicBrew"},{"floor":4.0,"key":"SpeedPotion"},{"floor":6.0,"key":"Swift Potion"},{"floor":18.0,"key":"Swift Potion"}],"is_trial":false,"path_per_floor":["M","M","M","M","?","M","R","?","T","E","$","R","$","M","R","B",null,"M","?","?","M","?","R","M","M","T","E"],"character_chosen":"THE_SILENT","items_purchased":["Underhanded Strike","Prepared"],"campfire_rested":1,"item_purchase_floors":[13,13],"current_hp_per_floor":[61,56,52,50,50,46,46,46,46,32,32,32,32,31,52,27,61,61,61,61,61,61,61,66,48,48,46,46],"gold":47,"neow_bonus":"TEN_PERCENT_HP_BONUS","is_daily":false,"chose_seed":false,"campfire_upgraded":3,"win_rate":0.0,"timestamp":1607924729,"path_taken":["M","M","M","M","?","M","R","?","T","E","?","R","$","M","R","BOSS","M","?","?","M","?","R","M","M","T","E"],"items_purchased_type":["Card","Card"],"build_version":"2020-12-13","purchased_purges":0,"victory":false,"max_hp_per_floor":[72,72,72,72,72,72,72,72,72,72,72,72,72,72,72,72,72,72,72,72,72,72,72,72,72,72,72,72],"card_choices":[{"not_picked":["Sucker Punch","Underhanded Strike"],"picked":"Dagger Throw","floor":1.0},{"not_picked":["Deflect","PiercingWail"],"picked":"Eviscerate","floor":2.0},{"not_picked":["PiercingWail","Flechettes"],"picked":"Cloak And Dagger","floor":3.0},{"not_picked":["Deadly Poison","Night Terror"],"picked":"Quick Slash","floor":4.0},{"not_picked":["Dodge and Roll","Calculated Gamble"],"picked":"Backflip","floor":6.0},{"not_picked":["Backflip","Cloak And Dagger"],"picked":"Dash","floor":10.0},{"not_picked":["Outmaneuver","Poisoned Stab"],"picked":"Leg Sweep","floor":14.0},{"not_picked":["Storm of Steel","A Thousand Cuts"],"picked":"Glass Knife","floor":16.0},{"not_picked":["Endless Agony","Blade Dance"],"picked":"Acrobatics","floor":18.0},{"not_picked":["Bane","Blur"],"picked":"PiercingWail","floor":21.0},{"not_picked":["Deadly Poison","Prepared+1"],"picked":"Calculated Gamble","floor":24.0},{"not_picked":["Bane","Sucker Punch"],"picked":"Escape Plan","floor":25.0}],"player_experience":1100968,"relics_obtained":[{"floor":9.0,"key":"Oddly Smooth Stone"},{"floor":10.0,"key":"Mercury Hourglass"},{"floor":26.0,"key":"White Beast Statue"}],"event_choices":[{"cards_removed":["Strike_G"],"damage_healed":0.0,"max_hp_gain":0.0,"max_hp_loss":0.0,"gold_gain":0.0,"event_name":"The Cleric","player_choice":"Card Removal","floor":5.0,"gold_loss":75.0,"damage_taken":0.0},{"damage_healed":0.0,"max_hp_gain":0.0,"max_hp_loss":0.0,"gold_gain":0.0,"event_name":"Golden Idol","player_choice":"Take Wound","floor":8.0,"gold_loss":0.0,"damage_taken":0.0,"relics_obtained":["Golden Idol"],"cards_obtained":["Injury"]},{"damage_healed":0.0,"max_hp_gain":0.0,"max_hp_loss":0.0,"gold_gain":0.0,"event_name":"Forgotten Altar","player_choice":"Gave Idol","floor":19.0,"relics_lost":["Golden Idol"],"gold_loss":0.0,"damage_taken":0.0,"relics_obtained":["Bloody Idol"]},{"damage_healed":0.0,"max_hp_gain":0.0,"max_hp_loss":0.0,"gold_gain":0.0,"event_name":"Masked Bandits","player_choice":"Paid Fearfully","floor":20.0,"gold_loss":177.0,"damage_taken":0.0}],"is_beta":false,"boss_relics":[{"not_picked":["Ring of the Serpent","Tiny House"],"picked":"Philosopher\u0027s Stone"}],"items_purged_floors":[],"is_endless":false,"potions_floor_spawned":[3,4,6,18],"killed_by":"Gremlin Leader","ascension_level":20}}