{"host":"w7o06k3e8uel8euj","time":1607915708,"event":{"mods":["AchievementEnabler","BaseMod","Colored Powertips","Custom Start","DeckTracker","Keyboard Shortcuts","Minty Spire (QoL Compilation)","Quick Restart","Relic Stats","StSLib","SuperFastMode","everything is the same but u backflip on backflip"],"gold_per_floor":[111,111,186,186,136,170,170,170,170,170,186,220,239,164,164,284,284,304,403,422,445,469,512,512,551,551,94,94,15,15,59,59,189,189,212,122,187,187,201,240,240,284,284,308,146,182,195,208,208,208,208,208,132,168,168],"floor_reached":56,"playtime":1576,"items_purged":["Defend_P","Strike_P","Consecrate"],"score":2236,"play_id":"a8ffaa06-c548-461d-994b-296682a3359b","local_time":"20201214121508","is_ascension_mode":true,"campfire_choices":[{"data":"Eruption","floor":10.0,"key":"SMITH"},{"data":"Adaptation","floor":15.0,"key":"SMITH"},{"floor":24.0,"key":"REST"},{"data":"TalkToTheHand","floor":32,"key":"SMITH"},{"data":"Scrawl","floor":41,"key":"SMITH"},{"floor":49,"key":"RECALL"},{"data":"Adaptation","floor":52,"key":"SMITH"}],"circlet_count":0,"master_deck":["AscendersBane","Eruption+1","Vigilance","Adaptation+1","FearNoEvil","FlurryOfBlows","EmptyFist","TalkToTheHand+1","CutThroughFate+1","Wallop","Scrawl+1","InnerPeace","Adaptation+1","TalkToTheHand"],"relics":["PureWater","NeowsBlessing","Ornamental Fan","Golden Idol","Juzu Bracelet","Mummified Hand","Meat on the Bone","Orichalcum","Empty Cage","Damaru","Nunchaku","Lantern","Calipers","Singing Bowl","Bronze Scales","Black Star","Pocketwatch","Incense Burner","Regal Pillow","Boot","Oddly Smooth Stone","Pantograph","Omamori","GoldenEye","Strawberry"],"acts_visited":["Exordium","TheCity","TheBeyond","TheEnding"],"potions_floor_usage":[50,55,55],"damage_taken":[{"damage":0.0,"enemies":"Cultist","floor":1.0,"turns":1.0},{"damage":0.0,"enemies":"Lagavulin","floor":6.0,"turns":1.0},{"damage":0.0,"enemies":"Small Slimes","floor":11.0,"turns":1.0},{"damage":20.0,"enemies":"3 Sentries","floor":12.0,"turns":9.0},{"damage":0.0,"enemies":"2 Louse","floor":13.0,"turns":2.0},{"damage":30.0,"enemies":"Slime Boss","floor":16.0,"turns":7.0},{"damage":26.0,"enemies":"3 Byrds","floor":18.0,"turns":5.0},{"damage":16.0,"enemies":"2 Thieves","floor":20.0,"turns":3.0},{"damage":2.0,"enemies":"Centurion and Healer","floor":21.0,"turns":5.0},{"damage":33.0,"enemies":"Snake Plant","floor":22.0,"turns":5.0},{"damage":0.0,"enemies":"Slavers","floor":23.0,"turns":2.0},{"damage":0,"enemies":"Gremlin Leader","floor":25,"turns":1},{"damage":5,"enemies":"Book of Stabbing","floor":31,"turns":5},{"damage":5,"enemies":"Automaton","floor":33,"turns":4},{"damage":4,"enemies":"3 Darklings","floor":35,"turns":2},{"damage":0,"enemies":"2 Orb Walkers","floor":37,"turns":2},{"damage":0,"enemies":"Orb Walker","floor":39,"turns":1},{"damage":0,"enemies":"Nemesis","floor":40,"turns":1},{"damage":0,"enemies":"Reptomancer","floor":42,"turns":5},{"damage":0,"enemies":"Writhing Mass","floor":44,"turns":2},{"damage":0,"enemies":"Giant Head","floor":46,"turns":2},{"damage":0,"enemies":"3 Darklings","floor":47,"turns":2},{"damage":0,"enemies":"Maw","floor":48,"turns":4},{"damage":4,"enemies":"Time Eater","floor":50,"turns":6},{"damage":0,"enemies":"Shield and Spear","floor":54,"turns":1},{"damage":0,"enemies":"The Heart","floor":55,"turns":5}],"seed_played":"1559063823004083974","potions_obtained":[{"floor":6.0,"key":"Fire Potion"},{"floor":13.0,"key":"Energy Potion"},{"floor":16.0,"key":"AttackPotion"},{"floor":18.0,"key":"FearPotion"},{"floor":20.0,"key":"Energy Potion"},{"floor":25,"key":"Block Potion"},{"floor":39,"key":"Swift Potion"}],"is_trial":false,"path_per_floor":["M","?","?","?","?","E","?","T","T","R","M","E","M","$","R","B",null,"M","?","M","M","M","E","R","E","T","$","?","$","?","E","R","B",null,"M","?","?","?","M","E","R","E","T","M","$","E","M","M","R","B",null,"R","$","E","B",null],"character_chosen":"WATCHER","items_purchased":["Calipers","TalkToTheHand","InnerPeace","Adaptation","TalkToTheHand"],"campfire_rested":1,"item_purchase_floors":[27,27,29,45,53],"current_hp_per_floor":[65,53,42,24,24,24,17,17,17,17,29,21,33,33,33,15,58,44,44,40,38,17,29,50,50,50,50,50,50,50,47,47,42,66,64,64,66,66,68,70,70,70,70,72,72,74,76,78,78,86,89,89,89,98,99],"gold":168,"neow_bonus":"THREE_ENEMY_KILL","is_daily":false,"chose_seed":false,"campfire_upgraded":5,"win_rate":0.0,"timestamp":1607915708,"path_taken":["M","?","?","?","?","E","?","?","T","R","M","E","M","$","R","BOSS","M","?","M","M","M","E","R","E","T","$","?","$","?","E","R","BOSS","M","?","?","?","M","E","R","E","T","M","$","E","M","M","R","BOSS","R","$","E","BOSS"],"items_purchased_type":["Relic","Card","Card","Card","Card"],"build_version":"2020-12-13","purchased_purges":3,"victory":true,"max_hp_per_floor":[72,72,72,72,72,72,72,72,72,72,72,72,72,72,72,72,72,72,72,72,72,72,72,72,72,72,72,72,72,72,74,74,74,74,76,76,78,78,80,82,82,82,82,84,84,86,88,90,90,90,90,90,90,99,99],"relic_stats":{"Regal Pillow":0,"Singing Bowl":20,"counters":[26,84],"Golden Idol":228,"Juzu Bracelet":2,"Orichalcum":[12],"Boot":[14],"GoldenEye":[0],"Nunchaku":[40],"Ornamental Fan":[616],"Mummified Hand":[33],"Bronze Scales":[111],"Pantograph":13,"Black Star":4,"obtain_stats":[{"Lantern":26,"Regal Pillow":40,"Calipers":27,"Singing Bowl":30,"Juzu Bracelet":6,"Incense Burner":40,"Empty Cage":17,"Boot":42,"Nunchaku":25,"Mummified Hand":8,"Pantograph":46,"Strawberry":54,"WingedGreaves":1,"NeowsBlessing":0,"Golden Idol":4,"Damaru":23,"Oddly Smooth Stone":42,"Omamori":46,"Orichalcum":12,"GoldenEye":54,"Ornamental Fan":2,"Bronze Scales":31,"Black Star":34,"PureWater":0,"Meat on the Bone":9,"Pocketwatch":37},{"Lantern":12,"Regal Pillow":18,"Calipers":12,"Singing Bowl":12,"Juzu Bracelet":2,"Incense Burner":18,"Empty Cage":6,"Boot":19,"Nunchaku":12,"Mummified Hand":2,"Pantograph":21,"Strawberry":25,"WingedGreaves":1,"NeowsBlessing":0,"Golden Idol":1,"Damaru":11,"Oddly Smooth Stone":19,"Omamori":21,"Orichalcum":4,"GoldenEye":25,"Ornamental Fan":1,"Bronze Scales":13,"Black Star":14,"PureWater":0,"Meat on the Bone":2,"Pocketwatch":16},{"Lantern":42,"Regal Pillow":57,"Calipers":42,"Singing Bowl":42,"Juzu Bracelet":2,"Incense Burner":57,"Empty Cage":21,"Boot":62,"Nunchaku":42,"Mummified Hand":2,"Pantograph":66,"Strawberry":79,"WingedGreaves":1,"NeowsBlessing":0,"Golden Idol":1,"Damaru":41,"Oddly Smooth Stone":62,"Omamori":66,"Orichalcum":12,"GoldenEye":79,"Ornamental Fan":1,"Bronze Scales":47,"Black Star":51,"PureWater":0,"Meat on the Bone":2,"Pocketwatch":55}],"Meat on the Bone":96,"Pocketwatch":[3]},"card_choices":[{"not_picked":["Protect","WaveOfTheHand","Consecrate"],"picked":"SKIP","floor":1.0},{"not_picked":["Brilliance","Sanctity","Nirvana"],"picked":"SKIP","floor":6.0},{"not_picked":["WaveOfTheHand","WindmillStrike"],"picked":"Adaptation","floor":11.0},{"not_picked":["FlyingSleeves","Consecrate"],"picked":"FearNoEvil","floor":12.0},{"not_picked":["Collect","CutThroughFate","LikeWater"],"picked":"SKIP","floor":13.0},{"not_picked":["DeceiveReality","ThirdEye"],"picked":"FlurryOfBlows","floor":18.0},{"not_picked":["FlurryOfBlows","Collect"],"picked":"Consecrate","floor":20.0},{"not_picked":["ClearTheMind","PathToVictory"],"picked":"EmptyFist","floor":21.0},{"not_picked":["EmptyFist","JustLucky+1","BowlingBash"],"picked":"SKIP","floor":22.0},{"not_picked":["Perseverance","DeusExMachina","Nirvana+1"],"picked":"SKIP","floor":23.0},{"not_picked":["JustLucky","SpiritShield","ClearTheMind"],"picked":"SKIP","floor":25},{"not_picked":["Wireheading","Prostrate","Crescendo"],"picked":"Singing Bowl","floor":31},{"not_picked":["Blasphemy","Judgement"],"picked":"Scrawl","floor":33},{"not_picked":["SashWhip+1","Pray","Fasting2+1"],"picked":"Singing Bowl","floor":35},{"not_picked":["FlyingSleeves","Collect","InnerPeace"],"picked":"Singing Bowl","floor":37},{"not_picked":["CutThroughFate+1","Prostrate+1","FearNoEvil+1"],"picked":"Singing Bowl","floor":39},{"not_picked":["Evaluate","WaveOfTheHand","PathToVictory"],"picked":"Singing Bowl","floor":40},{"not_picked":["Indignation","DevaForm"],"picked":"InnerPeace","floor":42},{"not_picked":["Crescendo","WaveOfTheHand","BowlingBash+1"],"picked":"Singing Bowl","floor":44},{"not_picked":["LikeWater+1","PathToVictory","EmptyBody+1"],"picked":"Singing Bowl","floor":46},{"not_picked":["Indignation+1","Fasting2","WreathOfFlame+1"],"picked":"Singing Bowl","floor":47},{"not_picked":["SashWhip+1","Weave","BowlingBash+1"],"picked":"Singing Bowl","floor":48},{"not_picked":["SpiritShield","WaveOfTheHand+1","SignatureMove+1"],"picked":"Singing Bowl","floor":54}],"player_experience":548478,"relics_obtained":[{"floor":6.0,"key":"Juzu Bracelet"},{"floor":8.0,"key":"Mummified Hand"},{"floor":9.0,"key":"Meat on the Bone"},{"floor":12.0,"key":"Orichalcum"},{"floor":23.0,"key":"Damaru"},{"floor":25,"key":"Nunchaku"},{"floor":26,"key":"Lantern"},{"floor":31,"key":"Bronze Scales"},{"floor":37,"key":"Pocketwatch"},{"floor":40,"key":"Incense Burner"},{"floor":40,"key":"Regal Pillow"},{"floor":42,"key":"Boot"},{"floor":42,"key":"Oddly Smooth Stone"},{"floor":46,"key":"Pantograph"},{"floor":46,"key":"Omamori"},{"floor":54,"key":"GoldenEye"},{"floor":54,"key":"Strawberry"}],"event_choices":[{"damage_healed":0.0,"max_hp_gain":0.0,"max_hp_loss":0.0,"gold_gain":0.0,"event_name":"Scrap Ooze","player_choice":"Success","floor":2.0,"gold_loss":0.0,"damage_taken":12.0,"relics_obtained":["Ornamental Fan"]},{"damage_healed":0.0,"max_hp_gain":0.0,"max_hp_loss":0.0,"gold_gain":75.0,"event_name":"World of Goop","player_choice":"Gather Gold","floor":3.0,"gold_loss":0.0,"damage_taken":11.0},{"damage_healed":0.0,"max_hp_gain":0.0,"max_hp_loss":0.0,"gold_gain":0.0,"event_name":"Golden Idol","player_choice":"Take Damage","floor":4.0,"gold_loss":0.0,"damage_taken":18.0,"relics_obtained":["Golden Idol"]},{"cards_removed":["Strike_P"],"damage_healed":0.0,"max_hp_gain":0.0,"max_hp_loss":0.0,"gold_gain":0.0,"event_name":"The Cleric","player_choice":"Card Removal","floor":5.0,"gold_loss":50.0,"damage_taken":0.0},{"cards_removed":["Defend_P"],"damage_healed":0.0,"max_hp_gain":0.0,"max_hp_loss":0.0,"gold_gain":0.0,"event_name":"Golden Wing","player_choice":"Card Removal","floor":7.0,"gold_loss":0.0,"damage_taken":7.0},{"damage_healed":0.0,"max_hp_gain":0.0,"max_hp_loss":0.0,"gold_gain":99.0,"event_name":"Nest","player_choice":"Stole From Cult","floor":19.0,"gold_loss":0.0,"damage_taken":0.0},{"damage_healed":0,"gold_gain":0,"cards_transformed":["Strike_P","Defend_P"],"player_choice":"Became Test Subject","damage_taken":0,"max_hp_gain":0,"max_hp_loss":0,"event_name":"Drug Dealer","floor":28,"gold_loss":0,"cards_obtained":["CutThroughFate","Wallop"]},{"damage_healed":0,"gold_gain":0,"player_choice":"Stole Relic","damage_taken":0,"relics_obtained":["Singing Bowl"],"max_hp_gain":0,"max_hp_loss":0,"event_name":"Addict","floor":30,"gold_loss":0,"cards_obtained":["Shame"]},{"cards_removed":["Shame"],"damage_healed":0,"gold_gain":0,"player_choice":"Upgrade and Remove","damage_taken":0,"max_hp_gain":0,"max_hp_loss":0,"event_name":"Designer","floor":36,"gold_loss":90,"cards_upgraded":["CutThroughFate"]},{"damage_healed":0,"gold_gain":0,"player_choice":"Fight","damage_taken":0,"max_hp_gain":0,"max_hp_loss":0,"event_name":"Mysterious Sphere","floor":37,"gold_loss":0},{"cards_removed":["InnerPeace"],"damage_healed":0,"gold_gain":0,"player_choice":"Removed Skill","damage_taken":0,"max_hp_gain":0,"max_hp_loss":0,"event_name":"Falling","floor":38,"gold_loss":0}],"is_beta":false,"boss_relics":[{"not_picked":["Philosopher\u0027s Stone","Calling Bell"],"picked":"Empty Cage"},{"not_picked":["Cursed Key","Velvet Choker"],"picked":"Black Star"}],"items_purged_floors":[14,27,45],"is_endless":false,"potions_floor_spawned":[6,13,16,18,20,25,33,39,40,46],"ascension_level":10}}