{"host":"ooetke516h53yqww","time":1607935511,"event":{"mods":["2.2 Compatiblity","Abigail Mod","Act Like it!","Astrologer","Bartender","BaseMod","Beaked The Cultist","Better Match","Better Third Choice","Conspire","Elementarium","Friendly Minions","Gensokyo","Hallownest","Hermit","HololiveMod","Hubris","Kiyohime????","Lobotomy","LobotomyExtend","Mari Mod (Legacy)","Mari\u0027s V1 Patch","Menagerie","Minty Spire (QoL Compilation)","Prisma Mod","Random Character Button","Replay The Spire","Robot Space Explorer","Spicy Shops","StSLib","Td1madao Mod","The Alterego","The Bug Knight","The Poker Player","The Senshi","TheSwordswoman","Uncapped","WarShipGirlsR/????R mod","Yohane!","???????????mod"],"gold_per_floor":[111,111,111,111,125,125,157,157,157,172,182,182,182],"floor_reached":12,"playtime":420,"items_purged":[],"score":88,"play_id":"3aa68ddd-f141-4b70-92d6-5f03b72a5072","local_time":"20201214174511","is_ascension_mode":true,"campfire_choices":[{"data":"astrologer:Fate","floor":6,"key":"SMITH"},{"data":"astrologer:ShootingStar","floor":8,"key":"SMITH"}],"circlet_count":0,"master_deck":["astrologer:Strike","astrologer:Strike","astrologer:Strike","astrologer:Strike","astrologer:Defend","astrologer:Defend","astrologer:Defend","astrologer:Defend","astrologer:NorthStar","astrologer:TheFool","Injury","astrologer:Fate+1","astrologer:FadingStar","Menagerie:DarkRitual","astrologer:MeteorShower","astrologer:ShootingStar+1","astrologer:Fireball","astrologer:Retelling"],"relics":["astrologer:SkyMirror","Menagerie:ShiftingBlessing","Akabeko","Mercury Hourglass"],"acts_visited":["Menagerie:Menagerie"],"potions_floor_usage":[],"damage_taken":[{"damage":1,"enemies":"Menagerie:StygianBoar","floor":1,"turns":3},{"damage":0,"enemies":"Menagerie:WhisperingWraith","floor":5,"turns":4},{"damage":36,"enemies":"Menagerie:VoidReaper","floor":7,"turns":6},{"damage":0,"enemies":"Menagerie:MonstrousExperiment","floor":10,"turns":3},{"damage":3,"enemies":"Menagerie:EntropyWarlock","floor":11,"turns":3},{"damage":33,"enemies":"Menagerie:Hydra","floor":12,"turns":4}],"seed_played":"-1194303174868317674","potions_obtained":[{"floor":1,"key":"Dexterity Potion"},{"floor":5,"key":"Venom Potion"},{"floor":11,"key":"SpeedPotion"}],"is_trial":false,"path_per_floor":["M","?","?","?","M","R","E","R","T","M","M","E"],"character_chosen":"ASTROLOGER","items_purchased":[],"campfire_rested":0,"item_purchase_floors":[],"current_hp_per_floor":[69,69,60,68,68,68,32,32,32,32,29,0,0],"gold":182,"neow_bonus":"THREE_RARE_CARDS","is_daily":false,"chose_seed":false,"campfire_upgraded":2,"win_rate":0.0,"timestamp":1607935511,"path_taken":["M","?","?","?","M","R","E","R","T","?","M","E"],"items_purchased_type":[],"build_version":"2020-12-13","purchased_purges":0,"victory":false,"max_hp_per_floor":[70,70,70,70,70,70,70,70,70,70,70,70,70],"card_choices":[{"not_picked":["astrologer:Wish","astrologer:TheWorld"],"picked":"astrologer:Fate","floor":0},{"not_picked":["astrologer:ReadTheStars","astrologer:Shine"],"picked":"astrologer:FadingStar","floor":1},{"not_picked":["Menagerie:Staggershock","Menagerie:SteelWall"],"picked":"Menagerie:DarkRitual","floor":2},{"not_picked":["astrologer:Moonlight","astrologer:Novile"],"picked":"astrologer:MeteorShower","floor":5},{"not_picked":["astrologer:ReadTheStars","astrologer:MeteorShower"],"picked":"astrologer:ShootingStar","floor":7},{"not_picked":["astrologer:SpaceDust","astrologer:Premonition"],"picked":"astrologer:Fireball","floor":10},{"not_picked":["astrologer:ReadTheStars","astrologer:Conjunction"],"picked":"astrologer:Retelling","floor":11}],"player_experience":1485629,"relics_obtained":[{"floor":7,"key":"Akabeko"},{"floor":9,"key":"Mercury Hourglass"}],"event_choices":[{"damage_healed":0,"gold_gain":0,"player_choice":"Peek","damage_taken":0,"max_hp_gain":0,"max_hp_loss":0,"event_name":"Menagerie:OvergrownLibrary","floor":2,"gold_loss":0},{"damage_healed":0,"gold_gain":0,"player_choice":"Touch","damage_taken":9,"relics_obtained":["Menagerie:ShiftingBlessing"],"max_hp_gain":0,"max_hp_loss":0,"event_name":"Menagerie:LunarGift","floor":3,"gold_loss":0}],"is_beta":false,"boss_relics":[],"items_purged_floors":[],"is_endless":false,"potions_floor_spawned":[1,5,11],"killed_by":"Menagerie:Hydra","ascension_level":3}}