{"host":"6wux4armhsntp4yb","time":1607947573,"event":{"mods":["BaseMod","Colored Map","Minty Spire (QoL Compilation)","Relic Stats"],"gold_per_floor":[212,127,144,158,173,173,207,86,86,86,86,98,116,144,144,215,215,235,235,235,235,235,235,235],"floor_reached":23,"playtime":1974,"items_purged":[],"score":498,"play_id":"37f8d840-0999-4ac1-9da4-6b3f5c7864d4","local_time":"20201214210613","is_ascension_mode":true,"campfire_choices":[{"data":"Dash","floor":6.0,"key":"SMITH"},{"data":"Neutralize","floor":11.0,"key":"SMITH"},{"data":"Footwork","floor":15.0,"key":"SMITH"}],"circlet_count":0,"master_deck":["AscendersBane","Strike_G","Strike_G","Strike_G","Strike_G","Defend_G","Defend_G","Defend_G","Defend_G","Defend_G","Survivor","Neutralize+1","Dash+1","Dagger Spray","Well Laid Plans","Poisoned Stab","Dagger Throw","Well Laid Plans","Blur","Footwork+1","Deflect","Heel Hook","A Thousand Cuts","RitualDagger"],"relics":["Ring of the Snake","HornCleat","InkBottle","Singing Bowl","HoveringKite","The Courier"],"acts_visited":["Exordium","TheCity"],"potions_floor_usage":[23],"damage_taken":[{"damage":4.0,"enemies":"Small Slimes","floor":1.0,"turns":3.0},{"damage":0.0,"enemies":"2 Louse","floor":3.0,"turns":3.0},{"damage":2.0,"enemies":"Jaw Worm","floor":4.0,"turns":6.0},{"damage":6.0,"enemies":"Looter","floor":5.0,"turns":4.0},{"damage":12.0,"enemies":"3 Sentries","floor":7.0,"turns":9.0},{"damage":4.0,"enemies":"Exordium Wildlife","floor":12.0,"turns":6.0},{"damage":0.0,"enemies":"Exordium Thugs","floor":13.0,"turns":6.0},{"damage":8.0,"enemies":"Gremlin Nob","floor":14.0,"turns":5.0},{"damage":0.0,"enemies":"The Guardian","floor":16.0,"turns":19.0},{"damage":8.0,"enemies":"Shell Parasite","floor":18.0,"turns":8.0},{"damage":44,"enemies":"Slavers","floor":23,"turns":4}],"seed_played":"-6850628000884482670","potions_obtained":[{"floor":4.0,"key":"SpeedPotion"},{"floor":7.0,"key":"ColorlessPotion"},{"floor":14.0,"key":"ColorlessPotion"},{"floor":16.0,"key":"PowerPotion"}],"is_trial":false,"path_per_floor":["M","$","M","M","M","R","E","$","T","?","R","M","M","E","R","B",null,"M","?","?","T","?","E"],"character_chosen":"THE_SILENT","items_purchased":["Dagger Spray","Fire Potion","Well Laid Plans","Blur"],"campfire_rested":0,"item_purchase_floors":[2,2,8,8],"current_hp_per_floor":[55,55,55,53,47,47,35,35,35,28,28,24,24,16,16,16,54,48,48,48,48,42,0,0],"gold":235,"neow_bonus":"HUNDRED_GOLD","is_daily":false,"chose_seed":false,"campfire_upgraded":3,"win_rate":0.0,"timestamp":1607947573,"path_taken":["M","$","M","M","M","R","E","$","T","?","R","M","M","E","R","BOSS","M","?","?","?","?","E"],"items_purchased_type":["Card","Potion","Card","Card"],"build_version":"2020-12-13","purchased_purges":0,"victory":false,"max_hp_per_floor":[66,66,66,66,66,66,66,66,66,66,66,66,66,66,66,66,66,68,68,68,68,68,68,68],"relic_stats":{"Singing Bowl":2,"counters":[11,73],"HoveringKite":[3],"obtain_stats":[{"HornCleat":7,"Singing Bowl":14,"HoveringKite":17,"The Courier":21,"InkBottle":9,"Ring of the Snake":0},{"HornCleat":5,"Singing Bowl":8,"HoveringKite":9,"The Courier":10,"InkBottle":5,"Ring of the Snake":0},{"HornCleat":25,"Singing Bowl":42,"HoveringKite":61,"The Courier":69,"InkBottle":25,"Ring of the Snake":0}],"InkBottle":[16],"Ring of the Snake":[22]},"card_choices":[{"not_picked":["Backflip","Cloak And Dagger"],"picked":"Dash","floor":1.0},{"not_picked":["Slice","Cloak And Dagger"],"picked":"Well Laid Plans","floor":3.0},{"not_picked":["Underhanded Strike","Expertise"],"picked":"Poisoned Stab","floor":4.0},{"not_picked":["Accuracy","Bane","Endless Agony"],"picked":"SKIP","floor":5.0},{"not_picked":["Poisoned Stab","Dodge and Roll"],"picked":"Dagger Throw","floor":7.0},{"not_picked":["Deadly Poison","Backstab"],"picked":"Footwork","floor":12.0},{"not_picked":["Leg Sweep","Acrobatics"],"picked":"Deflect","floor":13.0},{"not_picked":["Endless Agony","Outmaneuver"],"picked":"Heel Hook","floor":14.0},{"not_picked":["Tools of the Trade","Venomology"],"picked":"A Thousand Cuts","floor":16.0},{"not_picked":["Masterful Stab+1","Setup","Dagger Spray"],"picked":"Singing Bowl","floor":18.0}],"player_experience":5626921,"relics_obtained":[{"floor":7.0,"key":"HornCleat"},{"floor":9.0,"key":"InkBottle"},{"floor":14.0,"key":"Singing Bowl"},{"floor":21.0,"key":"The Courier"}],"event_choices":[{"cards_removed":["Strike_G"],"damage_healed":0.0,"max_hp_gain":0.0,"max_hp_loss":0.0,"gold_gain":0.0,"event_name":"Golden Wing","player_choice":"Card Removal","floor":10.0,"gold_loss":0.0,"damage_taken":7.0},{"damage_healed":0.0,"max_hp_gain":0.0,"max_hp_loss":0.0,"gold_gain":0.0,"event_name":"Cursed Tome","player_choice":"Ignored","floor":19.0,"gold_loss":0.0,"damage_taken":0.0},{"damage_healed":0.0,"max_hp_gain":0.0,"max_hp_loss":0.0,"gold_gain":0.0,"event_name":"The Mausoleum","player_choice":"Ignored","floor":20.0,"gold_loss":0.0,"damage_taken":0.0},{"damage_healed":0.0,"max_hp_gain":0.0,"max_hp_loss":0.0,"gold_gain":0.0,"event_name":"Nest","player_choice":"Joined the Cult","floor":22.0,"gold_loss":0.0,"damage_taken":6.0,"cards_obtained":["RitualDagger"]}],"is_beta":false,"boss_relics":[{"not_picked":["Fusion Hammer","Ring of the Serpent"],"picked":"HoveringKite"}],"items_purged_floors":[],"is_endless":false,"potions_floor_spawned":[4,7,14,16],"killed_by":"Slavers","ascension_level":20}}