{"host":"lctcqud4f9t1q6q5","time":1607912935,"event":{"mods":["BaseMod","Better Vampires","Block Reminder","Colored Map","Colored Powertips","Downfall","Highlight Path","KinomotoSakuraMod(木之本樱)","Lobotomy","LobotomyExtend","Marisa（F雨　魔理沙）","Minty Spire (QoL Compilation)","Reimu（博丽灵梦）","Relic Stats","Replay The Spire","RumiaBox-露米娅的神秘盒子","Shop Mod","Spicy Shops","StSLib","TestMod","The Bug Knight","WarShipGirlsR/战舰少女R mod","【功能Mod】混沌之环修复补丁","篝火指南"],"gold_per_floor":[99,112,112,112,122,99,162,162,182,199,374,429,442,476,62,62,47,32,42,60,60,60],"floor_reached":16,"playtime":958,"items_purged":[],"score":154,"play_id":"b99431a9-54d8-4518-8d9e-793422d83407","local_time":"20201214102855","is_ascension_mode":false,"campfire_choices":[{"floor":1.0,"key":"RECALL"}],"circlet_count":0,"master_deck":["champ:Strike","champ:Strike","champ:Defend","champ:Defend","champ:Execute","champ:Taunt","champ:RecklessLeap","champ:HeartStrike","champ:RecklessLeap","champ:FocusedGladiator","champ:GladiatorStyle","champ:Duel","champ:IgnorePain"],"relics":["champ:ChampionCrown","testmod-TestBox","testmod-Alchemist","downfall:HeartBlessingRed","Omamori","LetterFromLob","Gremlin Food","testmod-Justice","downfall:HeartBlessingGreen","MerchantsRug","Replay:Ringing Soul"],"acts_visited":["Exordium"],"potions_floor_usage":[16,16],"damage_taken":[{"damage":15.0,"enemies":"Small Slimes","floor":2.0,"turns":2.0},{"damage":20.0,"enemies":"2 Louse","floor":5.0,"turns":3.0},{"damage":26.0,"enemies":"Gremlin Nob","floor":2.0,"turns":3.0},{"damage":15.0,"enemies":"Cultist","floor":4.0,"turns":2.0},{"damage":15.0,"enemies":"2 Louse","floor":5.0,"turns":2.0},{"damage":33.0,"enemies":"Small Slimes","floor":8.0,"turns":2.0},{"damage":44.0,"enemies":"3 Sentries","floor":9.0,"turns":5.0},{"damage":55.0,"enemies":"downfall:FleeingMerchant","floor":12.0,"turns":4.0},{"damage":50.0,"enemies":"downfall:FleeingMerchant","floor":13.0,"turns":4.0},{"damage":17.0,"enemies":"Exordium Wildlife","floor":14.0,"turns":3.0},{"damage":25.0,"enemies":"Exordium Thugs","floor":15.0,"turns":2.0},{"damage":88,"enemies":"downfall:Ironclad","floor":16,"turns":10}],"seed_played":"-5751072316152040084","potions_obtained":[{"floor":2.0,"key":"Swift Potion"},{"floor":2.0,"key":"SmokeBomb"},{"floor":5.0,"key":"Fire Potion"},{"floor":8.0,"key":"SpeedPotion"},{"floor":15.0,"key":"Elixir"}],"is_trial":false,"path_per_floor":["R","M","?","?","M","$","R_BF","?","?","M","M","?","T","M","E","R","?","$","$","M","M","B"],"character_chosen":"THE_CHAMP","items_purchased":["MerchantsRug","Replay:Ringing Soul"],"campfire_rested":0,"item_purchase_floors":[10,10],"current_hp_per_floor":[90,90,90,90,90,90,84,84,84,84,84,84,81,72,72,72,65,63,61,54,0,0],"gold":60,"neow_bonus":"THREE_CARDS","is_daily":false,"chose_seed":false,"campfire_upgraded":0,"win_rate":0.0,"timestamp":1607912935,"path_taken":["R","M","?","?","M","?","R_BF","?","?","?","M","?","T","M","E","R","?","$","$","M","M","BOSS"],"items_purchased_type":["Relic","Relic"],"build_version":"2020-12-13","purchased_purges":0,"victory":false,"max_hp_per_floor":[90,90,90,90,90,90,90,90,90,90,90,90,90,90,90,90,93,101,101,104,104,104],"relic_stats":{"counters":[12,42],"obtain_stats":[{"Gremlin Food":7,"MerchantsRug":10,"Replay:Ringing Soul":10,"testmod-TestBox":0,"testmod-Alchemist":0,"downfall:HeartBlessingRed":1,"champ:ChampionCrown":0,"downfall:HeartBlessingGreen":10,"LetterFromLob":2,"Omamori":2,"testmod-Justice":9},{"Gremlin Food":5,"MerchantsRug":7,"Replay:Ringing Soul":7,"testmod-TestBox":0,"testmod-Alchemist":0,"downfall:HeartBlessingRed":2,"champ:ChampionCrown":0,"downfall:HeartBlessingGreen":7,"LetterFromLob":1,"Omamori":3,"testmod-Justice":7},{"Gremlin Food":12,"MerchantsRug":19,"Replay:Ringing Soul":19,"testmod-TestBox":0,"testmod-Alchemist":0,"downfall:HeartBlessingRed":5,"champ:ChampionCrown":0,"downfall:HeartBlessingGreen":19,"LetterFromLob":2,"Omamori":8,"testmod-Justice":19}]},"card_choices":[{"not_picked":["champ:BringItOn","champ:FlashCut"],"picked":"champ:RecklessLeap","floor":0.0},{"not_picked":["champ:GladiatorsShout","champ:RecklessLeap"],"picked":"champ:HeartStrike","floor":2.0},{"not_picked":["champ:CrookedStrike","champ:BladeFlurry"],"picked":"champ:FightOn","floor":5.0},{"not_picked":["champ:Backstep","champ:CrookedStrike"],"picked":"champ:RecklessLeap","floor":4.0},{"not_picked":["champ:FightOn","champ:HeartStrike","champ:Encircle"],"picked":"SKIP","floor":5.0},{"not_picked":["champ:RapidStrikes","champ:EnragedBash","champ:ArenaPreparation"],"picked":"SKIP","floor":8.0},{"not_picked":["champ:BringItOn","champ:PerfectForm"],"picked":"champ:FocusedGladiator","floor":9.0},{"not_picked":["champ:FaceSlap","champ:BringItOn"],"picked":"champ:GladiatorStyle","floor":12.0},{"not_picked":["champ:FanOfKnives","champ:SkillfulDodge"],"picked":"champ:Duel","floor":13.0},{"not_picked":["champ:FanOfKnives","champ:RapidStrikes","champ:AdrenalArmor"],"picked":"SKIP","floor":14.0},{"not_picked":["champ:Circumvent","champ:EnGarde"],"picked":"champ:IgnorePain","floor":15.0}],"player_experience":306518,"relics_obtained":[{"floor":2.0,"key":"LetterFromLob"},{"floor":2.0,"key":"Omamori"},{"floor":4.0,"key":"LetterFromLob"},{"floor":7.0,"key":"Gremlin Food"},{"floor":9.0,"key":"testmod-Justice"}],"event_choices":[{"cards_removed":["champ:Strike"],"damage_healed":0.0,"max_hp_gain":0.0,"max_hp_loss":0.0,"gold_gain":0.0,"event_name":"The Cleric","player_choice":"Card Removal","floor":3.0,"gold_loss":0.0,"damage_taken":0.0},{"cards_removed":["champ:Defend"],"damage_healed":0.0,"max_hp_gain":0.0,"max_hp_loss":0.0,"gold_gain":0.0,"event_name":"Bonfire Elementals","player_choice":"Offered Basic","floor":3.0,"gold_loss":0.0,"damage_taken":0.0},{"cards_removed":["champ:Defend"],"damage_healed":0.0,"max_hp_gain":0.0,"max_hp_loss":0.0,"gold_gain":0.0,"event_name":"Purifier","player_choice":"Purged","floor":11.0,"gold_loss":0.0,"damage_taken":0.0}],"is_beta":false,"boss_relics":[],"items_purged_floors":[],"is_endless":false,"potions_floor_spawned":[2,2,5,8,15],"killed_by":"downfall:Ironclad","ascension_level":0}}