{"host":"79x1xq0joessh4ki","time":1607958963,"event":{"mods":["BaseMod","Hermit","Minty Spire (QoL Compilation)","Relic Stats","StSLib"],"gold_per_floor":[111,23,23,41,41,41,41,41],"floor_reached":7,"playtime":165,"items_purged":[],"score":78,"play_id":"328e2f50-48bf-495b-a0fd-f8479086f9c3","local_time":"20201214161603","is_ascension_mode":true,"campfire_choices":[{"data":"WheelKick","floor":6,"key":"SMITH"}],"circlet_count":0,"master_deck":["AscendersBane","Strike_P","Strike_P","Strike_P","Strike_P","Defend_P","Defend_P","Defend_P","Defend_P","Eruption+1","Vigilance","CutThroughFate+1","WheelKick+1"],"relics":["Velvet Choker","Golden Idol"],"acts_visited":["Exordium"],"potions_floor_usage":[7],"damage_taken":[{"damage":5,"enemies":"2 Louse","floor":1,"turns":4},{"damage":0,"enemies":"Small Slimes","floor":4,"turns":2},{"damage":0,"enemies":"Lagavulin","floor":7,"turns":4}],"seed_played":"2035514780586972628","potions_obtained":[{"floor":1,"key":"AttackPotion"}],"is_trial":false,"path_per_floor":["M","$","?","M","?","R","E"],"character_chosen":"WATCHER","items_purchased":["WheelKick"],"campfire_rested":0,"item_purchase_floors":[2],"current_hp_per_floor":[56,56,36,36,36,36,36,36],"gold":41,"neow_bonus":"BOSS_RELIC","is_daily":false,"chose_seed":false,"campfire_upgraded":1,"win_rate":0.0,"timestamp":1607958963,"path_taken":["M","$","?","M","?","R","E"],"items_purchased_type":["Card"],"build_version":"2020-12-13","purchased_purges":0,"victory":false,"max_hp_per_floor":[68,68,68,68,62,62,62,62],"relic_stats":{"counters":[3,10],"Golden Idol":0,"obtain_stats":[{"Golden Idol":5,"Velvet Choker":0,"PureWater":0},{"Golden Idol":2,"Velvet Choker":0,"PureWater":0},{"Golden Idol":6,"Velvet Choker":0,"PureWater":0}]},"card_choices":[{"not_picked":["Worship","InnerPeace"],"picked":"CutThroughFate","floor":1},{"not_picked":["FollowUp","Collect","Consecrate"],"picked":"SKIP","floor":4}],"player_experience":695578,"relics_obtained":[],"event_choices":[{"damage_healed":0,"gold_gain":0,"player_choice":"Entered Light","damage_taken":20,"max_hp_gain":0,"max_hp_loss":0,"event_name":"Shining Light","floor":3,"gold_loss":0,"cards_upgraded":["Eruption","CutThroughFate"]},{"damage_healed":0,"gold_gain":0,"player_choice":"Lose Max HP","damage_taken":0,"relics_obtained":["Golden Idol"],"max_hp_gain":0,"max_hp_loss":6,"event_name":"Golden Idol","floor":5,"gold_loss":0}],"is_beta":false,"boss_relics":[],"items_purged_floors":[],"is_endless":false,"potions_floor_spawned":[1],"killed_by":"Lagavulin","ascension_level":20}}