{"host":"vvp4eihuvtuugjfx","time":1607941360,"event":{"mods":["Act Like it!","Aspiration","BaseMod","Better Note","CCEM","Colored Map","Colored Powertips","Downfall","Hallownest","Highlight Path","Mimic Mod","Minty Spire (QoL Compilation)","Permanent Neow","Quick Restart","Replay The Spire","Shop Mod","Spicy Shops","StSLib","The Bug Knight","The Construct","Unceasing Turn Reminder"],"gold_per_floor":[99,112,112,125,136,136,167,192,192,223,236,686,108,182,201,301,301,301,401,401,401,434,446,485,485,517,442,452,452,482,499,518,617,617,467,477,477,511,511,545,545,545,558,558,604,623,637,737,751,751],"floor_reached":51,"playtime":5500,"items_purged":[],"score":1003,"play_id":"5bd67549-5ee6-48e5-8dae-232177776bc3","local_time":"20201214112240","is_ascension_mode":false,"campfire_choices":[{"floor":1,"key":"DIG"},{"data":"hexamod:PhantomFireball","floor":6,"key":"SMITH"},{"data":"hexamod:CrushingStance","floor":9,"key":"SMITH"},{"data":"hexamod:TimeWarp","floor":18,"key":"SMITH"},{"data":"hexamod:NightmareGuise","floor":21,"key":"SMITH"},{"data":"hexamod:FastForward","floor":25,"key":"SMITH"},{"floor":27,"key":"RECALL"},{"data":"hexamod:FastForward","floor":35,"key":"SMITH"},{"data":"hexamod:WildfireWeapon","floor":37,"key":"SMITH"},{"data":"hexamod:FastForward","floor":44,"key":"SMITH"}],"circlet_count":0,"master_deck":["hexamod:Strike","hexamod:Strike","hexamod:Strike","hexamod:Defend","hexamod:Defend","hexamod:Defend","hexamod:Defend","hexamod:Sear","hexamod:Float","hexamod:PhantomFireball+1","hexamod:NightmareStrike","hexamod:SpectralSpark","hexamod:CrushingStance+1","hexamod:NightmareGuise+1","hexamod:InspiringFlames","hexamod:RainOfEmbers","Slimebound:Icky","Slimebound:Icky","Slimebound:Icky","hexamod:NightmareStrike","hexamod:RainOfEmbers","hexamod:TimeWarp+1","hexamod:SpectersWail","hexamod:TimeWarp+1","hexamod:AdvancingGuard+1","hexamod:FastForward+1","hexamod:HeatMetal+1","hexamod:FastForward+1","hexamod:NightmareGuise","hexamod:NightmareGuise","hexamod:ChargedBarrage+1","hexamod:NightmareGuise","hexamod:WildfireWeapon+1","Slimebound:Icky","Guardian:Aged","Guardian:Aged","hexamod:HauntingEcho+1","hexamod:AdvancingGuard+1","hexamod:FourthSeal","hexamod:InspiringFlames+1","hexamod:FastForward+1","hexamod:Hexaguard","hexamod:SpectersWail+1","hexamod:SuperheatedStrike+1","hexamod:TimeOfNeed+1"],"relics":["hexamod:SpiritBrand","InkBottle","Art of War","Lantern","MerchantsRug","aspiration:HatOfInfinitePower","Toy Ornithopter","Divine Protection","ChewingGum","Potion Belt","Question Card","CCEMRelics:Francisca","downfall:HeartBlessingGreen","CCEMRelics:Sandal","Guardian:GemstoneGun","downfall:HeartBlessingRed","downfall:HeartBlessingBlue","MealTicket","Golden Egg","Oddly Smooth Stone","CCEMRelics:WrappedPresent","Replay:Arrowhead"],"acts_visited":["Exordium","TheCity","TheBeyond"],"potions_floor_usage":[22,33,33,38,48,49],"damage_taken":[{"damage":0,"enemies":"2 Louse","floor":2,"turns":2},{"damage":0,"enemies":"Cultist","floor":4,"turns":4},{"damage":0,"enemies":"Jaw Worm","floor":5,"turns":2},{"damage":0,"enemies":"Large Slime","floor":7,"turns":5},{"damage":4,"enemies":"3 Sentries","floor":8,"turns":5},{"damage":13,"enemies":"Lagavulin","floor":10,"turns":5},{"damage":0,"enemies":"Large Slime","floor":11,"turns":4},{"damage":0,"enemies":"downfall:FleeingMerchant","floor":13,"turns":4},{"damage":0,"enemies":"Blue Slaver","floor":15,"turns":2},{"damage":9,"enemies":"downfall:Watcher","floor":16,"turns":8},{"damage":6,"enemies":"downfall:LadyInBlue","floor":19,"turns":4},{"damage":0,"enemies":"Slavers","floor":22,"turns":5},{"damage":2,"enemies":"3 Byrds","floor":23,"turns":4},{"damage":0,"enemies":"Snecko","floor":24,"turns":4},{"damage":2,"enemies":"Book of Stabbing","floor":26,"turns":4},{"damage":3,"enemies":"Snecko","floor":28,"turns":3},{"damage":0,"enemies":"Sentry and Sphere","floor":30,"turns":5},{"damage":0,"enemies":"Sentry and Sphere","floor":31,"turns":4},{"damage":0,"enemies":"Centurion and Healer","floor":32,"turns":3},{"damage":9,"enemies":"downfall:Defect","floor":33,"turns":5},{"damage":4,"enemies":"Orb Walker","floor":36,"turns":3},{"damage":18,"enemies":"Giant Head","floor":38,"turns":7},{"damage":0,"enemies":"HollowMod:StalkingDevout","floor":40,"turns":5},{"damage":0,"enemies":"3 Shapes","floor":43,"turns":3},{"damage":18,"enemies":"Writhing Mass","floor":46,"turns":5},{"damage":0,"enemies":"4 Shapes","floor":47,"turns":4},{"damage":0,"enemies":"downfall:FleeingMerchant","floor":48,"turns":4},{"damage":0,"enemies":"Spire Growth","floor":49,"turns":4},{"damage":11,"enemies":"downfall:Ironclad","floor":50,"turns":8}],"seed_played":"-6587541906845439461","potions_obtained":[{"floor":2,"key":"Strength Potion"},{"floor":10,"key":"construct:ShiftPotion"},{"floor":16,"key":"Swift Potion"},{"floor":19,"key":"DuplicationPotion"},{"floor":19,"key":"AttackPotion"},{"floor":19,"key":"DistilledChaos"},{"floor":22,"key":"Elixir"},{"floor":31,"key":"Slimebound:ThreeZeroPotion"},{"floor":32,"key":"Strength Potion"},{"floor":36,"key":"Adrenaline Potion"},{"floor":40,"key":"Ancient Potion"},{"floor":46,"key":"Cursed Concoction"},{"floor":46,"key":"DistilledChaos"},{"floor":49,"key":"Block Potion"},{"floor":49,"key":"Fire Potion"}],"is_trial":false,"path_per_floor":["R_BF","M","?","M","M","R","MIM","E","R","E","M","?","$","T","M","B",null,"R","?","?","R","E","M","MIM","R","E","R","M","?","MIM","M","M","B",null,"R","M","R","E","?","E","T","?","M","R","T","M","M","$","M","B",null],"character_chosen":"THE_SPIRIT","items_purchased":["MerchantsRug","aspiration:HatOfInfinitePower","Toy Ornithopter","CCEMRelics:WrappedPresent"],"campfire_rested":0,"item_purchase_floors":[13,13,13,48],"current_hp_per_floor":[70,70,70,70,70,70,70,66,66,53,53,53,53,53,53,44,70,70,64,64,64,69,67,67,67,65,65,62,52,52,52,52,53,77,87,83,83,70,70,70,70,70,70,70,70,52,52,82,87,76],"gold":751,"neow_bonus":"RANDOM_COMMON_RELIC","is_daily":false,"chose_seed":false,"campfire_upgraded":8,"win_rate":0.0,"timestamp":1607941360,"path_taken":["R_BF","M","?","?","M","R","MIM","E","R","E","M","?","$","?","M","BOSS","R","?","?","R","E","M","MIM","R","E","R","M","?","?","?","M","BOSS","R","M","R","E","?","E","T","?","M","R","?","M","M","$","M","BOSS"],"items_purchased_type":["Relic","Relic","Relic","Relic"],"build_version":"2020-12-13","purchased_purges":0,"victory":true,"max_hp_per_floor":[70,70,70,70,70,70,70,70,70,70,70,70,70,70,70,70,70,70,70,70,70,70,70,70,70,70,70,70,70,70,70,70,70,77,87,87,87,87,87,87,87,87,87,87,87,87,87,92,92,92],"card_choices":[{"not_picked":["hexamod:SpectersWail","hexamod:ShieldOfDarkness"],"picked":"hexamod:PhantomFireball","floor":2},{"not_picked":["hexamod:RetreatToShadows","hexamod:AdvancingGuard"],"picked":"hexamod:NightmareStrike","floor":4},{"not_picked":["hexamod:NightmareGuise","hexamod:GhostShield"],"picked":"hexamod:SpectralSpark","floor":5},{"not_picked":["hexamod:SwordOfDarkness","hexamod:Rewind"],"picked":"hexamod:CrushingStance","floor":7},{"not_picked":["hexamod:Again","hexamod:BurningTouch"],"picked":"hexamod:NightmareGuise","floor":8},{"not_picked":["hexamod:BurningTouch","hexamod:GhostShield"],"picked":"hexamod:InspiringFlames","floor":10},{"not_picked":["hexamod:GhostOfSpireFuture","hexamod:FastForward"],"picked":"hexamod:RainOfEmbers","floor":11},{"not_picked":["hexamod:GhostflameInferno","hexamod:BurningTouch"],"picked":"hexamod:NightmareStrike","floor":13},{"not_picked":["hexamod:InspiringFlames","hexamod:GhostLash"],"picked":"hexamod:RainOfEmbers","floor":15},{"not_picked":["hexamod:UnlimitedPower","hexamod:GiftsFromTheDead"],"picked":"hexamod:TimeWarp","floor":16},{"not_picked":["hexamod:ShieldOfDarkness","hexamod:PowerFromBeyond"],"picked":"hexamod:SpectersWail","floor":19},{"not_picked":["hexamod:SwordOfDarkness","hexamod:ChargedBarrage+1"],"picked":"hexamod:AdvancingGuard+1","floor":22},{"not_picked":["hexamod:AdvancingGuard","hexamod:GhostShield","hexamod:ChargedBarrage"],"picked":"hexamod:FastForward","floor":23},{"not_picked":["hexamod:RadiantFlame+1","hexamod:SpectersWail","hexamod:EmpoweredFlame+1"],"picked":"hexamod:HeatMetal+1","floor":24},{"not_picked":["hexamod:SwordOfDarkness","hexamod:SpectersWail","hexamod:FourthSeal"],"picked":"hexamod:FastForward","floor":26},{"not_picked":["hexamod:GhostShield","hexamod:BurningTouch+1","hexamod:GiftsFromTheDead"],"picked":"hexamod:NightmareGuise","floor":28},{"not_picked":["hexamod:ThermalTransfer","hexamod:NightmareStrike","hexamod:HeatShield"],"picked":"hexamod:NightmareGuise","floor":30},{"not_picked":["hexamod:Again","hexamod:ApocalypseNow","hexamod:BurningTouch"],"picked":"hexamod:ChargedBarrage+1","floor":31},{"not_picked":["hexamod:Firestarter+1","hexamod:EmpoweringStance","hexamod:Hexaguard+1"],"picked":"hexamod:NightmareGuise","floor":32},{"not_picked":["hexamod:GhostflameInferno","hexamod:SearingWound","hexamod:TimeOfNeed"],"picked":"hexamod:WildfireWeapon","floor":33},{"not_picked":["sneckomod:Bewildered","Parasite","Spreading Infection"],"picked":"Slimebound:Icky","floor":34},{"not_picked":["ReplayTheSpireMod:Doomed","CurseOfTheBell","Looming Evil"],"picked":"Guardian:Aged","floor":34},{"not_picked":["Decay","ReplayTheSpireMod:IOU","Delirium"],"picked":"Guardian:Aged","floor":34},{"not_picked":["hexamod:GiftsFromTheDead","hexamod:ShieldOfDarkness","hexamod:SoulSteal+1"],"picked":"hexamod:HauntingEcho+1","floor":36},{"not_picked":["hexamod:GhostLash","hexamod:CatchUp+1","hexamod:PhantomFireball"],"picked":"hexamod:AdvancingGuard+1","floor":38},{"not_picked":["hexamod:Again","hexamod:SoulSteal","hexamod:SecondSeal"],"picked":"hexamod:InspiringFlames+1","floor":40},{"not_picked":["hexamod:ThermalTransfer","hexamod:GhostLash","hexamod:GhostOfSpireFuture+1"],"picked":"hexamod:FastForward","floor":43},{"not_picked":["hexamod:SwordOfDarkness+1","hexamod:GhostLash+1","hexamod:Incineration"],"picked":"hexamod:Hexaguard","floor":46},{"not_picked":["hexamod:GhostShield+1","hexamod:Haunt","hexamod:InspiringFlames+1"],"picked":"hexamod:SpectersWail+1","floor":47},{"not_picked":["hexamod:GhostflameInferno","hexamod:Rewind","hexamod:Again"],"picked":"hexamod:SuperheatedStrike","floor":48},{"not_picked":["hexamod:HauntingEcho+1","hexamod:GhostLash","hexamod:SwordOfDarkness+1"],"picked":"hexamod:TimeOfNeed","floor":49}],"player_experience":727226,"relics_obtained":[{"floor":1,"key":"InkBottle"},{"floor":7,"key":"Art of War"},{"floor":8,"key":"Lantern"},{"floor":10,"key":"Dream Catcher"},{"floor":14,"key":"Divine Protection"},{"floor":19,"key":"Potion Belt"},{"floor":22,"key":"Question Card"},{"floor":24,"key":"Replay:Accelerometer"},{"floor":26,"key":"CCEMRelics:Francisca"},{"floor":38,"key":"CCEMRelics:FryingPan"},{"floor":40,"key":"MealTicket"},{"floor":41,"key":"Golden Egg"},{"floor":45,"key":"Oddly Smooth Stone"},{"floor":48,"key":"Replay:Arrowhead"}],"event_choices":[{"cards_removed":["hexamod:Strike"],"damage_healed":0,"gold_gain":0,"player_choice":"Purged","damage_taken":0,"max_hp_gain":0,"max_hp_loss":0,"event_name":"Purifier","floor":3,"gold_loss":0},{"damage_healed":0,"gold_gain":0,"player_choice":"Copied","damage_taken":0,"max_hp_gain":0,"max_hp_loss":0,"event_name":"Duplicator","floor":20,"gold_loss":0,"cards_obtained":["hexamod:TimeWarp"]}],"is_beta":false,"boss_relics":[{"not_picked":["Black Star","Busted Crown"],"picked":"ChewingGum"},{"not_picked":["construct:WeddingRing","Runic Pyramid"],"picked":"Replay:Ancient Bell"},{"not_picked":["Blue Doll","Simple Rune"],"picked":"Strawberry"},{"not_picked":["Onion Ring","Mercury Hourglass"],"picked":"CCEMRelics:Sandal"},{"not_picked":["Incense Burner","Thread and Needle"],"picked":"Guardian:GemstoneGun"}],"items_purged_floors":[],"is_endless":false,"potions_floor_spawned":[2,10,16,22,31,32,36,46,49],"ascension_level":0}}