{"host":"omuz9yzrsj9oc9b2","time":1607957806,"event":{"mods":["2.2 Compatiblity","BaseMod","Downfall","Minty Spire (QoL Compilation)","Replay The Spire","StSLib","The Poker Player"],"gold_per_floor":[99,99,128,478,478,578,578,428,446,472,87,101,121,137,153,258,258,258,258,258],"floor_reached":19,"playtime":1207,"items_purged":[],"score":200,"play_id":"c0815ef2-77fd-4de3-8787-3f4824174ff7","local_time":"20201214145646","is_ascension_mode":false,"campfire_choices":[{"floor":1,"key":"DIG"},{"floor":5,"key":"RECALL"},{"data":"champ:Encircle","floor":8,"key":"SMITH"},{"data":"champ:Devastate","floor":18,"key":"SMITH"}],"circlet_count":0,"master_deck":["champ:Strike","champ:Strike","champ:Strike","champ:Strike","champ:Defend","champ:Defend","champ:Defend","champ:Defend","champ:Execute","champ:Taunt","champ:AdrenalArmor+1","champ:FanOfKnives","Slimebound:Icky","champ:Encircle+1","champ:LastStand","champ:Devastate+1","champ:PerfectedStrike","champ:BerserkersShout","champ:EndlessRage","champ:BerserkersShout","champ:ArenaPreparation","champ:BerserkersShout","champ:AdrenalArmor","champ:Improvising"],"relics":["champ:ChampionCrown","downfall:HeartsMalice","champ:FightingForDummies","Pet Ghost","Ring of Greed","Replay:Wax Seal","Old Coin","Ring of Misfortune","downfall:HeartBlessingBlue","downfall:HeartBlessingRed","ReplayFunnel","Onion Ring","Replay:Drink Me"],"acts_visited":["Exordium","TheCity"],"potions_floor_usage":[16,16],"damage_taken":[{"damage":0,"enemies":"2 Louse","floor":2,"turns":1},{"damage":0,"enemies":"3 Sentries","floor":3,"turns":1},{"damage":0,"enemies":"downfall:Heads","floor":6,"turns":1},{"damage":10,"enemies":"Jaw Worm","floor":9,"turns":2},{"damage":29,"enemies":"Lagavulin","floor":10,"turns":5},{"damage":4,"enemies":"downfall:FleeingMerchant","floor":11,"turns":4},{"damage":2,"enemies":"Cultist","floor":12,"turns":2},{"damage":13,"enemies":"Lots of Slimes","floor":13,"turns":3},{"damage":14,"enemies":"2 Fungi Beasts","floor":14,"turns":3},{"damage":4,"enemies":"Blue Slaver","floor":15,"turns":2},{"damage":53,"enemies":"downfall:Watcher","floor":16,"turns":6},{"damage":10,"enemies":"Book of Stabbing","floor":19,"turns":1}],"seed_played":"-8360478156620260608","potions_obtained":[{"floor":10,"key":"Block Potion"},{"floor":12,"key":"SpeedPotion"},{"floor":13,"key":"Toxic Potion"},{"floor":14,"key":"DistilledChaos"}],"is_trial":false,"path_per_floor":["R","M","E","?","R","?","T","R","M","E","$","M","M","M","M","B",null,"R","E"],"character_chosen":"THE_CHAMP","items_purchased":["champ:BerserkersShout","champ:EndlessRage","Onion Ring"],"campfire_rested":0,"item_purchase_floors":[11,11,11],"current_hp_per_floor":[90,90,90,90,90,90,90,100,98,96,98,98,95,95,100,98,75,75,65,65],"gold":258,"neow_bonus":"THREE_ENEMY_KILL","is_daily":false,"chose_seed":false,"campfire_upgraded":2,"win_rate":0.0,"timestamp":1607957806,"path_taken":["R","M","E","?","R","?","T","R","M","E","$","M","M","?","M","BOSS","R","E"],"items_purchased_type":["Card","Card","Relic"],"build_version":"2020-12-13","purchased_purges":0,"victory":false,"max_hp_per_floor":[90,90,90,90,90,90,90,100,100,100,100,100,100,100,100,100,75,75,75,75],"card_choices":[{"not_picked":["champ:StanceDance","champ:Lariat"],"picked":"champ:AdrenalArmor","floor":2},{"not_picked":["champ:TornadoPunch","champ:BringItOn"],"picked":"champ:FanOfKnives","floor":3},{"not_picked":["champ:BladeFlurry","champ:Haymaker"],"picked":"champ:Encircle","floor":6},{"not_picked":["champ:Encircle","champ:PerfectedStrike"],"picked":"champ:LastStand","floor":9},{"not_picked":["champ:GladiatorsShout","champ:Circumvent"],"picked":"champ:Devastate","floor":10},{"not_picked":["champ:GladiatorStyle","champ:Backstep"],"picked":"champ:PerfectedStrike","floor":11},{"not_picked":["champ:DefensiveShout","champ:Haymaker"],"picked":"champ:BerserkersShout","floor":12},{"not_picked":["champ:Shatter","champ:CrookedStrike"],"picked":"champ:ArenaPreparation","floor":13},{"not_picked":["champ:Circumvent","champ:MurderStrike"],"picked":"champ:BerserkersShout","floor":14},{"not_picked":["champ:BringItOn","champ:FlashCut"],"picked":"champ:AdrenalArmor","floor":15},{"not_picked":["champ:DancingMaster","champ:IgnorePain"],"picked":"champ:Improvising","floor":16}],"player_experience":243142,"relics_obtained":[{"floor":1,"key":"champ:FightingForDummies"},{"floor":3,"key":"Pet Ghost"},{"floor":4,"key":"Ring of Greed"},{"floor":4,"key":"Replay:Wax Seal"},{"floor":4,"key":"Old Coin"},{"floor":4,"key":"Ring of Misfortune"},{"floor":10,"key":"ReplayFunnel"}],"event_choices":[],"is_beta":false,"boss_relics":[{"not_picked":["Astrolabe","Kintsugi"],"picked":"Replay:Drink Me"}],"items_purged_floors":[],"is_endless":false,"potions_floor_spawned":[10,12,13,14],"killed_by":"Book of Stabbing","ascension_level":0}}