{"host":"0cm5wy4nhuju7tij","time":1607918852,"event":{"mods":["2.2 Compatiblity","AchievementEnabler","BaseMod","Better Third Choice","BetterRewards","CCEM","CatGirl Mod","ChefMod","Colored Powertips","Custom Start","Displayed Cursed Tome","Downfall","Filter the Spire","Fireblade Mod","Hermit","Highlight Path","Minty Spire (QoL Compilation)","Permanent Neow","Spicy Shops","StSLib","The Bladedancer"],"gold_per_floor":[114,127,127,137,157,185,185,185,185,196,196,224,240,253,253,253,253],"floor_reached":16,"playtime":619,"items_purged":[],"score":114,"play_id":"dff87a39-b653-4dcf-9f3d-abc7d75a5b10","local_time":"20201213230732","is_ascension_mode":false,"campfire_choices":[{"floor":7,"key":"REST"},{"floor":15,"key":"REST"}],"circlet_count":0,"master_deck":["FireBladeMod:StrikeFireBlade","FireBladeMod:StrikeFireBlade","FireBladeMod:StrikeFireBlade","FireBladeMod:StrikeFireBlade","FireBladeMod:DefendFireBlade","FireBladeMod:DefendFireBlade","FireBladeMod:DefendFireBlade","FireBladeMod:DefendFireBlade","FireBladeMod:FlamingSword","FireBladeMod:FireBarrier","FireBladeMod:StingingSlash","FireBladeMod:FinishingBarrage","FireBladeMod:SoulStrike","FireBladeMod:Shove","FireBladeMod:BackhandSwing","FireBladeMod:IronEndurance","Parasite","FireBladeMod:GetPumped","FireBladeMod:DebilitatingBlow","FireBladeMod:ComboSlashes"],"relics":["Busted Crown","StrikeDummy","MealTicket","CCEMRelics:Sandal","CCEMRelics:WarHorn"],"acts_visited":["Exordium"],"potions_floor_usage":[6,16],"damage_taken":[{"damage":0,"enemies":"Small Slimes","floor":1,"turns":3},{"damage":0,"enemies":"2 Louse","floor":2,"turns":2},{"damage":0,"enemies":"Cultist","floor":4,"turns":3},{"damage":0,"enemies":"Exordium Wildlife","floor":5,"turns":2},{"damage":21,"enemies":"Gremlin Nob","floor":6,"turns":4},{"damage":6,"enemies":"3 Louse","floor":10,"turns":2},{"damage":21,"enemies":"Lagavulin","floor":12,"turns":5},{"damage":0,"enemies":"Looter","floor":13,"turns":3},{"damage":7,"enemies":"Gremlin Gang","floor":14,"turns":4},{"damage":26,"enemies":"The Guardian","floor":16,"turns":8}],"seed_played":"7674187843203626653","potions_obtained":[{"floor":2,"key":"ColorlessPotion"},{"floor":4,"key":"DistilledChaos"},{"floor":10,"key":"SmokeBomb"},{"floor":13,"key":"FireBladeMod:FervorPotion"}],"is_trial":false,"path_per_floor":["M","M","?","M","M","E","R","?","T","M","?","E","M","M","R","B"],"character_chosen":"THE_FIREBLADE","items_purchased":[],"campfire_rested":2,"item_purchase_floors":[],"current_hp_per_floor":[70,70,28,28,28,7,28,21,21,15,32,11,11,4,25,0,0],"gold":253,"neow_bonus":"BOSS_RELIC","is_daily":false,"chose_seed":false,"campfire_upgraded":0,"win_rate":0.0,"timestamp":1607918852,"path_taken":["M","M","?","M","M","E","R","?","T","?","?","E","M","M","R","BOSS"],"items_purchased_type":[],"build_version":"2020-12-13","purchased_purges":0,"victory":false,"max_hp_per_floor":[70,70,70,70,70,70,70,70,70,70,70,70,70,70,70,70,70],"card_choices":[{"not_picked":[],"picked":"FireBladeMod:StingingSlash","floor":1},{"not_picked":[],"picked":"FireBladeMod:FinishingBarrage","floor":2},{"not_picked":[],"picked":"FireBladeMod:SoulStrike","floor":4},{"not_picked":[],"picked":"FireBladeMod:Shove","floor":5},{"not_picked":[],"picked":"FireBladeMod:BackhandSwing","floor":6},{"not_picked":[],"picked":"FireBladeMod:IronEndurance","floor":10},{"not_picked":[],"picked":"FireBladeMod:GetPumped","floor":12},{"not_picked":[],"picked":"FireBladeMod:DebilitatingBlow","floor":13},{"not_picked":[],"picked":"FireBladeMod:ComboSlashes","floor":14}],"player_experience":192012,"relics_obtained":[{"floor":6,"key":"MealTicket"},{"floor":9,"key":"CCEMRelics:Sandal"},{"floor":12,"key":"CCEMRelics:WarHorn"}],"event_choices":[{"damage_healed":0,"gold_gain":0,"player_choice":"Relic ","damage_taken":42,"max_hp_gain":0,"max_hp_loss":0,"event_name":"betterThird:BetterScrap","floor":3,"gold_loss":0,"cards_obtained":["Reprogram"]},{"damage_healed":0,"gold_gain":0,"player_choice":"Damaged","damage_taken":7,"max_hp_gain":0,"max_hp_loss":0,"event_name":"Wheel of Change","floor":8,"gold_loss":0},{"damage_healed":17,"gold_gain":0,"player_choice":"Healed and dodged fight","damage_taken":0,"max_hp_gain":0,"max_hp_loss":0,"event_name":"Mushrooms","floor":11,"gold_loss":0,"cards_obtained":["Parasite"]}],"is_beta":false,"boss_relics":[],"items_purged_floors":[],"is_endless":false,"potions_floor_spawned":[2,4,10,13],"killed_by":"The Guardian","ascension_level":0}}