{"host":"deadgod","time":1607914449,"event":{"mods":["2.2 Compatiblity","BaseMod","Colored Map","Minty Spire (QoL Compilation)","Permanent Neow","Relic Filter","Relic Sorter","StSLib","The Alterego","The Dragon Tamer","Waifu the Spire","¡i?ª«¥dµP¡jREMEMod"],"gold_per_floor":[112,112,112,112,128,128,142,142,142,142,155,187,199,212,212,307,307,326,337,252,351,276,301,301,321,321,341,341,358,358,138,138,237,237,255,255,155,166,185,185,219,219,219,74,90,136,146,0,0,0],"floor_reached":51,"playtime":5001,"items_purged":["DTMod:Strike","DTMod:TargetDefense"],"score":947,"play_id":"b5ccd4fa-ddda-426f-b273-3c8df934998f","local_time":"20201214105409","is_ascension_mode":false,"metric_token":791,"campfire_choices":[{"data":"DTMod:DoubleHit","floor":6.0,"key":"SMITH"},{"data":"DTMod:InvisibleFlame","floor":8.0,"key":"SMITH"},{"data":"DTMod:BreakAttack","floor":10.0,"key":"SMITH"},{"data":"DTMod:Threaten","floor":15.0,"key":"SMITH"},{"data":"DTMod:SealedStrike","floor":24.0,"key":"SMITH"},{"data":"DTMod:SealedStrike+1","floor":30.0,"key":"SMITH"},{"data":"DTMod:SealedStrike+2","floor":32.0,"key":"SMITH"},{"data":"DTMod:SealedStrike+3","floor":40.0,"key":"SMITH"},{"data":"DTMod:SealedStrike+4","floor":42.0,"key":"SMITH"},{"data":"DTMod:GearUp","floor":49,"key":"SMITH"}],"dtmod_dragon_data":[36,58,2,0,4,0],"circlet_count":0,"master_deck":["DTMod:Strike+1","DTMod:DoubleHit+1","DTMod:TargetDefense+1","DTMod:TargetDefense+1","DTMod:TargetDefense+1","DTMod:SwitchingTactic+1","DTMod:BreakAttack+1","DTMod:QuickFly+1","DTMod:InvisibleFlame+1","DTMod:Threaten+1","DTMod:Hide+1","DTMod:BlueScale+1","DTMod:SealedStrike+5","DTMod:ForkedFire+1","DTMod:QuickFly+1","DTMod:Harmonize+1","DTMod:BreakAttack+1","DTMod:WarmUp+1","DTMod:HeatWave+1","DTMod:StunTrap+1","DTMod:GearUp+1"],"relics":["DTMod:PactStone","TungstenRod","Lantern","Orichalcum","Velvet Choker","Vajra","Pen Nib","Bag of Marbles","DTMod:OddArmor","Busted Crown","CaptainsWheel","Oddly Smooth Stone","Medical Kit","Peace Pipe","Blood Vial","Red Mask"],"acts_visited":["TheBeyond"],"potions_floor_usage":[],"damage_taken":[{"damage":2.0,"enemies":"Small Slimes","floor":1.0,"turns":3.0},{"damage":0.0,"enemies":"Jaw Worm","floor":5.0,"turns":3.0},{"damage":0.0,"enemies":"2 Louse","floor":7.0,"turns":2.0},{"damage":0.0,"enemies":"2 Fungi Beasts","floor":11.0,"turns":4.0},{"damage":1.0,"enemies":"Lagavulin","floor":12.0,"turns":6.0},{"damage":0.0,"enemies":"3 Louse","floor":13.0,"turns":3.0},{"damage":0.0,"enemies":"Exordium Wildlife","floor":14.0,"turns":3.0},{"damage":0.0,"enemies":"The Guardian","floor":16.0,"turns":10.0},{"damage":0.0,"enemies":"Chosen","floor":18.0,"turns":5.0},{"damage":0.0,"enemies":"2 Thieves","floor":19.0,"turns":2.0},{"damage":0.0,"enemies":"Slavers","floor":23.0,"turns":4.0},{"damage":0.0,"enemies":"Shelled Parasite and Fungi","floor":25.0,"turns":5.0},{"damage":0.0,"enemies":"Centurion and Healer","floor":27.0,"turns":3.0},{"damage":0.0,"enemies":"Snecko","floor":29.0,"turns":4.0},{"damage":0.0,"enemies":"Champ","floor":33.0,"turns":9.0},{"damage":0.0,"enemies":"Orb Walker","floor":35.0,"turns":2.0},{"damage":0.0,"enemies":"3 Shapes","floor":38.0,"turns":2.0},{"damage":0.0,"enemies":"Sphere and 2 Shapes","floor":39.0,"turns":3.0},{"damage":0.0,"enemies":"Reptomancer","floor":41.0,"turns":5.0},{"damage":0.0,"enemies":"Transient","floor":45.0,"turns":5.0},{"damage":0.0,"enemies":"2 Orb Walkers","floor":46.0,"turns":5.0},{"damage":0,"enemies":"Giant Head","floor":47,"turns":7},{"damage":0,"enemies":"Awakened One","floor":50,"turns":15}],"seed_played":"1493471741219607513","potions_obtained":[{"floor":5.0,"key":"Swift Potion"},{"floor":7.0,"key":"Block Potion"},{"floor":12.0,"key":"SkillPotion"},{"floor":14.0,"key":"LiquidMemories"},{"floor":23.0,"key":"LiquidMemories"},{"floor":29.0,"key":"DuplicationPotion"},{"floor":46,"key":"LiquidMemories"}],"is_trial":false,"path_per_floor":["M","?","?","?","M","R","M","R","T","R","M","E","M","M","R","B",null,"M","M","?","?","?","E","R","M","T","M","?","M","R","$","R","B",null,"M","?","$","M","M","R","E","R","T","$","M","?","E","?","R","B",null],"character_chosen":"THE_DT","items_purchased":["DTMod:OddArmor","Medical Kit"],"campfire_rested":0,"item_purchase_floors":[31,44],"current_hp_per_floor":[47,40,33,24,24,24,24,24,24,24,24,23,23,23,23,23,49,49,49,49,49,49,49,49,49,49,49,49,49,49,49,49,49,49,49,49,49,49,49,49,49,49,49,49,49,49,49,49,49,49],"gold":0,"neow_bonus":"TEN_PERCENT_HP_BONUS","is_daily":false,"chose_seed":false,"campfire_upgraded":10,"win_rate":0.0,"timestamp":1607914449,"path_taken":["M","?","?","?","M","R","M","R","T","R","M","E","M","M","R","BOSS","M","M","?","?","?","E","R","M","T","?","?","M","R","?","R","BOSS","M","?","$","?","?","R","E","R","T","?","M","?","E","?","R","BOSS"],"items_purchased_type":["Relic","Relic"],"build_version":"2020-11-17","purchased_purges":2,"victory":true,"max_hp_per_floor":[49,49,49,49,49,49,49,49,49,49,49,49,49,49,49,49,49,49,49,49,49,49,49,49,49,49,49,49,49,49,49,49,49,49,49,49,49,49,49,49,49,49,49,49,49,49,49,49,49,49],"card_choices":[{"not_picked":["DTMod:Cover","DTMod:CleansingStrike"],"picked":"DTMod:BreakAttack","floor":1.0},{"not_picked":["DTMod:Dissolve","DTMod:Threaten"],"picked":"DTMod:QuickFly","floor":5.0},{"not_picked":["DTMod:BurningEnergy","DTMod:Dissolve"],"picked":"DTMod:InvisibleFlame","floor":7.0},{"not_picked":["DTMod:ShieldDrain","DTMod:BlazingStrike"],"picked":"DTMod:Threaten","floor":11.0},{"not_picked":["DTMod:Feint","DTMod:Conduct","DTMod:BalancedStrike"],"picked":"SKIP","floor":12.0},{"not_picked":["DTMod:BlazingStrike","DTMod:Training"],"picked":"DTMod:Hide","floor":13.0},{"not_picked":["DTMod:BreakAttack","DTMod:BalancedStrike"],"picked":"DTMod:BlueScale","floor":14.0},{"not_picked":["DTMod:FierySynthesis","DTMod:Prediction"],"picked":"DTMod:SealedStrike","floor":16.0},{"not_picked":["DTMod:CleansingStrike","DTMod:MagicField"],"picked":"DTMod:ForkedFire+1","floor":18.0},{"not_picked":["DTMod:BurningEnergy+1","DTMod:Astonish"],"picked":"DTMod:QuickFly+1","floor":19.0},{"not_picked":["DTMod:BuildUp","DTMod:BreakAttack"],"picked":"DTMod:Harmonize","floor":23.0},{"not_picked":["DTMod:RecklessFlurry","DTMod:MaximumCharge+1"],"picked":"DTMod:BreakAttack","floor":25.0},{"not_picked":["DTMod:Weaken","DTMod:MagicField"],"picked":"DTMod:WarmUp+1","floor":27.0},{"not_picked":["DTMod:Threaten","DTMod:Shift","DTMod:SneakAttack"],"picked":"SKIP","floor":29.0},{"not_picked":["DTMod:OpeningTactic","DTMod:GearUp"],"picked":"DTMod:StunTrap","floor":33.0},{"not_picked":["DTMod:Threaten"],"picked":"SKIP","floor":35.0},{"not_picked":["DTMod:FlameSlash+1"],"picked":"SKIP","floor":38.0},{"not_picked":["DTMod:FlameSlash+1"],"picked":"SKIP","floor":39.0},{"not_picked":["DTMod:MasterPlan+1"],"picked":"SKIP","floor":41.0},{"not_picked":["DTMod:BlazingStrike"],"picked":"SKIP","floor":45.0},{"not_picked":[],"picked":"DTMod:GearUp","floor":47}],"player_experience":10,"relics_obtained":[{"floor":9.0,"key":"Lantern"},{"floor":12.0,"key":"Orichalcum"},{"floor":23.0,"key":"Pen Nib"},{"floor":26.0,"key":"Bag of Marbles"},{"floor":41.0,"key":"CaptainsWheel"},{"floor":43.0,"key":"Oddly Smooth Stone"},{"floor":46,"key":"Peace Pipe"},{"floor":46,"key":"Blood Vial"}],"event_choices":[{"cards_removed":["DTMod:Strike"],"damage_healed":0.0,"max_hp_gain":0.0,"max_hp_loss":0.0,"gold_gain":0.0,"event_name":"Golden Wing","player_choice":"Card Removal","floor":2.0,"gold_loss":0.0,"damage_taken":7.0},{"damage_healed":0.0,"max_hp_gain":0.0,"max_hp_loss":0.0,"gold_gain":0.0,"event_name":"Scrap Ooze","player_choice":"Success","floor":3.0,"gold_loss":0.0,"damage_taken":7.0,"relics_obtained":["TungstenRod"]},{"damage_healed":0.0,"max_hp_gain":0.0,"max_hp_loss":0.0,"gold_gain":0.0,"event_name":"Shining Light","player_choice":"Entered Light","floor":4.0,"gold_loss":0.0,"damage_taken":10.0,"cards_upgraded":["DTMod:SwitchingTactic","DTMod:TargetDefense"]},{"damage_healed":0.0,"max_hp_gain":0.0,"max_hp_loss":0.0,"gold_gain":0.0,"event_name":"Addict","player_choice":"Obtained Relic","floor":20.0,"gold_loss":85.0,"damage_taken":0.0,"relics_obtained":["Vajra"]},{"damage_healed":0.0,"max_hp_gain":0.0,"max_hp_loss":0.0,"gold_gain":99.0,"event_name":"Nest","player_choice":"Stole From Cult","floor":21.0,"gold_loss":0.0,"damage_taken":0.0},{"cards_removed":["DTMod:Strike"],"damage_healed":0.0,"max_hp_gain":0.0,"max_hp_loss":0.0,"gold_gain":0.0,"event_name":"Beggar","player_choice":"Gave Gold","floor":22.0,"gold_loss":75.0,"damage_taken":0.0},{"damage_healed":0.0,"max_hp_gain":0.0,"max_hp_loss":0.0,"gold_gain":0.0,"event_name":"The Library","player_choice":"Read","floor":28.0,"gold_loss":0.0,"damage_taken":0.0,"cards_obtained":["DTMod:HeatWave"]},{"damage_healed":0.0,"max_hp_gain":0.0,"max_hp_loss":0.0,"gold_gain":0.0,"event_name":"SecretPortal","player_choice":"Ignored","floor":36.0,"gold_loss":0.0,"damage_taken":0.0},{"damage_healed":0.0,"max_hp_gain":0.0,"max_hp_loss":0.0,"gold_gain":0.0,"event_name":"Mysterious Sphere","player_choice":"Fight","floor":46.0,"gold_loss":0.0,"damage_taken":0.0},{"damage_healed":0,"gold_gain":0,"player_choice":"Paid","damage_taken":0,"relics_obtained":["Red Mask"],"max_hp_gain":0,"max_hp_loss":0,"event_name":"Tomb of Lord Red Mask","floor":48,"gold_loss":146}],"is_beta":true,"boss_relics":[{"not_picked":["Black Star","SlaversCollar"],"picked":"Velvet Choker"},{"not_picked":["Empty Cage","DTMod:MagicStone"],"picked":"Busted Crown"}],"items_purged_floors":[31,37],"is_endless":false,"potions_floor_spawned":[5,7,12,14,23,29,33,38,41,46],"ascension_level":0}}