{"host":"1rf9pknejqhzkc4o","time":1607949729,"event":{"mods":["Aspiration","BaseMod","Better Altar","Better Match","Better Note","Better Sensory Stone","Better Skull","Better Third Choice","Colored Map","Colored Powertips","Communication Mod","Conspire","Energized Spire","Hubris","Ironclad Rager","Minty Spire (QoL Compilation)","Quick Restart","RNG Fix","Rare Cards Sparkle","Relic Stats","Replay The Spire","Retaliation","Spicy Shops","StSLib","The Blue Laboratory","Trackpad"],"gold_per_floor":[17,33,53,70,85,85,85,85,85,50,50,50,50,50,50,68,68,169,169,181,181,35,52,64,64,74,74,74,74,74,100,26,26,26,26,26],"floor_reached":35,"playtime":1044,"items_purged":[],"score":265,"play_id":"d3d0f9f3-3b13-43f2-9416-56a2f07b66c0","local_time":"20201214154209","is_ascension_mode":false,"campfire_choices":[{"data":"Life Link","floor":6,"key":"SMITH"},{"data":"Bash","floor":11,"key":"SMITH"},{"data":"Judgement","floor":15,"key":"SMITH"},{"floor":17,"key":"DIG"},{"floor":25,"key":"REST"},{"data":"DDmod:SpikeInjectionSkill","floor":27,"key":"SMITH"},{"data":"ICR:Frenzy","floor":29,"key":"SMITH"},{"floor":34,"key":"REST"}],"circlet_count":0,"master_deck":["Bash+1","Twin Strike","Twin Strike","Twin Strike","Twin Strike","Twin Strike","Iron Wave","Iron Wave","Iron Wave","Iron Wave","DDmod:SpikeMailSkill","Flex","Life Link+1","DDmod:SpikeInjectionSkill+1","Judgement+1","Immolate+1","ICR:Frenzy+1","Perfected Strike+1","ICR:Frenzy+1","Life Link","ICR:PowerAttack+1","The Bomb","Shrug It Off+1"],"relics":["Burning Blood","hubris:Icosahedron","Meat on the Bone","conspire:Boomerang","Regal Pillow","trackpad:Mousetrap","conspire:DeflatedDodgeball","Nloth\u0027s Gift","Dream Catcher"],"acts_visited":["Exordium","TheCity"],"potions_floor_usage":[24],"damage_taken":[{"damage":1,"enemies":"Jaw Worm","floor":1,"turns":3},{"damage":2,"enemies":"2 Louse","floor":2,"turns":4},{"damage":1,"enemies":"Small Slimes","floor":3,"turns":3},{"damage":6,"enemies":"3 Louse","floor":4,"turns":3},{"damage":10,"enemies":"Lots of Slimes","floor":5,"turns":4},{"damage":2,"enemies":"Blue Slaver","floor":16,"turns":2},{"damage":30,"enemies":"Slime Boss","floor":18,"turns":6},{"damage":29,"enemies":"Shell Parasite","floor":20,"turns":4},{"damage":10,"enemies":"2 Thieves","floor":23,"turns":2},{"damage":21,"enemies":"Snake Plant","floor":24,"turns":3},{"damage":10,"enemies":"Chosen and Byrds","floor":26,"turns":3},{"damage":33,"enemies":"Gremlin Leader","floor":31,"turns":4},{"damage":75,"enemies":"Pondfish","floor":35,"turns":9}],"seed_played":"3806239871690191836","potions_obtained":[{"floor":2,"key":"Languid Potion"},{"floor":16,"key":"BloodPotion"},{"floor":23,"key":"blueLaboratory:Moonshine"},{"floor":26,"key":"EssenceOfSteel"}],"is_trial":false,"path_per_floor":["M","M","M","M","M","R","?","?","T","?","R","?","PTL","PTL","R","M","R_BF","B",null,"M","?","$","M","M","R","M","R","T","R","?","E","$","?","R","B"],"character_chosen":"IRONCLAD","items_purchased":["trackpad:Mousetrap","ICR:PowerAttack+1","The Bomb"],"campfire_rested":2,"item_purchase_floors":[22,32,32],"current_hp_per_floor":[56,60,65,65,61,61,61,54,54,72,72,72,72,72,72,72,72,48,72,49,49,49,45,44,72,68,68,68,68,68,53,53,53,72,0,0],"gold":26,"neow_bonus":"IRONCLAD_BERSERKER","is_daily":false,"chose_seed":false,"campfire_upgraded":5,"win_rate":0.0,"timestamp":1607949729,"path_taken":["M","M","M","M","M","R","?","?","T","?","R","?","PTL","PTL","R","M","R_BF","BOSS","M","?","$","?","?","R","M","R","T","R","?","E","$","?","R","BOSS"],"items_purchased_type":["Relic","Card","Card"],"build_version":"2020-12-13","purchased_purges":0,"victory":false,"max_hp_per_floor":[72,72,72,72,72,72,72,72,72,72,72,72,72,72,72,72,72,72,72,72,72,72,72,72,72,72,72,72,72,72,72,72,72,72,72,72],"relic_stats":{"Regal Pillow":7,"Dream Catcher":1,"counters":[13,50],"Nloth\u0027s Gift":0,"obtain_stats":[{"trackpad:Mousetrap":22,"Regal Pillow":19,"Dream Catcher":31,"hubris:Icosahedron":7,"hubris:Backtick":19,"conspire:Boomerang":17,"Nloth\u0027s Gift":30,"conspire:DeflatedDodgeball":28,"Burning Blood":0,"Meat on the Bone":9},{"trackpad:Mousetrap":8,"Regal Pillow":7,"Dream Catcher":12,"hubris:Icosahedron":5,"hubris:Backtick":7,"conspire:Boomerang":6,"Nloth\u0027s Gift":11,"conspire:DeflatedDodgeball":11,"Burning Blood":0,"Meat on the Bone":5},{"trackpad:Mousetrap":29,"Regal Pillow":25,"Dream Catcher":41,"hubris:Icosahedron":17,"hubris:Backtick":25,"conspire:Boomerang":19,"Nloth\u0027s Gift":37,"conspire:DeflatedDodgeball":37,"Burning Blood":0,"Meat on the Bone":17}],"Burning Blood":68,"Meat on the Bone":12},"card_choices":[{"not_picked":["Abandon","True Grit"],"picked":"DDmod:SpikeMailSkill","floor":1},{"not_picked":["Body Slam","ReplayReversal"],"picked":"ReplayTheSpireMod:Muscle Training","floor":2},{"not_picked":["Wild Strike","Heavy Blade"],"picked":"Flex","floor":3},{"not_picked":["Anger","True Grit"],"picked":"Life Link","floor":4},{"not_picked":["Warcry","Entrench"],"picked":"DDmod:SpikeInjectionSkill","floor":5},{"not_picked":["ReplayTheSpireMod:Muscle Training","DDmod:EasePowerCard","DDmod:RapidStrikeAttack"],"picked":"SKIP","floor":16},{"not_picked":["DDmod:RechargeSkill","Offering"],"picked":"Immolate","floor":18},{"not_picked":["Perfected Strike","Twin Strike"],"picked":"ICR:Frenzy","floor":20},{"not_picked":["Cleave+1","Havoc"],"picked":"Perfected Strike+1","floor":23},{"not_picked":["DDmod:CallousedSkill","Clothesline+1","DDmod:PokeAttack+1"],"picked":"SKIP","floor":24},{"not_picked":["Fire Breathing","Anger"],"picked":"ICR:Frenzy+1","floor":26},{"not_picked":["DDmod:ScaleUpSkill","Sentinel"],"picked":"Life Link","floor":31},{"not_picked":["DDmod:GrandUltimatumAttack","Heavy Blade"],"picked":"Shrug It Off+1","floor":34}],"player_experience":131773,"relics_obtained":[{"floor":9,"key":"Meat on the Bone"},{"floor":17,"key":"conspire:Boomerang"},{"floor":28,"key":"conspire:DeflatedDodgeball"},{"floor":31,"key":"Dream Catcher"}],"event_choices":[{"cards_removed":["Looming Evil"],"damage_healed":0,"gold_gain":0,"player_choice":"Card Removal","damage_taken":7,"max_hp_gain":0,"max_hp_loss":0,"event_name":"Golden Wing","floor":8,"gold_loss":0},{"damage_healed":18,"gold_gain":0,"player_choice":"Healed","damage_taken":0,"max_hp_gain":0,"max_hp_loss":0,"event_name":"The Cleric","floor":10,"gold_loss":35},{"damage_healed":0,"gold_gain":1,"player_choice":"4","damage_taken":0,"max_hp_gain":0,"max_hp_loss":0,"event_name":"betterStone:BetterStone","floor":12,"gold_loss":0,"cards_obtained":["Judgement"]},{"damage_healed":0,"gold_gain":0,"player_choice":"Upgraded","damage_taken":0,"max_hp_gain":0,"max_hp_loss":0,"event_name":"Upgrade Shrine","floor":21,"gold_loss":0,"cards_upgraded":["Immolate"]},{"damage_healed":0,"gold_gain":0,"player_choice":"Traded Relic","damage_taken":0,"relics_obtained":["Nloth\u0027s Gift"],"max_hp_gain":0,"max_hp_loss":0,"event_name":"N\u0027loth","floor":30,"relics_lost":["hubris:Backtick"],"gold_loss":0},{"cards_removed":["ReplayTheSpireMod:Muscle Training"],"damage_healed":0,"gold_gain":0,"player_choice":"Purged","damage_taken":0,"max_hp_gain":0,"max_hp_loss":0,"event_name":"Purifier","floor":33,"gold_loss":0}],"is_beta":false,"boss_relics":[{"not_picked":["Replay:Bronze Core","energizedSpire:RedRose"],"picked":"hubris:Backtick"}],"items_purged_floors":[],"is_endless":false,"potions_floor_spawned":[2,16,23,26],"killed_by":"Pondfish","ascension_level":0}}