{"host":"5dk97cf2ubw2v967","time":1607909325,"event":{"mods":["AlwaysNeverKeys","BaseMod","Better Altar","Better Vampires","Block Reminder","Colored Powertips","Downfall","Googly Eyes","Highlight Path","Minty Spire (QoL Compilation)","Permanent Neow","Potion Indicator Mod","Quick Restart","Relic Filter","Relic Stats","Say the Spire","Spicy Shops","StSLib","Waifu the Spire","everything is the same but u backflip on backflip"],"gold_per_floor":[118,129,141,66,86,114,114,141,141,141,157,190,190,190,190,268,268,287,287,287,306,324,349,349,43,43,43,55,55,5,15,15,92,92,110,10,0,0,0,31,31,47,47,47,47],"floor_reached":44,"playtime":1418,"items_purged":["Strike_G","Strike_G","Strike_G","Strike_G+1","Strike_G+1"],"score":1023,"play_id":"af7452ae-2278-4d2c-9391-af083c2c9eb1","local_time":"20201214012845","is_ascension_mode":true,"campfire_choices":[{"floor":7,"key":"REST"},{"data":"Cloak And Dagger","floor":10,"key":"SMITH"},{"data":"Accuracy","floor":13,"key":"SMITH"},{"data":"Accuracy","floor":15,"key":"SMITH"},{"data":"Accuracy","floor":24,"key":"SMITH"},{"data":"Ghostly","floor":29,"key":"SMITH"},{"data":"Blade Dance","floor":32,"key":"SMITH"}],"circlet_count":0,"master_deck":["AscendersBane","Defend_G","Defend_G","Defend_G","Defend_G","Defend_G","Survivor","Neutralize","Clumsy","Unload","Blade Dance+1","Accuracy+1","Cloak And Dagger+1","Infinite Blades","Calculated Gamble","Accuracy+1","Escape Plan","Terror","Accuracy+1","Ghostly","Ghostly","Ghostly+1","Deflect","Adrenaline","Accuracy+1","Infinite Blades","Backstab+1","Venomology","Madness","Madness","Leg Sweep"],"relics":["Ring of the Serpent","Art of War","Kunai","Eternal Feather","White Beast Statue","Smiling Mask","DollysMirror","Gremlin Horn","MutagenicStrength","Runic Dome","Red Mask","Lantern"],"acts_visited":["Exordium","TheCity","TheBeyond"],"potions_floor_usage":[8,12,16,21,21,23,33,33,40,42,44,44,44],"damage_taken":[{"damage":1,"enemies":"Cultist","floor":1,"turns":3},{"damage":3,"enemies":"2 Louse","floor":2,"turns":3},{"damage":1,"enemies":"Small Slimes","floor":3,"turns":3},{"damage":0,"enemies":"2 Fungi Beasts","floor":5,"turns":2},{"damage":38,"enemies":"Gremlin Nob","floor":6,"turns":4},{"damage":10,"enemies":"3 Sentries","floor":8,"turns":7},{"damage":0,"enemies":"Looter","floor":11,"turns":2},{"damage":15,"enemies":"Gremlin Nob","floor":12,"turns":4},{"damage":12,"enemies":"Slime Boss","floor":16,"turns":7},{"damage":0,"enemies":"Chosen","floor":18,"turns":3},{"damage":2,"enemies":"Spheric Guardian","floor":21,"turns":5},{"damage":16,"enemies":"Snake Plant","floor":22,"turns":4},{"damage":0,"enemies":"Gremlin Leader","floor":23,"turns":5},{"damage":0,"enemies":"Centurion and Healer","floor":28,"turns":5},{"damage":9,"enemies":"Shelled Parasite and Fungi","floor":31,"turns":5},{"damage":9,"enemies":"Collector","floor":33,"turns":4},{"damage":1,"enemies":"Orb Walker","floor":35,"turns":3},{"damage":13,"enemies":"Giant Head","floor":40,"turns":4},{"damage":4,"enemies":"3 Shapes","floor":42,"turns":3},{"damage":0,"enemies":"Reptomancer","floor":44,"turns":2}],"seed_played":"3708047923492900954","potions_obtained":[{"floor":5,"key":"Energy Potion"},{"floor":6,"key":"Block Potion"},{"floor":12,"key":"DistilledChaos"},{"floor":16,"key":"Poison Potion"},{"floor":18,"key":"DuplicationPotion"},{"floor":21,"key":"Poison Potion"},{"floor":22,"key":"Fire Potion"},{"floor":23,"key":"SteroidPotion"},{"floor":28,"key":"Poison Potion"},{"floor":33,"key":"Explosive Potion"},{"floor":42,"key":"EntropicBrew"}],"is_trial":false,"path_per_floor":["M","M","M","$","M","E","R","E","T","R","M","E","R","?","R","B",null,"M","?","?","M","M","E","R","$","T","?","M","R","$","M","R","B",null,"M","$","?","?","?","E","?","M","T","E"],"character_chosen":"THE_SILENT","items_purchased":["DollysMirror","Infinite Blades"],"campfire_rested":1,"item_purchase_floors":[25,25],"current_hp_per_floor":[58,55,54,54,54,16,35,25,25,37,37,22,34,14,26,14,53,53,53,33,31,15,15,30,30,30,30,30,33,33,24,33,24,31,30,30,30,24,24,11,11,7,7,7,7],"gold":47,"neow_bonus":"THREE_RARE_CARDS","is_daily":false,"chose_seed":false,"campfire_upgraded":6,"win_rate":0.0,"timestamp":1607909325,"path_taken":["M","M","?","$","M","E","R","E","T","R","M","E","R","?","R","BOSS","M","?","?","M","M","E","R","$","T","?","M","R","$","M","R","BOSS","M","$","?","?","?","E","?","M","T","E"],"items_purchased_type":["Relic","Card"],"build_version":"2020-12-13","purchased_purges":5,"victory":false,"max_hp_per_floor":[66,66,66,66,66,66,66,66,66,66,66,66,66,66,66,66,66,66,66,33,33,33,33,33,33,33,33,33,33,33,33,33,33,33,33,33,33,33,33,33,33,33,33,33,33],"relic_stats":{"Gremlin Horn":[8,8],"counters":[20,78],"Eternal Feather":63,"Art of War":[4],"Kunai":[28],"Smiling Mask":350,"obtain_stats":[{"Lantern":40,"Gremlin Horn":26,"Eternal Feather":9,"Smiling Mask":23,"White Beast Statue":12,"Runic Dome":34,"DollysMirror":25,"MutagenicStrength":27,"Art of War":6,"Red Mask":37,"Kunai":8,"Ring of the Serpent":17,"Ring of the Snake":0},{"Lantern":18,"Gremlin Horn":13,"Eternal Feather":6,"Smiling Mask":13,"White Beast Statue":8,"Runic Dome":16,"DollysMirror":13,"MutagenicStrength":13,"Art of War":5,"Red Mask":17,"Kunai":6,"Ring of the Serpent":9,"Ring of the Snake":0},{"Lantern":73,"Gremlin Horn":52,"Eternal Feather":22,"Smiling Mask":52,"White Beast Statue":28,"Runic Dome":66,"DollysMirror":52,"MutagenicStrength":52,"Art of War":15,"Red Mask":69,"Kunai":22,"Ring of the Serpent":35,"Ring of the Snake":0}]},"card_choices":[{"not_picked":["A Thousand Cuts","Malaise"],"picked":"Unload","floor":0},{"not_picked":["Sucker Punch","Caltrops"],"picked":"Blade Dance","floor":1},{"not_picked":["Quick Slash","Predator"],"picked":"Accuracy","floor":2},{"not_picked":["Dagger Throw","Outmaneuver"],"picked":"Cloak And Dagger","floor":3},{"not_picked":["Finisher","Deadly Poison"],"picked":"Infinite Blades","floor":5},{"not_picked":["Acrobatics","Prepared"],"picked":"Calculated Gamble","floor":6},{"not_picked":["Concentrate","Calculated Gamble"],"picked":"Accuracy","floor":8},{"not_picked":["Riddle With Holes","Quick Slash","Expertise"],"picked":"SKIP","floor":11},{"not_picked":["Acrobatics","Calculated Gamble"],"picked":"Escape Plan","floor":12},{"not_picked":["Corpse Explosion","A Thousand Cuts"],"picked":"Unload","floor":16},{"not_picked":["Prepared","Flechettes"],"picked":"Terror","floor":18},{"not_picked":["Bouncing Flask","Dagger Spray"],"picked":"Deflect","floor":21},{"not_picked":["Finisher","Dagger Spray"],"picked":"Adrenaline","floor":22},{"not_picked":["Masterful Stab+1","Dagger Spray","Acrobatics"],"picked":"SKIP","floor":23},{"not_picked":["Deflect","Deadly Poison"],"picked":"Backstab+1","floor":28},{"not_picked":["Crippling Poison","Flechettes","Quick Slash+1"],"picked":"SKIP","floor":31},{"not_picked":["Unload","Doppelganger"],"picked":"Venomology","floor":33},{"not_picked":["Underhanded Strike","Poisoned Stab","Deadly Poison"],"picked":"SKIP","floor":35},{"not_picked":["Bane+1","Deadly Poison+1"],"picked":"Leg Sweep","floor":40},{"not_picked":["Slice+1","Underhanded Strike","Flying Knee"],"picked":"SKIP","floor":42}],"player_experience":1237437,"relics_obtained":[{"floor":6,"key":"Art of War"},{"floor":8,"key":"Kunai"},{"floor":9,"key":"Eternal Feather"},{"floor":12,"key":"White Beast Statue"},{"floor":23,"key":"Smiling Mask"},{"floor":26,"key":"Gremlin Horn"},{"floor":40,"key":"Lantern"}],"event_choices":[{"damage_healed":0,"gold_gain":0,"player_choice":"Entered Light","damage_taken":20,"max_hp_gain":0,"max_hp_loss":0,"event_name":"Shining Light","floor":14,"gold_loss":0,"cards_upgraded":["Strike_G","Strike_G"]},{"damage_healed":0,"gold_gain":0,"player_choice":"Read","damage_taken":0,"max_hp_gain":0,"max_hp_loss":0,"event_name":"The Library","floor":19,"gold_loss":0,"cards_obtained":["Accuracy"]},{"damage_healed":0,"gold_gain":0,"player_choice":"Became a Ghost","damage_taken":0,"max_hp_gain":0,"max_hp_loss":33,"event_name":"Ghosts","floor":20,"gold_loss":0,"cards_obtained":["Ghostly","Ghostly","Ghostly"]},{"damage_healed":0,"gold_gain":0,"player_choice":"Inject Mutagens","damage_taken":0,"relics_obtained":["MutagenicStrength"],"max_hp_gain":0,"max_hp_loss":0,"event_name":"Drug Dealer","floor":27,"gold_loss":0},{"damage_healed":0,"gold_gain":0,"player_choice":"Paid","damage_taken":0,"relics_obtained":["Red Mask"],"max_hp_gain":0,"max_hp_loss":0,"event_name":"Tomb of Lord Red Mask","floor":37,"gold_loss":10},{"damage_healed":0,"gold_gain":0,"player_choice":"Embrace Madness","damage_taken":6,"max_hp_gain":0,"max_hp_loss":0,"event_name":"Winding Halls","floor":38,"gold_loss":0,"cards_obtained":["Madness","Madness"]},{"cards_removed":["Unload"],"damage_healed":0,"gold_gain":0,"player_choice":"Removed Attack","damage_taken":0,"max_hp_gain":0,"max_hp_loss":0,"event_name":"Falling","floor":39,"gold_loss":0},{"damage_healed":0,"gold_gain":0,"player_choice":"Ignored","damage_taken":0,"max_hp_gain":0,"max_hp_loss":0,"event_name":"The Moai Head","floor":41,"gold_loss":0}],"is_beta":false,"boss_relics":[{"not_picked":["Velvet Choker","HoveringKite"],"picked":"Ring of the Serpent"},{"not_picked":["Busted Crown","Fusion Hammer"],"picked":"Runic Dome"}],"items_purged_floors":[4,25,30,36,36],"is_endless":false,"potions_floor_spawned":[5,6,12,16,18,21,22,23,28,31,33,35,40,42],"killed_by":"Reptomancer","ascension_level":20}}