{"host":"6qo42zgaknezulyg","time":1607913887,"event":{"mods":["2.2 Compatiblity","BaseMod","Keyboard Shortcuts","Minty Spire (QoL Compilation)","Permanent Neow","Quick Restart","StSLib","SuperFastMode","The Cursed"],"gold_per_floor":[116,135,135,147,222,222,257,257,257,290,53,53,68,100,100,176,176,176,176,176,176,176,176,176,176,176,176,71,71,71,71,71,71,71,71,71,71,71,71,71,71,71,71,71,71,71,71,21,21,21],"floor_reached":51,"playtime":2409,"items_purged":["TheCursedMod:Strike_TheCursed","TheCursedMod:Strike_TheCursed","TheCursedMod:Strike_TheCursed"],"score":1357,"play_id":"34bf720c-6d86-42f7-99cd-dd9b073f1deb","local_time":"20201214114447","is_ascension_mode":true,"campfire_choices":[{"data":"TheCursedMod:SpreadPlague","floor":6.0,"key":"SMITH"},{"floor":8.0,"key":"REST"},{"data":"TheCursedMod:ReleasedStrength","floor":12.0,"key":"SMITH"},{"data":"TheCursedMod:DoubleShield","floor":15.0,"key":"SMITH"},{"data":"TheCursedMod:CursedAmulet","floor":24.0,"key":"SMITH"},{"floor":27.0,"key":"REST"},{"data":"TheCursedMod:CursedAmulet","floor":32.0,"key":"SMITH"},{"floor":42.0,"key":"REST"},{"floor":44.0,"key":"REST"},{"data":"TheCursedMod:CollectTribute","floor":49,"key":"SMITH"}],"circlet_count":0,"master_deck":["AscendersBane","TheCursedMod:Defend_TheCursed","TheCursedMod:Defend_TheCursed","TheCursedMod:Defend_TheCursed","TheCursedMod:Defend_TheCursed","TheCursedMod:CursedWand","TheCursedMod:CleanUpWorkshop","TheCursedMod:Dregs","TheCursedMod:Stigma","TheCursedMod:SpitefulStrike","TheCursedMod:SpreadPlague+1","TheCursedMod:ReleasedStrength+1","TheCursedMod:DoubleShield+1","TheCursedMod:RavingStaff+1","TheCursedMod:SurpriseAttack+1","TheCursedMod:NeowsMight+1","TheCursedMod:CursedAmulet+1","TheCursedMod:LuckyCharm+1","TheCursedMod:SmokeScreen+1","TheCursedMod:CursedMace+1","TheCursedMod:Stretching+1","TheCursedMod:CursedAmulet+1","TheCursedMod:CollectTribute+1","TheCursedMod:Obscuration+1","TheCursedMod:CursedRelics+1","TheCursedMod:WearCloak+1","TheCursedMod:RavingStaff+1"],"relics":["TheCursedMod:BlackMagic101","Ice Cream","Pocketwatch","StoneCalendar","Molten Egg 2","Lee\u0027s Waffle","Toy Ornithopter","Ectoplasm","Smiling Mask","Lantern","Juzu Bracelet","Philosopher\u0027s Stone","Mango","TheCursedMod:SoulVessel","PreservedInsect","Bottled Flame"],"acts_visited":["Exordium","TheCity","TheBeyond"],"potions_floor_usage":[50],"damage_taken":[{"damage":0.0,"enemies":"2 Louse","floor":1.0,"turns":3.0},{"damage":3.0,"enemies":"Jaw Worm","floor":2.0,"turns":5.0},{"damage":0.0,"enemies":"Small Slimes","floor":4.0,"turns":3.0},{"damage":29.0,"enemies":"3 Sentries","floor":7.0,"turns":9.0},{"damage":3.0,"enemies":"Gremlin Nob","floor":10.0,"turns":3.0},{"damage":10.0,"enemies":"Gremlin Gang","floor":13.0,"turns":4.0},{"damage":8.0,"enemies":"3 Sentries","floor":14.0,"turns":4.0},{"damage":34.0,"enemies":"The Guardian","floor":16.0,"turns":10.0},{"damage":2.0,"enemies":"Shell Parasite","floor":18.0,"turns":5.0},{"damage":4.0,"enemies":"Chosen","floor":19.0,"turns":3.0},{"damage":0.0,"enemies":"3 Cultists","floor":20.0,"turns":4.0},{"damage":0.0,"enemies":"Shelled Parasite and Fungi","floor":22.0,"turns":2.0},{"damage":21.0,"enemies":"Slavers","floor":23.0,"turns":3.0},{"damage":0.0,"enemies":"Gremlin Leader","floor":25.0,"turns":4.0},{"damage":9.0,"enemies":"Sentry and Sphere","floor":29.0,"turns":4.0},{"damage":4.0,"enemies":"Snake Plant","floor":30.0,"turns":2.0},{"damage":4.0,"enemies":"Chosen and Byrds","floor":31.0,"turns":5.0},{"damage":18.0,"enemies":"Collector","floor":33.0,"turns":8.0},{"damage":6.0,"enemies":"3 Darklings","floor":35.0,"turns":3.0},{"damage":4.0,"enemies":"3 Shapes","floor":37.0,"turns":3.0},{"damage":32.0,"enemies":"3 Darklings","floor":39.0,"turns":4.0},{"damage":18.0,"enemies":"Nemesis","floor":40.0,"turns":7.0},{"damage":3.0,"enemies":"Mind Bloom Boss Battle","floor":41.0,"turns":6.0},{"damage":0.0,"enemies":"Sphere and 2 Shapes","floor":45.0,"turns":4.0},{"damage":0,"enemies":"4 Shapes","floor":46,"turns":2},{"damage":63,"enemies":"Donu and Deca","floor":50,"turns":7}],"seed_played":"-1548829668545508155","potions_obtained":[{"floor":4.0,"key":"LiquidBronze"},{"floor":10.0,"key":"SteroidPotion"},{"floor":23.0,"key":"Weak Potion"},{"floor":30.0,"key":"ColorlessPotion"},{"floor":37.0,"key":"AttackPotion"},{"floor":46,"key":"CultistPotion"}],"is_trial":false,"path_per_floor":["M","M","?","M","?","R","E","R","T","E","$","R","M","E","R","B",null,"M","M","M","?","M","E","R","E","T","R","$","M","M","M","R","B",null,"M","?","M","?","M","E","?","R","T","R","M","M","T","$","R","B",null],"character_chosen":"THE_CURSED","items_purchased":["Lee\u0027s Waffle","TheCursedMod:CursedMace+1"],"campfire_rested":4,"item_purchase_floors":[11,28],"current_hp_per_floor":[46,43,43,43,32,32,3,24,24,21,78,78,68,60,60,26,65,63,59,59,59,59,43,43,43,43,66,66,57,53,49,49,31,66,65,65,61,61,29,25,22,49,49,76,79,80,80,80,80,31],"gold":21,"neow_bonus":"ONE_RARE_RELIC","is_daily":false,"chose_seed":false,"campfire_upgraded":6,"win_rate":0.0,"timestamp":1607913887,"path_taken":["M","M","?","M","?","R","E","R","T","E","?","R","M","E","R","BOSS","M","M","M","?","?","E","R","E","T","R","$","M","M","M","R","BOSS","M","?","M","?","M","E","?","R","T","R","M","M","?","$","R","BOSS"],"items_purchased_type":["Relic","Card"],"build_version":"2020-12-13","purchased_purges":3,"victory":true,"max_hp_per_floor":[71,71,71,71,71,71,71,71,71,71,78,78,78,78,78,78,78,78,78,78,78,78,78,78,78,78,78,78,78,78,78,78,78,78,78,78,78,78,78,92,92,92,92,92,92,92,92,92,92,92],"card_choices":[{"not_picked":["TheCursedMod:Wield","TheCursedMod:SaltUponWound"],"picked":"TheCursedMod:Stigma","floor":1.0},{"not_picked":["TheCursedMod:FleshFromBone","TheCursedMod:SurpriseAttack"],"picked":"TheCursedMod:SpitefulStrike","floor":2.0},{"not_picked":["TheCursedMod:BloodBarrier","TheCursedMod:Stigma"],"picked":"TheCursedMod:SpreadPlague","floor":4.0},{"not_picked":["TheCursedMod:CursedShiv","TheCursedMod:SpitefulPray"],"picked":"TheCursedMod:ReleasedStrength","floor":7.0},{"not_picked":["TheCursedMod:CircleOfFocus","TheCursedMod:SmokeScreen"],"picked":"TheCursedMod:DoubleShield","floor":10.0},{"not_picked":["TheCursedMod:Hemoplague","TheCursedMod:Stretching"],"picked":"TheCursedMod:RavingStaff+1","floor":13.0},{"not_picked":["TheCursedMod:HellsGateOpen","TheCursedMod:CircleOfAmplification"],"picked":"TheCursedMod:SurpriseAttack+1","floor":14.0},{"not_picked":["TheCursedMod:ParallelWorld","TheCursedMod:ForbiddenAlchemy"],"picked":"TheCursedMod:NeowsMight","floor":16.0},{"not_picked":["TheCursedMod:CursedSpellbook+1","TheCursedMod:ManaBullet+1"],"picked":"TheCursedMod:CursedAmulet","floor":18.0},{"not_picked":["TheCursedMod:ReleasedKnowledge","TheCursedMod:CircleOfFlame+1","TheCursedMod:Mangle+1"],"picked":"SKIP","floor":19.0},{"not_picked":["TheCursedMod:Stigma+1","TheCursedMod:CircleOfCorruption"],"picked":"TheCursedMod:LuckyCharm+1","floor":20.0},{"not_picked":["TheCursedMod:CircleOfFlame+1","TheCursedMod:CursedArmor"],"picked":"TheCursedMod:SmokeScreen+1","floor":22.0},{"not_picked":["TheCursedMod:FuryStrike+1","TheCursedMod:Torture","TheCursedMod:VitalStrike+1"],"picked":"SKIP","floor":23.0},{"not_picked":["TheCursedMod:PrepareRite","TheCursedMod:RapidMovement","TheCursedMod:EmpowerCircles"],"picked":"SKIP","floor":25.0},{"not_picked":["TheCursedMod:Grudge","TheCursedMod:TroublousMinions","TheCursedMod:FleshFromBone"],"picked":"SKIP","floor":29.0},{"not_picked":["TheCursedMod:CircleOfFlame","TheCursedMod:LuckyCharm"],"picked":"TheCursedMod:Stretching+1","floor":30.0},{"not_picked":["TheCursedMod:RavingStaff+1","TheCursedMod:CircleOfBlood"],"picked":"TheCursedMod:CursedAmulet","floor":31.0},{"not_picked":["TheCursedMod:Neurasthenia","TheCursedMod:UltimatePain"],"picked":"TheCursedMod:CollectTribute","floor":33.0},{"not_picked":["TheCursedMod:RavingStaff+1","TheCursedMod:CircleOfFlame"],"picked":"TheCursedMod:Obscuration+1","floor":35.0},{"not_picked":["TheCursedMod:CircleOfFocus","TheCursedMod:Stigma+1","TheCursedMod:CircleOfCorruption"],"picked":"SKIP","floor":37.0},{"not_picked":["TheCursedMod:CircleOfFlame","TheCursedMod:SpitefulStrike+1"],"picked":"TheCursedMod:CursedRelics+1","floor":39.0},{"not_picked":["TheCursedMod:CursedMace+1","TheCursedMod:CollectTribute"],"picked":"TheCursedMod:WearCloak+1","floor":40.0},{"not_picked":["TheCursedMod:SpreadPlague","TheCursedMod:RapidMovement"],"picked":"TheCursedMod:RavingStaff+1","floor":45.0},{"not_picked":["TheCursedMod:CircleOfFlame+1","TheCursedMod:CircleOfAmplification","TheCursedMod:Stigma+1"],"picked":"SKIP","floor":46}],"player_experience":776977,"relics_obtained":[{"floor":7.0,"key":"Pocketwatch"},{"floor":9.0,"key":"StoneCalendar"},{"floor":10.0,"key":"Molten Egg 2"},{"floor":14.0,"key":"Toy Ornithopter"},{"floor":23.0,"key":"Smiling Mask"},{"floor":25.0,"key":"Lantern"},{"floor":26.0,"key":"Juzu Bracelet"},{"floor":40.0,"key":"Mango"},{"floor":41.0,"key":"TheCursedMod:SoulVessel"},{"floor":43.0,"key":"PreservedInsect"},{"floor":47,"key":"Bottled Flame"}],"event_choices":[{"damage_healed":0.0,"max_hp_gain":0.0,"max_hp_loss":0.0,"gold_gain":0.0,"event_name":"Shining Light","player_choice":"Ignored","floor":3.0,"gold_loss":0.0,"damage_taken":0.0},{"damage_healed":0.0,"max_hp_gain":0.0,"max_hp_loss":0.0,"gold_gain":75.0,"event_name":"World of Goop","player_choice":"Gather Gold","floor":5.0,"gold_loss":0.0,"damage_taken":11.0},{"damage_healed":0.0,"max_hp_gain":0.0,"max_hp_loss":0.0,"gold_gain":0.0,"event_name":"Upgrade Shrine","player_choice":"Upgraded","floor":21.0,"gold_loss":0.0,"damage_taken":0.0,"cards_upgraded":["TheCursedMod:NeowsMight"]},{"damage_healed":0.0,"max_hp_gain":0.0,"max_hp_loss":0.0,"gold_gain":0.0,"event_name":"Mysterious Sphere","player_choice":"Ignored","floor":36.0,"gold_loss":0.0,"damage_taken":0.0},{"cards_removed":["TheCursedMod:Strike_TheCursed"],"damage_healed":0.0,"max_hp_gain":0.0,"max_hp_loss":0.0,"gold_gain":0.0,"event_name":"Purifier","player_choice":"Purged","floor":38.0,"gold_loss":0.0,"damage_taken":0.0},{"damage_healed":0.0,"max_hp_gain":0.0,"max_hp_loss":0.0,"gold_gain":0.0,"event_name":"MindBloom","player_choice":"Fight","floor":41.0,"gold_loss":0.0,"damage_taken":0.0}],"is_beta":false,"boss_relics":[{"not_picked":["Calling Bell","Astrolabe"],"picked":"Ectoplasm"},{"not_picked":["SacredBark","Tiny House"],"picked":"Philosopher\u0027s Stone"}],"items_purged_floors":[11,28,48],"is_endless":false,"potions_floor_spawned":[4,10,20,23,30,31,37,39,40,46],"ascension_level":16}}