{"host":"r6jigiblrojhp6xe","time":1607910487,"event":{"mods":["AchievementEnabler","BaseMod","DeckTracker","Minty Spire (QoL Compilation)","Quick Restart","Rare Cards Sparkle","Relic Stats","StSLib","SuperFastMode","everything is the same but u backflip on backflip"],"gold_per_floor":[112,129,144,144,158,158,183,183,207,207,239,239,249,268,268,339,339,356,406,418,418,418],"floor_reached":21,"playtime":493,"items_purged":[],"score":432,"play_id":"762a5927-01b2-489e-9aa3-59fe1bcef2fc","local_time":"20201214104807","is_ascension_mode":true,"campfire_choices":[{"data":"Carnage","floor":6.0,"key":"SMITH"},{"data":"Shockwave","floor":8.0,"key":"SMITH"},{"data":"Bash","floor":10.0,"key":"SMITH"},{"data":"Pommel Strike","floor":12.0,"key":"SMITH"},{"data":"Uppercut","floor":15.0,"key":"SMITH"}],"circlet_count":0,"master_deck":["AscendersBane","Strike_R","Strike_R","Strike_R","Strike_R+1","Defend_R","Defend_R","Defend_R","Defend_R","Bash+1","Carnage+1","Iron Wave+1","Shockwave+1","Pommel Strike+1","Uppercut+1","Feed","Whirlwind"],"relics":["Burning Blood","Akabeko","Red Skull","Whetstone","Black Star"],"acts_visited":["Exordium","TheCity"],"potions_floor_usage":[],"damage_taken":[{"damage":14.0,"enemies":"Jaw Worm","floor":1.0,"turns":5.0},{"damage":1.0,"enemies":"Cultist","floor":2.0,"turns":3.0},{"damage":17.0,"enemies":"Small Slimes","floor":3.0,"turns":4.0},{"damage":23.0,"enemies":"3 Louse","floor":5.0,"turns":5.0},{"damage":27.0,"enemies":"Gremlin Nob","floor":7.0,"turns":4.0},{"damage":0.0,"enemies":"Lagavulin","floor":11.0,"turns":4.0},{"damage":2.0,"enemies":"Exordium Wildlife","floor":13.0,"turns":3.0},{"damage":1.0,"enemies":"Blue Slaver","floor":14.0,"turns":2.0},{"damage":33,"enemies":"The Guardian","floor":16,"turns":13},{"damage":33,"enemies":"Spheric Guardian","floor":18,"turns":4},{"damage":38,"enemies":"3 Byrds","floor":20,"turns":6},{"damage":12,"enemies":"Centurion and Healer","floor":21,"turns":2}],"seed_played":"-1067007614481316616","potions_obtained":[{"floor":2.0,"key":"Dexterity Potion"},{"floor":3.0,"key":"BlessingOfTheForge"},{"floor":5.0,"key":"CultistPotion"},{"floor":13.0,"key":"Dexterity Potion"},{"floor":16,"key":"Dexterity Potion"}],"is_trial":false,"path_per_floor":["M","M","M","?","M","R","E","R","T","R","E","R","M","M","R","B",null,"M","?","M","M"],"character_chosen":"IRONCLAD","items_purchased":[],"campfire_rested":0,"item_purchase_floors":[],"current_hp_per_floor":[67,72,61,61,44,44,23,23,23,23,29,29,33,38,38,11,64,37,37,8,0,0],"gold":418,"neow_bonus":"TEN_PERCENT_HP_BONUS","is_daily":false,"chose_seed":false,"campfire_upgraded":5,"win_rate":0.0,"timestamp":1607910487,"path_taken":["M","M","M","?","M","R","E","R","T","R","E","R","M","?","R","BOSS","M","?","M","?"],"items_purchased_type":[],"build_version":"2020-12-13","purchased_purges":0,"victory":false,"max_hp_per_floor":[82,82,82,82,82,82,82,82,82,82,82,82,82,82,82,82,82,82,82,85,85,85],"relic_stats":{"counters":[12,55],"Black Star":0,"Whetstone":["Iron Wave","Strike_R"],"obtain_stats":[{"Black Star":17,"Whetstone":11,"Burning Blood":0,"Akabeko":7,"Red Skull":9},{"Black Star":9,"Whetstone":6,"Burning Blood":0,"Akabeko":5,"Red Skull":5},{"Black Star":43,"Whetstone":25,"Burning Blood":0,"Akabeko":21,"Red Skull":21}],"Burning Blood":66},"card_choices":[{"not_picked":["Warcry","Cleave"],"picked":"Carnage","floor":1.0},{"not_picked":["Power Through","Sword Boomerang","Warcry"],"picked":"SKIP","floor":2.0},{"not_picked":["Rampage","Twin Strike","Entrench"],"picked":"SKIP","floor":3.0},{"not_picked":["Sentinel","Iron Wave","Thunderclap"],"picked":"SKIP","floor":5.0},{"not_picked":["Heavy Blade","Sword Boomerang"],"picked":"Shockwave","floor":7.0},{"not_picked":["Power Through","Corruption"],"picked":"Pommel Strike","floor":11.0},{"not_picked":["Combust","Havoc","Body Slam"],"picked":"SKIP","floor":13.0},{"not_picked":["Sword Boomerang","Anger"],"picked":"Uppercut","floor":14.0},{"not_picked":["Corruption","Fiend Fire"],"picked":"Feed","floor":16},{"not_picked":["Carnage","Havoc"],"picked":"Whirlwind","floor":18},{"not_picked":["Clash","Headbutt","Blood for Blood"],"picked":"SKIP","floor":20}],"player_experience":495920,"relics_obtained":[{"floor":7.0,"key":"Akabeko"},{"floor":9.0,"key":"Red Skull"},{"floor":11.0,"key":"Whetstone"}],"event_choices":[{"damage_healed":0.0,"max_hp_gain":0.0,"max_hp_loss":0.0,"gold_gain":0.0,"cards_transformed":["Strike_R"],"event_name":"Transmorgrifier","player_choice":"Transformed","floor":4.0,"gold_loss":0.0,"damage_taken":0.0,"cards_obtained":["Iron Wave"]},{"damage_healed":0,"gold_gain":100,"player_choice":"Bet on Murderer","damage_taken":0,"max_hp_gain":0,"max_hp_loss":0,"event_name":"The Joust","floor":19,"gold_loss":50}],"is_beta":false,"boss_relics":[{"not_picked":["Black Blood","SacredBark"],"picked":"Black Star"}],"items_purged_floors":[],"is_endless":false,"potions_floor_spawned":[2,3,5,13,16,18],"killed_by":"Centurion and Healer","ascension_level":20}}