{"host":"mmvmlqmvbrlj5jge","time":1607950770,"event":{"mods":["Act Like it!","BaseMod","Dota2Spire","Gensokyo","Hallownest","Koishi","Lobotomy","Mari Mod (Legacy)","Mari\u0027s V1 Patch","Minty Spire (QoL Compilation)","MostiFishMod","Pale of the Ancients","Prisma Mod","Quick Restart","Remilia（蕾米莉亚）","Robot Space Explorer","RumiaBox-露米娅的神秘盒子","Spicy Shops","StSLib","TestMod","The Bug Knight","【功能Mod】混沌之环修复补丁","【遗物卡牌】REMEMod","篝火指南"],"gold_per_floor":[112,39,39,39,55,55,88,104,104,121,139,150,184,197,197,292,292,305,325,337,355,455,455,480,491,517,532,550,500,512,530,530,736,736,849,981,1105,1115,1130,1130,1408,1674,1674,283,452,704,1044,1443,1443,1882,2321,2597,2997,2086,1174,1546,1546],"floor_reached":56,"playtime":2439,"items_purged":["PrismaMod:MiyuCommonDefend","PrismaMod:MiyuDefenseExplosion","PrismaMod:MiyuCommonAttack","PrismaMod:MiyuEvokeBuffStr","Writhe"],"score":1167,"play_id":"37865289-59d3-4c0b-8a8d-2ed82c13c22d","local_time":"20201214205930","is_ascension_mode":false,"campfire_choices":[{"data":"PrismaMod:MiyuUncommonDexBuff","floor":6,"key":"SMITH"},{"data":"PrismaMod:MiyuUncommonDexBuff","floor":15,"key":"SMITH"},{"data":"PrismaMod:MiyuUncommonDexBuff","floor":23,"key":"SMITH"},{"data":"PrismaMod:MiyuEvokeBuffStr","floor":32,"key":"SMITH"},{"data":"PrismaMod:MiyuEvokeBuffStr","floor":40,"key":"SMITH"},{"data":"PrismaMod:MiyuUncommonAttack","floor":49,"key":"SMITH"}],"circlet_count":0,"master_deck":["PrismaMod:MiyuCommonDefend","PrismaMod:MiyuCommonDefend","PrismaMod:MiyuCommonDefend","PrismaMod:MiyuCommonDefend","PrismaMod:MiyuCommonAttack","PrismaMod:MiyuCommonAttack","PrismaMod:MiyuCommonAttack","PrismaMod:MiyuCommonAttack","PrismaMod:MiyuCheapChannelAttack","PrismaMod:MiyuCheapChannelDefend","REME_ShadowStrike","PrismaMod:MiyuUncommonDexBuff+1","PrismaMod:MiyuUncommonDexBuff+1","PrismaMod:MiyuUberAttack","PrismaMod:MiyuOrbIncreasePerm","PrismaMod:MiyuDevil","PrismaMod:MiyuUncommonDexBuff","PrismaMod:MiyuCheapChannelDefend","PrismaMod:MiyuUncommonDexBuff+1","PrismaMod:MiyuUncommonDefend","PrismaMod:MiyuEvokeBuffStr+1","PrismaMod:MiyuUncommonDefend+1","PrismaMod:MiyuEvokeBuffStr+1","PrismaMod:MiyuUncommonDexBuff","PrismaMod:MiyuUncommonAttack+1","PrismaMod:MiyuUncommonDefend+1","PrismaMod:MiyuDevil"],"relics":["PrismaMod:PrismaSapphire","REME_ComplimentaryCards","ShadowXiaoBlade","testmod-BatchProcessingSystem","Smiling Mask","Question Card","AddBug","SecretRecord","AddBug","SecretRecord","SecretRecord","SecretRecord","SecretRecord","SecretRecord","SecretRecord","SecretRecord","SecretRecord","SecretRecord","SecretRecord","SecretRecord","SecretRecord"],"acts_visited":["Gensokyo:Gensokyo","TheCity","Hallownest:KingdomsEdge","paleoftheancients:PaleOfTheAncients"],"potions_floor_usage":[48],"damage_taken":[{"damage":0,"enemies":"Gensokyo:3_Fairies","floor":1,"turns":3},{"damage":0,"enemies":"Gensokyo:Gryphon","floor":5,"turns":2},{"damage":0,"enemies":"Gensokyo:Cirno","floor":7,"turns":5},{"damage":0,"enemies":"Gensokyo:Python","floor":8,"turns":2},{"damage":0,"enemies":"Gensokyo:5_Fairies","floor":10,"turns":5},{"damage":0,"enemies":"Gensokyo:VengefulSpirit","floor":11,"turns":2},{"damage":0,"enemies":"Gensokyo:2_Rabbits","floor":12,"turns":2},{"damage":0,"enemies":"Gensokyo:Aya","floor":13,"turns":2},{"damage":0,"enemies":"Gensokyo:LivingMonolith","floor":14,"turns":1},{"damage":28,"enemies":"Gensokyo:Yukari","floor":16,"turns":9},{"damage":0,"enemies":"2 Thieves","floor":18,"turns":3},{"damage":0,"enemies":"Spheric Guardian","floor":19,"turns":2},{"damage":0,"enemies":"Centurion and Healer","floor":20,"turns":2},{"damage":0,"enemies":"3 Cultists","floor":21,"turns":4},{"damage":0,"enemies":"REME_1_Revenger","floor":24,"turns":3},{"damage":0,"enemies":"Snecko","floor":25,"turns":3},{"damage":0,"enemies":"Cultist and Chosen","floor":27,"turns":2},{"damage":0,"enemies":"Centurion and Healer","floor":28,"turns":4},{"damage":0,"enemies":"Snake Plant","floor":30,"turns":2},{"damage":0,"enemies":"3 Cultists","floor":31,"turns":3},{"damage":0,"enemies":"Automaton","floor":33,"turns":4},{"damage":0,"enemies":"Hallownest:3_Siblings","floor":35,"turns":4},{"damage":0,"enemies":"Hallownest:2_Littles","floor":36,"turns":4},{"damage":0,"enemies":"Hallownest:Shield_Sturdy","floor":37,"turns":3},{"damage":0,"enemies":"Hallownest:2_Great","floor":38,"turns":3},{"damage":0,"enemies":"Hallownest:monsterPrimalAspid","floor":39,"turns":2},{"damage":0,"enemies":"Hallownest:StalkingDevout","floor":41,"turns":4},{"damage":0,"enemies":"Hallownest:Shield_Sturdy","floor":42,"turns":5},{"damage":0,"enemies":"Hallownest:eliteCollector","floor":45,"turns":2},{"damage":0,"enemies":"Hallownest:2_Soldiers_and_1_Guardian","floor":46,"turns":4},{"damage":0,"enemies":"Hallownest:StalkingDevout","floor":47,"turns":4},{"damage":10,"enemies":"Hallownest:2_Great","floor":48,"turns":6},{"damage":20,"enemies":"Hallownest:Radiance","floor":50,"turns":4},{"damage":0,"enemies":"Hallownest:Radiance","floor":51,"turns":8},{"damage":0,"enemies":"Hallownest:Radiance","floor":52,"turns":5},{"damage":434,"enemies":"Hallownest:Radiance","floor":56,"turns":8}],"seed_played":"7192288880151585239","potions_obtained":[{"floor":5,"key":"LiquidBronze"},{"floor":7,"key":"Dexterity Potion"},{"floor":10,"key":"testmod-SpacePotion"},{"floor":48,"key":"LiquidBronze"},{"floor":51,"key":"EssenceOfSteel"}],"is_trial":false,"path_per_floor":["M","$","?","?","M","R","E","M","T","M","M","M","E","M","R","B",null,"M","M","M","M","?","R","E","M","T","M","M","$","M","M","R","B",null,"M","M","M","M","M","R","E","M","T","$","E","M","E","M","R","B","M","M","?","$","R","M"],"character_chosen":"MIYU","items_purchased":["PrismaMod:MiyuUncommonDexBuff","PrismaMod:MiyuUberAttack","PrismaMod:MiyuUncommonDexBuff","TimeFreeze","Omamori","Chemical X","Eternal Feather","testmod-Alchemist","FossilizedHelix","PrismaMod:MiyuDevil","Toolbox","Anchor","MagicDraw4","Mango","Akabeko","Cauldron","DollysMirror","GodSword7","Dota2Spire:LotusOrb","REME_PuzzleBoxRelic","REME_OnlineShoppingPlatform"],"campfire_rested":0,"item_purchase_floors":[2,2,44,44,44,44,44,44,44,54,54,54,54,54,54,54,55,55,55,55,55],"current_hp_per_floor":[75,75,57,57,62,62,67,72,72,75,75,75,75,75,75,47,75,75,75,75,75,75,75,75,75,75,75,75,75,75,75,75,75,75,75,75,75,75,75,75,75,75,75,75,75,75,75,65,65,75,75,75,75,75,75,0,0],"gold":1546,"neow_bonus":"RANDOM_COMMON_RELIC","is_daily":false,"chose_seed":false,"campfire_upgraded":6,"win_rate":0.0,"timestamp":1607950770,"path_taken":["M","?","?","?","M","R","E","M","T","M","M","M","E","M","R","BOSS","M","M","M","M","?","R","E","M","T","?","M","$","M","M","R","BOSS","M","M","M","M","M","R","E","M","T","$","E","M","E","M","R","BOSS","M","M","?","$","R","M"],"items_purchased_type":["Card","Card","Card","Relic","Relic","Relic","Relic","Relic","Relic","Card","Relic","Relic","Relic","Relic","Relic","Relic","Relic","Relic","Relic","Relic","Relic"],"build_version":"2020-11-30","purchased_purges":5,"victory":false,"max_hp_per_floor":[75,75,75,75,75,75,75,75,75,75,75,75,75,75,75,75,75,75,75,75,75,75,75,75,75,75,75,75,75,75,75,75,75,75,75,75,75,75,75,75,75,75,75,75,75,75,75,75,75,75,75,75,75,75,75,75,75],"card_choices":[{"not_picked":["PrismaMod:MiyuCheapChannelVul","PrismaMod:MiyuMaid"],"picked":"PrismaMod:MiyuUncommonDexBuff","floor":1},{"not_picked":["PrismaMod:MiyuCheapAttack1","PrismaMod:MiyuCheapChannelWeak","PrismaMod:MiyuDefenseExplosion","PrismaMod:MiyuAttackChannelAttack"],"picked":"SKIP","floor":5},{"not_picked":["PrismaMod:MiyuCheapAttack2","PrismaMod:MiyuEvokeCheapAttack","PrismaMod:MiyuUncommonPlate"],"picked":"PrismaMod:MiyuOrbIncreasePerm","floor":7},{"not_picked":["PrismaMod:MiyuChristmas","PrismaMod:MiyuUncommonPlate","PrismaMod:MiyuEvokeBuffDex","PrismaMod:MiyuEvokeBuffStr"],"picked":"SKIP","floor":8},{"not_picked":["PrismaMod:MiyuUncommonStrBuff","PrismaMod:MiyuCheapEvoke","PrismaMod:MiyuCheapChannelAttack"],"picked":"PrismaMod:MiyuDevil","floor":10},{"not_picked":["PrismaMod:MiyuUncommonDefend","PrismaMod:MiyuCheapStrBuff","PrismaMod:MiyuEvokeAllAttack"],"picked":"PrismaMod:MiyuUncommonDexBuff","floor":11},{"not_picked":["PrismaMod:MiyuCheapAttack2","PrismaMod:MiyuUberAttack","PrismaMod:MiyuUberAOEAttack","PrismaMod:MiyuCheapStrBuff"],"picked":"SKIP","floor":12},{"not_picked":["PrismaMod:MiyuCheapAttack1","PrismaMod:MiyuUncommonAttack","PrismaMod:MiyuEvokeBuffStr"],"picked":"PrismaMod:MiyuCheapChannelDefend","floor":13},{"not_picked":["PrismaMod:MiyuAttackChannelAttack","PrismaMod:MiyuCheapChannelHeal","PrismaMod:MiyuCommonAOEAttack","PrismaMod:MiyuCheapAttack2"],"picked":"SKIP","floor":14},{"not_picked":["PrismaMod:MiyuDefenseRemoval+1","PrismaMod:MiyuCarnivalAttack","PrismaMod:MiyuCheapStrBuff+1"],"picked":"PrismaMod:MiyuUncommonDexBuff","floor":18},{"not_picked":["PrismaMod:MiyuCarnivalAttack","PrismaMod:MiyuEvokeCheapAttack","PrismaMod:MiyuMaid","PrismaMod:MiyuCheapAttack2"],"picked":"SKIP","floor":19},{"not_picked":["PrismaMod:MiyuAttackChannelWeak","PrismaMod:MiyuDefenseRemoval","PrismaMod:MiyuEvokeCheapAttack","PrismaMod:MiyuEvokeBuffDex"],"picked":"SKIP","floor":20},{"not_picked":["PrismaMod:MiyuCheapChannelAttack+1","PrismaMod:MiyuCheapChannelRandom","PrismaMod:MiyuDefenseRemoval","PrismaMod:MiyuCheapAttack1+1"],"picked":"SKIP","floor":21},{"not_picked":["PrismaMod:MiyuCheapChannelAttack","PrismaMod:MiyuCheapEvoke","PrismaMod:MiyuUberAOEAttack"],"picked":"PrismaMod:MiyuUncommonDefend","floor":24},{"not_picked":["PrismaMod:MiyuCommonAOEAttack","PrismaMod:MiyuUncommonPlate","PrismaMod:MiyuCheapDefend2","PrismaMod:MiyuCheapChannelDefend"],"picked":"SKIP","floor":25},{"not_picked":["PrismaMod:MiyuUberAttack+1","PrismaMod:MiyuCarnivalAttack+1","PrismaMod:MiyuEvokeAll","PrismaMod:MiyuCheapEvoke+1"],"picked":"SKIP","floor":27},{"not_picked":["PrismaMod:MiyuOrbIncreasePerm+1","PrismaMod:MiyuEvokeBuffDex+1","PrismaMod:MiyuCheapDefend1+1","PrismaMod:MiyuCheapChannelWeak+1"],"picked":"SKIP","floor":28},{"not_picked":["PrismaMod:MiyuCheapAttack1","PrismaMod:MiyuUncommonStrBuff","PrismaMod:MiyuCheapAttack2","PrismaMod:MiyuDefenseExplosion"],"picked":"SKIP","floor":30},{"not_picked":["PrismaMod:MiyuDefenseRemoval","PrismaMod:MiyuUncommonAOEAttack","PrismaMod:MiyuCheapAttack1"],"picked":"PrismaMod:MiyuEvokeBuffStr","floor":31},{"not_picked":["PrismaMod:MiyuCheapEvoke+1","PrismaMod:MiyuCheapAttack1","PrismaMod:MiyuCheapStrBuff"],"picked":"PrismaMod:MiyuDefenseExplosion","floor":35},{"not_picked":["PrismaMod:MiyuCheapChannelHeal","PrismaMod:MiyuCheapChannelWeak+1","PrismaMod:MiyuDefenseRemoval+1","PrismaMod:MiyuUberAOEAttack+1"],"picked":"SKIP","floor":36},{"not_picked":["PrismaMod:MiyuCheapChannelRandom+1","PrismaMod:MiyuBride","PrismaMod:MiyuEvokeAll"],"picked":"PrismaMod:MiyuUncommonDefend+1","floor":37},{"not_picked":["PrismaMod:MiyuEvokeBuffDex+1","PrismaMod:MiyuCheapChannelVul+1","PrismaMod:MiyuCheapEvoke+1","PrismaMod:MiyuOrbIncreasePerm"],"picked":"SKIP","floor":38},{"not_picked":["PrismaMod:MiyuUberAttack","PrismaMod:MiyuCheapAttack2+1","PrismaMod:MiyuUberAOEAttack+1"],"picked":"PrismaMod:MiyuEvokeBuffStr","floor":39},{"not_picked":["PrismaMod:MiyuChristmas+1","PrismaMod:MiyuUncommonAOEAttack","PrismaMod:MiyuEvokeCheapDefend+1"],"picked":"PrismaMod:MiyuEvokeBuffStr","floor":41},{"not_picked":["PrismaMod:MiyuMaid","PrismaMod:MiyuDefenseRemoval+1","PrismaMod:MiyuAttackChannelVul","PrismaMod:MiyuCheapPlate"],"picked":"SKIP","floor":42},{"not_picked":["PrismaMod:MiyuUberDefend","PrismaMod:MiyuChannelDefendEvoke","PrismaMod:MiyuCarnivalAttack"],"picked":"PrismaMod:MiyuUncommonAttack","floor":45},{"not_picked":["PrismaMod:MiyuOrbIncreasePerm","PrismaMod:MiyuUberAOEAttack","PrismaMod:MiyuCheapEvoke+1","PrismaMod:MiyuDefenseExplosion+1"],"picked":"SKIP","floor":46},{"not_picked":["PrismaMod:MiyuEvokeCheapAttack+1","PrismaMod:MiyuEvokeBuffDex+1","PrismaMod:MiyuCarnivalAttack+1"],"picked":"PrismaMod:MiyuUncommonDefend+1","floor":47},{"not_picked":["PrismaMod:MiyuUberAOEAttack","PrismaMod:MiyuEvokeBuffDex+1","PrismaMod:MiyuCheapStrBuff","PrismaMod:MiyuCheapPlate+1"],"picked":"SKIP","floor":48},{"not_picked":["PrismaMod:MiyuChristmas+1","PrismaMod:MiyuAttackChannelAttack+1","PrismaMod:MiyuCheapChannelVul+1","PrismaMod:MiyuUncommonAttack"],"picked":"SKIP","floor":51},{"not_picked":["PrismaMod:MiyuDefenseExplosion","PrismaMod:MiyuAttackChannelAttack","PrismaMod:MiyuCheapEvoke","PrismaMod:MiyuCheapAttack1"],"picked":"SKIP","floor":52}],"player_experience":120110,"relics_obtained":[{"floor":1,"key":"Question Card"},{"floor":1,"key":"AddBug"},{"floor":1,"key":"PrismaticShard"},{"floor":5,"key":"REME_ComplimentaryCards"},{"floor":7,"key":"testmod-BouquetWithThorns"},{"floor":8,"key":"SecretRecord"},{"floor":8,"key":"PrismaMod:PrismaSapphire"},{"floor":9,"key":"REME_ArchaeologicalTools"},{"floor":12,"key":"SecretRecord"},{"floor":13,"key":"Frozen Egg 2"},{"floor":16,"key":"ImportantClient"},{"floor":19,"key":"SecretRecord"},{"floor":19,"key":"Smiling Mask"},{"floor":24,"key":"War Paint"},{"floor":25,"key":"SecretRecord"},{"floor":26,"key":"Strawberry"},{"floor":27,"key":"SecretRecord"},{"floor":31,"key":"SecretRecord"},{"floor":35,"key":"SecretRecord"},{"floor":38,"key":"Smiling Mask"},{"floor":39,"key":"SecretRecord"},{"floor":41,"key":"Regal Pillow"},{"floor":42,"key":"SecretRecord"},{"floor":43,"key":"Dota2Spire:UrnOfShadows"},{"floor":45,"key":"SecretRecord"},{"floor":45,"key":"GodSword5"},{"floor":47,"key":"testmod-Hope"},{"floor":48,"key":"SecretRecord"},{"floor":51,"key":"paleoftheancients:SoulOfTheWokeBloke"},{"floor":52,"key":"paleoftheancients:SoulOfTheGuardian"},{"floor":52,"key":"SecretRecord"}],"event_choices":[{"damage_healed":0,"gold_gain":0,"player_choice":"Swap Relic","damage_taken":0,"relics_obtained":["AddBug"],"max_hp_gain":0,"max_hp_loss":0,"event_name":"给自己的盒子","floor":4,"relics_lost":["DaveBox"],"gold_loss":0},{"damage_healed":0,"gold_gain":100,"player_choice":"Pray","damage_taken":0,"max_hp_gain":0,"max_hp_loss":0,"event_name":"Golden Shrine","floor":22,"gold_loss":0},{"damage_healed":0,"gold_gain":400,"player_choice":"Sell","damage_taken":0,"max_hp_gain":0,"max_hp_loss":0,"event_name":"恩洛斯的盘子","floor":53,"relics_lost":["testmod-TestBox"],"gold_loss":0}],"is_beta":false,"boss_relics":[{"not_picked":["testmod-IncinerationGenerator","Snecko Eye"],"picked":"testmod-PortableAltar"},{"not_picked":["RhineCircuit","xbg"],"picked":"testmod-NegativeEmotionEnhancer"}],"items_purged_floors":[29,44,44,54,55],"is_endless":false,"potions_floor_spawned":[5,7,10,12,20,24,27,31,33,37,39,42,48,51],"killed_by":"Hallownest:Radiance","ascension_level":0}}