{"host":"97bfbul5vt0mksxl","time":1607906937,"event":{"mods":["BaseMod","Colored Powertips","Highlight Path","Infinite Spire","Minty Spire (QoL Compilation)","Replay The Spire","Shop Mod","StSLib","SuperFastMode"],"gold_per_floor":[112,130,130,130,154,154,154,183,257,290,301,313,327,345,345,450,450,462,476,476,494,494,527,527,540,540,540,554,554,564,576,576,718,718,778,778,322,359,394,455,455,497,576,629,685,745,745,745],"floor_reached":47,"playtime":3703,"items_purged":[],"score":795,"play_id":"6f63c884-7d9b-48b2-95a1-ff7f7107191b","local_time":"20201213214857","is_ascension_mode":false,"campfire_choices":[{"data":"Eruption","floor":7.0,"key":"SMITH"},{"floor":15.0,"key":"REST"},{"floor":29,"key":"REST"},{"floor":32,"key":"REST"},{"floor":41,"key":"REST"}],"circlet_count":0,"master_deck":["Strike_P","Strike_P+1","Strike_P","Defend_P","Defend_P","Defend_P","Eruption+1","Vigilance","JustLucky","FlurryOfBlows","ForeignInfluence","Steam","PathToVictory+1","EmptyFist+1","Halt","FearNoEvil","PathToVictory","MentalFortress","Devotion","CurseOfTheBell","Replay:LoomingThreat","Replay:ManipulateFuture+1","Protect","EmptyBody+1","infinitespire:SevenWalls","Consecrate+1","Adaptation","Devotion","Ragnarok","WaveOfTheHand+1","Replay:Parry","Swift Strike","Madness","TalkToTheHand+1","Perseverance+1","Pain","LikeWater+1","Replay:Cycle","LikeWater+1"],"relics":["PureWater","Gremlin Food","infinitespire:Golems Mask","Du-Vu Doll","infinitespire:Bottled Soul","Blue Doll","Replay:Grab Bag","Cursed Key","infinitespire:Cupcake","Calling Bell","SacredBark","Omamori","Replay:Multitool","infinitespire:BottledMercury","Necronomicon","PreservedInsect","Replay:Purple Gloves","Oddly Smooth Stone","Letter Opener","infinitespire:EvilPickle","Empty Cage","MerchantsRug","Anchor","Boot","WingedGreaves","InkBottle"],"acts_visited":["Exordium","TheCity","TheBeyond"],"potions_floor_usage":[19,23,23,23,31,38,46,47,47],"damage_taken":[{"damage":0.0,"enemies":"Small Slimes","floor":1.0,"turns":2.0},{"damage":0.0,"enemies":"Jaw Worm","floor":2.0,"turns":5.0},{"damage":12.0,"enemies":"3 Sentries","floor":8.0,"turns":7.0},{"damage":25.0,"enemies":"Lagavulin","floor":10.0,"turns":5.0},{"damage":0.0,"enemies":"2 Louse","floor":11.0,"turns":2.0},{"damage":0.0,"enemies":"Exordium Thugs","floor":12.0,"turns":3.0},{"damage":9.0,"enemies":"3 Louse","floor":13.0,"turns":3.0},{"damage":16.0,"enemies":"Exordium Wildlife","floor":14.0,"turns":3.0},{"damage":0.0,"enemies":"Fading Forest","floor":16.0,"turns":11.0},{"damage":21.0,"enemies":"3 Byrds","floor":18.0,"turns":4.0},{"damage":6,"enemies":"Shell Parasite","floor":19,"turns":5},{"damage":0,"enemies":"Snake Plant","floor":21,"turns":2},{"damage":28,"enemies":"Slavers","floor":23,"turns":5},{"damage":5,"enemies":"3 Cultists","floor":25,"turns":7},{"damage":0,"enemies":"Cultist and Chosen","floor":28,"turns":3},{"damage":7,"enemies":"Centurion and Healer","floor":30,"turns":3},{"damage":0,"enemies":"Snecko","floor":31,"turns":4},{"damage":9,"enemies":"Pondfish","floor":33,"turns":6},{"damage":28,"enemies":"3 Darklings","floor":35,"turns":6},{"damage":0,"enemies":"Orb Walker","floor":38,"turns":4},{"damage":9,"enemies":"Spire Growth","floor":39,"turns":4},{"damage":13,"enemies":"Nemesis","floor":40,"turns":3},{"damage":65,"enemies":"Sphere and 2 Shapes","floor":42,"turns":4},{"damage":3,"enemies":"Writhing Mass","floor":44,"turns":6},{"damage":6,"enemies":"Jaw Worm Horde","floor":45,"turns":4},{"damage":13,"enemies":"4 Shapes","floor":46,"turns":5},{"damage":100005,"enemies":"R_Hoarder","floor":47,"turns":4}],"seed_played":"1988261742257726107","potions_obtained":[{"floor":2.0,"key":"Swift Potion"},{"floor":10.0,"key":"DuplicationPotion"},{"floor":13.0,"key":"Languid Potion"},{"floor":14.0,"key":"Explosive Potion"},{"floor":21,"key":"Weak Potion"},{"floor":25,"key":"FairyPotion"},{"floor":28,"key":"Ancient Potion"},{"floor":35,"key":"SkillPotion"},{"floor":42,"key":"Dexterity Potion"},{"floor":45,"key":"Fire Potion"},{"floor":46,"key":"EssenceOfSteel"}],"is_trial":false,"path_per_floor":["M","M","?","?","T","?","R","E","T","E","M","M","M","M","R","B",null,"M","M","?","M","T","E","AVR","M","T","?","M","R","M","M","R","B",null,"M","?","$","M","M","E","R","M","T","M","M","M","E"],"character_chosen":"WATCHER","items_purchased":["MerchantsRug","Anchor","Boot"],"campfire_rested":4,"item_purchase_floors":[37,37,37],"current_hp_per_floor":[79,79,79,79,79,79,79,67,67,42,42,42,33,17,40,52,79,58,52,36,36,36,8,8,3,3,3,3,26,19,19,42,33,79,51,41,41,41,32,19,42,32,32,29,23,10,0,0],"gold":745,"neow_bonus":"TEN_PERCENT_HP_BONUS","is_daily":false,"chose_seed":false,"campfire_upgraded":1,"win_rate":0.0,"timestamp":1607906937,"path_taken":["M","M","?","?","?","?","R","E","T","E","?","M","M","M","R","BOSS","M","M","?","M","?","E","AVR","?","T","?","?","R","M","M","R","BOSS","M","?","$","M","M","E","R","M","T","M","M","M","E"],"items_purchased_type":["Relic","Relic","Relic"],"build_version":"2020-12-13","purchased_purges":0,"victory":false,"max_hp_per_floor":[79,79,79,79,79,79,79,79,79,79,79,79,79,79,79,79,79,79,79,79,79,79,79,79,79,79,79,79,79,79,79,79,79,79,79,79,79,79,79,79,79,79,79,79,79,79,79,79],"card_choices":[{"not_picked":["Consecrate","EmptyBody"],"picked":"JustLucky","floor":1.0},{"not_picked":["Indignation","Replay:ManipulateFuture"],"picked":"FlurryOfBlows","floor":2.0},{"not_picked":["WheelKick","Replay:DivineShield"],"picked":"PathToVictory","floor":8.0},{"not_picked":["EmptyBody","Evaluate"],"picked":"EmptyFist","floor":10.0},{"not_picked":["Wallop","Replay:Cycle"],"picked":"Halt","floor":11.0},{"not_picked":["Consecrate","Replay:AtTheReady"],"picked":"FearNoEvil","floor":12.0},{"not_picked":["SashWhip","Replay:DivineShield"],"picked":"PathToVictory","floor":13.0},{"not_picked":["Wish","Replay:Anticipation"],"picked":"MentalFortress","floor":14.0},{"not_picked":["Ragnarok","Wish"],"picked":"Devotion","floor":16.0},{"not_picked":["Evaluate","CrushJoints"],"picked":"Replay:LoomingThreat","floor":18.0},{"not_picked":["Perseverance","ReachHeaven"],"picked":"Replay:ManipulateFuture+1","floor":19},{"not_picked":["Meditate","Conclude"],"picked":"Protect","floor":21},{"not_picked":["Scrawl","CarveReality"],"picked":"EmptyBody+1","floor":23},{"not_picked":["InnerPeace","DeceiveReality+1"],"picked":"Consecrate","floor":25},{"not_picked":["Crescendo","Replay:ManipulateFuture","Wallop"],"picked":"SKIP","floor":28},{"not_picked":["CutThroughFate","WreathOfFlame"],"picked":"Adaptation","floor":30},{"not_picked":["CutThroughFate","Replay:DivineShield"],"picked":"Devotion","floor":31},{"not_picked":["Replay:LoomingThreat","SpiritShield"],"picked":"Ragnarok","floor":33},{"not_picked":["Replay:Anticipation+1","Worship"],"picked":"WaveOfTheHand+1","floor":35},{"not_picked":["Survey Options","Purity"],"picked":"Replay:Parry","floor":36},{"not_picked":["Deep Breath","Violence"],"picked":"Swift Strike","floor":36},{"not_picked":["Swift Strike","Replay:Sssssssssshield"],"picked":"Madness","floor":36},{"not_picked":["EmptyFist","ReachHeaven","CrushJoints+1"],"picked":"SKIP","floor":38},{"not_picked":["EmptyFist","Replay:Cycle+1"],"picked":"TalkToTheHand+1","floor":39},{"not_picked":["FlyingSleeves","WaveOfTheHand","Replay:BluntJabs+1"],"picked":"SKIP","floor":40},{"not_picked":["Collect+1","Crescendo+1"],"picked":"Perseverance+1","floor":42},{"not_picked":["Replay:BluntJabs","BowlingBash"],"picked":"LikeWater+1","floor":44},{"not_picked":["FlyingSleeves","ClearTheMind"],"picked":"Replay:Cycle","floor":45},{"not_picked":["Fasting2","Tantrum"],"picked":"LikeWater+1","floor":46}],"player_experience":139474,"relics_obtained":[{"floor":5.0,"key":"Gremlin Food"},{"floor":8.0,"key":"Du-Vu Doll"},{"floor":9.0,"key":"infinitespire:Bottled Soul"},{"floor":10.0,"key":"Blue Doll"},{"floor":17.0,"key":"Omamori"},{"floor":17.0,"key":"Replay:Multitool"},{"floor":17.0,"key":"infinitespire:BottledMercury"},{"floor":20,"key":"Necronomicon"},{"floor":22,"key":"PreservedInsect"},{"floor":23,"key":"Replay:Purple Gloves"},{"floor":26,"key":"Letter Opener"},{"floor":40,"key":"WingedGreaves"},{"floor":43,"key":"InkBottle"}],"event_choices":[{"damage_healed":0.0,"max_hp_gain":0.0,"max_hp_loss":0.0,"gold_gain":0.0,"event_name":"Golden Wing","player_choice":"Ignored","floor":3.0,"gold_loss":0.0,"damage_taken":0.0},{"damage_healed":0.0,"max_hp_gain":0.0,"max_hp_loss":0.0,"gold_gain":0.0,"event_name":"WeMeetAgain","player_choice":"Gave Potion","floor":6.0,"gold_loss":0.0,"damage_taken":0.0,"relics_obtained":["infinitespire:Golems Mask"]},{"damage_healed":0,"gold_gain":0,"player_choice":"Obtained Book","damage_taken":16,"max_hp_gain":0,"max_hp_loss":0,"event_name":"Cursed Tome","floor":20,"gold_loss":0},{"damage_healed":0,"gold_gain":0,"player_choice":"Cursed","damage_taken":0,"max_hp_gain":0,"max_hp_loss":0,"event_name":"Wheel of Change","floor":27,"gold_loss":0,"cards_obtained":["Decay"]},{"damage_healed":0,"gold_gain":0,"player_choice":"Memory 3","damage_taken":10,"max_hp_gain":0,"max_hp_loss":0,"event_name":"SensoryStone","floor":36,"gold_loss":0}],"is_beta":false,"boss_relics":[{"not_picked":["Tiny House","Kintsugi"],"picked":"Replay:Grab Bag"},{"not_picked":["Ectoplasm","ChewingGum"],"picked":"Cursed Key"},{"not_picked":["ReplayTheSpireMod:DimensionalGlitch","Sozu"],"picked":"infinitespire:Cupcake"},{"not_picked":["ReplayTheSpireMod:SealedPack","VioletLotus"],"picked":"Calling Bell"},{"not_picked":["Astrolabe","Snecko Eye"],"picked":"SacredBark"},{"not_picked":["Black Star","Pandora\u0027s Box"],"picked":"Empty Cage"}],"items_purged_floors":[],"is_endless":false,"potions_floor_spawned":[2,10,13,14,21,25,28,35,42,45,46],"killed_by":"R_Hoarder","ascension_level":0}}