{"host":"gt2xw11t93hs94eb","time":1607909862,"event":{"mods":["Act Like it!","Aspiration","BaseMod","Colored Map","Colored Powertips","Conspire","Minty Spire (QoL Compilation)","Pale of the Ancients","Quick Restart","Replay The Spire","Shop Mod","Spicy Shops","StSLib","The Gatherer","篝火指南"],"gold_per_floor":[99,114,428,71,85,85,99,79,79,92,104,104,104,122,122,196,196,206,221,221,221,221,152,319,154,154,164,181,236,236,32,32,121,121,167,221,221,263,263,513,416,416,416,216,216,7,282,411,77,101,101,101],"floor_reached":50,"playtime":3061,"items_purged":["Voices"],"score":1106,"play_id":"32432a42-daf9-4105-8673-6cb1447d1375","local_time":"20201214023742","daily_mods":["Draft","Specialized","Vintage","Allstar","Diverse","Colorless Cards","Heirloom","Flight"],"is_ascension_mode":true,"metric_token":981,"campfire_choices":[{"data":"Gatherer:TreeGrowth","floor":6.0,"key":"SMITH"},{"floor":13.0,"key":"REST"},{"data":"conspire:Banana","floor":15.0,"key":"SMITH"}],"circlet_count":0,"master_deck":["Demon Form","Echo Form","DevaForm","Gatherer:BomberForm","AscendersBane","Gatherer:FinishingStrike","Gatherer:FinishingStrike","Gatherer:FinishingStrike","Gatherer:FinishingStrike","Gatherer:FinishingStrike","conspire:Banana+1","Heavy Blade","Thunderclap","Twin Strike","Gatherer:PotentialSlash+1","Gatherer:TreeGrowth+1","Spot Weakness","Gatherer:EchoOfNature","Flying Knee","Leap","Pommel Strike+1","Pummel","Evolve+1","Atom Bomb+1","Apotheosis","Sadistic Nature","HandOfGreed+1","Reaper+1","Bite+1","Bite+1","Bite+1","Bite+1","Bite+1","Impervious","Gatherer:Duality+1","Enlightenment","ReplayTheSpireMod:Brewmster","conspire:SpireCoStock","conspire:SpireCoStock","conspire:SpireCoStock","conspire:SpireCoStock","Regret"],"relics":["Gatherer:AlchemyBag","Turnip","HornCleat","MerchantsRug","Gatherer:FloralEgg","Prayer Wheel","Molten Egg 2","aspiration:FetidBarrel","Coffee Dripper","Replay:WaspNest","aspiration:RitualStick","Bottled Flame","Replay:Bandana","Iron Hammer","Oddly Smooth Stone","aspiration:SneckoTail","ReplayTheSpireMod:CursedCoin","aspiration:VileToxins","aspiration:StickyExplosives_weak","Membership Card","MealTicket","Frozen Egg 2","aspiration:Nostalgia","Burning Blood","Whetstone","ReplayTheSpireMod:Shallot"],"acts_visited":["Exordium","TheCity","TheBeyond"],"potions_floor_usage":[50,50],"damage_taken":[{"damage":12.0,"enemies":"Jaw Worm","floor":2.0,"turns":2.0},{"damage":0.0,"enemies":"Small Slimes","floor":3.0,"turns":1.0},{"damage":0.0,"enemies":"Cultist","floor":5.0,"turns":3.0},{"damage":21.0,"enemies":"3 Louse","floor":7.0,"turns":2.0},{"damage":5.0,"enemies":"Red Slaver","floor":10.0,"turns":2.0},{"damage":0.0,"enemies":"Lots of Slimes","floor":11.0,"turns":3.0},{"damage":0.0,"enemies":"Large Slime","floor":14.0,"turns":1.0},{"damage":20.0,"enemies":"Fading Forest","floor":16.0,"turns":9.0},{"damage":11.0,"enemies":"2 Thieves","floor":18.0,"turns":2.0},{"damage":4.0,"enemies":"Chosen","floor":19.0,"turns":2.0},{"damage":32.0,"enemies":"Shelled Parasite and Fungi","floor":27.0,"turns":3.0},{"damage":12.0,"enemies":"Snecko","floor":28.0,"turns":4.0},{"damage":121.0,"enemies":"conspire:MysteriousRune","floor":33.0,"turns":9.0},{"damage":39.0,"enemies":"3 Shapes","floor":35.0,"turns":2.0},{"damage":27.0,"enemies":"conspire:MimicChest","floor":36.0,"turns":6.0},{"damage":11.0,"enemies":"Orb Walker","floor":38.0,"turns":2.0},{"damage":10.0,"enemies":"Jaw Worm Horde","floor":48.0,"turns":4.0},{"damage":58,"enemies":"Replay:Hell Engine","floor":50,"turns":5}],"seed_played":"1373173141369838390","potions_obtained":[{"floor":2.0,"key":"GhostInAJar"},{"floor":3.0,"key":"LifebloodPotion"},{"floor":7.0,"key":"DuplicationPotion"},{"floor":8.0,"key":"Death Potion"},{"floor":14.0,"key":"Dexterity Potion"},{"floor":27.0,"key":"Fire Potion"},{"floor":33.0,"key":"Dexterity Potion"},{"floor":38.0,"key":"Fire Potion"},{"floor":48.0,"key":"Poison Potion"}],"is_trial":true,"path_per_floor":["?","M","M","$","M","R","M","?","T","M","M","?","R","M","R","B",null,"M","M","?","?","?","R","$","$","T","M","M","T","?","$","R_BF","B",null,"M","?","?","M","?","R","R","$","T","?","?","$","?","M","R","B"],"character_chosen":"THE_GATHERER","items_purchased":["MerchantsRug","Gatherer:FloralEgg","ReplayTheSpireMod:ShopPack","Reaper+1","Lee\u0027s Waffle","Oddly Smooth Stone","Elixir","ReplayTheSpireMod:CursedCoin","aspiration:VileToxins","Membership Card","MealTicket","aspiration:Nostalgia","Whetstone","BloodPotion","Weak Potion","Dexterity Potion","ReplayTheSpireMod:Shallot"],"campfire_rested":1,"item_purchase_floors":[4,4,23,25,31,31,31,41,41,46,46,49,49,49,49,49,49],"current_hp_per_floor":[60,48,49,49,50,50,30,30,30,25,25,25,46,48,48,42,66,59,57,57,38,76,76,76,76,76,44,41,41,20,85,85,3,66,45,29,29,28,23,23,23,23,23,23,23,23,23,19,37,0,0,0],"gold":101,"neow_bonus":"","is_daily":false,"chose_seed":false,"campfire_upgraded":2,"win_rate":0.0,"timestamp":1607909862,"path_taken":["?","M","M","$","M","R","M","?","T","M","?","?","R","?","R","BOSS","M","?","?","?","?","R","$","$","T","?","M","?","?","?","R_BF","BOSS","M","?","?","?","?","R","R","$","T","?","?","$","?","?","R","BOSS"],"items_purchased_type":["Relic","Relic","Relic","Card","Relic","Relic","Potion","Relic","Relic","Relic","Relic","Relic","Relic","Potion","Potion","Potion","Relic"],"build_version":"2020-12-13","purchased_purges":1,"victory":false,"max_hp_per_floor":[67,67,68,68,69,69,70,70,70,70,70,70,70,70,70,74,74,76,76,76,76,76,76,76,76,76,76,78,78,78,85,85,87,87,87,89,89,91,91,91,91,91,91,91,91,91,91,91,91,93,93,93],"card_choices":[{"not_picked":["Heavy Blade","Go for the Eyes"],"picked":"conspire:Banana","floor":0.0},{"not_picked":["Disarm","Clothesline"],"picked":"Heavy Blade","floor":0.0},{"not_picked":["Capacitor","Stack"],"picked":"Thunderclap","floor":0.0},{"not_picked":["Skim","Streamline"],"picked":"Twin Strike","floor":0.0},{"not_picked":["Gatherer:DrugPower","ReplayTheSpireMod:Strike From Hell"],"picked":"Gatherer:PotentialSlash","floor":0.0},{"not_picked":["Sweeping Beam","Gatherer:Duality"],"picked":"Dagger Spray","floor":0.0},{"not_picked":["Escape Plan","Redo"],"picked":"Gatherer:RecipeChange","floor":0.0},{"not_picked":["Rebound","Gatherer:FlowerPower"],"picked":"Gatherer:TreeGrowth","floor":0.0},{"not_picked":["Perfected Strike","Defy Death"],"picked":"Spot Weakness","floor":0.0},{"not_picked":["Compile Driver","Armaments"],"picked":"Gatherer:EchoOfNature","floor":0.0},{"not_picked":["Acrobatics","True Grit"],"picked":"Flying Knee","floor":0.0},{"not_picked":["Combust","Gatherer:Frenzy"],"picked":"Leap","floor":0.0},{"not_picked":["BasicCrystalCard","Gatherer:CollectorsShot"],"picked":"Pommel Strike","floor":0.0},{"not_picked":["Dagger Spray","Gatherer:FragileHammer"],"picked":"Pummel","floor":0.0},{"not_picked":["Warcry","Leap"],"picked":"Coolheaded","floor":0.0},{"not_picked":["Gatherer:BomberForm","Crow Ritual"],"picked":"Atom Bomb+1","floor":16.0},{"not_picked":["Violence","Transmutation"],"picked":"Apotheosis","floor":23.0},{"not_picked":["Crow Ritual","Replay:Sssssssssstrike"],"picked":"Sadistic Nature","floor":23.0},{"not_picked":["Forethought","Survey Options"],"picked":"HandOfGreed","floor":23.0},{"not_picked":["Unload+1","Storm of Steel"],"picked":"Impervious","floor":33.0},{"not_picked":["Dark Shackles","Sucker Punch+1"],"picked":"Gatherer:Duality+1","floor":36.0},{"not_picked":["Mayhem","Forethought"],"picked":"Enlightenment","floor":39.0},{"not_picked":["Survey Options","Mind Blast+1"],"picked":"ReplayTheSpireMod:Brewmster","floor":39.0}],"player_experience":247479,"relics_obtained":[{"floor":2.0,"key":"HornCleat"},{"floor":3.0,"key":"Old Coin"},{"floor":5.0,"key":"Prayer Wheel"},{"floor":7.0,"key":"Nunchaku"},{"floor":9.0,"key":"Molten Egg 2"},{"floor":10.0,"key":"aspiration:FetidBarrel"},{"floor":11.0,"key":"Blood Vial"},{"floor":14.0,"key":"ReplayTheSpireMod:Ninjato"},{"floor":18.0,"key":"Replay:WaspNest"},{"floor":19.0,"key":"aspiration:Lifesprig"},{"floor":26.0,"key":"Bottled Flame"},{"floor":27.0,"key":"aspiration:SeaSaltIceCream"},{"floor":28.0,"key":"Iron Hammer"},{"floor":29.0,"key":"Replay:Rubber Ducky"},{"floor":30.0,"key":"Nilry\u0027s Codex"},{"floor":35.0,"key":"Regal Pillow"},{"floor":36.0,"key":"aspiration:SneckoTail"},{"floor":38.0,"key":"Replay:Bottled Steam"},{"floor":43.0,"key":"aspiration:StickyExplosives_weak"},{"floor":48.0,"key":"Frozen Egg 2"}],"event_choices":[{"damage_healed":0.0,"max_hp_gain":0.0,"max_hp_loss":0.0,"gold_gain":0.0,"event_name":"The Woman in Blue","player_choice":"Bought 1 Potion","floor":8.0,"gold_loss":0.0,"damage_taken":0.0},{"damage_healed":0.0,"max_hp_gain":0.0,"max_hp_loss":0.0,"gold_gain":0.0,"cards_transformed":["Wraith Form v2"],"event_name":"Transmorgrifier","player_choice":"Transformed","floor":12.0,"gold_loss":0.0,"damage_taken":0.0,"cards_obtained":["ReplayTheSpireMod:Limb From Limb"]},{"damage_healed":0.0,"max_hp_gain":0.0,"max_hp_loss":0.0,"gold_gain":0.0,"event_name":"Beggar","player_choice":"Ignored","floor":20.0,"gold_loss":0.0,"damage_taken":0.0},{"cards_removed":["ReplayTheSpireMod:Limb From Limb"],"damage_healed":38.0,"max_hp_gain":0.0,"max_hp_loss":0.0,"gold_gain":0.0,"event_name":"Bonfire Elementals","player_choice":"Offered Uncommon","floor":22.0,"gold_loss":0.0,"damage_taken":0.0},{"damage_healed":0.0,"max_hp_gain":0.0,"max_hp_loss":0.0,"gold_gain":0.0,"event_name":"Cursed Tome","player_choice":"Obtained Book","floor":30.0,"gold_loss":0.0,"damage_taken":21.0},{"damage_healed":0.0,"max_hp_gain":0.0,"max_hp_loss":0.0,"gold_gain":0.0,"event_name":"Vampires","player_choice":"Became a vampire (Vial)","floor":32.0,"relics_lost":["Blood Vial"],"gold_loss":0.0,"damage_taken":0.0,"cards_obtained":["Bite","Bite","Bite","Bite","Bite"]},{"cards_removed":["Gatherer:RecipeChange"],"damage_healed":0.0,"max_hp_gain":0.0,"max_hp_loss":0.0,"gold_gain":0.0,"event_name":"Purifier","player_choice":"Purged","floor":37.0,"gold_loss":0.0,"damage_taken":0.0},{"damage_healed":0.0,"max_hp_gain":0.0,"max_hp_loss":0.0,"gold_gain":0.0,"event_name":"SensoryStone","player_choice":"Memory 2","floor":39.0,"gold_loss":0.0,"damage_taken":5.0},{"damage_healed":0.0,"max_hp_gain":0.0,"max_hp_loss":0.0,"gold_gain":0.0,"event_name":"conspire:Investor","player_choice":"Invest 4","floor":44.0,"gold_loss":0.0,"damage_taken":0.0},{"cards_removed":["Dagger Spray"],"damage_healed":0.0,"max_hp_gain":0.0,"max_hp_loss":0.0,"gold_gain":0.0,"event_name":"Falling","player_choice":"Removed Attack","floor":45.0,"gold_loss":0.0,"damage_taken":0.0},{"damage_healed":0.0,"max_hp_gain":0.0,"max_hp_loss":0.0,"gold_gain":275.0,"event_name":"Golden Shrine","player_choice":"Desecrate","floor":47.0,"gold_loss":0.0,"damage_taken":0.0,"cards_obtained":["Regret"]}],"is_beta":false,"boss_relics":[{"not_picked":["aspiration:IroncladSkillbook","conspire:SeveredTorchhead"],"picked":"Coffee Dripper"},{"not_picked":["Replay:Drink Me","Astrolabe"],"picked":"aspiration:PoetsPen_weak"}],"items_purged_floors":[41],"is_endless":true,"potions_floor_spawned":[2,3,7,11,14,27,33,38,48],"killed_by":"Replay:Hell Engine","ascension_level":20}}