{"host":"vdpaduzlq0qlaikq","time":1607909124,"event":{"mods":["AchievementEnabler","BaseMod","Better Third Choice","BetterRewards","Colored Map","Downfall","Gold Saver","Hermit","Jorbs\u0027s Wanderer Trilogy","Minty Spire (QoL Compilation)","Relic Filter","Spicy Shops","StSLib","The Necromancer"],"gold_per_floor":[758,758,758,247,247,257,290,23,48,48,67,67,102,119,119,216,216,229,144,144,19,19,53,53,65,65,99,114,29,41,61,61,161,161,174,194,219,234,248,274,274,309,377,155,166,166,183,209,209,209,209,209,131,159,159],"floor_reached":56,"playtime":2750,"items_purged":["Doubt","Strike_G","Regret","Pain"],"score":1660,"play_id":"c4011ad2-1707-47d1-baaa-0e8e109cf1a4","local_time":"20201213232524","is_ascension_mode":false,"campfire_choices":[{"data":"Infinite Blades","floor":12,"key":"SMITH"},{"floor":15,"key":"REST"},{"data":"Infinite Blades","floor":32,"key":"SMITH"},{"floor":41,"key":"RECALL"},{"data":"Phantasmal Killer","floor":46,"key":"SMITH"},{"data":"Infinite Blades","floor":49,"key":"SMITH"},{"data":"Footwork","floor":52,"key":"SMITH"}],"circlet_count":0,"master_deck":["Strike_G","Strike_G","Defend_G","Defend_G","Defend_G","Survivor","Neutralize","Infinite Blades+1","Blur","Blade Dance","Footwork+1","Concentrate","Infinite Blades+1","Blade Dance","After Image","Phantasmal Killer+1","Adrenaline","Infinite Blades+1","Backstab+1","Adrenaline","Cloak And Dagger+1","stsjorbsmod:Procrastination","Infinite Blades+1","Infinite Blades+1"],"relics":["Ring of the Snake","Anchor","Shuriken","Singing Bowl","Tiny Chest","Ancient Tea Set","Toy Ornithopter","Oddly Smooth Stone","HornCleat","Empty Cage","Gambling Chip","Bird Faced Urn","Mercury Hourglass","Ninja Scroll","Eternal Feather","Cursed Key","MealTicket","Blue Candle","Darkstone Periapt","Gremlin Horn","Centennial Puzzle","Pear","Orichalcum","Torii"],"acts_visited":["Exordium","TheCity","TheBeyond","TheEnding"],"potions_floor_usage":[7,7,13,18,30,33,33,50,54,55,55],"damage_taken":[{"damage":0,"enemies":"2 Louse","floor":1,"turns":2},{"damage":2,"enemies":"Jaw Worm","floor":6,"turns":4},{"damage":22,"enemies":"Gremlin Nob","floor":7,"turns":5},{"damage":4,"enemies":"Small Slimes","floor":11,"turns":4},{"damage":12,"enemies":"Lagavulin","floor":13,"turns":5},{"damage":10,"enemies":"Gremlin Gang","floor":14,"turns":5},{"damage":18,"enemies":"Hexaghost","floor":16,"turns":9},{"damage":2,"enemies":"Shell Parasite","floor":18,"turns":4},{"damage":20,"enemies":"Book of Stabbing","floor":23,"turns":6},{"damage":0,"enemies":"Spheric Guardian","floor":25,"turns":5},{"damage":0,"enemies":"Gremlin Leader","floor":27,"turns":5},{"damage":0,"enemies":"Chosen and Byrds","floor":28,"turns":5},{"damage":0,"enemies":"Centurion and Healer","floor":30,"turns":5},{"damage":0,"enemies":"Cultist and Chosen","floor":31,"turns":3},{"damage":13,"enemies":"Champ","floor":33,"turns":6},{"damage":0,"enemies":"3 Darklings","floor":35,"turns":3},{"damage":0,"enemies":"3 Shapes","floor":36,"turns":2},{"damage":4,"enemies":"3 Darklings","floor":38,"turns":4},{"damage":0,"enemies":"4 Shapes","floor":39,"turns":3},{"damage":0,"enemies":"Nemesis","floor":40,"turns":3},{"damage":0,"enemies":"Reptomancer","floor":42,"turns":5},{"damage":1,"enemies":"Transient","floor":45,"turns":5},{"damage":0,"enemies":"Sphere and 2 Shapes","floor":47,"turns":3},{"damage":0,"enemies":"Giant Head","floor":48,"turns":6},{"damage":103,"enemies":"Time Eater","floor":50,"turns":9},{"damage":37,"enemies":"Shield and Spear","floor":54,"turns":4},{"damage":91,"enemies":"The Heart","floor":55,"turns":8}],"seed_played":"-9173467665011682894","potions_obtained":[{"floor":7,"key":"Poison Potion"},{"floor":11,"key":"Energy Potion"},{"floor":23,"key":"EssenceOfSteel"},{"floor":27,"key":"sneckomod:MuddlingPotion"},{"floor":31,"key":"DuplicationPotion"},{"floor":38,"key":"Explosive Potion"},{"floor":40,"key":"sneckomod:MuddlingPotion"},{"floor":45,"key":"sneckomod:MuddlingPotion"},{"floor":47,"key":"ColorlessPotion"},{"floor":54,"key":"GamblersBrew"}],"is_trial":false,"path_per_floor":["M","?","T","$","?","M","E","$","T","$","M","R","E","M","R","B",null,"M","?","?","$","T","E","$","M","T","E","M","$","M","M","R","B",null,"M","M","T","M","M","E","R","E","T","$","M","R","M","E","R","B",null,"R","$","E","B",null],"character_chosen":"THE_SILENT","items_purchased":["Anchor","BlessingOfTheForge","AttackPotion","Shuriken","Singing Bowl","Blade Dance","Toy Ornithopter","Footwork","Infinite Blades","Centennial Puzzle","Orichalcum"],"campfire_rested":1,"item_purchase_floors":[0,0,0,4,4,8,8,8,29,44,53],"current_hp_per_floor":[70,70,70,70,70,70,48,48,48,48,44,44,37,27,48,30,72,72,72,72,72,72,56,56,66,66,76,80,80,80,82,82,76,82,84,84,84,84,88,90,90,92,98,98,99,100,100,112,112,18,112,112,112,79,12],"gold":159,"neow_bonus":"","is_daily":false,"chose_seed":false,"campfire_upgraded":5,"win_rate":0.0,"timestamp":1607909124,"path_taken":["M","?","?","$","?","M","E","$","T","?","M","R","E","M","R","BOSS","M","?","?","$","?","E","$","M","T","E","M","?","?","M","R","BOSS","M","M","?","M","M","E","R","E","T","$","M","R","M","E","R","BOSS","R","$","E","BOSS"],"items_purchased_type":["Relic","Potion","Potion","Relic","Relic","Card","Relic","Card","Card","Relic","Relic"],"build_version":"2020-11-30","purchased_purges":4,"victory":true,"max_hp_per_floor":[70,70,70,70,70,72,72,72,72,72,72,72,72,72,72,72,72,74,74,74,74,74,74,74,76,76,78,80,80,80,82,82,82,82,84,84,84,86,88,90,90,92,98,98,100,100,100,112,112,112,112,112,112,112,112],"card_choices":[{"not_picked":["Quick Slash","Sucker Punch","Outmaneuver"],"picked":"SKIP","floor":1},{"not_picked":["Predator","Distraction","Acrobatics"],"picked":"Singing Bowl","floor":6},{"not_picked":["Caltrops","Grand Finale"],"picked":"Blur","floor":7},{"not_picked":["Dagger Throw","Flying Knee"],"picked":"Concentrate","floor":11},{"not_picked":["Catalyst","Deadly Poison"],"picked":"Infinite Blades","floor":13},{"not_picked":["Catalyst","Quick Slash"],"picked":"Blade Dance","floor":14},{"not_picked":["Grand Finale","Doppelganger"],"picked":"After Image","floor":16},{"not_picked":["Reflex+1","Concentrate","Flying Knee"],"picked":"Singing Bowl","floor":18},{"not_picked":["After Image","Acrobatics"],"picked":"Adrenaline","floor":23},{"not_picked":["Quick Slash","Deadly Poison","Blade Dance"],"picked":"Singing Bowl","floor":25},{"not_picked":["Deflect","Endless Agony","Distraction"],"picked":"Singing Bowl","floor":27},{"not_picked":["Deadly Poison","Deflect+1","Masterful Stab+1"],"picked":"Singing Bowl","floor":28},{"not_picked":["Well Laid Plans","Escape Plan"],"picked":"Backstab+1","floor":30},{"not_picked":["Sucker Punch","Flechettes+1","Underhanded Strike+1"],"picked":"Singing Bowl","floor":31},{"not_picked":["Envenom","Burst"],"picked":"Adrenaline","floor":33},{"not_picked":["Bane","Outmaneuver+1","Flying Knee+1"],"picked":"Singing Bowl","floor":35},{"not_picked":["Blade Dance+1","Dodge and Roll+1"],"picked":"Cloak And Dagger+1","floor":36},{"not_picked":["Deadly Poison","Skewer","Deflect"],"picked":"Singing Bowl","floor":38},{"not_picked":["Quick Slash+1","Catalyst+1","Backflip+1"],"picked":"Singing Bowl","floor":39},{"not_picked":["Bouncing Flask","Caltrops","Underhanded Strike+1"],"picked":"Singing Bowl","floor":40},{"not_picked":["Noxious Fumes","Crippling Poison+1","Quick Slash"],"picked":"Singing Bowl","floor":42},{"not_picked":["Dash+1","Calculated Gamble+1","Eviscerate"],"picked":"Singing Bowl","floor":45},{"not_picked":["Phantasmal Killer","Setup"],"picked":"Infinite Blades+1","floor":47},{"not_picked":["Cloak And Dagger","Eviscerate","Endless Agony+1"],"picked":"Singing Bowl","floor":48},{"not_picked":["Flying Knee+1","Outmaneuver"],"picked":"Infinite Blades+1","floor":54}],"player_experience":493779,"relics_obtained":[{"floor":7,"key":"Ancient Tea Set"},{"floor":9,"key":"Oddly Smooth Stone"},{"floor":13,"key":"HornCleat"},{"floor":22,"key":"Bird Faced Urn"},{"floor":23,"key":"Mercury Hourglass"},{"floor":26,"key":"Ninja Scroll"},{"floor":27,"key":"Eternal Feather"},{"floor":37,"key":"MealTicket"},{"floor":40,"key":"Blue Candle"},{"floor":42,"key":"Darkstone Periapt"},{"floor":43,"key":"Gremlin Horn"},{"floor":48,"key":"Pear"},{"floor":54,"key":"Torii"}],"event_choices":[{"damage_healed":0,"gold_gain":0,"cards_transformed":["Strike_G"],"player_choice":"Change","damage_taken":0,"max_hp_gain":0,"max_hp_loss":0,"event_name":"Living Wall","floor":2,"gold_loss":0,"cards_obtained":["Infinite Blades"]},{"damage_healed":0,"gold_gain":0,"player_choice":"Box","damage_taken":0,"relics_obtained":["Tiny Chest"],"max_hp_gain":0,"max_hp_loss":0,"event_name":"Big Fish","floor":5,"gold_loss":0,"cards_obtained":["Regret"]},{"damage_healed":0,"gold_gain":0,"player_choice":"Obtained Relic","damage_taken":0,"relics_obtained":["Gambling Chip"],"max_hp_gain":0,"max_hp_loss":0,"event_name":"Addict","floor":19,"gold_loss":85},{"damage_healed":0,"gold_gain":0,"cards_transformed":["Strike_G"],"player_choice":"Transformed","damage_taken":0,"max_hp_gain":0,"max_hp_loss":0,"event_name":"Transmorgrifier","floor":20,"gold_loss":0,"cards_obtained":["Phantasmal Killer"]}],"is_beta":false,"boss_relics":[{"not_picked":["HoveringKite","Velvet Choker"],"picked":"Empty Cage"},{"not_picked":["Runic Dome","Runic Pyramid"],"picked":"Cursed Key"}],"items_purged_floors":[4,4,21,44],"is_endless":false,"potions_floor_spawned":[7,11,23,27,31,38,40,45,47,54],"ascension_level":0}}