{"host":"exexdi9os29xec1d","time":1607952949,"event":{"mods":["Act Like it!","BaseMod","Colored Map","Conspire","Downfall","Gensokyo","Hero for Fun","Hubris","Infinite Spire","Marisa（F雨　魔理沙）","Minty Spire (QoL Compilation)","READ ME - Guardian Mod","Remilia（蕾米莉亚）","Replay The Spire","Shop Mod","StSLib","The Animator","The Bug Knight","The Cursed","The Disciple","The Hierophant","The Necromancer","The Servant 0.9.4","Youmu（魂魄妖梦）","[地精首领爬塔]The Maniac"],"gold_per_floor":[115,144,158,158,51,51,51,51,51,68,80,55,51,51],"floor_reached":13,"playtime":606,"items_purged":[],"score":75,"play_id":"f5e97d55-c2f2-4cf8-ada5-382fe7a87892","local_time":"20201214213549","is_ascension_mode":false,"campfire_choices":[{"data":"hierophant:Upheaval","floor":7,"key":"SMITH"}],"circlet_count":0,"master_deck":["hierophant:Strike_Hierophant","hierophant:Strike_Hierophant","hierophant:Strike_Hierophant","hierophant:Strike_Hierophant","hierophant:Punish","hierophant:Defend_Hierophant+1","hierophant:Defend_Hierophant+1","hierophant:Defend_Hierophant+1","hierophant:Defend_Hierophant+1","hierophant:ChurchCoffers","hierophant:Zeal","hierophant:MorningPrayer","hierophant:Sermon","Pot Of Greed","Pot Of Greed","hierophant:Upheaval","hierophant:Upheaval+1","hierophant:Encroach","hierophant:HolyVerse","hierophant:Exaltation","hierophant:Rebuild"],"relics":["hierophant:PropheticMaskRelic","NeowsBlessing","Pet Ghost","Grinning Jar","hubris:Towel","Replay:Bottled Eggs"],"acts_visited":["Exordium"],"potions_floor_usage":[13],"damage_taken":[{"damage":0,"enemies":"Jaw Worm","floor":1,"turns":1},{"damage":0,"enemies":"conspire:MimicChest","floor":2,"turns":1},{"damage":0,"enemies":"2 Louse","floor":3,"turns":1},{"damage":0,"enemies":"Small Slimes","floor":10,"turns":4},{"damage":4,"enemies":"Blue Slaver","floor":11,"turns":5},{"damage":10,"enemies":"Looter","floor":12,"turns":3},{"damage":81,"enemies":"Gremlin Nob","floor":13,"turns":5}],"seed_played":"3741695179970799361","potions_obtained":[{"floor":1,"key":"PowerPotion"},{"floor":10,"key":"Swift Potion"}],"is_trial":false,"path_per_floor":["M","?","M","?","$","?","R","$","T","M","M","M","E"],"character_chosen":"HIEROPHANT","items_purchased":["hierophant:Upheaval","hierophant:Encroach"],"campfire_rested":0,"item_purchase_floors":[5,5],"current_hp_per_floor":[75,75,75,68,68,68,68,68,68,68,64,54,0,0],"gold":51,"neow_bonus":"THREE_ENEMY_KILL","is_daily":false,"chose_seed":false,"campfire_upgraded":1,"win_rate":0.0,"timestamp":1607952949,"path_taken":["M","?","M","?","?","?","R","$","T","M","M","M","E"],"items_purchased_type":["Card","Card"],"build_version":"2020-12-13","purchased_purges":0,"victory":false,"max_hp_per_floor":[75,75,75,75,75,75,75,75,75,75,75,75,75,75],"card_choices":[{"not_picked":["hierophant:TollTheBells","hierophant:Charity"],"picked":"hierophant:Zeal","floor":1},{"not_picked":["hierophant:FlamingChariot","hierophant:HammerAndAnvil"],"picked":"hierophant:MorningPrayer","floor":2},{"not_picked":["hierophant:OrnateBuckler","hierophant:CoinFling"],"picked":"hierophant:Sermon","floor":3},{"not_picked":["hierophant:PassingBell","hierophant:AuricBeam"],"picked":"hierophant:HolyVerse","floor":10},{"not_picked":["hierophant:FlamingChariot","hierophant:ArchangelShield"],"picked":"hierophant:Exaltation","floor":11},{"not_picked":["hierophant:Charity","hierophant:Sermon"],"picked":"hierophant:Rebuild","floor":12}],"player_experience":49631,"relics_obtained":[{"floor":2,"key":"Pet Ghost"},{"floor":9,"key":"Replay:Bottled Eggs"}],"event_choices":[{"damage_healed":0,"gold_gain":0,"player_choice":"Success","damage_taken":7,"relics_obtained":["Grinning Jar"],"max_hp_gain":0,"max_hp_loss":0,"event_name":"Scrap Ooze","floor":4,"gold_loss":0}],"is_beta":false,"boss_relics":[],"items_purged_floors":[],"is_endless":false,"potions_floor_spawned":[1,10,11],"killed_by":"Gremlin Nob","ascension_level":0}}