{"host":"ysfsqg56rsjwjc5s","time":1607909452,"event":{"mods":["AchievementEnabler","Act Like it!","Ascension Reborn","BaseMod","Better Third Choice","BetterRewards","Colored Map","Colored Powertips","Curses Come First","Energized Spire","Gold Saver","Hallownest","Hubris","Minty Spire (QoL Compilation)","Permanent Neow","Quick Restart","Replay The Spire","Spicy Shops","StSLib","The Bladedancer","The Construct","The Disciple","??????REMEMod"],"gold_per_floor":[1575,1119,1119,653,677,712,712,750,778,794,419,419,432,452,452,572,572,585,332,242,242,262,303,303,303,394,449,783,795,815,832,832,951,951,971,989,889,962,982,982,1011,1028,1028,1028,1028,1028,1028,1028,719,739,739,857],"floor_reached":53,"playtime":6079,"items_purged":["Doubt","Decay"],"score":862,"play_id":"2853033c-74fc-49f2-b2a5-0610e4aa2ce8","local_time":"20201213193052","is_ascension_mode":true,"campfire_choices":[{"data":"DevaForm","floor":12,"key":"SMITH"},{"floor":15,"key":"REST"},{"data":"Body Slam","floor":24,"key":"SMITH"},{"data":"Hallownest:pwrSporeShroom","floor":32,"key":"SMITH"},{"floor":44,"key":"REST"},{"floor":51,"key":"REST"}],"circlet_count":0,"master_deck":["Strike_R+1","Strike_R+1","Strike_R+1","Strike_R+1","Strike_R+1","Defend_R+1","Defend_R+1","Defend_R+1","Defend_R+1","Bash+1","Corruption","DevaForm+1","Iron Wave+1","REME_BuildACard+1","Swift Strike","Seeing Red+1","Anger","Hemokinesis","Second Wind+1","Headbutt","Disarm","Replay:Undeath\u0027s Touch","Metallicize","Shrug It Off","Clothesline+1","hubris:Insight","Heavy Blade","Anger","Flex","Immolate+1","Reaper","hubris:StunningStrike+1","Bloodletting+1","REME_Scribble","Body Slam","Heavy Blade","Entrench+1","Cleave","Body Slam+1","Blood for Blood+1","Hallownest:pwrSporeShroom+1","Armaments+1","Fire Breathing+1","True Grit","Warcry+1","Flex","Anger","Power Through","Infernal Blade","hubris:StunningStrike","Impervious","Fiend Fire","ReplayTheSpireMod:Muscle Training+1","Rampage+1","Anger+1","Reckless Charge+1","Sword Boomerang","Armaments+1","Rage+1","Perfected Strike","Shrug It Off+1","Demonic Infusion+1","Flex+1","Specialist","Warcry+1","Feel No Pain","Carnage","Twin Strike","Shrug It Off+1","Spot Weakness+1","Spot Weakness+1","Hemokinesis+1","Iron Wave","REME_TheLastStrike","hubris:StunningStrike","Demonic Infusion+1"],"relics":["Burning Blood","REME_ComplimentaryCards","Ancient Tea Set","construct:RocketBooster","Medical Kit","Hallownest:DreamNailRelic","Juzu Bracelet","Boot","REME_IWantAll","Bronze Scales","Darkstone Periapt","Toy Ornithopter","ReplayTheSpireMod:TigerMarble","Membership Card","Mercury Hourglass","Magic Flower","Replay:Bronze Core","Orichalcum","Blue Doll","Whetstone","Quantum Egg","Hallownest:StagBellRelic1","REME_PuzzleBoxRelic","Ornamental Fan","Shuriken","Tiny Chest","Shovel","hubris:Backtick","hubris:BottledRain","Toxic Egg 2","Hallownest:SoulVesselRelic","Replay:Arrowhead","Vajra","Hallownest:KingsIdolRelic","Pear","War Paint","Red Skull","REME_HandOfSuture","Turnip","BargainBundle","hubris:SlimyHat","Oddly Smooth Stone","Gremlin Food","StoneCalendar"],"acts_visited":["Exordium","Hallownest:Greenpath","Hallownest:CityofTears"],"potions_floor_usage":[4],"damage_taken":[{"damage":0,"enemies":"Hallownest:monsterHuskGuard","floor":1,"turns":2},{"damage":0,"enemies":"Hallownest:monsterHuskWarrior","floor":5,"turns":1},{"damage":12,"enemies":"Hallownest:eliteVengeflyKing","floor":6,"turns":5},{"damage":16,"enemies":"Hallownest:eliteMossKnight","floor":8,"turns":3},{"damage":10,"enemies":"Hallownest:2_Baldur","floor":10,"turns":3},{"damage":1,"enemies":"Hallownest:1_Baldur_1_Crawlid_1_Warrior","floor":13,"turns":2},{"damage":0,"enemies":"Hallownest:Guard_and_Warrior","floor":14,"turns":3},{"damage":19,"enemies":"Hallownest:BossBrokenVessel","floor":16,"turns":7},{"damage":17,"enemies":"Hallownest:Flukemon_and_Top","floor":18,"turns":4},{"damage":9,"enemies":"Hallownest:Guard_and_Sentry","floor":22,"turns":4},{"damage":15,"enemies":"Hallownest:Nosk","floor":23,"turns":6},{"damage":0,"enemies":"Hallownest:Glutton_and_Coward","floor":27,"turns":3},{"damage":5,"enemies":"Hallownest:monsterMisterMushroom","floor":29,"turns":5},{"damage":11,"enemies":"Hallownest:2_Husk_Sentries","floor":30,"turns":4},{"damage":25,"enemies":"Hallownest:2_Flukemon","floor":31,"turns":4},{"damage":42,"enemies":"Hallownest:BossMantisLord","floor":33,"turns":5},{"damage":26,"enemies":"Hallownest:Shield_Heavy","floor":35,"turns":7},{"damage":1,"enemies":"Hallownest:3_Siblings","floor":36,"turns":1},{"damage":108,"enemies":"Hallownest:2_Primals","floor":38,"turns":5},{"damage":12,"enemies":"Hallownest:Shield_Sturdy","floor":39,"turns":3},{"damage":4,"enemies":"Hallownest:monsterPrimalAspid","floor":42,"turns":3},{"damage":6,"enemies":"Hallownest:2_Wing_and_1_Kings","floor":50,"turns":5},{"damage":20,"enemies":"Hallownest:BossGreyPrinceZote","floor":52,"turns":8}],"seed_played":"5578186596881519098","potions_obtained":[{"floor":1,"key":"FearPotion"},{"floor":6,"key":"Strength Potion"},{"floor":10,"key":"Energy Potion"}],"is_trial":false,"path_per_floor":["M","$","?","$","M","E","?","E","T","M","$","R","M","M","R","B",null,"M","$","?","?","M","E","R","?","T","M","?","M","M","M","R","B",null,"M","M","?","?","M","?","T","M","T","R","PTL","PTL","?","?","$","M","R","B",null],"character_chosen":"IRONCLAD","items_purchased":["REME_BuildACard","construct:RocketBooster","Medical Kit","Juzu Bracelet","Boot","Fruit Juice","Swift Strike","Seeing Red","Anger","ReplayTheSpireMod:TigerMarble","Membership Card","hubris:Insight","Heavy Blade","Mercury Hourglass","Blue Doll","Whetstone","REME_Scribble","Quantum Egg","Turnip","BargainBundle","hubris:SlimyHat","Oddly Smooth Stone","Specialist","Warcry+1","Feel No Pain","Carnage","Twin Strike","Shrug It Off+1"],"campfire_rested":3,"item_purchase_floors":[2,2,2,4,4,4,4,4,4,11,11,11,11,11,19,19,19,19,49,49,49,49,49,49,49,49,49,49],"current_hp_per_floor":[80,80,80,85,85,82,73,63,63,62,62,62,67,73,91,81,94,92,98,98,98,104,110,110,106,106,110,110,113,113,100,100,100,123,112,123,123,27,30,30,40,56,56,100,100,100,100,100,100,103,143,149],"gold":857,"neow_bonus":"ONE_RANDOM_RARE_CARD","is_daily":false,"chose_seed":false,"campfire_upgraded":3,"win_rate":0.0,"timestamp":1607909452,"path_taken":["M","$","?","$","M","E","?","E","T","M","?","R","M","M","R","BOSS","M","$","?","?","M","E","R","?","T","M","?","M","M","M","R","BOSS","M","M","?","?","M","?","?","M","T","R","PTL","PTL","?","?","?","M","R","BOSS"],"items_purchased_type":["Card","Relic","Relic","Relic","Relic","Potion","Card","Card","Card","Relic","Relic","Card","Card","Relic","Relic","Relic","Card","Relic","Relic","Relic","Relic","Relic","Card","Card","Card","Card","Card","Card"],"build_version":"2020-12-13","purchased_purges":2,"victory":true,"max_hp_per_floor":[80,80,80,85,85,88,88,88,88,91,91,91,91,91,91,94,94,94,100,100,100,105,110,110,110,110,110,110,113,115,118,118,123,123,125,128,128,131,135,135,145,148,148,148,148,148,148,143,143,143,143,149],"card_choices":[{"not_picked":["ReplayTheSpireMod:Strike From Hell","Shrug It Off"],"picked":"Iron Wave","floor":1},{"not_picked":["Thunderclap","Warcry"],"picked":"Hemokinesis","floor":5},{"not_picked":["Second Wind","Headbutt","Disarm"],"picked":"Singing Bowl","floor":6},{"not_picked":["Havoc","REME_TheLastStrike"],"picked":"Replay:Undeath\u0027s Touch","floor":8},{"not_picked":["Metallicize","Shrug It Off","Clothesline"],"picked":"Singing Bowl","floor":10},{"not_picked":["REME_Scribble","Defy Death"],"picked":"Anger","floor":13},{"not_picked":["Entrench","Wild Strike"],"picked":"Flex","floor":14},{"not_picked":["Immolate","Reaper","hubris:StunningStrike"],"picked":"Singing Bowl","floor":16},{"not_picked":["Blood for Blood","Run Through+1"],"picked":"Bloodletting","floor":18},{"not_picked":["Body Slam","Heavy Blade","Entrench+1"],"picked":"Singing Bowl","floor":22},{"not_picked":["Cleave","Body Slam","Blood for Blood+1"],"picked":"Singing Bowl","floor":23},{"not_picked":["Evolve","Havoc"],"picked":"Armaments+1","floor":27},{"not_picked":["Fire Breathing","True Grit","Warcry+1"],"picked":"Singing Bowl","floor":29},{"not_picked":["Ghostly Armor","Uppercut"],"picked":"Flex","floor":30},{"not_picked":["Anger","Power Through","Infernal Blade"],"picked":"Singing Bowl","floor":31},{"not_picked":["hubris:StunningStrike","Impervious","Fiend Fire"],"picked":"Singing Bowl","floor":33},{"not_picked":["Clash","Anger"],"picked":"ReplayTheSpireMod:Muscle Training+1","floor":35},{"not_picked":["Rampage+1","Anger+1","Reckless Charge+1"],"picked":"Singing Bowl","floor":36},{"not_picked":["Sword Boomerang","Armaments+1","Rage+1"],"picked":"Singing Bowl","floor":38},{"not_picked":["Barricade","Run Through"],"picked":"Perfected Strike","floor":39},{"not_picked":["Shrug It Off+1","Demonic Infusion+1","Flex+1"],"picked":"Singing Bowl","floor":42},{"not_picked":["Hemokinesis+1","Iron Wave"],"picked":"Spot Weakness+1","floor":50},{"not_picked":["REME_ProfessionalPlagiarism","Survey Options","Specialist","ReplayTheSpireMod:Brewmster","Purity","Replay:BasicMightCard","Panacea","hubris:EnhanceAbility","Blind","REME_PuzzleBox","Sadistic Nature","Midas Touch","Finesse","Good Instincts","Metamorphosis","Impatience","Transmutation","hubris:Ssssneak","The Bomb","Replay:Bootleg Shield Generator"],"picked":"Singing Bowl","floor":52},{"not_picked":["REME_TheLastStrike","hubris:StunningStrike","Demonic Infusion+1"],"picked":"Singing Bowl","floor":52}],"player_experience":74248,"relics_obtained":[{"floor":1,"key":"Ancient Tea Set"},{"floor":6,"key":"REME_IWantAll"},{"floor":8,"key":"Bronze Scales"},{"floor":9,"key":"Darkstone Periapt"},{"floor":9,"key":"Toy Ornithopter"},{"floor":16,"key":"Magic Flower"},{"floor":18,"key":"Orichalcum"},{"floor":22,"key":"REME_PuzzleBoxRelic"},{"floor":23,"key":"Dream Catcher"},{"floor":26,"key":"Ornamental Fan"},{"floor":26,"key":"Shuriken"},{"floor":30,"key":"Tiny Chest"},{"floor":33,"key":"Shovel"},{"floor":35,"key":"Toxic Egg 2"},{"floor":38,"key":"Replay:Arrowhead"},{"floor":39,"key":"Vajra"},{"floor":41,"key":"Pear"},{"floor":41,"key":"War Paint"},{"floor":43,"key":"Red Skull"},{"floor":43,"key":"REME_HandOfSuture"},{"floor":50,"key":"Gremlin Food"},{"floor":52,"key":"StoneCalendar"}],"event_choices":[],"is_beta":false,"boss_relics":[{"not_picked":["hubris:BlackHole","energizedSpire:NeverEndingSparkler"],"picked":"Replay:Bronze Core"},{"not_picked":["energizedSpire:MagnifyingGlass","Replay:Drink Me"],"picked":"hubris:Backtick"}],"items_purged_floors":[19,49],"is_endless":false,"potions_floor_spawned":[1,6,10,14,16,23,27,30,35,36,39,50],"ascension_level":0}}