{"host":"a9gsz7kv8aebwp1f","time":1607967206,"event":{"mods":["AchievementEnabler","BaseMod","Minty Spire (QoL Compilation)"],"gold_per_floor":[109,120,120,138,138,138,11,11,11,27,46,46,73,87,87,186,186,203,203,223,233,233,233],"floor_reached":22,"playtime":629,"items_purged":["Regret"],"score":285,"play_id":"4a7fcbfb-7cc0-4b7e-a04f-e55ecda649bc","local_time":"20201215023326","is_ascension_mode":true,"campfire_choices":[{"data":"The Bomb","floor":6,"key":"SMITH"},{"floor":8,"key":"REST"},{"data":"Dualcast","floor":12,"key":"SMITH"},{"floor":15,"key":"REST"}],"circlet_count":0,"master_deck":["AscendersBane","Strike_B","Strike_B","Strike_B+1","Strike_B","Defend_B","Defend_B","Defend_B","Defend_B","Zap+1","Dualcast+1","The Bomb+1","Conserve Battery","Reprogram","Conserve Battery","Streamline","Streamline","Beam Cell","Stack","Conserve Battery","Coolheaded+1","Dark Shackles","Leap","Scrape"],"relics":["Cracked Core","Frozen Egg 2","MealTicket","Odd Mushroom","SlaversCollar"],"acts_visited":["Exordium","TheCity"],"potions_floor_usage":[16],"damage_taken":[{"damage":0,"enemies":"Cultist","floor":1,"turns":3},{"damage":4,"enemies":"Small Slimes","floor":2,"turns":4},{"damage":11,"enemies":"2 Louse","floor":4,"turns":3},{"damage":7,"enemies":"Red Slaver","floor":10,"turns":3},{"damage":7,"enemies":"Blue Slaver","floor":11,"turns":4},{"damage":14,"enemies":"The Mushroom Lair","floor":13,"turns":3},{"damage":16,"enemies":"Gremlin Gang","floor":14,"turns":4},{"damage":27,"enemies":"The Guardian","floor":16,"turns":10},{"damage":12,"enemies":"Chosen","floor":18,"turns":4},{"damage":30,"enemies":"Spheric Guardian","floor":20,"turns":5},{"damage":10,"enemies":"Snecko","floor":21,"turns":6},{"damage":13,"enemies":"Centurion and Healer","floor":22,"turns":2}],"seed_played":"4992768808651866542","potions_obtained":[{"floor":2,"key":"Explosive Potion"},{"floor":11,"key":"EssenceOfDarkness"},{"floor":16,"key":"FairyPotion"},{"floor":18,"key":"Fire Potion"}],"is_trial":false,"path_per_floor":["M","M","?","M","?","R","$","R","T","M","M","R","?","M","R","B",null,"M","?","M","M","M"],"character_chosen":"DEFECT","items_purchased":["Streamline"],"campfire_rested":2,"item_purchase_floors":[7],"current_hp_per_floor":[68,64,50,39,39,39,39,59,59,52,45,45,31,15,35,8,53,41,29,20,10,0,0],"gold":233,"neow_bonus":"RANDOM_COLORLESS_2","is_daily":false,"chose_seed":false,"campfire_upgraded":2,"win_rate":0.0,"timestamp":1607967206,"path_taken":["M","M","?","M","?","R","$","R","T","M","M","R","?","M","R","BOSS","M","?","M","?","M"],"items_purchased_type":["Card"],"build_version":"2020-12-13","purchased_purges":1,"victory":false,"max_hp_per_floor":[68,68,68,68,68,68,68,68,68,68,68,68,68,68,68,68,68,68,68,68,68,68,68],"card_choices":[{"not_picked":["Violence","Secret Technique"],"picked":"The Bomb","floor":0},{"not_picked":["Rebound","Gash"],"picked":"Conserve Battery","floor":1},{"not_picked":["Ball Lightning","Cold Snap"],"picked":"Reprogram","floor":2},{"not_picked":["Fusion","Turbo"],"picked":"Conserve Battery","floor":4},{"not_picked":["Heatsinks+1","Recycle"],"picked":"Streamline","floor":10},{"not_picked":["Doom and Gloom","Consume"],"picked":"Beam Cell","floor":11},{"not_picked":["Ball Lightning","Barrage"],"picked":"Stack","floor":13},{"not_picked":["Hologram","FTL"],"picked":"Conserve Battery","floor":14},{"not_picked":["Heatsinks+1","Chaos+1"],"picked":"Coolheaded+1","floor":18},{"not_picked":["Stack","Darkness"],"picked":"Leap","floor":20},{"not_picked":["Barrage+1","Steam Power"],"picked":"Scrape","floor":21}],"player_experience":423034,"relics_obtained":[{"floor":9,"key":"MealTicket"},{"floor":13,"key":"Odd Mushroom"}],"event_choices":[{"damage_healed":0,"gold_gain":0,"player_choice":"Entered Light","damage_taken":14,"max_hp_gain":0,"max_hp_loss":0,"event_name":"Shining Light","floor":3,"gold_loss":0,"cards_upgraded":["Strike_B","Zap"]},{"damage_healed":0,"gold_gain":0,"player_choice":"Box","damage_taken":0,"relics_obtained":["Frozen Egg 2"],"max_hp_gain":0,"max_hp_loss":0,"event_name":"Big Fish","floor":5,"gold_loss":0,"cards_obtained":["Regret"]},{"damage_healed":0,"gold_gain":0,"player_choice":"Fought Mushrooms","damage_taken":0,"max_hp_gain":0,"max_hp_loss":0,"event_name":"Mushrooms","floor":13,"gold_loss":0},{"damage_healed":0,"gold_gain":0,"player_choice":"CARD ","damage_taken":12,"max_hp_gain":0,"max_hp_loss":0,"event_name":"Knowing Skull","floor":19,"potions_obtained":[],"gold_loss":0,"cards_obtained":["Dark Shackles"]}],"is_beta":false,"boss_relics":[{"not_picked":["Velvet Choker","Pandora\u0027s Box"],"picked":"SlaversCollar"}],"items_purged_floors":[7],"is_endless":false,"potions_floor_spawned":[2,11,14,16,18],"killed_by":"Centurion and Healer","ascension_level":12}}