{"host":"vd5put2n5b3t1prw","time":1607923688,"event":{"mods":["2.2 Compatiblity","AchievementEnabler","BaseMod","Better Altar","Better Match","Better Note","Better Sensory Stone","Better Silent Start","Better Skull","Better Third Choice","Better Vampires","Better-Laid Plans","BetterRewards","Block Reminder","Card Forge","Colored Map","Custom Start","Downfall","Emptier Cage","Minty Spire (QoL Compilation)","Quick Restart","Random Character Button","Relic Stats","Reorder Act Four","Spicy Shops","StSLib","Transform Curses","Waifu the Spire"],"gold_per_floor":[116,171,183,201,201,201,229,54,54,65,78,96,109,140,140,237,287,299,299,299,299,316,348,367,26,49,49,49,49,49,65,65,160,160,178,178,197,247,247,273,59,59,59,8,25,25,45,59,59,59,59,11,11,36,36],"floor_reached":56,"playtime":8298,"items_purged":["Indignation","Writhe"],"score":1817,"play_id":"c85df48e-6803-4853-9400-6362cdcc9959","local_time":"20201213232808","is_ascension_mode":true,"campfire_choices":[{"data":"Crescendo","floor":6,"key":"SMITH"},{"floor":15,"key":"RECALL"},{"data":"expansioncontent:Chronoboost","floor":27,"key":"SMITH"},{"floor":32,"key":"REST"},{"data":"Evaluate","floor":46,"key":"SMITH"},{"floor":49,"key":"REST"},{"data":"CutThroughFate","floor":53,"key":"SMITH"}],"circlet_count":0,"master_deck":["Defend_P+1","Defend_P+1","Defend_P+1","Defend_P+1","CrushJoints+1","CarveReality+1","SandsOfTime+1","Establishment+1","InnerPeace+1","SandsOfTime+1","SandsOfTime+1","SandsOfTime+1","Establishment+1","hexamod:SixthSeal","Crescendo+1","expansioncontent:DecasProtection+1","CarveReality+1","Adaptation+1","FlurryOfBlows+1","FlurryOfBlows+1","Devotion+1","Tantrum+1","CutThroughFate+1","expansioncontent:Chronoboost+1","Establishment+1","Blasphemy+1","CurseOfTheBell","DeceiveReality+1","DevaForm+1","ClearTheMind+1","DeusExMachina+1","Brilliance+1","Evaluate+1","FlurryOfBlows+1"],"relics":["PureWater","Hammer of Thor","Seething Fire","Anvil of the Gods","PreservedInsect","Yang","Singing Bowl","Mummified Hand","OrangePellets","Anchor","Membership Card","Potion Belt","Tiny House","Bag of Preparation","Torii","Damaru","Art of War","MutagenicStrength","Nloth\u0027s Gift","Calling Bell","TungstenRod","InkBottle","War Paint","Unceasing Top","Lantern","Bottled Lightning","Centennial Puzzle","Du-Vu Doll"],"acts_visited":["Exordium","TheCity","TheBeyond","TheEnding"],"potions_floor_usage":[13,24,24,24,33,40,48,48,55,55,55,55,55],"damage_taken":[{"damage":1,"enemies":"2 Louse","floor":1,"turns":2},{"damage":14,"enemies":"Small Slimes","floor":3,"turns":4},{"damage":0,"enemies":"Cultist","floor":4,"turns":3},{"damage":0,"enemies":"Gremlin Nob","floor":7,"turns":2},{"damage":0,"enemies":"Red Slaver","floor":10,"turns":2},{"damage":0,"enemies":"Large Slime","floor":11,"turns":3},{"damage":14,"enemies":"Exordium Thugs","floor":12,"turns":4},{"damage":1,"enemies":"Lots of Slimes","floor":13,"turns":4},{"damage":0,"enemies":"Lagavulin","floor":14,"turns":4},{"damage":15,"enemies":"The Guardian","floor":16,"turns":4},{"damage":14,"enemies":"Shell Parasite","floor":18,"turns":5},{"damage":11,"enemies":"Spheric Guardian","floor":22,"turns":3},{"damage":7,"enemies":"Slavers","floor":23,"turns":3},{"damage":12,"enemies":"3 Cultists","floor":24,"turns":3},{"damage":6,"enemies":"Snake Plant","floor":31,"turns":2},{"damage":1,"enemies":"Automaton","floor":33,"turns":5},{"damage":6,"enemies":"3 Shapes","floor":35,"turns":3},{"damage":5,"enemies":"Orb Walker","floor":37,"turns":3},{"damage":5,"enemies":"Mind Bloom Boss Battle","floor":38,"turns":4},{"damage":0,"enemies":"Reptomancer","floor":40,"turns":3},{"damage":7,"enemies":"Spire Growth","floor":45,"turns":3},{"damage":0,"enemies":"Writhing Mass","floor":47,"turns":4},{"damage":0,"enemies":"4 Shapes","floor":48,"turns":3},{"damage":34,"enemies":"Time Eater","floor":50,"turns":4},{"damage":31,"enemies":"Shield and Spear","floor":54,"turns":4},{"damage":54,"enemies":"The Heart","floor":55,"turns":7}],"seed_played":"8571744844531281421","potions_obtained":[{"floor":4,"key":"Strength Potion"},{"floor":10,"key":"BottledMiracle"},{"floor":11,"key":"SkillPotion"},{"floor":13,"key":"Energy Potion"},{"floor":17,"key":"Energy Potion"},{"floor":18,"key":"Ancient Potion"},{"floor":23,"key":"Slimebound:ThreeZeroPotion"},{"floor":35,"key":"Energy Potion"},{"floor":37,"key":"Fire Potion"},{"floor":40,"key":"Dexterity Potion"},{"floor":48,"key":"Weak Potion"}],"is_trial":false,"path_per_floor":["M","?","M","M","?","R","E","$","T","M","M","M","M","E","R","B",null,"M","?","T","?","M","E","M","$","T","R","?","?","?","M","R","B",null,"M","?","M","?","?","E","$","?","T","$","M","R","M","M","R","B",null,"$","R","E","B",null],"character_chosen":"WATCHER","items_purchased":["CrushJoints","PreservedInsect","Yang","Singing Bowl","Mummified Hand","OrangePellets","CarveReality","Membership Card","Adaptation","Torii","Damaru","expansioncontent:Chronoboost","Fire Potion","Bottled Lightning","Brilliance","StancePotion","Evaluate","ColorlessPotion"],"campfire_rested":2,"item_purchase_floors":[0,0,0,0,0,0,0,8,8,25,25,25,25,41,41,44,44,52],"current_hp_per_floor":[73,73,61,61,61,61,61,61,61,61,63,49,50,52,52,37,87,75,75,75,75,66,61,49,49,49,49,49,49,49,45,73,72,95,89,71,66,63,87,87,87,87,87,87,82,82,82,84,101,67,101,101,101,72,18],"gold":36,"neow_bonus":"","is_daily":false,"chose_seed":false,"campfire_upgraded":4,"win_rate":0.0,"timestamp":1607923688,"path_taken":["M","?","M","M","?","R","E","$","T","M","M","M","?","E","R","BOSS","M","?","?","?","M","E","M","$","T","R","?","?","?","?","R","BOSS","M","?","?","?","?","E","$","?","T","?","M","R","M","M","R","BOSS","$","R","E","BOSS"],"items_purchased_type":["Card","Relic","Relic","Relic","Relic","Relic","Card","Relic","Card","Relic","Relic","Card","Potion","Relic","Card","Potion","Card","Potion"],"build_version":"2020-12-13","purchased_purges":2,"victory":true,"max_hp_per_floor":[74,74,76,76,76,76,76,76,76,76,78,78,80,82,82,82,87,89,89,89,89,91,93,93,93,93,93,93,93,93,95,95,95,95,95,95,95,97,97,97,97,97,97,97,99,99,99,101,101,101,101,101,101,103,103],"relic_stats":{"Singing Bowl":26,"Torii":65,"counters":[81,304],"Yang":[211],"PreservedInsect":214,"Bag of Preparation":[30],"War Paint":["expansioncontent:DecasProtection","Blasphemy"],"OrangePellets":[83],"Centennial Puzzle":[30],"Mummified Hand":[353],"Art of War":[6],"Nloth\u0027s Gift":3,"obtain_stats":[{"Tiny House":17,"Hammer of Thor":0,"Ginger":7,"Whetstone":19,"Boot":54,"Sling":29,"Old Coin":8,"Blood Vial":10,"Lizard Tail":8,"Centennial Puzzle":43,"Sundial":9,"MealTicket":41,"HandDrill":19,"Kunai":19,"Pear":6,"Happy Flower":27,"Oddly Smooth Stone":43,"Pen Nib":30,"Letter Opener":11,"War Paint":34,"Question Card":0,"Du-Vu Doll":54,"OrangePellets":19,"SlaversCollar":34,"Anvil of the Gods":0,"Shuriken":13,"MutagenicStrength":29,"Molten Egg 2":9,"Pandora\u0027s Box":34,"Nloth\u0027s Gift":30,"Unceasing Top":36,"NlothsMask":19,"Darkstone Periapt":25,"Lantern":6,"Singing Bowl":0,"Torii":25,"SacredBark":17,"StoneCalendar":0,"Yang":0,"Bag of Preparation":20,"Juzu Bracelet":23,"Ancient Tea Set":26,"Smiling Mask":45,"Frozen Eye":0,"Dream Catcher":11,"Matryoshka":25,"Mummified Hand":0,"Toolbox":52,"InkBottle":34,"Potion Belt":14,"Golden Idol":3,"Damaru":11,"Thread and Needle":4,"PreservedInsect":0,"Omamori":27,"Seething Fire":0,"Frozen Egg 2":37,"GoldenEye":14,"Calling Bell":34,"CaptainsWheel":11,"Anchor":54,"Ornamental Fan":43,"Art of War":43,"Membership Card":45,"Bottled Lightning":41,"PureWater":0,"FossilizedHelix":5,"TungstenRod":34},{"Tiny House":65,"Hammer of Thor":0,"Ginger":32,"Whetstone":36,"Boot":27,"Sling":41,"Old Coin":33,"Blood Vial":7,"Lizard Tail":6,"Centennial Puzzle":75,"Sundial":33,"MealTicket":49,"HandDrill":36,"Kunai":36,"Pear":4,"Happy Flower":15,"Oddly Smooth Stone":50,"Pen Nib":42,"Letter Opener":33,"War Paint":71,"Question Card":28,"Du-Vu Doll":80,"OrangePellets":36,"SlaversCollar":44,"Anvil of the Gods":0,"Shuriken":34,"MutagenicStrength":69,"Molten Egg 2":6,"Pandora\u0027s Box":18,"Nloth\u0027s Gift":69,"Unceasing Top":20,"NlothsMask":11,"Darkstone Periapt":15,"Lantern":32,"Singing Bowl":55,"Torii":69,"SacredBark":10,"StoneCalendar":28,"Yang":55,"Bag of Preparation":66,"Juzu Bracelet":68,"Ancient Tea Set":40,"Smiling Mask":51,"Frozen Eye":28,"Dream Catcher":33,"Matryoshka":40,"Mummified Hand":28,"Toolbox":53,"InkBottle":71,"Potion Belt":64,"Golden Idol":30,"Damaru":33,"Thread and Needle":3,"PreservedInsect":55,"Omamori":41,"Seething Fire":0,"Frozen Egg 2":46,"GoldenEye":34,"Calling Bell":71,"CaptainsWheel":33,"Anchor":54,"Ornamental Fan":22,"Art of War":50,"Membership Card":23,"Bottled Lightning":75,"PureWater":0,"FossilizedHelix":31,"TungstenRod":71},{"Tiny House":245,"Hammer of Thor":0,"Ginger":136,"Whetstone":146,"Boot":117,"Sling":160,"Old Coin":139,"Blood Vial":18,"Lizard Tail":15,"Centennial Puzzle":279,"Sundial":139,"MealTicket":188,"HandDrill":146,"Kunai":146,"Pear":9,"Happy Flower":56,"Oddly Smooth Stone":190,"Pen Nib":163,"Letter Opener":139,"War Paint":266,"Question Card":126,"Du-Vu Doll":297,"OrangePellets":146,"SlaversCollar":171,"Anvil of the Gods":0,"Shuriken":141,"MutagenicStrength":259,"Molten Egg 2":15,"Pandora\u0027s Box":72,"Nloth\u0027s Gift":259,"Unceasing Top":80,"NlothsMask":39,"Darkstone Periapt":56,"Lantern":136,"Singing Bowl":213,"Torii":259,"SacredBark":34,"StoneCalendar":126,"Yang":213,"Bag of Preparation":250,"Juzu Bracelet":256,"Ancient Tea Set":157,"Smiling Mask":195,"Frozen Eye":126,"Dream Catcher":139,"Matryoshka":157,"Mummified Hand":126,"Toolbox":205,"InkBottle":266,"Potion Belt":241,"Golden Idol":131,"Damaru":139,"Thread and Needle":6,"PreservedInsect":213,"Omamori":160,"Seething Fire":0,"Frozen Egg 2":178,"GoldenEye":141,"Calling Bell":266,"CaptainsWheel":139,"Anchor":208,"Ornamental Fan":88,"Art of War":190,"Membership Card":91,"Bottled Lightning":279,"PureWater":0,"FossilizedHelix":133,"TungstenRod":266}],"TungstenRod":67,"InkBottle":[20],"Unceasing Top":[0]},"card_choices":[{"not_picked":["Evaluate","Prostrate","Halt"],"picked":"Singing Bowl","floor":1},{"not_picked":["EmptyFist","Prostrate","ReachHeaven"],"picked":"Singing Bowl","floor":3},{"not_picked":["Consecrate","FlurryOfBlows"],"picked":"Crescendo","floor":4},{"not_picked":["Secret Technique","Enlightenment"],"picked":"expansioncontent:DecasProtection","floor":5},{"not_picked":["FollowUp","Nirvana"],"picked":"CarveReality","floor":7},{"not_picked":["CrushJoints","Crescendo"],"picked":"FlurryOfBlows","floor":10},{"not_picked":["WheelKick","Ragnarok","Evaluate"],"picked":"Singing Bowl","floor":11},{"not_picked":["WaveOfTheHand","SandsOfTime"],"picked":"FlurryOfBlows","floor":12},{"not_picked":["SandsOfTime","Halt","BowlingBash"],"picked":"Singing Bowl","floor":13},{"not_picked":["EmptyMind","Pray","CarveReality"],"picked":"Singing Bowl","floor":14},{"not_picked":["Omniscience","Scrawl"],"picked":"Devotion","floor":16},{"not_picked":["WheelKick","SashWhip"],"picked":"Tantrum","floor":17},{"not_picked":["CrushJoints+1","ThirdEye","Indignation"],"picked":"Singing Bowl","floor":18},{"not_picked":["Crescendo","FollowUp","Adaptation"],"picked":"Singing Bowl","floor":22},{"not_picked":["Halt","Weave","SandsOfTime"],"picked":"Singing Bowl","floor":23},{"not_picked":["Swivel","ReachHeaven"],"picked":"CutThroughFate","floor":24},{"not_picked":["Crescendo","BowlingBash","Swivel"],"picked":"Singing Bowl","floor":31},{"not_picked":["Omniscience","Alpha"],"picked":"Blasphemy","floor":33},{"not_picked":["FollowUp","Vengeance+1"],"picked":"DeceiveReality","floor":35},{"not_picked":["CrushJoints+1","InnerPeace+1"],"picked":"ClearTheMind+1","floor":37},{"not_picked":["SandsOfTime","MentalFortress+1","CrushJoints+1"],"picked":"Singing Bowl","floor":38},{"not_picked":["ForeignInfluence+1","CutThroughFate"],"picked":"DeusExMachina","floor":40},{"not_picked":["Tantrum","CutThroughFate","EmptyFist+1"],"picked":"Singing Bowl","floor":45},{"not_picked":["JustLucky+1","Prostrate+1"],"picked":"FlurryOfBlows+1","floor":47},{"not_picked":["FlyingSleeves","Establishment","WheelKick"],"picked":"Singing Bowl","floor":48},{"not_picked":["DeceiveReality","Wallop","ConjureBlade"],"picked":"Singing Bowl","floor":54}],"player_experience":212702,"relics_obtained":[{"floor":7,"key":"Anchor"},{"floor":14,"key":"Potion Belt"},{"floor":20,"key":"Bag of Preparation"},{"floor":23,"key":"Juzu Bracelet"},{"floor":26,"key":"Art of War"},{"floor":34,"key":"TungstenRod"},{"floor":34,"key":"InkBottle"},{"floor":34,"key":"War Paint"},{"floor":38,"key":"Unceasing Top"},{"floor":40,"key":"Lantern"},{"floor":43,"key":"Centennial Puzzle"},{"floor":54,"key":"Du-Vu Doll"}],"event_choices":[{"damage_healed":0,"gold_gain":55,"player_choice":"Gained Gold","damage_taken":0,"max_hp_gain":0,"max_hp_loss":0,"event_name":"Golden Wing","floor":2,"gold_loss":0},{"damage_healed":0,"gold_gain":1,"player_choice":"1","damage_taken":0,"max_hp_gain":0,"max_hp_loss":0,"event_name":"betterStone:BetterStone","floor":5,"gold_loss":0},{"damage_healed":0,"gold_gain":0,"player_choice":"Bought 0 Potions","damage_taken":0,"max_hp_gain":0,"max_hp_loss":0,"event_name":"The Woman in Blue","floor":19,"gold_loss":0},{"damage_healed":0,"gold_gain":0,"player_choice":"Ignored","damage_taken":0,"max_hp_gain":0,"max_hp_loss":0,"event_name":"betterNote:BetterNote","floor":21,"gold_loss":0,"cards_obtained":["sneckomod:MasterEye"]},{"damage_healed":0,"gold_gain":0,"player_choice":"Copied","damage_taken":0,"max_hp_gain":0,"max_hp_loss":0,"event_name":"Duplicator","floor":28,"gold_loss":0,"cards_obtained":["Establishment"]},{"damage_healed":0,"gold_gain":0,"player_choice":"Inject Mutagens","damage_taken":0,"relics_obtained":["MutagenicStrength"],"max_hp_gain":0,"max_hp_loss":0,"event_name":"Drug Dealer","floor":29,"gold_loss":0},{"damage_healed":0,"gold_gain":0,"player_choice":"Traded Relic","damage_taken":0,"relics_obtained":["Nloth\u0027s Gift"],"max_hp_gain":0,"max_hp_loss":0,"event_name":"N\u0027loth","floor":30,"relics_lost":["Juzu Bracelet"],"gold_loss":0},{"damage_healed":0,"gold_gain":0,"player_choice":"Random: Blue","damage_taken":0,"max_hp_gain":0,"max_hp_loss":0,"event_name":"betterThird:BetterPortal","floor":36,"gold_loss":0},{"damage_healed":0,"gold_gain":3,"player_choice":"2","damage_taken":0,"max_hp_gain":0,"max_hp_loss":19,"event_name":"betterStone:BetterStone","floor":36,"gold_loss":0},{"damage_healed":0,"gold_gain":0,"player_choice":"Fight","damage_taken":0,"max_hp_gain":0,"max_hp_loss":0,"event_name":"MindBloom","floor":38,"gold_loss":0},{"damage_healed":24,"gold_gain":0,"player_choice":"Writhe","damage_taken":0,"max_hp_gain":0,"max_hp_loss":0,"event_name":"Winding Halls","floor":39,"gold_loss":0,"cards_obtained":["Writhe"]},{"damage_healed":0,"gold_gain":0,"player_choice":"Ignored","damage_taken":0,"max_hp_gain":0,"max_hp_loss":0,"event_name":"Mysterious Sphere","floor":42,"gold_loss":0}],"is_beta":false,"boss_relics":[{"not_picked":["Velvet Choker","Philosopher\u0027s Stone"],"picked":"Tiny House"},{"not_picked":["Sozu","Snecko Eye"],"picked":"Calling Bell"}],"items_purged_floors":[25,41],"is_endless":false,"potions_floor_spawned":[4,10,11,13,18,23,35,37,40,48],"ascension_level":3}}