{"host":"3c27c697js19kaoo","time":1607914248,"event":{"mods":["BaseMod","Decade(王小明)","Dota2Spire","Hermit","Minty Spire (QoL Compilation)","Quick Restart","Remilia（蕾米莉亚）","Spicy Shops","StSLib","The Alterego","The Cursed","The Servant 0.9.4","【遗物卡牌】REMEMod"],"gold_per_floor":[117,134,134,134,134,134,169,187,187,0,36,62,62,62,62,62,62],"floor_reached":16,"playtime":741,"items_purged":[],"score":131,"play_id":"41cbff4b-9e2f-4938-8606-a07fee5ef46e","local_time":"20201214105048","is_ascension_mode":false,"campfire_choices":[{"data":"ChaoticDestiny","floor":6,"key":"SMITH"},{"floor":13,"key":"REST"},{"data":"alterego_mod:ClassAdvantage","floor":15,"key":"SMITH"}],"circlet_count":0,"master_deck":["alterego_mod:Strike","alterego_mod:Strike","alterego_mod:Strike","alterego_mod:Strike","alterego_mod:Defend","alterego_mod:Defend","alterego_mod:Defend","alterego_mod:Defend","alterego_mod:Impale","alterego_mod:BigMeatyClaws","alterego_mod:BrynhildrsRune","ChaoticDestiny+1","alterego_mod:Rip","alterego_mod:Undulate","Regret","alterego_mod:ClassAdvantage+1","alterego_mod:Bounce","alterego_mod:MaintainEyeContact","alterego_mod:BiFurious"],"relics":["alterego_mod:MasochisticConstitution","REME_ComplimentaryCards","NeowsBlessing","Golden Idol","Pear","Ornamental Fan","Lizard Tail","Dota2Spire:ArmletOfMordiggian","Membership Card","WingedGreaves","Odd Mushroom"],"acts_visited":["Exordium"],"potions_floor_usage":[16],"damage_taken":[{"damage":0,"enemies":"2 Louse","floor":1,"turns":2},{"damage":0,"enemies":"Small Slimes","floor":2,"turns":1},{"damage":0,"enemies":"Lagavulin","floor":7,"turns":1},{"damage":11,"enemies":"Cultist","floor":8,"turns":5},{"damage":42,"enemies":"Gremlin Nob","floor":11,"turns":5},{"damage":28,"enemies":"The Mushroom Lair","floor":12,"turns":6},{"damage":76,"enemies":"Hexaghost","floor":16,"turns":9}],"seed_played":"8448662712691020158","potions_obtained":[{"floor":1,"key":"Dexterity Potion"},{"floor":2,"key":"Dota2Spire:Clarity"},{"floor":12,"key":"SkillPotion"}],"is_trial":false,"path_per_floor":["M","M","?","?","?","R","E","M","T","$","E","?","R","?","R","B"],"character_chosen":"The_Alterego","items_purchased":["Membership Card","alterego_mod:Bounce"],"campfire_rested":1,"item_purchase_floors":[10,10],"current_hp_per_floor":[70,70,53,63,63,63,63,53,53,53,12,40,64,64,64,0,0],"gold":62,"neow_bonus":"THREE_ENEMY_KILL","is_daily":false,"chose_seed":false,"campfire_upgraded":2,"win_rate":0.0,"timestamp":1607914248,"path_taken":["M","M","?","?","?","R","E","?","T","$","E","?","R","?","R","BOSS"],"items_purchased_type":["Relic","Card"],"build_version":"2020-12-13","purchased_purges":0,"victory":false,"max_hp_per_floor":[70,70,70,80,80,80,80,81,81,81,82,83,83,83,83,83,83],"card_choices":[{"not_picked":["alterego_mod:Swimsuit","alterego_mod:Crossover"],"picked":"alterego_mod:Rip","floor":1},{"not_picked":["alterego_mod:Mirror","alterego_mod:PresenceConcealment"],"picked":"alterego_mod:Undulate","floor":2},{"not_picked":["alterego_mod:PerceptionDisorder","alterego_mod:PresenceConcealment"],"picked":"alterego_mod:ClassAdvantage","floor":7},{"not_picked":["alterego_mod:SakuraLabyrinth","alterego_mod:PurpleHair","alterego_mod:DeftHands"],"picked":"SKIP","floor":8},{"not_picked":["alterego_mod:Skirt","alterego_mod:Bunnysuit"],"picked":"alterego_mod:MaintainEyeContact","floor":11},{"not_picked":["alterego_mod:Cooking","alterego_mod:Table"],"picked":"alterego_mod:BiFurious","floor":12}],"player_experience":111042,"relics_obtained":[{"floor":7,"key":"Lizard Tail"},{"floor":9,"key":"Dota2Spire:ArmletOfMordiggian"},{"floor":11,"key":"WingedGreaves"},{"floor":12,"key":"Odd Mushroom"}],"event_choices":[{"damage_healed":0,"gold_gain":0,"player_choice":"Take Damage","damage_taken":17,"relics_obtained":["Golden Idol"],"max_hp_gain":0,"max_hp_loss":0,"event_name":"Golden Idol","floor":3,"gold_loss":0},{"damage_healed":0,"gold_gain":0,"player_choice":"Box","damage_taken":0,"relics_obtained":["Pear"],"max_hp_gain":0,"max_hp_loss":0,"event_name":"Big Fish","floor":4,"gold_loss":0,"cards_obtained":["Regret"]},{"damage_healed":0,"gold_gain":0,"player_choice":"Gave Potion","damage_taken":0,"relics_obtained":["Ornamental Fan"],"max_hp_gain":0,"max_hp_loss":0,"event_name":"WeMeetAgain","floor":5,"gold_loss":0},{"damage_healed":0,"gold_gain":0,"player_choice":"Fought Mushrooms","damage_taken":0,"max_hp_gain":0,"max_hp_loss":0,"event_name":"Mushrooms","floor":12,"gold_loss":0},{"damage_healed":0,"gold_gain":0,"player_choice":"Leave","damage_taken":0,"max_hp_gain":0,"max_hp_loss":0,"event_name":"The Cleric","floor":14,"gold_loss":0}],"is_beta":false,"boss_relics":[],"items_purged_floors":[],"is_endless":false,"potions_floor_spawned":[1,2,12],"killed_by":"Hexaghost","ascension_level":0}}