{"host":"h8bshyl4dp77d6d9","time":1607962807,"event":{"mods":["AchievementEnabler","Aspiration","BaseMod","Better Altar","Better Match","Better Note","Better Sensory Stone","Better Skull","Better Third Choice","BetterRewards","CCEM","Colored Map","Downfall","GifTheSpireLib","Halation","Highlight Path","Hubris","Minty Spire (QoL Compilation)","Permanent Neow","Replay The Spire","Spicy Shops","StSLib","Stuff the Spire","Unceasing Turn Reminder"],"gold_per_floor":[99,99,132,42,59,59,59,93,193,224,324,26,326,343,361,461,461,461,461,461,38,38,38,38],"floor_reached":23,"playtime":2374,"items_purged":["sneckomod:Strike","sneckomod:Defend"],"score":201,"play_id":"8d1e9c0b-da15-4f2e-af98-e4bbbc3f3c8c","local_time":"20201214182007","is_ascension_mode":false,"campfire_choices":[{"data":"sneckomod:Unknown","floor":1,"key":"SMITH"},{"floor":6,"key":"REST"},{"data":"hubris:Lust","floor":18,"key":"PURGE"},{"data":"sneckomod:Strike","floor":20,"key":"PURGE"}],"circlet_count":0,"master_deck":["sneckomod:TailWhip","sneckomod:Unknown+1","sneckomod:Unknown","sneckomod:UnknownRarePower+2","sneckomod:UnknownUncommonAttack","sneckomod:SoulDraw","sneckomod:SoulRoll","sneckomod:UnknownStrike","sneckomod:UnknownClassRED+1","sneckomod:QuickMove","sneckomod:QuickMove","hubris:DuctTapeCard","sneckomod:Nope","sneckomod:ImprovisedAttack","sneckomod:ImprovisedAttack","sneckomod:MorePower","sneckomod:UnknownClassEV_BLUE_COLOR+1","sneckomod:SnakeSap","sneckomod:CheapStock+1","Finesse"],"relics":["sneckomod:SneckoSoul","halation:EternalFortune","HornCleat","Garlic","StuffTheSpire:Barrel","Iron Hammer","hubris:DuctTape","ReplayTheSpireMod:CursedCoin","Peace Pipe","Old Coin","halation:SmartPhone","Juzu Bracelet"],"acts_visited":["Exordium","TheCity"],"potions_floor_usage":[16,16],"damage_taken":[{"damage":37,"enemies":"Gremlin Nob","floor":3,"turns":4},{"damage":0,"enemies":"downfall:FleeingMerchant","floor":4,"turns":4},{"damage":17,"enemies":"Small Slimes","floor":5,"turns":6},{"damage":10,"enemies":"3 Sentries","floor":8,"turns":5},{"damage":27,"enemies":"Gremlin Nob","floor":10,"turns":5},{"damage":0,"enemies":"downfall:Heads","floor":11,"turns":7},{"damage":6,"enemies":"downfall:FleeingMerchant","floor":12,"turns":4},{"damage":6,"enemies":"Jaw Worm","floor":14,"turns":2},{"damage":3,"enemies":"2 Louse","floor":15,"turns":1},{"damage":22,"enemies":"downfall:Ironclad","floor":16,"turns":6},{"damage":0,"enemies":"downfall:FleeingMerchant","floor":21,"turns":4},{"damage":47,"enemies":"Book of Stabbing","floor":23,"turns":5}],"seed_played":"-7323376823438407758","potions_obtained":[{"floor":5,"key":"GamblersBrew"},{"floor":14,"key":"Energy Potion"},{"floor":15,"key":"Reflective Coating"},{"floor":16,"key":"Toxic Potion"},{"floor":19,"key":"Block Potion"}],"is_trial":false,"path_per_floor":["R","?","E","$","M","R","T","E","?","E","?","$","T","M","M","B",null,"R","?","R","$","?","E"],"character_chosen":"THE_SNECKO","items_purchased":["hubris:DuctTape","ReplayTheSpireMod:CursedCoin","Peace Pipe","sneckomod:Nope","Juzu Bracelet","sneckomod:CheapStock+1","Finesse"],"campfire_rested":1,"item_purchase_floors":[12,12,12,12,21,21,21],"current_hp_per_floor":[91,94,70,70,53,81,81,71,71,45,46,40,40,34,31,9,97,97,97,97,62,33,0,0],"gold":38,"neow_bonus":"TRANSFORM_CARD","is_daily":false,"chose_seed":false,"campfire_upgraded":1,"win_rate":0.0,"timestamp":1607962807,"path_taken":["R","?","E","?","M","R","T","E","?","E","?","$","?","?","M","BOSS","R","?","R","$","?","E"],"items_purchased_type":["Relic","Relic","Relic","Card","Relic","Card","Card"],"build_version":"2020-12-13","purchased_purges":2,"victory":false,"max_hp_per_floor":[91,94,95,95,95,95,95,95,95,96,97,97,97,97,97,97,97,97,97,97,98,98,98,98],"card_choices":[{"not_picked":["sneckomod:UnknownWeak","sneckomod:UnknownCommonAttack"],"picked":"sneckomod:UnknownUncommonAttack","floor":3},{"not_picked":["sneckomod:UnknownExhaust","sneckomod:DefensiveFlair"],"picked":"sneckomod:SoulDraw","floor":4},{"not_picked":["sneckomod:SnekBeam","sneckomod:UnknownBlock"],"picked":"sneckomod:SlitherStrike","floor":5},{"not_picked":["sneckomod:DangerNoodle","sneckomod:UnknownVulnerable"],"picked":"sneckomod:SoulRoll","floor":8},{"not_picked":["sneckomod:UnknownClassTHE_CHAMP_GRAY","sneckomod:UnknownWeak"],"picked":"sneckomod:UnknownStrike","floor":10},{"not_picked":["sneckomod:Unknown0Cost","sneckomod:UnknownCommonSkill"],"picked":"sneckomod:QuickMove","floor":11},{"not_picked":["sneckomod:UnknownClassGREEN","sneckomod:UnknownCommonAttack"],"picked":"sneckomod:QuickMove","floor":12},{"not_picked":["sneckomod:WideSting","sneckomod:IronFang"],"picked":"sneckomod:ImprovisedAttack","floor":14},{"not_picked":["sneckomod:QuickMove","sneckomod:DangerNoodle"],"picked":"sneckomod:ImprovisedAttack","floor":15},{"not_picked":["sneckomod:Unknown3Cost","sneckomod:Mudshield"],"picked":"sneckomod:MorePower","floor":16},{"not_picked":["sneckomod:Unknown1Cost+1","sneckomod:UnknownDexterity+1"],"picked":"sneckomod:UnknownClassEV_BLUE_COLOR+1","floor":21},{"not_picked":["sneckomod:RainOfDice","sneckomod:UnknownClassBLUE"],"picked":"sneckomod:SnakeSap","floor":21}],"player_experience":7753,"relics_obtained":[{"floor":3,"key":"HornCleat"},{"floor":7,"key":"Garlic"},{"floor":8,"key":"StuffTheSpire:Barrel"},{"floor":10,"key":"Iron Hammer"},{"floor":13,"key":"Old Coin"}],"event_choices":[{"damage_healed":0,"gold_gain":0,"player_choice":"Got Potions","damage_taken":0,"max_hp_gain":0,"max_hp_loss":0,"event_name":"Lab","floor":19,"gold_loss":0}],"is_beta":false,"boss_relics":[{"not_picked":["halation:Yufonium","halation:CatFaceCupcake"],"picked":"halation:SmartPhone"}],"items_purged_floors":[4,21],"is_endless":false,"potions_floor_spawned":[5,14,15,16],"killed_by":"Book of Stabbing","ascension_level":0}}