{"host":"i09pxcjttd31eh4q","time":1607946412,"event":{"mods":["AchievementEnabler","BaseMod","Colored Map","Keyboard Shortcuts","Minty Spire (QoL Compilation)","StSLib","SuperFastMode"],"gold_per_floor":[109,34,34,34,34,34,68,68,114,145,145,145,165,45,45,123,123,136,165,185,185,85,118,118,118,170,189,189,239,250,125,125,202,202,222,234,259,270,323,323,335,362,385,385,411,426,351,121,121,121,121,121,121,27,54,54],"floor_reached":57,"playtime":1905,"items_purged":["Strike_P","Strike_P","Strike_P","Strike_P"],"score":3264,"play_id":"77aba765-8b9f-4165-bfbf-4cb074f41bd0","local_time":"20201214204652","is_ascension_mode":true,"campfire_choices":[{"data":"Eruption","floor":6.0,"key":"SMITH"},{"data":"Vigilance","floor":8.0,"key":"SMITH"},{"floor":12.0,"key":"REST"},{"data":"MentalFortress","floor":15.0,"key":"SMITH"},{"data":"MentalFortress","floor":24.0,"key":"SMITH"},{"data":"Vault","floor":32.0,"key":"SMITH"},{"data":"Scrawl","floor":40.0,"key":"SMITH"},{"floor":44.0,"key":"RECALL"},{"data":"Adaptation","floor":49.0,"key":"SMITH"},{"data":"Scrawl","floor":53.0,"key":"SMITH"}],"circlet_count":0,"master_deck":["AscendersBane","Defend_P+1","Defend_P+1","Eruption+1","Vigilance+1","WheelKick","MentalFortress+1","Vault+1","MentalFortress+1","EmptyFist","FearNoEvil","Scrawl+1","Scrawl+1","Adaptation+1","Finesse","Adaptation"],"relics":["PureWater","NeowsBlessing","Oddly Smooth Stone","WarpedTongs","Toy Ornithopter","Juzu Bracelet","Eternal Feather","VioletLotus","Red Mask","TeardropLocket","Nunchaku","SlaversCollar","Ice Cream","Gambling Chip","Shuriken","Bottled Tornado","Orichalcum"],"acts_visited":["TheBeyond","TheEnding"],"potions_floor_usage":[56],"damage_taken":[{"damage":0.0,"enemies":"Cultist","floor":1.0,"turns":1.0},{"damage":1.0,"enemies":"Gremlin Nob","floor":7.0,"turns":1.0},{"damage":0.0,"enemies":"Lagavulin","floor":10.0,"turns":1.0},{"damage":1.0,"enemies":"Small Slimes","floor":13.0,"turns":3.0},{"damage":0.0,"enemies":"Slime Boss","floor":16.0,"turns":5.0},{"damage":13.0,"enemies":"Spheric Guardian","floor":18.0,"turns":3.0},{"damage":36.0,"enemies":"Masked Bandits","floor":19.0,"turns":5.0},{"damage":15.0,"enemies":"Shell Parasite","floor":20.0,"turns":4.0},{"damage":6.0,"enemies":"Book of Stabbing","floor":23.0,"turns":5.0},{"damage":0.0,"enemies":"Centurion and Healer","floor":27.0,"turns":4.0},{"damage":0.0,"enemies":"Snecko","floor":30.0,"turns":4.0},{"damage":19.0,"enemies":"Collector","floor":33.0,"turns":12.0},{"damage":0.0,"enemies":"3 Shapes","floor":35.0,"turns":3.0},{"damage":5.0,"enemies":"Orb Walker","floor":36.0,"turns":3.0},{"damage":0.0,"enemies":"Mind Bloom Boss Battle","floor":37.0,"turns":6.0},{"damage":0.0,"enemies":"Jaw Worm Horde","floor":38.0,"turns":4.0},{"damage":3.0,"enemies":"2 Orb Walkers","floor":39.0,"turns":4.0},{"damage":0.0,"enemies":"Transient","floor":41.0,"turns":6.0},{"damage":0.0,"enemies":"Reptomancer","floor":42.0,"turns":5.0},{"damage":12.0,"enemies":"Nemesis","floor":45.0,"turns":6.0},{"damage":10.0,"enemies":"Sphere and 2 Shapes","floor":46.0,"turns":2.0},{"damage":0.0,"enemies":"Awakened One","floor":50.0,"turns":3.0},{"damage":0.0,"enemies":"Time Eater","floor":51.0,"turns":7.0},{"damage":6.0,"enemies":"Shield and Spear","floor":55.0,"turns":3.0},{"damage":0,"enemies":"The Heart","floor":56,"turns":6}],"seed_played":"6327942910472355575","potions_obtained":[{"floor":1.0,"key":"AttackPotion"},{"floor":7.0,"key":"SteroidPotion"},{"floor":16.0,"key":"CultistPotion"},{"floor":19.0,"key":"Fruit Juice"},{"floor":30.0,"key":"Dexterity Potion"},{"floor":36.0,"key":"SneckoOil"},{"floor":39.0,"key":"Regen Potion"},{"floor":42.0,"key":"BottledMiracle"}],"is_trial":false,"path_per_floor":["M","$","?","?","?","R","E","R","T","E","?","R","M","$","R","B",null,"M","?","M","?","$","E","R","?","T","M","?","?","M","$","R","B",null,"M","M","?","M","?","R","M","E","T","R","E","M","?","$","R","B","B",null,"R","$","E","B",null],"character_chosen":"WATCHER","items_purchased":["WheelKick","MentalFortress","Adaptation","Finesse"],"campfire_rested":1,"item_purchase_floors":[14,14,48,54],"current_hp_per_floor":[61,61,41,23,23,23,22,22,22,22,15,41,40,40,46,51,64,51,20,5,5,15,14,23,23,23,23,23,23,23,23,29,10,57,57,52,52,52,54,60,60,60,60,66,54,44,44,44,50,50,50,67,73,73,67,72],"gold":54,"neow_bonus":"THREE_ENEMY_KILL","is_daily":false,"chose_seed":false,"campfire_upgraded":8,"win_rate":0.0,"timestamp":1607946412,"path_taken":["M","?","?","?","?","R","E","R","T","E","?","R","M","$","R","BOSS","M","?","M","?","$","E","R","?","T","M","?","?","M","$","R","BOSS","M","M","?","M","?","R","M","E","T","R","E","M","?","$","R","BOSS","BOSS","R","$","E","BOSS"],"items_purchased_type":["Card","Card","Card","Card"],"build_version":"2020-12-13","purchased_purges":4,"victory":true,"max_hp_per_floor":[68,68,68,68,68,68,68,68,68,68,68,68,68,68,68,68,68,68,68,68,68,73,73,73,73,73,73,73,73,73,73,73,73,73,73,73,73,73,73,73,73,73,73,73,73,73,73,73,73,73,73,73,73,73,73,73],"card_choices":[{"not_picked":["SandsOfTime","CutThroughFate","JustLucky"],"picked":"SKIP","floor":1.0},{"not_picked":["WindmillStrike","Wireheading","LikeWater"],"picked":"SKIP","floor":7.0},{"not_picked":["SignatureMove","ThirdEye","Prostrate"],"picked":"SKIP","floor":10.0},{"not_picked":["Prostrate","Nirvana","FlyingSleeves"],"picked":"SKIP","floor":13.0},{"not_picked":["Prostrate","Nirvana","FlyingSleeves"],"picked":"SKIP","floor":13.0},{"not_picked":["SpiritShield","Scrawl"],"picked":"Vault","floor":16.0},{"not_picked":["JustLucky","EmptyBody"],"picked":"MentalFortress","floor":18.0},{"not_picked":["SignatureMove","WindmillStrike"],"picked":"EmptyFist","floor":19.0},{"not_picked":["FlyingSleeves","Pray"],"picked":"FearNoEvil","floor":20.0},{"not_picked":["CrushJoints+1","EmptyBody"],"picked":"Scrawl","floor":23.0},{"not_picked":["CutThroughFate","Crescendo","SandsOfTime"],"picked":"SKIP","floor":27.0},{"not_picked":["BowlingBash","Consecrate","FollowUp"],"picked":"SKIP","floor":30.0},{"not_picked":["Protect+1","SashWhip","CutThroughFate"],"picked":"SKIP","floor":35.0},{"not_picked":["JustLucky","CutThroughFate+1","Meditate"],"picked":"SKIP","floor":36.0},{"not_picked":["DevaForm","Evaluate","DeceiveReality+1"],"picked":"SKIP","floor":38.0},{"not_picked":["Prostrate","JustLucky","Consecrate"],"picked":"SKIP","floor":41.0},{"not_picked":["Protect+1","BowlingBash","Weave"],"picked":"SKIP","floor":42.0},{"not_picked":["FlurryOfBlows","Nirvana"],"picked":"Scrawl","floor":45.0},{"not_picked":["WreathOfFlame+1","SashWhip","ClearTheMind"],"picked":"SKIP","floor":46.0},{"not_picked":["FearNoEvil+1","FollowUp"],"picked":"Adaptation","floor":55.0}],"player_experience":732074,"relics_obtained":[{"floor":7.0,"key":"Toy Ornithopter"},{"floor":9.0,"key":"Juzu Bracelet"},{"floor":10.0,"key":"Eternal Feather"},{"floor":19.0,"key":"Red Mask"},{"floor":23.0,"key":"TeardropLocket"},{"floor":26.0,"key":"Nunchaku"},{"floor":37.0,"key":"Ice Cream"},{"floor":39.0,"key":"Gambling Chip"},{"floor":42.0,"key":"Shuriken"},{"floor":45.0,"key":"Bottled Tornado"},{"floor":55.0,"key":"Orichalcum"}],"event_choices":[{"damage_healed":0.0,"max_hp_gain":0.0,"max_hp_loss":0.0,"gold_gain":0.0,"event_name":"Shining Light","player_choice":"Entered Light","floor":3.0,"gold_loss":0.0,"damage_taken":20.0,"cards_upgraded":["Defend_P","Defend_P"]},{"damage_healed":0.0,"max_hp_gain":0.0,"max_hp_loss":0.0,"gold_gain":0.0,"event_name":"Scrap Ooze","player_choice":"Success","floor":4.0,"gold_loss":0.0,"damage_taken":18.0,"relics_obtained":["Oddly Smooth Stone"]},{"damage_healed":0.0,"max_hp_gain":0.0,"max_hp_loss":0.0,"gold_gain":0.0,"event_name":"Accursed Blacksmith","player_choice":"Rummage","floor":5.0,"gold_loss":0.0,"damage_taken":0.0,"relics_obtained":["WarpedTongs"],"cards_obtained":["Pain"]},{"cards_removed":["Pain"],"damage_healed":0.0,"max_hp_gain":0.0,"max_hp_loss":0.0,"gold_gain":0.0,"event_name":"Golden Wing","player_choice":"Card Removal","floor":11.0,"gold_loss":0.0,"damage_taken":7.0},{"damage_healed":0.0,"max_hp_gain":0.0,"max_hp_loss":0.0,"gold_gain":0.0,"event_name":"Masked Bandits","player_choice":"Fought Bandits","floor":19.0,"gold_loss":0.0,"damage_taken":0.0},{"damage_healed":0.0,"max_hp_gain":0.0,"max_hp_loss":0.0,"gold_gain":0.0,"event_name":"Vampires","player_choice":"Ignored","floor":21.0,"gold_loss":0.0,"damage_taken":0.0},{"cards_removed":["Defend_P"],"damage_healed":0.0,"max_hp_gain":0.0,"max_hp_loss":0.0,"gold_gain":0.0,"event_name":"Back to Basics","player_choice":"Elegance","floor":25.0,"gold_loss":0.0,"damage_taken":0.0},{"damage_healed":0.0,"max_hp_gain":0.0,"max_hp_loss":0.0,"gold_gain":0.0,"event_name":"Cursed Tome","player_choice":"Ignored","floor":28.0,"gold_loss":0.0,"damage_taken":0.0},{"damage_healed":0.0,"max_hp_gain":0.0,"max_hp_loss":0.0,"gold_gain":50.0,"event_name":"Nest","player_choice":"Stole From Cult","floor":29.0,"gold_loss":0.0,"damage_taken":0.0},{"damage_healed":0.0,"max_hp_gain":0.0,"max_hp_loss":0.0,"gold_gain":0.0,"event_name":"MindBloom","player_choice":"Fight","floor":37.0,"gold_loss":0.0,"damage_taken":0.0},{"damage_healed":0.0,"max_hp_gain":0.0,"max_hp_loss":0.0,"gold_gain":0.0,"event_name":"Mysterious Sphere","player_choice":"Fight","floor":39.0,"gold_loss":0.0,"damage_taken":0.0},{"cards_removed":["Defend_P"],"damage_healed":0.0,"max_hp_gain":0.0,"max_hp_loss":0.0,"gold_gain":0.0,"event_name":"Designer","player_choice":"Single Remove","floor":47.0,"gold_loss":75.0,"damage_taken":0.0}],"is_beta":false,"boss_relics":[{"not_picked":["HolyWater","Astrolabe"],"picked":"VioletLotus"},{"not_picked":["Busted Crown","Calling Bell"],"picked":"SlaversCollar"}],"items_purged_floors":[2,22,31,48],"is_endless":false,"potions_floor_spawned":[1,7,16,19,30,36,39,42],"ascension_level":20}}