{"host":"89frlrzg3lfsymiq","time":1607927251,"event":{"mods":["2.2 Compatiblity","AchievementEnabler","Aspiration","BaseMod","Better Altar","Better Match","Better Note","Better Sensory Stone","Better Skull","Better Third Choice","Conspire","Downfall","GifTheSpireLib","Halation","Highlight Path","Hubris","Minty Spire (QoL Compilation)","Permanent Neow","Quick Restart","StSLib","The Blue Laboratory","The Cursed","The Jungle","The Necromancer","The Runesmith"],"gold_per_floor":[366,383,221,396,396,396,424,424,424,424,32,32,47,67,67,166,166,181,195,195,195],"floor_reached":20,"playtime":1061,"items_purged":["hubris:Disease"],"score":181,"play_id":"b8ed5282-530e-4726-9387-c25bc02623bb","local_time":"20201214012731","is_ascension_mode":true,"campfire_choices":[{"data":"Neutralize","floor":6.0,"key":"SMITH"},{"floor":8.0,"key":"REST"}],"circlet_count":0,"master_deck":["Strike_G","Strike_G","Strike_G","Strike_G","Strike_G","Defend_G","Defend_G","Defend_G","Defend_G","Defend_G","Survivor","Neutralize+1","Flying Knee","PiercingWail","PiercingWail","Caltrops","Doubt","Outmaneuver","Pride","PiercingWail","Regret","Well Laid Plans","Dodge and Roll","Blade Dance","Envenom","Outmaneuver+1","Skewer"],"relics":["Ring of the Snake","Bottled Tornado","hubris:Potato","aspiration:ArtOfWarUpgrade","hubris:CuriousFeather","Runic Dome"],"acts_visited":["Exordium","TheCity"],"potions_floor_usage":[16],"damage_taken":[{"damage":0.0,"enemies":"Jaw Worm","floor":1.0,"turns":5.0},{"damage":2.0,"enemies":"Small Slimes","floor":2.0,"turns":5.0},{"damage":35.0,"enemies":"Lagavulin","floor":7.0,"turns":11.0},{"damage":5,"enemies":"Cultist","floor":13,"turns":5},{"damage":19,"enemies":"Exordium Thugs","floor":14,"turns":7},{"damage":14,"enemies":"Slime Boss","floor":16,"turns":12},{"damage":25,"enemies":"Shell Parasite","floor":18,"turns":7},{"damage":34,"enemies":"Chosen","floor":19,"turns":7},{"damage":12,"enemies":"Centurion and Healer","floor":20,"turns":1}],"seed_played":"8525493626430620367","potions_obtained":[{"floor":1.0,"key":"blueLaboratory:ExaltedPotion"},{"floor":13,"key":"ColorlessPotion"},{"floor":16,"key":"Poison Potion"},{"floor":18,"key":"SteroidPotion"}],"is_trial":false,"path_per_floor":["M","M","$","?","?","R","E","R","T","?","$","R","M","M","R","B",null,"M","M","M"],"character_chosen":"THE_SILENT","items_purchased":["PiercingWail","Caltrops","hubris:CuriousFeather","Well Laid Plans"],"campfire_rested":1,"item_purchase_floors":[3,3,11,11],"current_hp_per_floor":[70,68,68,68,68,68,33,54,54,54,54,54,49,30,30,16,70,45,11,0,0],"gold":195,"neow_bonus":"TWO_FIFTY_GOLD","is_daily":false,"chose_seed":false,"campfire_upgraded":1,"win_rate":0.0,"timestamp":1607927251,"path_taken":["M","M","$","?","?","R","E","R","T","?","$","R","M","?","R","BOSS","M","M","M"],"items_purchased_type":["Card","Card","Relic","Card"],"build_version":"2020-11-30","purchased_purges":1,"victory":false,"max_hp_per_floor":[70,70,70,70,70,70,70,70,70,70,70,70,70,70,70,70,70,70,70,70,70],"card_choices":[{"not_picked":["Acrobatics","Bane"],"picked":"Flying Knee","floor":1.0},{"not_picked":["Deflect","Dash"],"picked":"PiercingWail","floor":2.0},{"not_picked":["Sucker Punch","Poisoned Stab"],"picked":"PiercingWail","floor":7.0},{"not_picked":["Underhanded Strike","Sucker Punch"],"picked":"Dodge and Roll","floor":13},{"not_picked":["A Thousand Cuts","Quick Slash"],"picked":"Blade Dance","floor":14},{"not_picked":["A Thousand Cuts","Bullet Time"],"picked":"Envenom","floor":16},{"not_picked":["conspire:PoisonWeapons","conspire:DoublingDagger"],"picked":"Outmaneuver+1","floor":18},{"not_picked":["Footwork","Eviscerate"],"picked":"Skewer","floor":19}],"player_experience":198327,"relics_obtained":[{"floor":7.0,"key":"Bottled Tornado"},{"floor":9.0,"key":"hubris:Potato"}],"event_choices":[{"damage_healed":0.0,"max_hp_gain":0.0,"max_hp_loss":0.0,"gold_gain":175.0,"event_name":"betterThird:BetterSerpent","player_choice":"AGREE","floor":4.0,"gold_loss":0.0,"damage_taken":221.0},{"damage_healed":0.0,"max_hp_gain":0.0,"max_hp_loss":0.0,"gold_gain":0.0,"event_name":"Big Fish","player_choice":"Box","floor":10.0,"gold_loss":0.0,"damage_taken":0.0,"relics_obtained":["Art of War"],"cards_obtained":["Regret"]}],"is_beta":false,"boss_relics":[{"not_picked":["Runesmith:UraniumAnvil","halation:Yufonium"],"picked":"Runic Dome"}],"items_purged_floors":[3],"is_endless":false,"potions_floor_spawned":[1,13,16,18],"killed_by":"Centurion and Healer","ascension_level":1}}