{"host":"7pe9xwx78c6nlay8","time":1607950089,"event":{"mods":["BaseMod","Minty Spire (QoL Compilation)"],"gold_per_floor":[112,112,112,112,112,145,145,155,155,31,31,31,62,77,77,180,180,194,206,216,236,79,106,106,132,158,187,187,204,229,244,244,347,347,362,272,285,309,309,337,353,364,364,393,405,417,447,474,486,498],"floor_reached":51,"playtime":3430,"items_purged":["Blasphemy+1"],"score":1355,"play_id":"645eb374-17d7-489f-975c-381cd622d2b5","local_time":"20201214204809","is_ascension_mode":true,"campfire_choices":[{"floor":7.0,"key":"REST"},{"data":"Eruption","floor":11.0,"key":"SMITH"},{"floor":15.0,"key":"REST"},{"floor":24.0,"key":"REST"},{"floor":32.0,"key":"REST"},{"floor":46,"key":"REST"},{"floor":49,"key":"REST"}],"circlet_count":0,"master_deck":["AscendersBane","Strike_P+1","Defend_P+1","Defend_P+1","Eruption+1","Vigilance","ThirdEye+1","FollowUp+1","Prostrate","JustLucky+1","Nirvana+1","Vault","CutThroughFate+1","Judgement+1","Protect+1","BattleHymn","JustLucky","Prostrate+1","Evaluate+1","Nirvana+1","Wireheading","JustLucky+1","Weave+1","ThirdEye","WindmillStrike+1","Alpha","Protect","Evaluate","Parasite","ThirdEye"],"relics":["PureWater","Shuriken","Yang","Damaru","Matryoshka","Ice Cream","Astrolabe","DollysMirror","Sundial","Tiny Chest","Bronze Scales","Smiling Mask","Lantern","Art of War","Black Star","Happy Flower","PreservedInsect","Bag of Marbles","Vajra","Bottled Flame","Akabeko","MawBank"],"acts_visited":["Exordium","TheCity","TheBeyond"],"potions_floor_usage":[42,42],"damage_taken":[{"damage":0.0,"enemies":"2 Louse","floor":1.0,"turns":2.0},{"damage":28.0,"enemies":"3 Sentries","floor":6.0,"turns":12.0},{"damage":6.0,"enemies":"Jaw Worm","floor":8.0,"turns":5.0},{"damage":16.0,"enemies":"Gremlin Nob","floor":13.0,"turns":4.0},{"damage":0.0,"enemies":"Small Slimes","floor":14.0,"turns":3.0},{"damage":0.0,"enemies":"Slime Boss","floor":16.0,"turns":15.0},{"damage":1.0,"enemies":"2 Thieves","floor":18.0,"turns":4.0},{"damage":6.0,"enemies":"Shell Parasite","floor":19.0,"turns":4.0},{"damage":13.0,"enemies":"Snake Plant","floor":20.0,"turns":5.0},{"damage":2.0,"enemies":"Sentry and Sphere","floor":21.0,"turns":5.0},{"damage":11.0,"enemies":"Book of Stabbing","floor":23.0,"turns":5.0},{"damage":10.0,"enemies":"Slavers","floor":25.0,"turns":7.0},{"damage":16.0,"enemies":"Gremlin Leader","floor":27.0,"turns":6.0},{"damage":0.0,"enemies":"3 Cultists","floor":29.0,"turns":4.0},{"damage":19.0,"enemies":"Slavers","floor":30.0,"turns":5.0},{"damage":0.0,"enemies":"Centurion and Healer","floor":31.0,"turns":6.0},{"damage":0.0,"enemies":"Automaton","floor":33.0,"turns":6.0},{"damage":17.0,"enemies":"3 Darklings","floor":35.0,"turns":6.0},{"damage":0.0,"enemies":"Orb Walker","floor":37.0,"turns":5.0},{"damage":24.0,"enemies":"Reptomancer","floor":40.0,"turns":7.0},{"damage":0.0,"enemies":"4 Shapes","floor":41.0,"turns":5.0},{"damage":13,"enemies":"Jaw Worm Horde","floor":42,"turns":6},{"damage":0,"enemies":"Giant Head","floor":44,"turns":6},{"damage":0,"enemies":"3 Darklings","floor":47,"turns":7},{"damage":7,"enemies":"Writhing Mass","floor":48,"turns":5},{"damage":26,"enemies":"Time Eater","floor":50,"turns":9}],"seed_played":"-1252442842162209417","potions_obtained":[{"floor":1.0,"key":"Strength Potion"},{"floor":6.0,"key":"LiquidMemories"},{"floor":8.0,"key":"Weak Potion"},{"floor":19.0,"key":"Strength Potion"},{"floor":25.0,"key":"AttackPotion"},{"floor":27.0,"key":"AttackPotion"},{"floor":33.0,"key":"Strength Potion"},{"floor":37.0,"key":"Fruit Juice"},{"floor":40.0,"key":"ColorlessPotion"},{"floor":41.0,"key":"LiquidBronze"},{"floor":42,"key":"Explosive Potion"},{"floor":48,"key":"BlessingOfTheForge"}],"is_trial":false,"path_per_floor":["M","?","?","T","?","E","R","M","T","$","R","$","E","M","R","B",null,"M","M","M","M","$","E","R","E","T","E","?","M","E","M","R","B",null,"M","?","M","T","?","E","M","M","T","E","?","R","M","M","R","B",null],"character_chosen":"WATCHER","items_purchased":["Prostrate","DollysMirror"],"campfire_rested":6,"item_purchase_floors":[10,22],"current_hp_per_floor":[65,58,58,58,51,23,44,38,38,38,38,38,22,22,43,43,65,64,58,45,43,43,32,53,43,43,27,27,27,8,8,29,29,61,44,44,49,49,49,25,25,12,12,12,12,35,35,28,51,25],"gold":510,"neow_bonus":"THREE_RARE_CARDS","is_daily":false,"chose_seed":false,"campfire_upgraded":1,"win_rate":0.0,"timestamp":1607950089,"path_taken":["M","?","?","?","?","E","R","?","T","?","R","$","E","?","R","BOSS","M","M","M","M","?","E","R","E","T","E","?","?","E","M","R","BOSS","M","?","M","?","?","E","M","?","T","E","?","R","M","M","R","BOSS"],"items_purchased_type":["Card","Relic"],"build_version":"2020-12-13","purchased_purges":1,"victory":true,"max_hp_per_floor":[72,72,72,72,72,72,72,72,72,72,72,72,72,72,72,72,72,72,72,72,72,72,72,72,72,72,72,72,72,72,72,72,72,72,72,72,77,77,77,77,77,77,77,77,77,77,77,77,77,77],"card_choices":[{"not_picked":["ConjureBlade","Brilliance"],"picked":"LessonLearned","floor":0.0},{"not_picked":["Protect","ForeignInfluence"],"picked":"ThirdEye","floor":1.0},{"not_picked":["Alpha","PathToVictory","Indignation"],"picked":"SKIP","floor":6.0},{"not_picked":["Prostrate","Adaptation"],"picked":"FollowUp","floor":8.0},{"not_picked":["Omniscience","EmptyFist"],"picked":"JustLucky","floor":13.0},{"not_picked":["Halt","SignatureMove"],"picked":"Nirvana","floor":14.0},{"not_picked":["Blasphemy","Devotion"],"picked":"Vault","floor":16.0},{"not_picked":["TalkToTheHand+1","Vengeance"],"picked":"BattleHymn","floor":18.0},{"not_picked":["Prostrate+1","Vengeance"],"picked":"JustLucky","floor":19.0},{"not_picked":["ClearTheMind","FollowUp"],"picked":"Prostrate+1","floor":20.0},{"not_picked":["Crescendo","Prostrate"],"picked":"Evaluate+1","floor":21.0},{"not_picked":["Omniscience","PathToVictory","Conclude+1"],"picked":"SKIP","floor":23.0},{"not_picked":["Meditate","Pray","FollowUp"],"picked":"SKIP","floor":25.0},{"not_picked":["CrushJoints","Judgement"],"picked":"Wireheading","floor":27.0},{"not_picked":["Fasting2","Perseverance"],"picked":"Weave+1","floor":29.0},{"not_picked":["Prostrate+1","EmptyBody","CrushJoints"],"picked":"SKIP","floor":30.0},{"not_picked":["JustLucky","Consecrate"],"picked":"ThirdEye","floor":31.0},{"not_picked":["SashWhip","BowlingBash+1"],"picked":"WindmillStrike+1","floor":35.0},{"not_picked":["Fasting2+1","Prostrate+1","Protect"],"picked":"SKIP","floor":37.0},{"not_picked":["CarveReality","Wallop+1","FearNoEvil+1"],"picked":"SKIP","floor":40.0},{"not_picked":["WreathOfFlame+1","MentalFortress","CrushJoints"],"picked":"SKIP","floor":41.0},{"not_picked":["Indignation","CrushJoints"],"picked":"Protect","floor":42},{"not_picked":["SignatureMove","Consecrate"],"picked":"Evaluate","floor":44},{"not_picked":["ForeignInfluence","PathToVictory","EmptyMind"],"picked":"SKIP","floor":47},{"not_picked":["Prostrate","Sanctity+1"],"picked":"ThirdEye","floor":48}],"player_experience":1519789,"relics_obtained":[{"floor":4.0,"key":"Yang"},{"floor":6.0,"key":"Damaru"},{"floor":9.0,"key":"Matryoshka"},{"floor":13.0,"key":"Ice Cream"},{"floor":23.0,"key":"Sundial"},{"floor":25.0,"key":"Tiny Chest"},{"floor":26.0,"key":"Bronze Scales"},{"floor":26.0,"key":"Smiling Mask"},{"floor":27.0,"key":"Lantern"},{"floor":30.0,"key":"Art of War"},{"floor":38.0,"key":"Happy Flower"},{"floor":38.0,"key":"PreservedInsect"},{"floor":40.0,"key":"Bag of Marbles"},{"floor":40.0,"key":"Vajra"},{"floor":43,"key":"Bottled Flame"},{"floor":44,"key":"Akabeko"},{"floor":44,"key":"MawBank"}],"event_choices":[{"damage_healed":0.0,"max_hp_gain":0.0,"max_hp_loss":0.0,"gold_gain":0.0,"event_name":"Scrap Ooze","player_choice":"Success","floor":2.0,"gold_loss":0.0,"damage_taken":7.0,"relics_obtained":["Shuriken"]},{"damage_healed":0.0,"max_hp_gain":0.0,"max_hp_loss":0.0,"gold_gain":0.0,"cards_transformed":["Strike_P"],"event_name":"Living Wall","player_choice":"Change","floor":3.0,"gold_loss":0.0,"damage_taken":0.0,"cards_obtained":["Blasphemy"]},{"cards_removed":["Decay"],"damage_healed":0.0,"max_hp_gain":0.0,"max_hp_loss":0.0,"gold_gain":0.0,"event_name":"Golden Wing","player_choice":"Card Removal","floor":5.0,"gold_loss":0.0,"damage_taken":7.0},{"damage_healed":0.0,"max_hp_gain":0.0,"max_hp_loss":0.0,"gold_gain":0.0,"event_name":"Duplicator","player_choice":"Copied","floor":28.0,"gold_loss":0.0,"damage_taken":0.0,"cards_obtained":["JustLucky"]},{"cards_removed":["Strike_P"],"damage_healed":0.0,"max_hp_gain":0.0,"max_hp_loss":0.0,"gold_gain":0.0,"event_name":"Designer","player_choice":"Upgrade and Remove","floor":36.0,"gold_loss":90.0,"damage_taken":0.0,"cards_upgraded":["ThirdEye"]},{"damage_healed":0.0,"max_hp_gain":0.0,"max_hp_loss":0.0,"gold_gain":0.0,"cards_transformed":["LessonLearned"],"event_name":"Transmorgrifier","player_choice":"Transformed","floor":39.0,"gold_loss":0.0,"damage_taken":0.0,"cards_obtained":["Alpha"]},{"damage_healed":0,"gold_gain":0,"player_choice":"Upgraded","damage_taken":0,"max_hp_gain":0,"max_hp_loss":0,"event_name":"Upgrade Shrine","floor":45,"gold_loss":0,"cards_upgraded":["Nirvana"]}],"is_beta":false,"boss_relics":[{"not_picked":["Snecko Eye","Fusion Hammer"],"picked":"Astrolabe"},{"not_picked":["Tiny House","Runic Dome"],"picked":"Black Star"}],"items_purged_floors":[10],"is_endless":false,"potions_floor_spawned":[1,6,8,19,25,27,33,37,40,41,42,48],"ascension_level":10}}