{"host":"f5n4tidiz2n5sooh","time":1607934638,"event":{"mods":["BaseMod","Colored Map","Minty Spire (QoL Compilation)","Relic Stats","StSLib"],"gold_per_floor":[112,124,135,152,0,34,34,34,110,143,143,143,155,168,168,243,243,258,258,278,290,290,290,307,340,363,288,288,308,308,322,322,322,322],"floor_reached":33,"playtime":1089,"items_purged":[],"score":608,"play_id":"2bc13169-0469-4f78-91ba-7edfc7d96467","local_time":"20201214023038","is_ascension_mode":true,"campfire_choices":[{"data":"Carnage","floor":7,"key":"SMITH"},{"data":"Uppercut","floor":12,"key":"SMITH"},{"data":"Ghostly Armor","floor":15,"key":"SMITH"},{"data":"Immolate","floor":23,"key":"SMITH"},{"data":"Spot Weakness","floor":28,"key":"SMITH"},{"data":"Limit Break","floor":32,"key":"SMITH"}],"circlet_count":0,"master_deck":["AscendersBane","Strike_R","Defend_R","Defend_R","Defend_R","Defend_R","Bash+1","Uppercut+1","Carnage+1","Spot Weakness+1","Offering","Ghostly Armor+1","Immolate+1","Seeing Red+1","Berserk+1","Fire Breathing+1","Shrug It Off","Limit Break+1"],"relics":["Burning Blood","NeowsBlessing","Du-Vu Doll","Pear","Anchor","Dream Catcher","Astrolabe","MutagenicStrength","Darkstone Periapt","Toy Ornithopter"],"acts_visited":["Exordium","TheCity"],"potions_floor_usage":[13,18,25,33],"damage_taken":[{"damage":0,"enemies":"Cultist","floor":1,"turns":1},{"damage":1,"enemies":"Small Slimes","floor":2,"turns":2},{"damage":0,"enemies":"2 Louse","floor":3,"turns":1},{"damage":1,"enemies":"2 Fungi Beasts","floor":4,"turns":3},{"damage":36,"enemies":"Lagavulin","floor":6,"turns":5},{"damage":6,"enemies":"Gremlin Nob","floor":10,"turns":2},{"damage":0,"enemies":"3 Louse","floor":13,"turns":2},{"damage":13,"enemies":"Lots of Slimes","floor":14,"turns":6},{"damage":53,"enemies":"The Guardian","floor":16,"turns":10},{"damage":10,"enemies":"Chosen","floor":18,"turns":3},{"damage":15,"enemies":"3 Byrds","floor":20,"turns":4},{"damage":6,"enemies":"Snake Plant","floor":21,"turns":1},{"damage":37,"enemies":"Cultist and Chosen","floor":24,"turns":4},{"damage":13,"enemies":"Slavers","floor":25,"turns":4},{"damage":6,"enemies":"Chosen and Byrds","floor":29,"turns":3},{"damage":12,"enemies":"3 Cultists","floor":31,"turns":4},{"damage":71,"enemies":"Automaton","floor":33,"turns":6}],"seed_played":"1748958462409071556","potions_obtained":[{"floor":2,"key":"Fire Potion"},{"floor":6,"key":"GamblersBrew"},{"floor":16,"key":"Regen Potion"},{"floor":20,"key":"Fruit Juice"}],"is_trial":false,"path_per_floor":["M","M","M","M","$","E","R","$","T","E","?","R","M","M","R","B",null,"M","?","M","M","?","R","M","E","T","?","R","M","?","M","R","B"],"character_chosen":"IRONCLAD","items_purchased":["Offering"],"campfire_rested":0,"item_purchase_floors":[5],"current_hp_per_floor":[74,75,75,75,75,45,45,45,55,55,55,55,61,54,54,7,66,71,85,76,76,76,76,45,38,38,38,38,38,38,32,32,0,0],"gold":322,"neow_bonus":"THREE_ENEMY_KILL","is_daily":false,"chose_seed":false,"campfire_upgraded":6,"win_rate":0.0,"timestamp":1607934638,"path_taken":["M","?","?","M","$","E","R","?","T","E","?","R","?","M","R","BOSS","M","?","M","?","?","R","M","E","T","?","R","M","?","?","R","BOSS"],"items_purchased_type":["Card"],"build_version":"2020-12-13","purchased_purges":0,"victory":false,"max_hp_per_floor":[75,75,75,75,75,75,75,75,85,85,85,85,85,85,85,85,85,85,85,85,85,85,85,85,85,85,85,85,85,85,85,85,90,90],"relic_stats":{"Darkstone Periapt":0,"Dream Catcher":0,"counters":[17,61],"Astrolabe":["Seeing Red","Berserk","Fire Breathing"],"obtain_stats":[{"Du-Vu Doll":6,"Darkstone Periapt":25,"Anchor":10,"Dream Catcher":11,"Pear":9,"NeowsBlessing":0,"Astrolabe":17,"MutagenicStrength":22,"Burning Blood":0,"Toy Ornithopter":26},{"Du-Vu Doll":5,"Darkstone Periapt":14,"Anchor":6,"Dream Catcher":6,"Pear":5,"NeowsBlessing":0,"Astrolabe":9,"MutagenicStrength":12,"Burning Blood":0,"Toy Ornithopter":14},{"Du-Vu Doll":12,"Darkstone Periapt":48,"Anchor":14,"Dream Catcher":14,"Pear":12,"NeowsBlessing":0,"Astrolabe":32,"MutagenicStrength":40,"Burning Blood":0,"Toy Ornithopter":48}],"Burning Blood":81,"Toy Ornithopter":5},"card_choices":[{"not_picked":["Clothesline","Body Slam"],"picked":"Uppercut","floor":1},{"not_picked":["Warcry","Clash"],"picked":"Carnage","floor":2},{"not_picked":["Cleave","Havoc","Infernal Blade"],"picked":"SKIP","floor":3},{"not_picked":["Heavy Blade","Burning Pact"],"picked":"Spot Weakness","floor":4},{"not_picked":["Cleave","Headbutt","Searing Blow"],"picked":"SKIP","floor":6},{"not_picked":["Entrench","Clothesline","Clash"],"picked":"SKIP","floor":10},{"not_picked":["Thunderclap","Sword Boomerang"],"picked":"Ghostly Armor","floor":13},{"not_picked":["Perfected Strike","Cleave","Sword Boomerang"],"picked":"SKIP","floor":14},{"not_picked":["Limit Break","Barricade"],"picked":"Immolate","floor":16},{"not_picked":["Twin Strike","Searing Blow","Heavy Blade"],"picked":"SKIP","floor":18},{"not_picked":["Blood for Blood","Wild Strike","Heavy Blade"],"picked":"SKIP","floor":20},{"not_picked":["Warcry","Havoc","Metallicize"],"picked":"SKIP","floor":21},{"not_picked":["Heavy Blade","Body Slam","Carnage"],"picked":"SKIP","floor":24},{"not_picked":["Flex","Rupture"],"picked":"Shrug It Off","floor":25},{"not_picked":["True Grit","Rupture","Warcry"],"picked":"SKIP","floor":29},{"not_picked":["Dropkick","Combust"],"picked":"Limit Break","floor":31}],"player_experience":1879697,"relics_obtained":[{"floor":6,"key":"Du-Vu Doll"},{"floor":9,"key":"Pear"},{"floor":10,"key":"Anchor"},{"floor":11,"key":"Dream Catcher"},{"floor":25,"key":"Darkstone Periapt"},{"floor":26,"key":"Toy Ornithopter"}],"event_choices":[{"damage_healed":0,"gold_gain":0,"player_choice":"Relic","damage_taken":0,"max_hp_gain":0,"max_hp_loss":0,"event_name":"Wheel of Change","floor":11,"gold_loss":0},{"damage_healed":14,"gold_gain":0,"player_choice":"Full Heal","damage_taken":0,"max_hp_gain":0,"max_hp_loss":0,"event_name":"Wheel of Change","floor":19,"gold_loss":0},{"damage_healed":0,"gold_gain":0,"player_choice":"Inject Mutagens","damage_taken":0,"relics_obtained":["MutagenicStrength"],"max_hp_gain":0,"max_hp_loss":0,"event_name":"Drug Dealer","floor":22,"gold_loss":0},{"cards_removed":["Strike_R"],"damage_healed":0,"gold_gain":0,"player_choice":"Gave Gold","damage_taken":0,"max_hp_gain":0,"max_hp_loss":0,"event_name":"Beggar","floor":27,"gold_loss":75},{"damage_healed":0,"gold_gain":0,"player_choice":"Upgraded","damage_taken":0,"max_hp_gain":0,"max_hp_loss":0,"event_name":"Upgrade Shrine","floor":30,"gold_loss":0,"cards_upgraded":["Bash"]}],"is_beta":false,"boss_relics":[{"not_picked":["Tiny House","SacredBark"],"picked":"Astrolabe"}],"items_purged_floors":[],"is_endless":false,"potions_floor_spawned":[2,6,10,16,20],"killed_by":"Automaton","ascension_level":20}}