{"host":"mli1kjx8eh35fx4e","time":1607922899,"event":{"mods":["2.2 Compatiblity","AchievementEnabler","Act Like it!","Aspiration","BaseMod","Better Altar","Better Match","Better Note","Better Sensory Stone","Better Skull","Better Third Choice","BetterRewards","CCEM","Colored Map","Conspire","Downfall","Elementarium","Gensokyo","GifTheSpireLib","Googly Eyes","Halation","Hallownest","Hermit","Hubris","Infinite Spire","Jedi Mod","JesterMod","Jorbs\u0027s Wanderer Trilogy","Mimic Mod","Minty Spire (QoL Compilation)","Pale of the Ancients","Permanent Neow","Railgun Mod","Replay The Spire","Robot Space Explorer","Shade Mod","Shop Mod","Spicy Shops","StSLib","Stuff the Spire","SuperFastMode","The Blackbeard","The Bug Knight","The Cursed","The Death Knight","The Hierophant","The Necromancer","The Problem Sleuth","The Witch","[IsaacMod]????"],"gold_per_floor":[114,126,126,28,28,56,56,56,88,188,188,188,188,215,215,312,312,325,339,48,67,83,113,124,124,149,272,272,272,301,315,315,411,411,430,53,64,74,74,74,93,93,124,124,124,124,124,141,141,243,243,243,39,64,64,64,64],"floor_reached":55,"playtime":8893,"items_purged":["Shame"],"score":816,"play_id":"c60fec7a-af79-4d91-b0aa-29c0a3db51cb","local_time":"20201214001459","is_ascension_mode":false,"campfire_choices":[{"data":"theSleuth:PezUzi","floor":7,"key":"SMITH"},{"data":"theSleuth:Distill","floor":12,"key":"SMITH"},{"data":"EpicFetus","floor":15,"key":"SMITH"},{"floor":25,"key":"REST"},{"data":"theSleuth:Supermassive","floor":29,"key":"SMITH"},{"floor":32,"key":"RECALL"},{"floor":40,"key":"REST"},{"data":"theSleuth:CandyCornVampire","floor":42,"key":"SMITH"},{"data":"theSleuth:HeroBust","floor":47,"key":"SMITH"},{"data":"theSleuth:Distill","floor":49,"key":"SMITH"},{"data":"theSleuth:Leer","floor":52,"key":"SMITH"}],"circlet_count":0,"master_deck":["theSleuth:Strike+1","theSleuth:Strike","theSleuth:Strike+1","theSleuth:Strike+1","theSleuth:Defend+1","theSleuth:Defend","theSleuth:Defend+1","theSleuth:KeyHandgun+1","theSleuth:TakeInventory+1","theSleuth:Diplomacy+1","EpicFetus+1","theSleuth:KeyringTommygun+1","theSleuth:PezUzi+1","theSleuth:BiteHardly","theSleuth:WizardSudoku+1","theSleuth:Leer+1","theSleuth:Distill+1","theSleuth:CandyCane+1","theSleuth:Supermassive+1","theSleuth:Distill+1","theSleuth:FairShake+1","theSleuth:HeroBust+1","theSleuth:CandyCornVampire+1","theSleuth:FlaskOfWhiskey+1","theSleuth:Pepperminthryl","theSleuth:Distill+1","expansioncontent:StudyTheSpire","theSleuth:Ogle","theSleuth:Ogle"],"relics":["theSleuth:Typewriter","HushsDoor","TheBean","aspiration:Nostalgia","BlackCat","halation:PinkSoulGem","CCEMRelics:Barrel","hubris:Towel","Leech","hubris:Backtick","Bronze Scales","ReplayTheSpireMod:TigerMarble","Lantern","aspiration:ChemicalBlood","conspire:TopHat","Snack Pack","halation:HeavySnake","hubris:GlazedTorus","StuffTheSpire:MayFlowers","Ice Cream","MagicMushroom","StuffTheSpire:HeavyRock"],"acts_visited":["Gensokyo:Gensokyo","Hallownest:CityofTears","Hallownest:KingdomsEdge","TheEnding"],"potions_floor_usage":[4,9,16,18,19,21,23,23,23,24,31,31,33,33,35,35,37,38,38,38,38,43,43,43,50,50,50,54,54,54,54,55,55,55,55,55,55,55,55,55,55,55,55],"damage_taken":[{"damage":1,"enemies":"Gensokyo:Gryphon","floor":1,"turns":4},{"damage":3,"enemies":"Gensokyo:2_Kodama","floor":2,"turns":3},{"damage":2,"enemies":"Gensokyo:Cirno","floor":6,"turns":5},{"damage":0,"enemies":"Gensokyo:3_Fairies","floor":9,"turns":6},{"damage":0,"enemies":"Gensokyo:Mamizou","floor":14,"turns":7},{"damage":31,"enemies":"Gensokyo:Yukari","floor":16,"turns":8},{"damage":9,"enemies":"Hallownest:2_Mistakes","floor":18,"turns":5},{"damage":17,"enemies":"Hallownest:Guard_and_Sentry","floor":19,"turns":5},{"damage":9,"enemies":"Hallownest:3_Mistakes","floor":21,"turns":5},{"damage":6,"enemies":"Hallownest:Master_and_Novice","floor":22,"turns":3},{"damage":27,"enemies":"Nightmare","floor":23,"turns":8},{"damage":0,"enemies":"Hallownest:Glutton_and_Coward","floor":24,"turns":1},{"damage":0,"enemies":"conspire:MimicChest","floor":30,"turns":3},{"damage":0,"enemies":"Hallownest:monsterMisterMushroom","floor":31,"turns":3},{"damage":0,"enemies":"Hallownest:BossSoulMaster","floor":33,"turns":9},{"damage":32,"enemies":"Hallownest:Shield_Heavy","floor":35,"turns":6},{"damage":13,"enemies":"Hallownest:2_Littles","floor":37,"turns":3},{"damage":22,"enemies":"Hallownest:monsterPrimalAspid","floor":38,"turns":4},{"damage":0,"enemies":"Hallownest:2_Soldiers_and_1_Guardian","floor":41,"turns":5},{"damage":0,"enemies":"Hallownest:Xero_Hu_Marmu","floor":43,"turns":7},{"damage":0,"enemies":"Hallownest:Xero_Hu_Marmu","floor":48,"turns":3},{"damage":0,"enemies":"Hallownest:Radiance","floor":50,"turns":9},{"damage":15,"enemies":"Shield and Spear","floor":54,"turns":5},{"damage":108,"enemies":"Delirium","floor":55,"turns":22}],"seed_played":"-3955317808336007721","potions_obtained":[{"floor":1,"key":"SkillPotion"},{"floor":16,"key":"LiquidBronze"},{"floor":19,"key":"theSleuth:Depotion"},{"floor":21,"key":"Dexterity Potion"},{"floor":30,"key":"Fire Potion"},{"floor":31,"key":"EssenceOfSteel"},{"floor":33,"key":"Weak Potion"},{"floor":35,"key":"Elixir"},{"floor":35,"key":"Milkshake"},{"floor":41,"key":"BlessingOfTheForge"},{"floor":50,"key":"Block Potion"}],"is_trial":false,"path_per_floor":["M","M","?","$","?","E","R","?","MIM","?","?","R","?","E","R","B",null,"M","M","$","M","M","NM","M","R","T","?","?","R","?","M","R","B",null,"M","$","M","M","?","R","M","R","MIM","?","?","?","R","M","R","B",null,"R","$","E","B"],"character_chosen":"THE_sleuth","items_purchased":["Fruit Juice","ReplayTheSpireMod:TigerMarble","Lantern","hubris:GlazedTorus","expansioncontent:StudyTheSpire","theSleuth:Ogle"],"campfire_rested":2,"item_purchase_floors":[4,20,20,36,53,53],"current_hp_per_floor":[72,69,69,74,74,72,72,72,72,72,72,72,76,76,76,50,78,72,59,59,62,59,38,38,61,61,61,61,61,63,65,65,78,78,50,50,39,24,32,55,65,65,77,77,67,67,67,67,67,67,67,67,67,64,0,0,0],"gold":64,"neow_bonus":"NOSTALGIA","is_daily":false,"chose_seed":false,"campfire_upgraded":8,"win_rate":0.0,"timestamp":1607922899,"path_taken":["M","M","?","$","?","E","R","?","MIM","?","?","R","?","E","R","BOSS","M","M","$","M","M","NM","M","R","T","?","?","R","?","M","R","BOSS","M","$","M","M","?","R","M","R","MIM","?","?","?","R","M","R","BOSS","R","$","E","BOSS"],"items_purchased_type":["Potion","Relic","Relic","Relic","Card","Card"],"build_version":"2020-12-13","purchased_purges":1,"victory":false,"max_hp_per_floor":[73,73,73,78,78,78,78,78,78,78,78,78,78,78,78,78,78,78,78,78,78,78,78,78,78,78,78,78,78,78,78,78,78,78,79,79,79,79,79,79,79,79,79,79,67,67,67,67,67,67,67,67,67,67,67,67,67],"card_choices":[{"not_picked":[],"picked":"EpicFetus","floor":0},{"not_picked":["theSleuth:FoolPlate","theSleuth:FudgeDeck"],"picked":"theSleuth:KeyringTommygun","floor":1},{"not_picked":["theSleuth:VictoryPose","theSleuth:Unscale"],"picked":"theSleuth:PezUzi","floor":2},{"not_picked":["theSleuth:TruffleShuffle","theSleuth:BellyOTheWhale"],"picked":"theSleuth:BiteHardly","floor":5},{"not_picked":["theSleuth:CandyCorn","theSleuth:FoolPlate"],"picked":"theSleuth:WizardSudoku","floor":5},{"not_picked":["theSleuth:CandyLeather","theSleuth:TheZillyhammer"],"picked":"theSleuth:Leer","floor":6},{"not_picked":["theSleuth:FoolPlate","theSleuth:PezUzi"],"picked":"theSleuth:Distill","floor":9},{"not_picked":["theSleuth:Pepperminthryl","theSleuth:WilsonBust"],"picked":"theSleuth:CandyCane","floor":10},{"not_picked":["theSleuth:Joust","theSleuth:ClubClubClub","theSleuth:Fortify"],"picked":"SKIP","floor":14},{"not_picked":["theSleuth:HairpinMachinegun","theSleuth:WeirdPuzzleShit"],"picked":"theSleuth:Supermassive","floor":16},{"not_picked":["theSleuth:SnoopDoggBust+1","theSleuth:BellyOTheWhale","theSleuth:Ignore"],"picked":"SKIP","floor":18},{"not_picked":["theSleuth:FudgeDeck+1","theSleuth:SnoopDoggBust","theSleuth:BenStillerBust"],"picked":"SKIP","floor":19},{"not_picked":["theSleuth:FudgeDeck+1","theSleuth:SnoopDoggBust","theSleuth:BenStillerBust"],"picked":"SKIP","floor":19},{"not_picked":["theSleuth:Taze+1","theSleuth:ClubClubClub","theSleuth:BellyOTheWhale"],"picked":"SKIP","floor":21},{"not_picked":["theSleuth:CandyLeather+1","theSleuth:VictoryPose"],"picked":"theSleuth:Distill","floor":22},{"not_picked":["theSleuth:BenStillerBust+1","theSleuth:Taze","theSleuth:Ignore"],"picked":"SKIP","floor":23},{"not_picked":["theSleuth:Taze","theSleuth:TruffleShuffle","theSleuth:Tootshotgun"],"picked":"SKIP","floor":24},{"not_picked":["theSleuth:WilsonBust+1","theSleuth:FlaskOfWhiskey"],"picked":"theSleuth:HeroBust","floor":31},{"not_picked":["theSleuth:Supermassive","theSleuth:CandyMech"],"picked":"theSleuth:CandyCornVampire","floor":33},{"not_picked":["theSleuth:Unscale+1","theSleuth:FlaskOfWhiskey","theSleuth:WilsonBust"],"picked":"SKIP","floor":35},{"not_picked":["theSleuth:CandyCorn+1","theSleuth:Pepperminthryl"],"picked":"theSleuth:FlaskOfWhiskey+1","floor":37},{"not_picked":["theSleuth:CandyCorn","theSleuth:Tootshotgun+1","theSleuth:VictoryPose"],"picked":"SKIP","floor":38},{"not_picked":["theSleuth:Embarrass+1","theSleuth:CharismaBlast"],"picked":"theSleuth:Pepperminthryl","floor":41},{"not_picked":["theSleuth:Taze","theSleuth:FlaskOfWhiskey+1"],"picked":"theSleuth:Distill+1","floor":43},{"not_picked":["theSleuth:WizardSudoku","theSleuth:ForceDeck+1","theSleuth:BenStillerBust+1"],"picked":"SKIP","floor":48},{"not_picked":["theSleuth:Ignore","theSleuth:ThrowHat","theSleuth:Fortune+1"],"picked":"SKIP","floor":54}],"player_experience":559343,"relics_obtained":[{"floor":6,"key":"CCEMRelics:Barrel"},{"floor":14,"key":"Leech"},{"floor":23,"key":"aspiration:ChemicalBlood"},{"floor":26,"key":"conspire:TopHat"},{"floor":30,"key":"Snack Pack"},{"floor":43,"key":"StuffTheSpire:MayFlowers"},{"floor":43,"key":"Ice Cream"},{"floor":54,"key":"StuffTheSpire:HeavyRock"}],"event_choices":[{"damage_healed":4,"gold_gain":0,"player_choice":"LEAVE ","damage_taken":0,"relics_obtained":[],"max_hp_gain":0,"max_hp_loss":0,"event_name":"betterSkull:BetterSkull","floor":13,"gold_loss":0,"cards_upgraded":[]}],"is_beta":false,"boss_relics":[{"not_picked":["conspire:RunicOctahedron","Calling Bell"],"picked":"hubris:Backtick"},{"not_picked":[]},{"not_picked":["aspiration:WatcherSkillbook","ReplayTheSpireMod:DimensionalGlitch"],"picked":"halation:HeavySnake"},{"not_picked":[]}],"items_purged_floors":[36],"is_endless":false,"potions_floor_spawned":[1,16,19,21,30,31,33,35,37,41,50],"killed_by":"Delirium","ascension_level":0}}