{"host":"a0bi5e935fpwrwib","time":1607938887,"event":{"mods":["AchievementEnabler","BaseMod","BetterRewards","Colored Powertips","Hubris","Minty Spire (QoL Compilation)","Rare Cards Sparkle","Relic Stats","Replay The Spire","Spicy Shops","StSLib"],"gold_per_floor":[114,114,114,129,143,171,212,229,229,298,327,341,341,385,385,487,537,553,553,6,19,34,34,34,34],"floor_reached":24,"playtime":1993,"items_purged":["Defend_P"],"score":244,"play_id":"5c7d25fc-d3ba-43bf-8f1b-2b40ff373459","local_time":"20201214034127","is_ascension_mode":true,"campfire_choices":[{"floor":13.0,"key":"REST"},{"floor":15.0,"key":"REST"},{"floor":23,"key":"REST"}],"circlet_count":0,"master_deck":["Strike_P","Strike_P","Defend_P","Defend_P","Defend_P","Eruption","Vigilance","BowlingBash+1","Consecrate","FlurryOfBlows","Wish+1","Wish+1","ClearTheMind","FollowUp","Crescendo","Swivel","FollowUp","Sanctity","MasterReality+1","EmptyBody","EmptyFist","Sanctity+1","Feel No Pain","Pray+1"],"relics":["PureWater","Pondfish Scales","Replay:Multitool","Replay:Wax Seal","Juzu Bracelet","hubris:DisguiseKit","Pen Nib","CaptainsWheel","Tiny House","TungstenRod","Molten Egg 2","Golden Egg","Guide Book"],"acts_visited":["Exordium","TheCity"],"potions_floor_usage":[16,18,21],"damage_taken":[{"damage":0.0,"enemies":"Small Slimes","floor":1.0,"turns":5.0},{"damage":0.0,"enemies":"Cultist","floor":4.0,"turns":4.0},{"damage":0.0,"enemies":"2 Louse","floor":5.0,"turns":2.0},{"damage":14.0,"enemies":"3 Sentries","floor":6.0,"turns":5.0},{"damage":0.0,"enemies":"Large Slime","floor":7.0,"turns":6.0},{"damage":1.0,"enemies":"3 Louse","floor":8.0,"turns":4.0},{"damage":0.0,"enemies":"Exordium Thugs","floor":10.0,"turns":3.0},{"damage":19.0,"enemies":"Gremlin Nob","floor":11.0,"turns":4.0},{"damage":3.0,"enemies":"Exordium Wildlife","floor":12.0,"turns":2.0},{"damage":7.0,"enemies":"Blue Slaver","floor":14.0,"turns":6.0},{"damage":11,"enemies":"Slime Boss","floor":16,"turns":8},{"damage":3,"enemies":"2 Thieves","floor":18,"turns":5},{"damage":4,"enemies":"Chosen","floor":21,"turns":5},{"damage":31,"enemies":"Snake Plant","floor":22,"turns":6},{"damage":30,"enemies":"Sentry and Sphere","floor":24,"turns":7}],"seed_played":"-5028498998746303165","potions_obtained":[{"floor":4.0,"key":"DistilledChaos"},{"floor":6.0,"key":"SneckoOil"},{"floor":8.0,"key":"CultistPotion"},{"floor":11.0,"key":"Venom Potion"},{"floor":12.0,"key":"FearPotion"},{"floor":16,"key":"EssenceOfSteel"},{"floor":17,"key":"Elixir"},{"floor":18,"key":"Fire Potion"},{"floor":22,"key":"Elixir"}],"is_trial":false,"path_per_floor":["M","?","?","M","M","E","M","M","T","M","E","M","R","M","R","B",null,"M","$","$","M","M","R","M"],"character_chosen":"WATCHER","items_purchased":["Replay:Wax Seal","Juzu Bracelet","BowlingBash+1","TungstenRod","Molten Egg 2","Golden Egg","Sanctity","Guide Book"],"campfire_rested":3,"item_purchase_floors":[0,0,0,19,19,20,20,20],"current_hp_per_floor":[40,40,40,40,40,26,26,25,25,25,6,3,24,17,38,27,77,74,38,38,34,3,26,0,0],"gold":34,"neow_bonus":"","is_daily":false,"chose_seed":false,"campfire_upgraded":0,"win_rate":0.0,"timestamp":1607938887,"path_taken":["M","?","?","M","M","E","M","M","T","M","E","M","R","M","R","BOSS","M","?","$","M","M","R","M"],"items_purchased_type":["Relic","Relic","Card","Relic","Relic","Relic","Card","Relic"],"build_version":"2020-12-13","purchased_purges":1,"victory":false,"max_hp_per_floor":[72,72,72,72,72,72,72,72,72,72,72,72,72,72,72,72,77,77,77,77,77,77,77,77,77],"relic_stats":{"counters":[16,75],"Pen Nib":[9],"Juzu Bracelet":0,"obtain_stats":[{"hubris:DisguiseKit":6,"Golden Egg":20,"hubris:CrystalStatue":0,"Tiny House":17,"Torii":0,"Guide Book":20,"Pen Nib":9,"Replay:Multitool":0,"Juzu Bracelet":0,"hubris:Zylophone":0,"Pondfish Scales":0,"CaptainsWheel":11,"Molten Egg 2":19,"Membership Card":0,"PureWater":0,"Replay:Wax Seal":0,"TungstenRod":19},{"hubris:DisguiseKit":5,"Golden Egg":13,"hubris:CrystalStatue":1,"Tiny House":12,"Torii":1,"Guide Book":13,"Pen Nib":7,"Replay:Multitool":1,"Juzu Bracelet":1,"hubris:Zylophone":1,"Pondfish Scales":1,"CaptainsWheel":9,"Molten Egg 2":13,"Membership Card":1,"PureWater":0,"Replay:Wax Seal":1,"TungstenRod":13},{"hubris:DisguiseKit":19,"Golden Egg":57,"hubris:CrystalStatue":3,"Tiny House":52,"Torii":3,"Guide Book":57,"Pen Nib":29,"Replay:Multitool":3,"Juzu Bracelet":3,"hubris:Zylophone":3,"Pondfish Scales":3,"CaptainsWheel":36,"Molten Egg 2":57,"Membership Card":3,"PureWater":0,"Replay:Wax Seal":3,"TungstenRod":57}],"TungstenRod":10},"card_choices":[{"not_picked":["CutThroughFate","FollowUp"],"picked":"Consecrate","floor":1.0},{"not_picked":["CrushJoints","Halt"],"picked":"FlurryOfBlows","floor":4.0},{"not_picked":["SashWhip","WindmillStrike"],"picked":"Wish","floor":5.0},{"not_picked":["ForeignInfluence","Swivel"],"picked":"Wish","floor":6.0},{"not_picked":["Worship","CutThroughFate","Headbutt"],"picked":"ClearTheMind","floor":7.0},{"not_picked":["Replay:AtTheReady","Evaluate","Iron Wave"],"picked":"FollowUp","floor":8.0},{"not_picked":["WheelKick","BowlingBash","ReplayTheSpireMod:Limb From Limb"],"picked":"Crescendo","floor":10.0},{"not_picked":["Replay:ManipulateFuture","BowlingBash","Inflame"],"picked":"Swivel","floor":11.0},{"not_picked":["Replay:ManipulateFuture","Protect","Dual Wield"],"picked":"FollowUp","floor":12.0},{"not_picked":["Fasting2","Replay:BluntJabs","Rupture"],"picked":"Sanctity","floor":14.0},{"not_picked":["Wish","DeusExMachina","Bludgeon"],"picked":"MasterReality","floor":16},{"not_picked":["JustLucky","Crescendo","Seeing Red"],"picked":"EmptyBody","floor":17},{"not_picked":["Pray","FlyingSleeves","Havoc"],"picked":"EmptyFist","floor":18},{"not_picked":["Crescendo","FlyingSleeves+1","Prostrate"],"picked":"Feel No Pain","floor":21},{"not_picked":["Replay:ManipulateFuture","Consecrate+1","ReplayTheSpireMod:Stacked"],"picked":"Pray+1","floor":22}],"player_experience":126502,"relics_obtained":[{"floor":6.0,"key":"hubris:DisguiseKit"},{"floor":9.0,"key":"Pen Nib"},{"floor":11.0,"key":"CaptainsWheel"}],"event_choices":[{"cards_removed":["Strike_P"],"damage_healed":0.0,"max_hp_gain":0.0,"max_hp_loss":0.0,"gold_gain":0.0,"event_name":"Living Wall","player_choice":"Forget","floor":2.0,"gold_loss":0.0,"damage_taken":0.0},{"cards_removed":["Strike_P"],"damage_healed":0.0,"max_hp_gain":0.0,"max_hp_loss":0.0,"gold_gain":0.0,"event_name":"Wheel of Change","player_choice":"Card Removal","floor":3.0,"gold_loss":0.0,"damage_taken":0.0}],"is_beta":false,"boss_relics":[{"not_picked":["Snecko Eye","Ectoplasm"],"picked":"Tiny House"}],"items_purged_floors":[20],"is_endless":false,"potions_floor_spawned":[4,6,8,11,12,16,18,22],"killed_by":"Sentry and Sphere","ascension_level":3}}