{"host":"zftkeu5v9gqs3wr3","time":1607984447,"event":{"mods":["Act Like it!","Bard","BaseMod","CapriCore","Elementarium","Gensokyo","Jorbs\u0027s Wanderer Trilogy","Mad Scientist","Minty Spire (QoL Compilation)","Potionbrewer","Rare Cards Sparkle","Shade Mod","StSLib","The Cursed","The Immortal","The Runesmith","TheSwordswoman"],"gold_per_floor":[116,131,14,31,42,42,76,76,76,96,110,123,123,156,156,254,254,264,32,48,48,66,99,99,117,143,143,162,173,173,186,186,288,288,305,320,320,670,722,737,737,0,46,62,62,62,80,95,95,95,95,95,23,49,49,49],"floor_reached":55,"playtime":4861,"items_purged":[],"score":780,"play_id":"2a1093fe-d430-400e-aef8-9675ff0091f7","local_time":"20201214222047","is_ascension_mode":false,"campfire_choices":[{"data":"Dagger Spray","floor":6,"key":"SMITH"},{"floor":13,"key":"REST"},{"data":"Masterful Stab","floor":15,"key":"SMITH"},{"floor":24,"key":"REST"},{"floor":27,"key":"REST"},{"floor":30,"key":"REST"},{"floor":32,"key":"REST"},{"floor":41,"key":"RECALL"},{"floor":46,"key":"REST"},{"floor":49,"key":"REST"},{"data":"Predator","floor":52,"key":"SMITH"}],"circlet_count":0,"master_deck":["Strike_G","Strike_G","Strike_G","Strike_G","Strike_G","Defend_G","Defend_G","Defend_G","Defend_G","Defend_G","Survivor","Neutralize","Poisoned Stab","Masterful Stab","Backstab","Underhanded Strike","Dagger Spray+1","Wraith Form v2+1","Wraith Form v2+1","Blur","Outmaneuver","Dash","Masterful Stab+1","Corpse Explosion","Dagger Spray","Flying Knee","Escape Plan","Bane+1","Blade Dance","Predator+1","Bane+1","Night Terror","Poisoned Stab","Distraction","Corpse Explosion","Sucker Punch+1","Blade Dance+1","Noxious Fumes+1","PiercingWail+1","Underhanded Strike","The Bomb","Noxious Fumes+1","Blade Dance","Crippling Poison+1","Blade Dance+1","Outmaneuver+1","Backstab"],"relics":["Ring of the Snake","NeowsBlessing","Frozen Egg 2","Ninja Scroll","Darkstone Periapt","Snecko Eye","Happy Flower","WingedGreaves","potionbrewer:Torch","potionbrewer:BhaskarasWheel","Old Coin","Thread and Needle","Medical Kit","Letter Opener","Incense Burner","Toy Ornithopter"],"acts_visited":["Exordium","TheCity","TheBeyond","TheEnding"],"potions_floor_usage":[7,14,16,16,23,23,29,33,39,40,50,55],"damage_taken":[{"damage":0,"enemies":"Cultist","floor":1,"turns":1},{"damage":0,"enemies":"2 Louse","floor":2,"turns":1},{"damage":0,"enemies":"Small Slimes","floor":4,"turns":1},{"damage":0,"enemies":"3 Louse","floor":5,"turns":1},{"damage":18,"enemies":"3 Sentries","floor":7,"turns":6},{"damage":0,"enemies":"Looter","floor":10,"turns":2},{"damage":0,"enemies":"Blue Slaver","floor":11,"turns":1},{"damage":10,"enemies":"Large Slime","floor":12,"turns":4},{"damage":0,"enemies":"Lagavulin","floor":14,"turns":5},{"damage":45,"enemies":"The Guardian","floor":16,"turns":15},{"damage":1,"enemies":"Shell Parasite","floor":18,"turns":4},{"damage":0,"enemies":"Chosen","floor":20,"turns":4},{"damage":0,"enemies":"Snake Plant","floor":22,"turns":4},{"damage":43,"enemies":"Slavers","floor":23,"turns":5},{"damage":5,"enemies":"Cultist and Chosen","floor":25,"turns":3},{"damage":35,"enemies":"Shelled Parasite and Fungi","floor":28,"turns":6},{"damage":6,"enemies":"Snake Plant","floor":29,"turns":4},{"damage":1,"enemies":"Cultist and Chosen","floor":31,"turns":4},{"damage":48,"enemies":"Automaton","floor":33,"turns":12},{"damage":0,"enemies":"Orb Walker","floor":35,"turns":4},{"damage":3,"enemies":"3 Darklings","floor":36,"turns":5},{"damage":11,"enemies":"Mind Bloom Boss Battle","floor":38,"turns":4},{"damage":3,"enemies":"2 Orb Walkers","floor":39,"turns":2},{"damage":8,"enemies":"4 Shapes","floor":40,"turns":2},{"damage":0,"enemies":"Transient","floor":44,"turns":5},{"damage":35,"enemies":"Spire Growth","floor":47,"turns":4},{"damage":0,"enemies":"Jaw Worm Horde","floor":48,"turns":5},{"damage":18,"enemies":"Donu and Deca","floor":50,"turns":8},{"damage":53,"enemies":"Shield and Spear","floor":54,"turns":7},{"damage":22,"enemies":"The Heart","floor":55,"turns":8}],"seed_played":"2600837795112607424","potions_obtained":[{"floor":5,"key":"Weak Potion"},{"floor":7,"key":"potionbrewer:CleansingPotion"},{"floor":10,"key":"FearPotion"},{"floor":14,"key":"Fire Potion"},{"floor":20,"key":"FearPotion"},{"floor":22,"key":"Weak Potion"},{"floor":28,"key":"FearPotion"},{"floor":31,"key":"GamblersBrew"},{"floor":38,"key":"EssenceOfSteel"},{"floor":39,"key":"potionbrewer:InfectionPotion"},{"floor":47,"key":"potionbrewer:EndurancePotion"}],"is_trial":false,"path_per_floor":["M","M","$","M","M","R","E","?","T","M","M","M","R","E","R","B",null,"M","$","M","?","M","E","R","M","T","R","M","M","R","M","R","B",null,"M","M","?","?","?","M","R","$","T","M","T","R","M","M","R","B",null,"R","$","E","B"],"character_chosen":"THE_SILENT","items_purchased":["Backstab","Poisoned Stab","Happy Flower","Flying Knee","Escape Plan","Medical Kit","Underhanded Strike","The Bomb","Letter Opener","Noxious Fumes+1","Blade Dance","Ancient Potion"],"campfire_rested":7,"item_purchase_floors":[3,3,19,19,19,42,42,42,42,42,42,53],"current_hp_per_floor":[70,70,70,70,70,70,52,52,52,52,52,42,63,63,63,18,70,69,69,69,69,69,26,47,42,42,63,28,22,43,42,63,15,70,70,67,67,56,53,45,45,45,45,45,45,66,31,31,52,34,70,70,70,17,0,0],"gold":49,"neow_bonus":"THREE_ENEMY_KILL","is_daily":false,"chose_seed":false,"campfire_upgraded":3,"win_rate":0.0,"timestamp":1607984447,"path_taken":["M","?","$","M","M","R","E","?","T","M","?","M","R","E","R","BOSS","M","$","M","?","M","E","R","M","T","R","M","M","R","M","R","BOSS","M","M","?","?","?","M","R","$","T","M","?","R","?","M","R","BOSS","R","$","E","BOSS"],"items_purchased_type":["Card","Card","Relic","Card","Card","Relic","Card","Card","Relic","Card","Card","Potion"],"build_version":"2020-12-13","purchased_purges":0,"victory":false,"max_hp_per_floor":[70,70,70,70,70,70,70,70,70,70,70,70,70,70,70,70,70,70,70,70,70,70,70,70,70,70,70,70,70,70,70,70,70,70,70,70,70,70,70,70,70,70,70,70,70,70,70,70,70,70,70,70,70,70,70,70],"card_choices":[{"not_picked":["Outmaneuver","Dagger Throw"],"picked":"Poisoned Stab","floor":1},{"not_picked":["Dagger Throw","Escape Plan"],"picked":"Masterful Stab","floor":2},{"not_picked":["Sucker Punch","Prepared"],"picked":"Underhanded Strike","floor":4},{"not_picked":["Deflect","Eviscerate"],"picked":"Dagger Spray","floor":5},{"not_picked":["Quick Slash","Masterful Stab"],"picked":"Wraith Form v2+1","floor":7},{"not_picked":["Expertise","Flying Knee"],"picked":"Blur","floor":10},{"not_picked":["Calculated Gamble","Quick Slash"],"picked":"Outmaneuver","floor":11},{"not_picked":["Acrobatics","Dagger Throw"],"picked":"Dash","floor":12},{"not_picked":["Caltrops+1","Adrenaline"],"picked":"Masterful Stab","floor":14},{"not_picked":["Burst","Phantasmal Killer"],"picked":"Corpse Explosion","floor":16},{"not_picked":["Backflip","Expertise"],"picked":"Dagger Spray","floor":18},{"not_picked":["Slice","Sucker Punch"],"picked":"Bane+1","floor":20},{"not_picked":["Prepared","Quick Slash"],"picked":"Blade Dance","floor":22},{"not_picked":["Heel Hook","Dodge and Roll"],"picked":"Predator","floor":23},{"not_picked":["Dodge and Roll","Prepared"],"picked":"Bane+1","floor":25},{"not_picked":["Underhanded Strike","Deflect"],"picked":"Night Terror","floor":28},{"not_picked":["Dagger Throw","Dash+1"],"picked":"Poisoned Stab","floor":29},{"not_picked":["Escape Plan","Slice"],"picked":"Distraction","floor":31},{"not_picked":["Glass Knife","Doppelganger"],"picked":"Corpse Explosion","floor":33},{"not_picked":["Acrobatics+1","Calculated Gamble+1"],"picked":"Sucker Punch+1","floor":35},{"not_picked":["Bane","Acrobatics"],"picked":"Quick Slash","floor":36},{"not_picked":["PiercingWail","Tactician+1"],"picked":"Blade Dance+1","floor":38},{"not_picked":["Masterful Stab","Wraith Form v2+1"],"picked":"Noxious Fumes+1","floor":39},{"not_picked":["Bane","Finisher+1"],"picked":"PiercingWail+1","floor":40},{"not_picked":["Masterful Stab","Noxious Fumes+1"],"picked":"Crippling Poison+1","floor":44},{"not_picked":["Prepared","Dodge and Roll+1"],"picked":"Blade Dance+1","floor":47},{"not_picked":["Tactician","Poisoned Stab+1"],"picked":"Outmaneuver+1","floor":48},{"not_picked":["Prepared+1","Flying Knee"],"picked":"Backstab","floor":54}],"player_experience":55690,"relics_obtained":[{"floor":7,"key":"Frozen Egg 2"},{"floor":9,"key":"Ninja Scroll"},{"floor":14,"key":"Darkstone Periapt"},{"floor":23,"key":"WingedGreaves"},{"floor":26,"key":"potionbrewer:Torch"},{"floor":38,"key":"Old Coin"},{"floor":39,"key":"Thread and Needle"},{"floor":45,"key":"Incense Burner"},{"floor":54,"key":"Toy Ornithopter"}],"event_choices":[{"damage_healed":0,"gold_gain":0,"cards_transformed":["Poisoned Stab"],"player_choice":"Transformed","damage_taken":0,"max_hp_gain":0,"max_hp_loss":0,"event_name":"Transmorgrifier","floor":8,"gold_loss":0,"cards_obtained":["Wraith Form v2"]},{"damage_healed":0,"gold_gain":0,"player_choice":"Ignored","damage_taken":0,"max_hp_gain":0,"max_hp_loss":0,"event_name":"Ghosts","floor":21,"gold_loss":0},{"damage_healed":0,"gold_gain":0,"player_choice":"Fight","damage_taken":0,"max_hp_gain":0,"max_hp_loss":0,"event_name":"MindBloom","floor":38,"gold_loss":0},{"damage_healed":0,"gold_gain":0,"player_choice":"Fight","damage_taken":0,"max_hp_gain":0,"max_hp_loss":0,"event_name":"Mysterious Sphere","floor":39,"gold_loss":0}],"is_beta":false,"boss_relics":[{"not_picked":["Busted Crown","Ring of the Serpent"],"picked":"Snecko Eye"},{"not_picked":["Calling Bell","Sozu"],"picked":"potionbrewer:BhaskarasWheel"}],"items_purged_floors":[],"is_endless":false,"potions_floor_spawned":[5,7,10,14,20,22,28,31,38,39,47],"killed_by":"The Heart","ascension_level":0}}