{"host":"h5acbxt0wmjo1kpm","time":1607944985,"event":{"mods":["2.2 Compatiblity","Act Like it!","AlwaysNeverKeys","Aspiration","Bartender","BaseMod","Better Third Choice","Colored Map","Downfall","Elementarium","Gensokyo","GifTheSpireLib","Hallownest","Marisa????????","Minty Spire (QoL Compilation)","Permanent Neow","Potionbrewer","Relic Filter","Replay The Spire","Robot Space Explorer","RumiaBox-????????","Shade Mod","Spicy Shops","StSLib","The Blackbeard","The Dragon Tamer","The Forsaken","The Gatherer","The Problem Sleuth","The Servant 0.9.4","Wandering Minibosses","vexMod"],"gold_per_floor":[99,109,109,144,179,279,279,31,43,43,43,73,73,73,112,263,263,263,213,256,256],"floor_reached":20,"playtime":1413,"items_purged":["champ:Strike"],"score":170,"play_id":"199ae506-c1ad-44c9-8f5a-5a6ac7f6c137","local_time":"20201214032305","is_ascension_mode":false,"campfire_choices":[{"data":"champ:ShieldThrow","floor":1,"key":"SMITH"},{"data":"champ:GutPunch","floor":3,"key":"SMITH"},{"data":"champ:IronFortress","floor":10,"key":"SMITH"},{"floor":18,"key":"RECALL"}],"circlet_count":0,"master_deck":["champ:Strike","champ:Strike","champ:Defend","champ:Defend","champ:Defend","champ:Defend","champ:Execute","champ:Taunt","champ:ShieldThrow+1","champ:GutPunch+1","champ:GladiatorsShout","champ:IronFortress+1","champ:BladeFlurry+1","champ:Haymaker+1","champ:CrookedStrike+1","champ:ViciousMockery","champ:CrownThrow+1"],"relics":["champ:ChampionCrown","vexMod:ConsolationPrize","Molten Egg 2","champ:BerserkersGuideToSlaughter","CeramicFish","Fusion Hammer"],"acts_visited":["Exordium","Gensokyo:Gensokyoer"],"potions_floor_usage":[5,12,12,16,20],"damage_taken":[{"damage":22,"enemies":"Small Slimes","floor":2,"turns":3},{"damage":39,"enemies":"Gremlin Nob","floor":4,"turns":5},{"damage":19,"enemies":"Cultist","floor":5,"turns":5},{"damage":13,"enemies":"downfall:FleeingMerchant","floor":8,"turns":4},{"damage":15,"enemies":"Jaw Worm","floor":9,"turns":7},{"damage":18,"enemies":"3 Louse","floor":12,"turns":4},{"damage":18,"enemies":"2 Fungi Beasts","floor":15,"turns":4},{"damage":48,"enemies":"downfall:Silent","floor":16,"turns":13},{"damage":48,"enemies":"Gensokyo:Reisen","floor":20,"turns":8}],"seed_played":"6910149045016777283","potions_obtained":[{"floor":2,"key":"Energy Potion"},{"floor":5,"key":"champ:OpenerPotion"},{"floor":9,"key":"potionbrewer:SplittingPotion"}],"is_trial":false,"path_per_floor":["R","M","R","E","M","?","T","$","M","R","T","M","?","?","M","B",null,"R","?","E"],"character_chosen":"THE_CHAMP","items_purchased":["champ:BerserkersGuideToSlaughter","champ:Haymaker+1"],"campfire_rested":0,"item_purchase_floors":[8,8],"current_hp_per_floor":[90,78,78,44,40,40,40,37,34,34,34,21,51,51,53,17,90,90,97,49,49],"gold":256,"neow_bonus":"ONE_RANDOM_RARE_CARD","is_daily":false,"chose_seed":false,"campfire_upgraded":3,"win_rate":0.0,"timestamp":1607944985,"path_taken":["R","M","R","E","M","?","T","$","?","R","?","M","?","?","M","BOSS","R","?","E"],"items_purchased_type":["Relic","Card"],"build_version":"2020-12-13","purchased_purges":1,"victory":false,"max_hp_per_floor":[90,90,90,90,90,90,90,90,90,90,90,90,90,90,90,90,90,90,97,97,97],"card_choices":[{"not_picked":["champ:ArenaPreparation","champ:StanceDance"],"picked":"champ:GutPunch","floor":2},{"not_picked":["champ:PerfectedStrike","champ:Backstep"],"picked":"champ:GladiatorsShout","floor":4},{"not_picked":["champ:FocusedBerserking","champ:Encircle"],"picked":"champ:IronFortress","floor":5},{"not_picked":["champ:FalseCounter","champ:PerfectedStrike+1"],"picked":"champ:BladeFlurry+1","floor":8},{"not_picked":["champ:RecklessLeap+1","champ:FanOfKnives+1"],"picked":"champ:CrookedStrike+1","floor":9},{"not_picked":["champ:Circumvent","champ:BerserkerStyle","champ:BerserkersShout"],"picked":"SKIP","floor":12},{"not_picked":["champ:ArenaPreparation","champ:GladiatorsShout"],"picked":"champ:ViciousMockery","floor":15},{"not_picked":["champ:HoldFirm","champ:MurderStrike+1"],"picked":"champ:CrownThrow+1","floor":16}],"player_experience":2248865,"relics_obtained":[{"floor":4,"key":"vexMod:ConsolationPrize"},{"floor":7,"key":"Molten Egg 2"},{"floor":11,"key":"CeramicFish"}],"event_choices":[{"damage_healed":30,"gold_gain":0,"player_choice":"Banana","damage_taken":0,"max_hp_gain":0,"max_hp_loss":0,"event_name":"Big Fish","floor":13,"gold_loss":0},{"cards_removed":["champ:Strike"],"damage_healed":0,"gold_gain":0,"player_choice":"Purged","damage_taken":0,"max_hp_gain":0,"max_hp_loss":0,"event_name":"Purifier","floor":14,"gold_loss":0}],"is_beta":false,"boss_relics":[{"not_picked":["aspiration:MarisaSkillbook","Replay:Drink Me"],"picked":"Fusion Hammer"}],"items_purged_floors":[8],"is_endless":false,"potions_floor_spawned":[2,5,9],"killed_by":"Gensokyo:Reisen","ascension_level":0}}