{"host":"8qb550oiisecbnz6","time":1607981515,"event":{"mods":["AchievementEnabler","BaseMod","Colored Map","Colored Powertips","Minty Spire (QoL Compilation)","Quick Restart","Slay-I","StSLib"],"gold_per_floor":[113,288,303,303,315,341,5,5,30,30,30,50,50,65,65,165,165,185,145,163,174,185,185,185],"floor_reached":23,"playtime":1174,"items_purged":["Strike_G"],"score":241,"play_id":"45345efa-4f7d-4b79-b599-fdc454eb147a","local_time":"20201214223155","is_ascension_mode":true,"campfire_choices":[{"data":"Sadistic Nature","floor":13,"key":"SMITH"},{"data":"Infinite Blades","floor":15,"key":"SMITH"}],"circlet_count":0,"master_deck":["Strike_G","Strike_G","Strike_G","Strike_G+1","Defend_G","Defend_G+1","Defend_G+1","Defend_G+1","Defend_G","Survivor","Neutralize","Terror","Accuracy","Cloak And Dagger","Noxious Fumes","Sadistic Nature+1","Infinite Blades+1","Envenom","Acrobatics+1","Footwork"],"relics":["Coffee Dripper","Boot","MealTicket","SlaversCollar"],"acts_visited":["Exordium","TheCity"],"potions_floor_usage":[6,16,22,23,23],"damage_taken":[{"damage":0,"enemies":"2 Louse","floor":1,"turns":4},{"damage":13,"enemies":"Small Slimes","floor":3,"turns":3},{"damage":3,"enemies":"Jaw Worm","floor":5,"turns":4},{"damage":12,"enemies":"Lagavulin","floor":6,"turns":5},{"damage":0,"enemies":"2 Fungi Beasts","floor":12,"turns":4},{"damage":0,"enemies":"3 Louse","floor":14,"turns":3},{"damage":16,"enemies":"Hexaghost","floor":16,"turns":8},{"damage":6,"enemies":"3 Byrds","floor":18,"turns":3},{"damage":0,"enemies":"Shell Parasite","floor":20,"turns":4},{"damage":17,"enemies":"3 Cultists","floor":21,"turns":5},{"damage":11,"enemies":"Snake Plant","floor":22,"turns":4},{"damage":31,"enemies":"Slavers","floor":23,"turns":4}],"seed_played":"-2454425542160807098","potions_obtained":[{"floor":1,"key":"CunningPotion"},{"floor":5,"key":"Weak Potion"},{"floor":6,"key":"Strength Potion"},{"floor":16,"key":"Energy Potion"},{"floor":21,"key":"Explosive Potion"},{"floor":22,"key":"LiquidMemories"}],"is_trial":false,"path_per_floor":["M","?","M","?","M","E","$","$","T","?","?","M","R","M","R","B",null,"M","?","M","M","M","E"],"character_chosen":"THE_SILENT","items_purchased":["Noxious Fumes","Sadistic Nature"],"campfire_rested":0,"item_purchase_floors":[7,7],"current_hp_per_floor":[70,70,57,50,47,35,35,35,35,58,44,44,44,44,44,28,60,54,54,54,37,26,0,0],"gold":185,"neow_bonus":"BOSS_RELIC","is_daily":false,"chose_seed":false,"campfire_upgraded":2,"win_rate":0.0,"timestamp":1607981515,"path_taken":["M","?","M","?","M","E","?","$","T","?","?","M","R","?","R","BOSS","M","?","M","M","M","E"],"items_purchased_type":["Card","Card"],"build_version":"2020-12-13","purchased_purges":1,"victory":false,"max_hp_per_floor":[70,70,70,70,70,70,70,70,70,70,70,70,70,70,70,70,70,70,70,70,70,70,70,70],"card_choices":[{"not_picked":["PiercingWail","Riddle With Holes"],"picked":"Terror","floor":1},{"not_picked":["Setup","Sucker Punch"],"picked":"Accuracy","floor":3},{"not_picked":["Bane","Poisoned Stab"],"picked":"Cloak And Dagger","floor":5},{"not_picked":["Escape Plan","Sucker Punch","Quick Slash"],"picked":"SKIP","floor":6},{"not_picked":["Flying Knee","Masterful Stab","Dodge and Roll"],"picked":"SKIP","floor":12},{"not_picked":["Eviscerate","Riddle With Holes"],"picked":"Infinite Blades","floor":14},{"not_picked":["Tools of the Trade","Burst"],"picked":"Envenom","floor":16},{"not_picked":["Endless Agony","Slice"],"picked":"Acrobatics+1","floor":18},{"not_picked":["Distraction","Well Laid Plans","Deflect"],"picked":"SKIP","floor":20},{"not_picked":["Sucker Punch+1","Concentrate"],"picked":"Footwork","floor":21},{"not_picked":["Acrobatics","Choke","Bane"],"picked":"SKIP","floor":22}],"player_experience":348197,"relics_obtained":[{"floor":6,"key":"Boot"},{"floor":9,"key":"MealTicket"}],"event_choices":[{"damage_healed":0,"gold_gain":175,"player_choice":"AGREE","damage_taken":0,"max_hp_gain":0,"max_hp_loss":0,"event_name":"Liars Game","floor":2,"gold_loss":0,"cards_obtained":["Doubt"]},{"cards_removed":["Doubt"],"damage_healed":0,"gold_gain":0,"player_choice":"Card Removal","damage_taken":7,"max_hp_gain":0,"max_hp_loss":0,"event_name":"Golden Wing","floor":4,"gold_loss":0},{"damage_healed":23,"gold_gain":0,"player_choice":"Banana","damage_taken":0,"max_hp_gain":0,"max_hp_loss":0,"event_name":"Big Fish","floor":10,"gold_loss":0},{"damage_healed":0,"gold_gain":0,"player_choice":"Entered Light","damage_taken":14,"max_hp_gain":0,"max_hp_loss":0,"event_name":"Shining Light","floor":11,"gold_loss":0,"cards_upgraded":["Strike_G","Defend_G"]},{"damage_healed":0,"gold_gain":0,"player_choice":"Upgraded Two","damage_taken":0,"max_hp_gain":0,"max_hp_loss":0,"event_name":"Designer","floor":19,"gold_loss":40,"cards_upgraded":["Defend_G","Defend_G"]}],"is_beta":false,"boss_relics":[{"not_picked":["Philosopher\u0027s Stone","HoveringKite"],"picked":"SlaversCollar"}],"items_purged_floors":[7],"is_endless":false,"potions_floor_spawned":[1,5,6,16,21,22],"killed_by":"Slavers","ascension_level":5}}