{"host":"15dd7v8o90xso62x","time":1607972254,"event":{"mods":["BaseMod","Minty Spire (QoL Compilation)","Quick Restart","StSLib"],"gold_per_floor":[12,31,31,106,126,126,145,177,177,177,210,223,223,239,239,313,313,327,252,252,266,266,266,299,299,326,339,289,302,7,23,23,99,99,115,65,65,80,30,63,76,108,131,186,0,35,35,35,35,35,35,35,35,35,67,67],"floor_reached":57,"playtime":1844,"items_purged":["ReachHeaven","JustLucky","Ragnarok","ClearTheMind+1","SignatureMove"],"score":3136,"play_id":"68b8f0e8-39a5-49c2-8d97-f9e2b2268948","local_time":"20201215035734","is_ascension_mode":true,"campfire_choices":[{"data":"Eruption","floor":6.0,"key":"SMITH"},{"data":"WheelKick","floor":10.0,"key":"SMITH"},{"data":"Judgement","floor":15.0,"key":"SMITH"},{"data":"Scrawl","floor":23.0,"key":"SMITH"},{"data":"ClearTheMind","floor":25.0,"key":"SMITH"},{"data":"Adaptation","floor":32.0,"key":"SMITH"},{"floor":47,"key":"RECALL"},{"floor":49,"key":"REST"},{"floor":53,"key":"REST"}],"circlet_count":0,"master_deck":["AscendersBane","Eruption+1","Vigilance+1","Judgement+1","ClearTheMind+1","LessonLearned+1","InnerPeace+1","FearNoEvil+1","WheelKick+1","Scrawl+1","Adaptation+1","DeusExMachina+1","Scrawl+1","TalkToTheHand+1","Madness+1","Madness+1"],"relics":["PureWater","Whetstone","TeardropLocket","Sundial","Meat on the Bone","Pandora\u0027s Box","Pen Nib","Smiling Mask","Medical Kit","Empty Cage","Pear","Mummified Hand","Ice Cream","Red Mask","Happy Flower","Blood Vial"],"acts_visited":["Exordium","TheCity","TheBeyond","TheEnding"],"potions_floor_usage":[51],"damage_taken":[{"damage":0.0,"enemies":"Cultist","floor":1.0,"turns":3.0},{"damage":0.0,"enemies":"2 Louse","floor":2.0,"turns":2.0},{"damage":0.0,"enemies":"Jaw Worm","floor":5.0,"turns":1.0},{"damage":0.0,"enemies":"Lots of Slimes","floor":7.0,"turns":4.0},{"damage":0.0,"enemies":"Lagavulin","floor":8.0,"turns":4.0},{"damage":5.0,"enemies":"3 Sentries","floor":11.0,"turns":3.0},{"damage":0.0,"enemies":"2 Fungi Beasts","floor":12.0,"turns":2.0},{"damage":3.0,"enemies":"Blue Slaver","floor":14.0,"turns":2.0},{"damage":19.0,"enemies":"The Guardian","floor":16.0,"turns":6.0},{"damage":0.0,"enemies":"Shell Parasite","floor":18.0,"turns":1.0},{"damage":0.0,"enemies":"Spheric Guardian","floor":21.0,"turns":1.0},{"damage":26.0,"enemies":"Slavers","floor":24.0,"turns":3.0},{"damage":0.0,"enemies":"Centurion and Healer","floor":27.0,"turns":3.0},{"damage":0.0,"enemies":"Snake Plant","floor":29.0,"turns":1.0},{"damage":6.0,"enemies":"Snecko","floor":31.0,"turns":3.0},{"damage":16.0,"enemies":"Automaton","floor":33.0,"turns":4.0},{"damage":11.0,"enemies":"Orb Walker","floor":35.0,"turns":2.0},{"damage":0.0,"enemies":"3 Darklings","floor":38.0,"turns":2.0},{"damage":0.0,"enemies":"Nemesis","floor":40.0,"turns":1.0},{"damage":0.0,"enemies":"Jaw Worm Horde","floor":41.0,"turns":1.0},{"damage":0.0,"enemies":"Giant Head","floor":42.0,"turns":1.0},{"damage":21,"enemies":"2 Orb Walkers","floor":44,"turns":2},{"damage":0,"enemies":"Nemesis","floor":46,"turns":1},{"damage":0,"enemies":"Donu and Deca","floor":50,"turns":1},{"damage":3,"enemies":"Time Eater","floor":51,"turns":3},{"damage":0,"enemies":"Shield and Spear","floor":55,"turns":1},{"damage":61,"enemies":"The Heart","floor":56,"turns":6}],"seed_played":"1176465579831876480","potions_obtained":[{"floor":2.0,"key":"Regen Potion"},{"floor":5.0,"key":"PowerPotion"},{"floor":12.0,"key":"GamblersBrew"},{"floor":18.0,"key":"FearPotion"},{"floor":27.0,"key":"BlessingOfTheForge"},{"floor":31.0,"key":"Weak Potion"},{"floor":40.0,"key":"StancePotion"}],"is_trial":false,"path_per_floor":["M","M","$","?","M","R","M","E","T","R","E","M","T","M","R","B",null,"M","$","?","M","?","R","E","R","T","M","$","M","$","M","R","B",null,"M","$","?","M","$","E","M","E","T","?","?","E","R","?","R","B","B",null,"R","$","E","B",null],"character_chosen":"WATCHER","items_purchased":["Medical Kit","Adaptation"],"campfire_rested":2,"item_purchase_floors":[30,30],"current_hp_per_floor":[61,61,61,50,50,50,50,50,50,50,45,45,45,42,42,35,60,60,60,60,60,60,60,46,46,46,46,46,46,46,40,40,36,60,49,49,49,49,49,59,59,59,59,50,50,50,50,36,59,59,65,75,78,78,78,29],"gold":67,"neow_bonus":"THREE_RARE_CARDS","is_daily":false,"chose_seed":false,"campfire_upgraded":6,"win_rate":0.0,"timestamp":1607972254,"path_taken":["M","M","?","?","M","R","M","E","T","R","E","M","?","?","R","BOSS","M","$","?","M","?","R","E","R","T","?","$","M","?","M","R","BOSS","M","$","?","?","$","E","M","E","T","?","?","E","R","?","R","BOSS","BOSS","R","$","E","BOSS"],"items_purchased_type":["Relic","Card"],"build_version":"2020-12-13","purchased_purges":5,"victory":true,"max_hp_per_floor":[68,68,68,68,68,68,68,68,68,68,68,68,68,68,68,68,68,68,68,68,68,68,68,68,68,68,68,68,68,68,68,68,68,68,68,68,68,68,68,78,78,78,78,78,78,78,78,78,78,78,78,78,78,78,78,78],"card_choices":[{"not_picked":["Wish","Devotion"],"picked":"Judgement","floor":0.0},{"not_picked":["EmptyFist","FollowUp"],"picked":"BowlingBash","floor":1.0},{"not_picked":["Wireheading","WaveOfTheHand"],"picked":"WheelKick","floor":2.0},{"not_picked":["LikeWater","CutThroughFate","Protect"],"picked":"SKIP","floor":5.0},{"not_picked":["Evaluate","Collect","SashWhip"],"picked":"SKIP","floor":7.0},{"not_picked":["FlyingSleeves","ClearTheMind"],"picked":"SignatureMove","floor":8.0},{"not_picked":["Brilliance","PathToVictory","JustLucky"],"picked":"SKIP","floor":11.0},{"not_picked":["WreathOfFlame","Crescendo","Prostrate"],"picked":"SKIP","floor":12.0},{"not_picked":["WreathOfFlame","Crescendo","Prostrate"],"picked":"SKIP","floor":12.0},{"not_picked":["EmptyMind","FollowUp"],"picked":"ClearTheMind","floor":14.0},{"not_picked":["Alpha","Scrawl"],"picked":"LessonLearned","floor":16.0},{"not_picked":["FlurryOfBlows","EmptyBody","Consecrate"],"picked":"SKIP","floor":18.0},{"not_picked":["Indignation","CrushJoints","FlurryOfBlows"],"picked":"SKIP","floor":21.0},{"not_picked":["SashWhip","WheelKick","ForeignInfluence+1"],"picked":"SKIP","floor":24.0},{"not_picked":["EmptyBody","FlyingSleeves","Consecrate+1"],"picked":"SKIP","floor":27.0},{"not_picked":["FlyingSleeves","ForeignInfluence","Alpha"],"picked":"SKIP","floor":29.0},{"not_picked":["EmptyBody","CutThroughFate","PathToVictory"],"picked":"SKIP","floor":31.0},{"not_picked":["Blasphemy","SpiritShield"],"picked":"DeusExMachina","floor":33.0},{"not_picked":["FollowUp","ThirdEye","SashWhip"],"picked":"SKIP","floor":35.0},{"not_picked":["EmptyMind","BowlingBash+1","Evaluate+1"],"picked":"SKIP","floor":38.0},{"not_picked":["Halt","DevaForm","FlyingSleeves+1"],"picked":"SKIP","floor":40.0},{"not_picked":["CutThroughFate","CarveReality"],"picked":"TalkToTheHand+1","floor":41.0},{"not_picked":["CutThroughFate","Tantrum","FollowUp"],"picked":"SKIP","floor":42.0},{"not_picked":["Prostrate","WaveOfTheHand","Consecrate"],"picked":"SKIP","floor":46},{"not_picked":["Consecrate+1","Indignation+1","Swivel"],"picked":"SKIP","floor":55}],"player_experience":905801,"relics_obtained":[{"floor":8.0,"key":"Whetstone"},{"floor":9.0,"key":"TeardropLocket"},{"floor":11.0,"key":"Sundial"},{"floor":13.0,"key":"Meat on the Bone"},{"floor":24.0,"key":"Pen Nib"},{"floor":26.0,"key":"Smiling Mask"},{"floor":40.0,"key":"Pear"},{"floor":42.0,"key":"Mummified Hand"},{"floor":44,"key":"Ice Cream"},{"floor":46,"key":"Happy Flower"},{"floor":55,"key":"Blood Vial"}],"event_choices":[{"damage_healed":0.0,"max_hp_gain":0.0,"max_hp_loss":0.0,"gold_gain":75.0,"event_name":"World of Goop","player_choice":"Gather Gold","floor":4.0,"gold_loss":0.0,"damage_taken":11.0},{"damage_healed":0.0,"max_hp_gain":0.0,"max_hp_loss":0.0,"gold_gain":0.0,"event_name":"The Mausoleum","player_choice":"Ignored","floor":20.0,"gold_loss":0.0,"damage_taken":0.0},{"damage_healed":0.0,"max_hp_gain":0.0,"max_hp_loss":0.0,"gold_gain":0.0,"cards_transformed":["Study"],"event_name":"Transmorgrifier","player_choice":"Transformed","floor":22.0,"gold_loss":0.0,"damage_taken":0.0,"cards_obtained":["Ragnarok"]},{"damage_healed":0.0,"max_hp_gain":0.0,"max_hp_loss":0.0,"gold_gain":0.0,"event_name":"Duplicator","player_choice":"Copied","floor":37.0,"gold_loss":0.0,"damage_taken":0.0,"cards_obtained":["Scrawl"]},{"damage_healed":0,"gold_gain":0,"player_choice":"Fight","damage_taken":0,"max_hp_gain":0,"max_hp_loss":0,"event_name":"Mysterious Sphere","floor":44,"gold_loss":0},{"damage_healed":0,"gold_gain":0,"player_choice":"Paid","damage_taken":0,"relics_obtained":["Red Mask"],"max_hp_gain":0,"max_hp_loss":0,"event_name":"Tomb of Lord Red Mask","floor":45,"gold_loss":186},{"damage_healed":0,"gold_gain":0,"player_choice":"Embrace Madness","damage_taken":14,"max_hp_gain":0,"max_hp_loss":0,"event_name":"Winding Halls","floor":48,"gold_loss":0,"cards_obtained":["Madness","Madness"]}],"is_beta":false,"boss_relics":[{"not_picked":["SacredBark","Philosopher\u0027s Stone"],"picked":"Pandora\u0027s Box"},{"not_picked":["Fusion Hammer","Snecko Eye"],"picked":"Empty Cage"}],"items_purged_floors":[19,28,30,36,39],"is_endless":false,"potions_floor_spawned":[2,5,12,16,18,27,31,33,40,42,44],"ascension_level":20}}