{"host":"j4g6ia6asvpyu2b0","time":1607983416,"event":{"mods":["BaseMod","Colored Map","Minty Spire (QoL Compilation)","Permanent Neow","Quick Restart","Relic Stats","StSLib","Unceasing Turn Reminder"],"gold_per_floor":[211,211,161,161,161,190,190,221,247,278,292,322,337,354,354,354,354],"floor_reached":16,"playtime":317,"items_purged":[],"score":141,"play_id":"cddb8819-574d-474f-acc8-94908f3dfcb1","local_time":"20201214150336","is_ascension_mode":true,"campfire_choices":[{"data":"Sunder","floor":7,"key":"SMITH"},{"data":"1","floor":15,"key":"LIFT"}],"circlet_count":0,"master_deck":["Strike_B","Defend_B","Defend_B","Defend_B","Defend_B","Zap","Dualcast","Streamline","Sunder+1","Sunder","Self Repair","Leap","Conserve Battery","Melter","Go for the Eyes","Defragment"],"relics":["Cracked Core","PreservedInsect","MealTicket","Tiny Chest","Girya","Eternal Feather"],"acts_visited":["Exordium"],"potions_floor_usage":[8,12],"damage_taken":[{"damage":3,"enemies":"Small Slimes","floor":1,"turns":3},{"damage":22,"enemies":"3 Sentries","floor":6,"turns":5},{"damage":16,"enemies":"Lagavulin","floor":8,"turns":5},{"damage":6,"enemies":"Gremlin Nob","floor":10,"turns":3},{"damage":0,"enemies":"2 Louse","floor":11,"turns":2},{"damage":14,"enemies":"Lagavulin","floor":12,"turns":5},{"damage":6,"enemies":"Cultist","floor":13,"turns":3},{"damage":0,"enemies":"Gremlin Gang","floor":14,"turns":3},{"damage":40,"enemies":"Hexaghost","floor":16,"turns":7}],"seed_played":"6682309132418705878","potions_obtained":[{"floor":6,"key":"ColorlessPotion"},{"floor":10,"key":"ColorlessPotion"},{"floor":11,"key":"BlessingOfTheForge"},{"floor":13,"key":"Block Potion"}],"is_trial":false,"path_per_floor":["M","?","?","?","T","E","R","E","T","E","M","E","M","M","R","B"],"character_chosen":"DEFECT","items_purchased":[],"campfire_rested":0,"item_purchase_floors":[],"current_hp_per_floor":[72,72,72,65,65,43,43,27,27,21,28,21,22,29,38,0,0],"gold":354,"neow_bonus":"HUNDRED_GOLD","is_daily":false,"chose_seed":false,"campfire_upgraded":1,"win_rate":0.0,"timestamp":1607983416,"path_taken":["M","?","?","?","?","E","R","E","T","E","M","E","M","?","R","BOSS"],"items_purchased_type":[],"build_version":"2020-12-13","purchased_purges":0,"victory":false,"max_hp_per_floor":[75,75,75,75,75,75,75,75,75,75,75,75,75,75,75,75,75],"relic_stats":{"counters":[9,36],"MealTicket":0,"Tiny Chest":0,"Eternal Feather":9,"PreservedInsect":116,"obtain_stats":[{"Girya":10,"MealTicket":6,"Tiny Chest":8,"Eternal Feather":12,"PreservedInsect":5,"Cracked Core":0},{"Girya":4,"MealTicket":2,"Tiny Chest":3,"Eternal Feather":6,"PreservedInsect":1,"Cracked Core":0},{"Girya":16,"MealTicket":8,"Tiny Chest":13,"Eternal Feather":23,"PreservedInsect":3,"Cracked Core":0}]},"card_choices":[{"not_picked":["Redo","Beam Cell"],"picked":"Streamline","floor":1},{"not_picked":["Compile Driver","FTL"],"picked":"Sunder","floor":6},{"not_picked":["Hologram","Rip and Tear"],"picked":"Self Repair","floor":8},{"not_picked":["Barrage","All For One"],"picked":"Leap","floor":10},{"not_picked":["Rebound","Redo"],"picked":"Conserve Battery","floor":11},{"not_picked":["Conserve Battery","Streamline"],"picked":"Melter","floor":12},{"not_picked":["Skim","Stack"],"picked":"Go for the Eyes","floor":13},{"not_picked":["Streamline","Barrage"],"picked":"Defragment","floor":14}],"player_experience":655461,"relics_obtained":[{"floor":5,"key":"PreservedInsect"},{"floor":6,"key":"MealTicket"},{"floor":8,"key":"Tiny Chest"},{"floor":10,"key":"Girya"},{"floor":12,"key":"Eternal Feather"}],"event_choices":[{"damage_healed":0,"gold_gain":0,"cards_transformed":["Strike_B"],"player_choice":"Change","damage_taken":0,"max_hp_gain":0,"max_hp_loss":0,"event_name":"Living Wall","floor":2,"gold_loss":0,"cards_obtained":["Sunder"]},{"cards_removed":["Strike_B"],"damage_healed":0,"gold_gain":0,"player_choice":"Card Removal","damage_taken":0,"max_hp_gain":0,"max_hp_loss":0,"event_name":"The Cleric","floor":3,"gold_loss":50},{"cards_removed":["Strike_B"],"damage_healed":0,"gold_gain":0,"player_choice":"Card Removal","damage_taken":7,"max_hp_gain":0,"max_hp_loss":0,"event_name":"Golden Wing","floor":4,"gold_loss":0}],"is_beta":false,"boss_relics":[],"items_purged_floors":[],"is_endless":false,"potions_floor_spawned":[6,10,11,13],"killed_by":"Hexaghost","ascension_level":2}}