{"host":"1rf9pknejqhzkc4o","time":1607948069,"event":{"mods":["Aspiration","BaseMod","Better Altar","Better Match","Better Note","Better Sensory Stone","Better Skull","Better Third Choice","Colored Map","Colored Powertips","Communication Mod","Conspire","Energized Spire","Hubris","Ironclad Rager","Minty Spire (QoL Compilation)","Quick Restart","RNG Fix","Rare Cards Sparkle","Relic Stats","Replay The Spire","Retaliation","Spicy Shops","StSLib","The Blue Laboratory","Trackpad"],"gold_per_floor":[113,132,146,161,251,251,251,251],"floor_reached":7,"playtime":302,"items_purged":[],"score":43,"play_id":"5f94a35c-1560-4d46-98b8-d2c1e3169df2","local_time":"20201214151429","is_ascension_mode":false,"campfire_choices":[{"floor":6,"key":"REST"}],"circlet_count":0,"master_deck":["Bash","ICR:RageStrike","ICR:RageStrike","ICR:RageStrike","ICR:RageStrike","ICR:RageStrike","ICR:ShieldBash","ICR:ShieldBash","ICR:ShieldBash","ICR:ShieldBash","Perfected Strike","Searing Blow","Heavy Blade","Cleave","Heavy Blade","Exhume"],"relics":["Burning Blood","ReplayTheSpireMod:Spearhead"],"acts_visited":["Exordium"],"potions_floor_usage":[7,7],"damage_taken":[{"damage":5,"enemies":"Jaw Worm","floor":1,"turns":5},{"damage":8,"enemies":"conspire:RoseBush","floor":2,"turns":2},{"damage":10,"enemies":"Small Slimes","floor":3,"turns":3},{"damage":14,"enemies":"Exordium Wildlife","floor":4,"turns":4},{"damage":59,"enemies":"3 Sentries","floor":7,"turns":8}],"seed_played":"1904252836364202942","potions_obtained":[{"floor":1,"key":"blueLaboratory:BubblePotion"},{"floor":4,"key":"blueLaboratory:Moonshine"}],"is_trial":false,"path_per_floor":["M","M","M","M","?","R","E"],"character_chosen":"IRONCLAD","items_purchased":[],"campfire_rested":1,"item_purchase_floors":[],"current_hp_per_floor":[80,78,74,66,34,58,0,0],"gold":251,"neow_bonus":"IRONCLAD_RAGER","is_daily":false,"chose_seed":false,"campfire_upgraded":0,"win_rate":0.0,"timestamp":1607948069,"path_taken":["M","M","M","M","?","R","E"],"items_purchased_type":[],"build_version":"2020-12-13","purchased_purges":0,"victory":false,"max_hp_per_floor":[80,80,80,80,80,80,80,80],"relic_stats":{"counters":[5,22],"obtain_stats":[{"ReplayTheSpireMod:Spearhead":5,"Burning Blood":0},{"ReplayTheSpireMod:Spearhead":4,"Burning Blood":0},{"ReplayTheSpireMod:Spearhead":14,"Burning Blood":0}],"Burning Blood":23},"card_choices":[{"not_picked":["Warcry","hubris:SharpeningStone"],"picked":"Perfected Strike","floor":1},{"not_picked":["conspire:ExplosiveBarrier","Dark Embrace"],"picked":"Searing Blow","floor":2},{"not_picked":["Pommel Strike","Sword Boomerang"],"picked":"Heavy Blade","floor":3},{"not_picked":["ReplayTheSpireMod:Strike From Hell","Burning Pact"],"picked":"Cleave","floor":4},{"not_picked":["DDmod:CallousedSkill","DDmod:SpikedSkill"],"picked":"Heavy Blade","floor":5},{"not_picked":["Sword Boomerang","Twin Strike"],"picked":"Exhume","floor":5}],"player_experience":131773,"relics_obtained":[{"floor":5,"key":"ReplayTheSpireMod:Spearhead"}],"event_choices":[],"is_beta":false,"boss_relics":[],"items_purged_floors":[],"is_endless":false,"potions_floor_spawned":[1,4],"killed_by":"3 Sentries","ascension_level":0}}