{"host":"xr9kfrtt7uxz0mdc","time":1607908881,"event":{"mods":["AchievementEnabler","BaseMod","Highlight Path","Minty Spire (QoL Compilation)"],"gold_per_floor":[117,117,82,257,281,324,324,324,324,304,317,317,333,358,358,477,477,495,514,514,514,514],"floor_reached":21,"playtime":547,"items_purged":[],"score":204,"play_id":"08b7281e-e629-443b-a2e6-3b0e1bc434bf","local_time":"20201214022121","is_ascension_mode":false,"campfire_choices":[{"data":"Sunder","floor":7,"key":"SMITH"},{"data":"Defend_B","floor":12,"key":"SMITH"},{"data":"1","floor":15,"key":"LIFT"}],"circlet_count":0,"master_deck":["Strike_B","Strike_B","Strike_B+1","Strike_B","Defend_B+1","Defend_B","Defend_B","Defend_B","Zap","Dualcast","Sunder+1","Injury","Self Repair","Doubt","Leap+1","Sweeping Beam","Capacitor","Streamline","Machine Learning","Conserve Battery","Streamline"],"relics":["Cracked Core","NeowsBlessing","Golden Idol","Orichalcum","Girya","SlaversCollar"],"acts_visited":["Exordium","TheCity"],"potions_floor_usage":[],"damage_taken":[{"damage":0,"enemies":"Small Slimes","floor":1,"turns":1},{"damage":0,"enemies":"Cultist","floor":5,"turns":1},{"damage":0,"enemies":"Lagavulin","floor":6,"turns":1},{"damage":0,"enemies":"2 Louse","floor":11,"turns":3},{"damage":3,"enemies":"Lots of Slimes","floor":13,"turns":3},{"damage":0,"enemies":"Exordium Thugs","floor":14,"turns":4},{"damage":60,"enemies":"Hexaghost","floor":16,"turns":12},{"damage":33,"enemies":"2 Thieves","floor":18,"turns":5},{"damage":36,"enemies":"Spheric Guardian","floor":19,"turns":6},{"damage":24,"enemies":"Centurion and Healer","floor":21,"turns":5}],"seed_played":"-5738724041411926568","potions_obtained":[{"floor":1,"key":"FearPotion"},{"floor":5,"key":"SmokeBomb"},{"floor":10,"key":"LiquidBronze"},{"floor":11,"key":"FocusPotion"}],"is_trial":false,"path_per_floor":["M","?","$","?","M","E","R","?","T","?","M","R","M","M","R","B",null,"M","M","?","M"],"character_chosen":"DEFECT","items_purchased":["Self Repair"],"campfire_rested":0,"item_purchase_floors":[3],"current_hp_per_floor":[75,75,75,75,75,75,75,60,60,60,67,67,71,75,75,22,75,49,20,20,0,0],"gold":514,"neow_bonus":"THREE_ENEMY_KILL","is_daily":false,"chose_seed":false,"campfire_upgraded":2,"win_rate":0.0,"timestamp":1607908881,"path_taken":["M","?","$","?","M","E","R","?","T","?","?","R","M","M","R","BOSS","M","M","?","?"],"items_purchased_type":["Card"],"build_version":"2020-12-13","purchased_purges":0,"victory":false,"max_hp_per_floor":[75,75,75,75,75,75,75,75,75,75,75,75,75,75,75,75,75,75,75,75,75,75],"card_choices":[{"not_picked":["Gash","Barrage"],"picked":"Sunder","floor":1},{"not_picked":["Steam Power","Barrage"],"picked":"Leap","floor":5},{"not_picked":["Coolheaded","Chill"],"picked":"Sweeping Beam","floor":6},{"not_picked":["Beam Cell","Cold Snap"],"picked":"Capacitor","floor":11},{"not_picked":["Chill","Compile Driver","Stack"],"picked":"SKIP","floor":13},{"not_picked":["Barrage","Heatsinks"],"picked":"Streamline","floor":14},{"not_picked":["Thunder Strike","Fission"],"picked":"Machine Learning","floor":16},{"not_picked":["Compile Driver","Stack","Sweeping Beam+1"],"picked":"SKIP","floor":18},{"not_picked":["Turbo","Double Energy"],"picked":"Conserve Battery","floor":19}],"player_experience":77871,"relics_obtained":[{"floor":6,"key":"Orichalcum"},{"floor":9,"key":"Girya"}],"event_choices":[{"damage_healed":0,"gold_gain":0,"player_choice":"Take Wound","damage_taken":0,"relics_obtained":["Golden Idol"],"max_hp_gain":0,"max_hp_loss":0,"event_name":"Golden Idol","floor":2,"gold_loss":0,"cards_obtained":["Injury"]},{"damage_healed":0,"gold_gain":175,"player_choice":"AGREE","damage_taken":0,"max_hp_gain":0,"max_hp_loss":0,"event_name":"Liars Game","floor":4,"gold_loss":0,"cards_obtained":["Doubt"]},{"damage_healed":0,"gold_gain":0,"player_choice":"Entered Light","damage_taken":15,"max_hp_gain":0,"max_hp_loss":0,"event_name":"Shining Light","floor":8,"gold_loss":0,"cards_upgraded":["Leap","Strike_B"]},{"damage_healed":0,"gold_gain":0,"player_choice":"Bought 1 Potion","damage_taken":0,"max_hp_gain":0,"max_hp_loss":0,"event_name":"The Woman in Blue","floor":10,"gold_loss":0},{"damage_healed":0,"gold_gain":0,"player_choice":"1 cards matched","damage_taken":0,"max_hp_gain":0,"max_hp_loss":0,"event_name":"Match and Keep!","floor":20,"gold_loss":0,"cards_obtained":["Streamline"]}],"is_beta":false,"boss_relics":[{"not_picked":["Velvet Choker","Coffee Dripper"],"picked":"SlaversCollar"}],"items_purged_floors":[],"is_endless":false,"potions_floor_spawned":[1,5,11,18],"killed_by":"Centurion and Healer","ascension_level":0}}