{"host":"l8lm1goh5xm9tkuw","time":1607944621,"event":{"mods":["Act Like it!","Alarm Clock","Astrologer","BaseMod","Colored Map","Colored Powertips","GungeonMod","Hermit","KinomotoSakuraMod(Ä¾Ö®±¾Ó£)","KomeijiMod","Library of Ruina","Library of Ruina Extra","Lobotomy","LobotomyExtend","Marisa£¨ìFÓê¡¡Ä§ÀíÉ³£©","Minty Spire (QoL Compilation)","MostiFishMod","Quick Restart","Replay The Spire","Shade Mod","StSLib","TestMod","The Animator","The Bug Knight","The Hierophant","UnlockEverythingMod","Yuri Mod","vexMod","¡¾ÒÅÎï¿¨ÅÆ¡¿REMEMod"],"gold_per_floor":[112,34,34,34,34,65,65,92,92,104,27,27,91,104,104,179,179,179,179,179,179,179,179,179,179,179,179,179,179,179,179,179,179,179,179,61,61,61,61,61,61,61,61,61,61,61,61,61,61,61,61,61,61,61,61,61],"floor_reached":57,"playtime":1764,"items_purged":["Parasite"],"score":2724,"play_id":"2d99e86a-47b5-43e9-80fb-8669b9c4cb20","local_time":"20201214191701","is_ascension_mode":true,"campfire_choices":[{"data":"DegradedShockwave","floor":7,"key":"SMITH"},{"data":"SilentMist","floor":15,"key":"SMITH"},{"data":"SharpenedBlade","floor":23,"key":"SMITH"},{"data":"DegradedPillar","floor":25,"key":"SMITH"},{"floor":30,"key":"RECALL"},{"data":"ReplayTheSpireMod:Splinters","floor":32,"key":"PURGE"},{"data":"DegradedLock","floor":45,"key":"SMITH"},{"data":"Confused","floor":49,"key":"PURGE"},{"data":"DegradedFairy","floor":53,"key":"SMITH"}],"circlet_count":0,"master_deck":["AscendersBane","DegradedFairy+1","DegradedFairy+1","DegradedFairy+1","DegradedChain","DegradedChain","DegradedLock+1","DegradedPillar+1","DegradedPillar+1","DegradedShockwave+1","SilentMist+1","SharpenedBlade+1"],"relics":["PageOfLibrarian","DaveBox","testmod-TestBox","REME_ComplimentaryCards","Membership Card","testmod-TimeTraveler","NeowsBlessing","Question Card","LetterFromLob","Nunchaku","PageOfUniverseFragment","Quantum Egg","HandDrill","ShedSkin_r","HollowMod:PaleOreRelic","ImportantClient","Ectoplasm","REME_ArchaeologicalTools","Blood Vial","Golden Egg","CeramicFish","vexMod:MysteryBossChallenge","vexMod:StarEater","REME_CardOfGreed","Singing Bowl","PageOfTheSilentOrchestra","vexMod:FocusSash","DaCapo","Onion Ring","Replay:PocketPolymizer"],"acts_visited":["Exordium","TheCity","TheBeyond","TheEnding"],"potions_floor_usage":[33,50,56],"damage_taken":[{"damage":0,"enemies":"Small Slimes","floor":1,"turns":1},{"damage":0,"enemies":"Lagavulin","floor":6,"turns":1},{"damage":0,"enemies":"3 Sentries","floor":8,"turns":2},{"damage":0,"enemies":"Jaw Worm","floor":10,"turns":1},{"damage":0,"enemies":"2 Louse","floor":14,"turns":1},{"damage":0,"enemies":"The Guardian","floor":16,"turns":5},{"damage":0,"enemies":"Spheric Guardian","floor":18,"turns":1},{"damage":0,"enemies":"2 Thieves","floor":21,"turns":1},{"damage":0,"enemies":"Centurion and Healer","floor":22,"turns":2},{"damage":0,"enemies":"Replay:Snechameleon","floor":24,"turns":2},{"damage":0,"enemies":"Gremlin Leader","floor":27,"turns":2},{"damage":0,"enemies":"Snake Plant","floor":28,"turns":2},{"damage":0,"enemies":"Snecko","floor":29,"turns":2},{"damage":0,"enemies":"Book of Stabbing","floor":31,"turns":3},{"damage":1,"enemies":"Champ","floor":33,"turns":6},{"damage":0,"enemies":"3 Shapes","floor":35,"turns":2},{"damage":0,"enemies":"Orb Walker","floor":39,"turns":2},{"damage":0,"enemies":"R_Hoarder","floor":40,"turns":3},{"damage":0,"enemies":"Mind Bloom Boss Battle","floor":41,"turns":4},{"damage":0,"enemies":"Nemesis","floor":42,"turns":7},{"damage":9,"enemies":"R_Hoarder","floor":44,"turns":4},{"damage":33,"enemies":"4 Shapes","floor":47,"turns":2},{"damage":0,"enemies":"Transient","floor":48,"turns":11},{"damage":0,"enemies":"Awakened One","floor":50,"turns":8},{"damage":0,"enemies":"Awakened One","floor":51,"turns":5},{"damage":0,"enemies":"Shield and Spear","floor":55,"turns":3},{"damage":30,"enemies":"The Heart","floor":56,"turns":9}],"seed_played":"-3408907600439788149","potions_obtained":[{"floor":13,"key":"Elixir"},{"floor":14,"key":"Adrenaline Potion"},{"floor":28,"key":"Regen Potion"},{"floor":33,"key":"DuplicationPotion"},{"floor":55,"key":"Toxic Potion"}],"is_trial":false,"path_per_floor":["M","$","?","?","?","E","R","E","T","M","$","E","?","M","R","B",null,"M","?","?","M","M","R","E","R","T","E","M","M","R","E","R_BF","B",null,"M","$","?","?","M","E","?","E","T","E","R","T","M","M","R_BF","B",null,null,"R","$","E","B",null],"character_chosen":"Librarian","items_purchased":["Nunchaku","HandDrill","REME_CardOfGreed"],"campfire_rested":0,"item_purchase_floors":[2,11,36],"current_hp_per_floor":[54,54,36,44,44,44,44,44,44,44,44,33,33,33,33,33,76,76,76,58,58,58,58,58,58,58,60,62,64,64,66,66,82,92,94,92,92,92,92,94,96,98,98,91,91,91,62,66,66,68,70,96,96,96,100,72],"gold":61,"neow_bonus":"THREE_ENEMY_KILL","is_daily":false,"chose_seed":false,"campfire_upgraded":6,"win_rate":0.0,"timestamp":1607944621,"path_taken":["M","$","?","?","?","E","R","E","T","M","?","E","?","M","R","BOSS","M","?","?","M","M","R","E","R","T","E","M","M","R","E","R_BF","BOSS","M","$","?","?","?","E","?","E","T","E","R","?","M","M","R_BF","BOSS","R","$","E","BOSS"],"items_purchased_type":["Relic","Relic","Relic"],"build_version":"2020-12-13","purchased_purges":1,"victory":true,"max_hp_per_floor":[90,90,90,90,90,90,90,90,90,90,90,90,90,90,90,90,90,90,90,95,95,95,95,95,95,95,95,95,95,95,95,95,95,95,95,92,92,92,92,94,96,98,98,100,100,100,102,104,104,104,104,104,104,104,106,106],"card_choices":[{"not_picked":["DevastatingThrash","TendonChords","Endure","Brawl"],"picked":"SKIP","floor":1},{"not_picked":["Overcharge","UnavoidableGaze","StructuralAnalysis","TasteMyFlamingBat","TendonChords"],"picked":"SKIP","floor":6},{"not_picked":["Overcharge","UnavoidableGaze","StructuralAnalysis","TasteMyFlamingBat","TendonChords"],"picked":"SKIP","floor":6},{"not_picked":["CookingPrep","FleetFootsteps","Execute_lor","SunsetBlade","Faith"],"picked":"SKIP","floor":8},{"not_picked":["SharpSwipe","TendonChords","Multislash","Transpierce"],"picked":"SilentMist","floor":10},{"not_picked":["Rewind","Brawl","TendonChords","Multislash","UpbeatPerformance"],"picked":"SKIP","floor":14},{"not_picked":["UndertakePrescript+1","Standoff","EnergyCycle","GaleKick","TraceOfFumes"],"picked":"SKIP","floor":18},{"not_picked":["HiddenBlade","ICanCookAnything","DarkCloud","StructuralAnalysis","ClassAndRespect"],"picked":"SKIP","floor":21},{"not_picked":["Execute_lor","InhaleSmoke","FrontalAssault","FormingStorm","FlowOfTheSword"],"picked":"SKIP","floor":22},{"not_picked":["Cruelty","FleshFillet","GuardingStance","Diversion","UpbeatPerformance"],"picked":"SKIP","floor":24},{"not_picked":["UndertakePrescript+1","Leap_lor","Outburst","ForTheFamily","Diversion"],"picked":"SKIP","floor":27},{"not_picked":["DimensionalRift","UpbeatPerformance","SharpSwipe","ToWhereThePrescriptPoints","SteelKnuckles"],"picked":"SKIP","floor":28},{"not_picked":["CircusKnives+1","WillOfThePrescript","DarkCloud","ForTheFamily","HiddenBlade"],"picked":"SKIP","floor":29},{"not_picked":["Ripple+1","EnergyCycle+1","UpbeatPerformance+1","Observe","LossOfSenses"],"picked":"SKIP","floor":31},{"not_picked":["IllEndYou","TraceOfFumes","HighKick","SturdyDefense+1","GuardingStance"],"picked":"SKIP","floor":35},{"not_picked":["HeavyPeaks","FleetEdge","StructuralAnalysis","SteelKnuckles+1","WillOfThePrescript+1"],"picked":"SKIP","floor":39},{"not_picked":["GuardingStance","InnerArdor","DefenseOrder+1","Observe","Leap_lor"],"picked":"Singing Bowl","floor":40},{"not_picked":["Juggling","Rewind","SmokingPipe","StartinOutLightly","Outburst"],"picked":"Singing Bowl","floor":41},{"not_picked":["IngredientHunt","WildCard","FrontalAssault","Zzzzzap","Standoff"],"picked":"Singing Bowl","floor":42},{"not_picked":["OpportunitySpotted+1","SmokingPipe","DeepDrag","ToWhereThePrescriptPoints","Diversion"],"picked":"Singing Bowl","floor":44},{"not_picked":["SmokingPipe","SummaryJudgment+1","TendonChords","Leap_lor","HeavyPeaks"],"picked":"Singing Bowl","floor":47},{"not_picked":["UpbeatPerformance","HighKick+1","LossOfSenses","DefenseOrder","Cruelty"],"picked":"Singing Bowl","floor":48},{"not_picked":["TrimTheIngredients+1","SmokingPipe","UpbeatPerformance+1","ToWhereThePrescriptPoints","LeRegole"],"picked":"Singing Bowl","floor":55}],"player_experience":311048,"relics_obtained":[{"floor":1,"key":"Question Card"},{"floor":1,"key":"LetterFromLob"},{"floor":6,"key":"PageOfUniverseFragment"},{"floor":8,"key":"Quantum Egg"},{"floor":13,"key":"HollowMod:PaleOreRelic"},{"floor":16,"key":"ImportantClient"},{"floor":24,"key":"REME_ArchaeologicalTools"},{"floor":26,"key":"Blood Vial"},{"floor":27,"key":"Golden Egg"},{"floor":31,"key":"CeramicFish"},{"floor":40,"key":"Singing Bowl"},{"floor":41,"key":"PageOfTheSilentOrchestra"},{"floor":43,"key":"vexMod:FocusSash"},{"floor":44,"key":"DaCapo"},{"floor":46,"key":"Onion Ring"},{"floor":55,"key":"Replay:PocketPolymizer"}],"event_choices":[{"damage_healed":0,"gold_gain":0,"player_choice":"Entered Light","damage_taken":18,"max_hp_gain":0,"max_hp_loss":0,"event_name":"Shining Light","floor":3,"gold_loss":0,"cards_upgraded":["DegradedFairy","DegradedPillar"]},{"damage_healed":0,"gold_gain":0,"player_choice":"Read","damage_taken":0,"max_hp_gain":0,"max_hp_loss":0,"event_name":"The Library","floor":19,"gold_loss":0,"cards_obtained":["SharpenedBlade"]},{"damage_healed":0,"gold_gain":0,"player_choice":"Shed Blood","damage_taken":23,"max_hp_gain":5,"max_hp_loss":0,"event_name":"Forgotten Altar","floor":20,"gold_loss":0},{"damage_healed":0,"gold_gain":0,"player_choice":"Upgraded","damage_taken":0,"max_hp_gain":0,"max_hp_loss":0,"event_name":"Upgrade Shrine","floor":38,"gold_loss":0,"cards_upgraded":["DegradedFairy"]},{"damage_healed":0,"gold_gain":0,"player_choice":"Fight","damage_taken":0,"max_hp_gain":0,"max_hp_loss":0,"event_name":"MindBloom","floor":41,"gold_loss":0}],"is_beta":false,"boss_relics":[{"not_picked":["testmod-PortableAltar","ReplayTheSpireMod:DimensionalGlitch"],"picked":"Ectoplasm"},{"not_picked":["RhineFirstAidKit","vexMod:EndlessSickness"],"picked":"vexMod:MysteryBossChallenge"}],"items_purged_floors":[36],"is_endless":false,"potions_floor_spawned":[14,16,28,31,33,35,42,48,55],"ascension_level":14}}