{"host":"ks12kfi5c4d9hdxy","time":1607965659,"event":{"mods":["BaseMod","Conspire","GifTheSpireLib","HololiveMod","Koishi","LagranYue(拉格朗・月)","Marisa（F雨　魔理沙）","Minty Spire (QoL Compilation)","Reimu（博丽灵梦）","Remilia（蕾米莉亚）","Replay The Spire","RumiaBox-露米娅的神秘盒子","StSLib","SuperFastMode","The Administrix","The Servant 0.9.4","Youmu（魂魄妖梦）","Yuyuko","【功能Mod】混沌之环修复补丁","【功能Mod】聪明的最终Boss","篝火指南"],"gold_per_floor":[115,132,151,201,30,57,70,70,70],"floor_reached":8,"playtime":152,"items_purged":[],"score":107,"play_id":"f5148605-ab20-4f00-bcb1-0981c6c73f03","local_time":"20201215010739","is_ascension_mode":true,"campfire_choices":[],"circlet_count":0,"master_deck":["AscendersBane","Strike_MRS+1","Strike_MRS","Strike_MRS+1","Strike_MRS+1","Defend_MRS","Defend_MRS","Defend_MRS","Defend_MRS","MasterSpark","UpSweep","StarBarrage+1"],"relics":["MiniHakkero","LagranYue:RandomDrawCardRelic","NeowsBlessing","Guide Book","Whetstone"],"acts_visited":["Exordium"],"potions_floor_usage":[6],"damage_taken":[{"damage":0,"enemies":"2 Louse","floor":1,"turns":1},{"damage":0,"enemies":"Cultist","floor":2,"turns":1},{"damage":0,"enemies":"Jaw Worm","floor":3,"turns":1},{"damage":25,"enemies":"Lagavulin","floor":6,"turns":5},{"damage":17,"enemies":"3 Louse","floor":7,"turns":3},{"damage":25,"enemies":"3 Sentries","floor":8,"turns":4}],"seed_played":"-7327679790095405792","potions_obtained":[{"floor":3,"key":"Adrenaline Potion"},{"floor":7,"key":"SteroidPotion"}],"is_trial":false,"path_per_floor":["M","M","M","?","$","E","M","E"],"character_chosen":"MARISA","items_purchased":["Guide Book"],"campfire_rested":0,"item_purchase_floors":[5],"current_hp_per_floor":[63,63,63,63,63,38,21,0,0],"gold":70,"neow_bonus":"THREE_ENEMY_KILL","is_daily":false,"chose_seed":false,"campfire_upgraded":0,"win_rate":0.0,"timestamp":1607965659,"path_taken":["M","M","M","?","$","E","M","E"],"items_purchased_type":["Relic"],"build_version":"2020-12-13","purchased_purges":0,"victory":false,"max_hp_per_floor":[70,70,70,70,70,70,70,70,70],"card_choices":[{"not_picked":["SporeBomb","GravityBeat"],"picked":"StarBarrage","floor":1},{"not_picked":["AsteroidBelt","DC","DoubleSpark"],"picked":"SKIP","floor":2},{"not_picked":["StarlightTyphoon","SporeBomb","ChargeUpSpray"],"picked":"SKIP","floor":3},{"not_picked":["DC","UnstableBomb","WitchOfGreed"],"picked":"SKIP","floor":6},{"not_picked":["GalacticHalo","SporeBomb","GravityBeat"],"picked":"SKIP","floor":7}],"player_experience":481366,"relics_obtained":[{"floor":6,"key":"Whetstone"}],"event_choices":[{"damage_healed":0,"gold_gain":50,"player_choice":"Pray","damage_taken":0,"max_hp_gain":0,"max_hp_loss":0,"event_name":"Golden Shrine","floor":4,"gold_loss":0}],"is_beta":false,"boss_relics":[],"items_purged_floors":[],"is_endless":false,"potions_floor_spawned":[3,7],"killed_by":"3 Sentries","ascension_level":17}}