{"host":"ks12kfi5c4d9hdxy","time":1607976342,"event":{"mods":["BaseMod","Conspire","GifTheSpireLib","Koishi","LagranYue(拉格朗・月)","Marisa（F雨　魔理沙）","Minty Spire (QoL Compilation)","Reimu（博丽灵梦）","Remilia（蕾米莉亚）","Replay The Spire","RumiaBox-露米娅的神秘盒子","StSLib","SuperFastMode","The Administrix","The Servant 0.9.4","Youmu（魂魄妖梦）","Yuyuko","【功能Mod】混沌之环修复补丁","【功能Mod】聪明的最终Boss","篝火指南"],"gold_per_floor":[118,138,63,63,79,110,110,143,143,176,176,176,176,176,176,253,253,273,292,292,309,217,217,217,217],"floor_reached":24,"playtime":541,"items_purged":["Defend_MRS"],"score":450,"play_id":"582e7a7c-a7be-4085-b6f5-9e255572d093","local_time":"20201215040542","is_ascension_mode":true,"campfire_choices":[{"floor":7.0,"key":"REST"},{"floor":11,"key":"REST"},{"floor":15,"key":"REST"},{"data":"MilkyWay","floor":23,"key":"SMITH"}],"circlet_count":0,"master_deck":["AscendersBane","conspire:GhostlyStrike","conspire:GhostlyStrike","conspire:GhostlyStrike","conspire:GhostlyDefend","conspire:GhostlyDefend","conspire:GhostlyDefend","MasterSpark","UpSweep","MilkyWay+1","UnstableBomb","EnergyFlow","EnergyFlow","Singularity","PowerUp","MaximisePower","EventHorizon","UnstableBomb","Finesse"],"relics":["MiniHakkero","LagranYue:RandomDrawCardRelic","NeowsBlessing","Lantern","Mummified Hand","Simple Rune","SoulBox","Nloth\u0027s Gift"],"acts_visited":["Exordium","TheCity"],"potions_floor_usage":[10],"damage_taken":[{"damage":0.0,"enemies":"Small Slimes","floor":1.0,"turns":1.0},{"damage":0.0,"enemies":"Jaw Worm","floor":2.0,"turns":1.0},{"damage":0.0,"enemies":"Cultist","floor":5.0,"turns":1.0},{"damage":33.0,"enemies":"Lagavulin","floor":6.0,"turns":6.0},{"damage":34.0,"enemies":"Gremlin Nob","floor":8.0,"turns":4.0},{"damage":0,"enemies":"Lagavulin","floor":10,"turns":4},{"damage":32,"enemies":"Hexaghost","floor":16,"turns":6},{"damage":1,"enemies":"Spheric Guardian","floor":18,"turns":3},{"damage":23,"enemies":"2 Thieves","floor":19,"turns":4},{"damage":0,"enemies":"Shelled Parasite and Fungi","floor":21,"turns":3},{"damage":35,"enemies":"Book of Stabbing","floor":24,"turns":3}],"seed_played":"-7223829172087939688","potions_obtained":[{"floor":2.0,"key":"Cursed Concoction"},{"floor":5.0,"key":"ColorlessPotion"},{"floor":21,"key":"SmokeBomb"}],"is_trial":false,"path_per_floor":["M","M","$","?","M","E","R","E","T","E","R","?","?","?","R","B",null,"M","M","?","M","$","R","E"],"character_chosen":"MARISA","items_purchased":["Finesse"],"campfire_rested":3,"item_purchase_floors":[22],"current_hp_per_floor":[63,63,63,56,56,23,44,10,10,10,31,31,31,31,52,20,58,57,34,34,34,34,34,0,0],"gold":217,"neow_bonus":"THREE_ENEMY_KILL","is_daily":false,"chose_seed":false,"campfire_upgraded":1,"win_rate":0.0,"timestamp":1607976342,"path_taken":["M","M","$","?","M","E","R","E","T","E","R","?","?","?","R","BOSS","M","M","?","M","?","R","E"],"items_purchased_type":["Card"],"build_version":"2020-12-13","purchased_purges":1,"victory":false,"max_hp_per_floor":[70,70,70,70,70,70,70,70,70,70,70,70,70,70,70,70,70,70,70,70,70,70,70,70,70],"card_choices":[{"not_picked":["GravityBeat","UnstableBomb"],"picked":"MilkyWay","floor":1.0},{"not_picked":["ChargingUp","DoubleSpark"],"picked":"UnstableBomb","floor":2.0},{"not_picked":["MeteoricShower","SporeBomb"],"picked":"EnergyFlow","floor":5.0},{"not_picked":["IllusionStar","GasGiant"],"picked":"EnergyFlow","floor":6.0},{"not_picked":["Orbital","OpenUniverse"],"picked":"Singularity","floor":8.0},{"not_picked":["MaximisePower","IllusionStar"],"picked":"PowerUp","floor":10},{"not_picked":["BigCrunch","MillisecondPulsars"],"picked":"MaximisePower","floor":16},{"not_picked":["ManaConvection+1","FairyDestructionRay"],"picked":"EventHorizon","floor":18},{"not_picked":["DC","GravityBeat+1"],"picked":"UnstableBomb","floor":19},{"not_picked":["NonDirectionalLaser+1","WitchLeyline","Occultation"],"picked":"SKIP","floor":21}],"player_experience":487862,"relics_obtained":[{"floor":6.0,"key":"Lantern"},{"floor":8.0,"key":"conspire:InfiniteJournal"},{"floor":9.0,"key":"Mummified Hand"},{"floor":10,"key":"Simple Rune"}],"event_choices":[{"cards_removed":["Strike_MRS"],"damage_healed":0.0,"max_hp_gain":0.0,"max_hp_loss":0.0,"gold_gain":0.0,"event_name":"Golden Wing","player_choice":"Card Removal","floor":4.0,"gold_loss":0.0,"damage_taken":7.0},{"damage_healed":0,"gold_gain":0,"player_choice":"Ignored","damage_taken":0,"max_hp_gain":0,"max_hp_loss":0,"event_name":"Liars Game","floor":12,"gold_loss":0},{"damage_healed":0,"gold_gain":0,"player_choice":"Agree","damage_taken":0,"max_hp_gain":0,"max_hp_loss":0,"event_name":"conspire:LoneGhost","floor":13,"gold_loss":0},{"damage_healed":0,"gold_gain":0,"player_choice":"Ignored","damage_taken":0,"max_hp_gain":0,"max_hp_loss":0,"event_name":"Shining Light","floor":14,"gold_loss":0},{"damage_healed":0,"gold_gain":0,"player_choice":"Traded Relic","damage_taken":0,"relics_obtained":["Nloth\u0027s Gift"],"max_hp_gain":0,"max_hp_loss":0,"event_name":"N\u0027loth","floor":20,"relics_lost":["conspire:InfiniteJournal"],"gold_loss":0}],"is_beta":false,"boss_relics":[{"not_picked":["conspire:SeveredTorchhead","ReplayTheSpireMod:DimensionalGlitch"],"picked":"SoulBox"}],"items_purged_floors":[3],"is_endless":false,"potions_floor_spawned":[2,5,21],"killed_by":"Book of Stabbing","ascension_level":18}}