{"host":"gbop6m4qugddaz18","time":1607966267,"event":{"mods":["2.2 Compatiblity","BaseMod","Better Third Choice","Block Reminder","Downfall","GifTheSpireLib","Highlight Path","Minty Spire (QoL Compilation)","Replay The Spire","StSLib"],"gold_per_floor":[99,132,132,165,185,199,223,223,258,258,56,66,51,63,83,83,83],"floor_reached":16,"playtime":5715,"items_purged":[],"score":120,"play_id":"6866b2c1-4943-4d1e-a266-597da89ad833","local_time":"20201214121747","is_ascension_mode":false,"campfire_choices":[{"data":"hexamod:Float","floor":1,"key":"SMITH"},{"data":"hexamod:Firestarter","floor":8,"key":"SMITH"},{"data":"hexamod:BurningTouch","floor":10,"key":"SMITH"}],"circlet_count":0,"master_deck":["hexamod:Strike","hexamod:Strike","hexamod:Strike","hexamod:Strike","hexamod:Defend","hexamod:Defend","hexamod:Defend","hexamod:Defend","hexamod:Sear","hexamod:Float+1","hexamod:FirstSeal","hexamod:Firestarter+1","hexamod:BurningTouch+1","hexamod:FlamesFromBeyond","hexamod:InspiringFlames","hexamod:SpectralSpark","hexamod:ExtraCrispy","hexamod:SpectersWail","hexamod:ShieldOfDarkness","hexamod:SwordOfDarkness","hexamod:Incineration","hexamod:ChargedBarrage","hexamod:TimeOfNeed","hexamod:HauntingEcho"],"relics":["hexamod:SpiritBrand","Simple Rune","Tiny Chest","Toy Ornithopter","Bag of Marbles","Bottled Lightning"],"acts_visited":["Exordium"],"potions_floor_usage":[15,16,16],"damage_taken":[{"damage":10,"enemies":"Replay:BlueRogue","floor":2,"turns":6},{"damage":27,"enemies":"Lagavulin","floor":4,"turns":6},{"damage":6,"enemies":"2 Louse","floor":5,"turns":4},{"damage":0,"enemies":"Cultist","floor":6,"turns":3},{"damage":10,"enemies":"Gremlin Nob","floor":9,"turns":3},{"damage":4,"enemies":"downfall:FleeingMerchant","floor":11,"turns":4},{"damage":11,"enemies":"Jaw Worm","floor":12,"turns":3},{"damage":0,"enemies":"downfall:FleeingMerchant","floor":13,"turns":4},{"damage":15,"enemies":"3 Louse","floor":14,"turns":4},{"damage":22,"enemies":"Exordium Thugs","floor":15,"turns":3},{"damage":38,"enemies":"downfall:Ironclad","floor":16,"turns":5}],"seed_played":"-1817780911947337262","potions_obtained":[{"floor":2,"key":"Slimebound:ThreeZeroPotion"},{"floor":4,"key":"Explosive Potion"},{"floor":5,"key":"ColorlessPotion"},{"floor":14,"key":"Cursed Concoction"}],"is_trial":false,"path_per_floor":["R","E","?","E","M","M","T","R","E","R","$","M","$","M","M","B"],"character_chosen":"THE_SPIRIT","items_purchased":["hexamod:ExtraCrispy","hexamod:SpectersWail","hexamod:ShieldOfDarkness","hexamod:SwordOfDarkness"],"campfire_rested":0,"item_purchase_floors":[11,11,11,11],"current_hp_per_floor":[70,60,60,40,41,41,41,41,38,38,41,37,44,36,26,0,0],"gold":83,"neow_bonus":"RANDOM_COMMON_RELIC","is_daily":false,"chose_seed":false,"campfire_upgraded":3,"win_rate":0.0,"timestamp":1607966267,"path_taken":["R","E","?","E","M","M","T","R","E","R","?","M","?","M","M","BOSS"],"items_purchased_type":["Card","Card","Card","Card"],"build_version":"2020-11-30","purchased_purges":0,"victory":false,"max_hp_per_floor":[70,70,70,70,70,70,70,70,70,70,70,70,70,70,70,70,70],"card_choices":[{"not_picked":["hexamod:CatchUp","hexamod:RainOfEmbers"],"picked":"hexamod:FirstSeal","floor":2},{"not_picked":["hexamod:HauntingEcho","hexamod:NightmareGuise"],"picked":"hexamod:Firestarter","floor":4},{"not_picked":["hexamod:Rewind","hexamod:Incineration"],"picked":"hexamod:BurningTouch","floor":5},{"not_picked":["hexamod:InspiringFlames","hexamod:GhostShield"],"picked":"hexamod:FlamesFromBeyond","floor":6},{"not_picked":["hexamod:SkipABeat","hexamod:EtherealExpedition"],"picked":"hexamod:InspiringFlames","floor":9},{"not_picked":["hexamod:BacktrackSmack","hexamod:SuperheatedStrike"],"picked":"hexamod:SpectralSpark","floor":11},{"not_picked":["hexamod:HeatShield","hexamod:FlamesFromBeyond"],"picked":"hexamod:Incineration","floor":12},{"not_picked":["hexamod:SpectersWail","hexamod:GhostShield"],"picked":"hexamod:ChargedBarrage","floor":13},{"not_picked":["hexamod:FastForward","hexamod:SwordOfDarkness"],"picked":"hexamod:TimeOfNeed","floor":14},{"not_picked":["hexamod:GhostLash","hexamod:PhantomCloak"],"picked":"hexamod:HauntingEcho","floor":15}],"player_experience":395423,"relics_obtained":[{"floor":2,"key":"Tiny Chest"},{"floor":4,"key":"Toy Ornithopter"},{"floor":7,"key":"Bag of Marbles"},{"floor":9,"key":"Bottled Lightning"}],"event_choices":[{"cards_removed":["Slimebound:Defend_Slimebound"],"damage_healed":0,"gold_gain":0,"player_choice":"Took Card","damage_taken":0,"max_hp_gain":0,"max_hp_loss":0,"event_name":"NoteForYourself","floor":3,"gold_loss":0,"cards_obtained":["Slimebound:Defend_Slimebound"]}],"is_beta":false,"boss_relics":[],"items_purged_floors":[],"is_endless":false,"potions_floor_spawned":[2,4,5,14],"killed_by":"downfall:Ironclad","ascension_level":0}}