{"host":"buuozll9zukolitn","time":1607932775,"event":{"mods":["BaseMod","Googly Eyes","Minty Spire (QoL Compilation)","StSLib","everything is the same but u backflip on backflip","slay the spire mod where everything is the same but ironclad has a cowboy hat"],"gold_per_floor":[119,131,131,148,73,108,108,127,127,127,127,142,176,195,195,195,195],"floor_reached":16,"playtime":676,"items_purged":["Strike_R"],"score":162,"play_id":"f602e3fd-884d-431d-87c3-578eea478f55","local_time":"20201214085935","is_ascension_mode":true,"campfire_choices":[{"floor":7,"key":"REST"},{"floor":10,"key":"REST"},{"floor":15,"key":"REST"}],"circlet_count":0,"master_deck":["Strike_R","Strike_R","Strike_R","Strike_R","Defend_R+1","Defend_R","Defend_R+1","Defend_R","Bash","Armaments","Iron Wave","Twin Strike","Barricade","Entrench","Shrug It Off","Iron Wave","Infernal Blade"],"relics":["Burning Blood","Nunchaku","Self Forming Clay","PreservedInsect","War Paint","Calipers"],"acts_visited":["Exordium"],"potions_floor_usage":[16,16,16],"damage_taken":[{"damage":8,"enemies":"Small Slimes","floor":1,"turns":4},{"damage":11,"enemies":"Cultist","floor":2,"turns":4},{"damage":13,"enemies":"Jaw Worm","floor":4,"turns":4},{"damage":29,"enemies":"Gremlin Nob","floor":6,"turns":4},{"damage":15,"enemies":"Looter","floor":8,"turns":4},{"damage":5,"enemies":"Blue Slaver","floor":12,"turns":6},{"damage":16,"enemies":"Lagavulin","floor":13,"turns":7},{"damage":4,"enemies":"3 Louse","floor":14,"turns":4},{"damage":74,"enemies":"Hexaghost","floor":16,"turns":16}],"seed_played":"-2857528813061394602","potions_obtained":[{"floor":2,"key":"Swift Potion"},{"floor":4,"key":"GamblersBrew"},{"floor":12,"key":"EssenceOfSteel"},{"floor":13,"key":"ElixirPotion"}],"is_trial":false,"path_per_floor":["M","M","?","M","$","E","R","M","T","R","?","M","E","M","R","B"],"character_chosen":"IRONCLAD","items_purchased":[],"campfire_rested":3,"item_purchase_floors":[],"current_hp_per_floor":[70,65,65,58,58,35,59,50,50,74,56,57,47,49,73,0,0],"gold":195,"neow_bonus":"THREE_CARDS","is_daily":false,"chose_seed":false,"campfire_upgraded":0,"win_rate":0.0,"timestamp":1607932775,"path_taken":["M","M","?","M","$","E","R","?","T","R","?","M","E","M","R","BOSS"],"items_purchased_type":[],"build_version":"2020-12-13","purchased_purges":1,"victory":false,"max_hp_per_floor":[80,80,80,80,80,80,80,80,80,80,80,80,80,80,80,80,80],"card_choices":[{"not_picked":["Clash","Warcry"],"picked":"Armaments","floor":0},{"not_picked":["Evolve","Rampage"],"picked":"Iron Wave","floor":1},{"not_picked":["Warcry","Reckless Charge"],"picked":"Twin Strike","floor":2},{"not_picked":["Sever Soul","Warcry","Second Wind"],"picked":"SKIP","floor":4},{"not_picked":["Rampage","Clothesline"],"picked":"Barricade","floor":6},{"not_picked":["Perfected Strike","Iron Wave"],"picked":"Entrench","floor":8},{"not_picked":["Clash","Rampage"],"picked":"Shrug It Off","floor":12},{"not_picked":["Wild Strike","Clash"],"picked":"Iron Wave","floor":13},{"not_picked":["Havoc","Iron Wave"],"picked":"Infernal Blade","floor":14}],"player_experience":276780,"relics_obtained":[{"floor":6,"key":"Self Forming Clay"},{"floor":9,"key":"PreservedInsect"},{"floor":13,"key":"Calipers"}],"event_choices":[{"damage_healed":0,"gold_gain":0,"player_choice":"Gave Potion","damage_taken":0,"relics_obtained":["Nunchaku"],"max_hp_gain":0,"max_hp_loss":0,"event_name":"WeMeetAgain","floor":3,"gold_loss":0},{"damage_healed":0,"gold_gain":0,"player_choice":"Success","damage_taken":18,"relics_obtained":["War Paint"],"max_hp_gain":0,"max_hp_loss":0,"event_name":"Scrap Ooze","floor":11,"gold_loss":0}],"is_beta":false,"boss_relics":[],"items_purged_floors":[5],"is_endless":false,"potions_floor_spawned":[2,4,12,13],"killed_by":"Hexaghost","ascension_level":9}}