{"host":"1atm7w4n2ykhhduo","time":1607932264,"event":{"mods":["AchievementEnabler","BaseMod","Colored Map","Minty Spire (QoL Compilation)"],"gold_per_floor":[112,180,195,195,213,238,238,266,291,308,308,342,342,357,357,456,456,469,247,247,261,272,272,272,311,334,375,437,461,507,543,555,679,691,723,785,822,852,873,894,950,971,983,1004,1016,1055,1086,388,397,397],"floor_reached":51,"playtime":3761,"items_purged":["Strike_B","Defend_B"],"score":954,"play_id":"082e9d69-7e2f-4126-9bc0-16d7903b2488","local_time":"20201214025104","is_ascension_mode":true,"campfire_choices":[{"data":"Zap","floor":7.0,"key":"SMITH"},{"floor":11.0,"key":"REST"},{"data":"Hologram","floor":15.0,"key":"SMITH"},{"floor":23.0,"key":"REST"},{"floor":32.0,"key":"REST"},{"floor":40.0,"key":"REST"},{"floor":42,"key":"REST"},{"data":"Streamline","floor":45,"key":"SMITH"},{"floor":49,"key":"REST"}],"circlet_count":0,"master_deck":["Strike_B","Strike_B","Strike_B","Defend_B","Defend_B","Defend_B","Zap+1","Dualcast","Streamline+1","Go for the Eyes","Coolheaded","All For One+1","Sweeping Beam+1","Hologram+1","Seek","Rebound","Reboot","Hologram+1","RitualDagger","Stack+1","Cold Snap","Go for the Eyes+1","Stack+1","Loop","Undo+1","Reboot+1","Rebound","Beam Cell","Leap+1","Fission+1","Beam Cell+1","Hello World","Seek"],"relics":["Cracked Core","NeowsBlessing","StoneCalendar","Regal Pillow","Oddly Smooth Stone","Centennial Puzzle","Dream Catcher","Du-Vu Doll","Philosopher\u0027s Stone","Whetstone","CeramicFish","MawBank","Red Mask","Bronze Scales","Inserter","FossilizedHelix","Omamori","Happy Flower","Ornamental Fan","War Paint","Potion Belt","Bag of Marbles","ClockworkSouvenir"],"acts_visited":["Exordium","TheCity","TheBeyond"],"potions_floor_usage":[41,41,46,50,50,50],"damage_taken":[{"damage":0.0,"enemies":"Cultist","floor":1.0,"turns":1.0},{"damage":0.0,"enemies":"Jaw Worm","floor":3.0,"turns":1.0},{"damage":0.0,"enemies":"Small Slimes","floor":5.0,"turns":1.0},{"damage":16.0,"enemies":"Gremlin Nob","floor":6.0,"turns":3.0},{"damage":13.0,"enemies":"3 Sentries","floor":8.0,"turns":6.0},{"damage":0.0,"enemies":"Exordium Wildlife","floor":10.0,"turns":3.0},{"damage":13.0,"enemies":"Gremlin Nob","floor":12.0,"turns":4.0},{"damage":6.0,"enemies":"Looter","floor":14.0,"turns":3.0},{"damage":0.0,"enemies":"Slime Boss","floor":16.0,"turns":7.0},{"damage":33.0,"enemies":"Shell Parasite","floor":18.0,"turns":7.0},{"damage":0.0,"enemies":"Chosen","floor":21.0,"turns":4.0},{"damage":11.0,"enemies":"Snecko","floor":22.0,"turns":3.0},{"damage":28.0,"enemies":"Book of Stabbing","floor":25.0,"turns":6.0},{"damage":7.0,"enemies":"Snake Plant","floor":27.0,"turns":4.0},{"damage":16.0,"enemies":"Centurion and Healer","floor":29.0,"turns":7.0},{"damage":0.0,"enemies":"Masked Bandits","floor":30.0,"turns":2.0},{"damage":24.0,"enemies":"Champ","floor":33.0,"turns":12.0},{"damage":15.0,"enemies":"3 Darklings","floor":35.0,"turns":5.0},{"damage":14.0,"enemies":"Mind Bloom Boss Battle","floor":36.0,"turns":6.0},{"damage":2.0,"enemies":"Orb Walker","floor":38.0,"turns":4.0},{"damage":19.0,"enemies":"Jaw Worm Horde","floor":39.0,"turns":5.0},{"damage":29,"enemies":"Giant Head","floor":41,"turns":7},{"damage":16,"enemies":"Nemesis","floor":46,"turns":7},{"damage":0,"enemies":"Sphere and 2 Shapes","floor":47,"turns":4},{"damage":66,"enemies":"Time Eater","floor":50,"turns":11}],"seed_played":"-717217793202112634","potions_obtained":[{"floor":3.0,"key":"DuplicationPotion"},{"floor":5.0,"key":"PowerPotion"},{"floor":6.0,"key":"Block Potion"},{"floor":16.0,"key":"ColorlessPotion"},{"floor":21.0,"key":"EntropicBrew"},{"floor":29.0,"key":"Strength Potion"},{"floor":33.0,"key":"Dexterity Potion"},{"floor":36.0,"key":"Strength Potion"},{"floor":41,"key":"Weak Potion"}],"is_trial":false,"path_per_floor":["M","?","M","T","M","E","R","E","T","M","R","E","T","M","R","B",null,"M","$","?","M","M","R","?","E","T","M","?","M","?","T","R","B",null,"M","?","T","M","M","R","E","R","T","?","R","E","M","$","R","B",null],"character_chosen":"DEFECT","items_purchased":["Whetstone","Potion Belt","Bag of Marbles","ClockworkSouvenir","Strength Potion","Block Potion","SkillPotion"],"campfire_rested":6,"item_purchase_floors":[19,48,48,48,48,48,48],"current_hp_per_floor":[75,75,75,75,75,59,59,46,46,46,75,62,62,56,56,56,70,37,37,31,31,20,57,57,29,29,22,22,6,6,6,43,19,61,46,32,32,30,11,48,19,56,56,56,56,40,40,40,75,9],"gold":397,"neow_bonus":"THREE_ENEMY_KILL","is_daily":false,"chose_seed":false,"campfire_upgraded":3,"win_rate":0.0,"timestamp":1607932264,"path_taken":["M","?","M","?","M","E","R","E","T","?","R","E","?","M","R","BOSS","M","$","?","M","M","R","?","E","T","M","?","?","?","?","R","BOSS","M","?","?","M","M","R","E","R","T","?","R","E","M","$","R","BOSS"],"items_purchased_type":["Relic","Relic","Relic","Relic","Potion","Potion","Potion"],"build_version":"2020-12-13","purchased_purges":2,"victory":true,"max_hp_per_floor":[75,75,75,75,75,75,75,75,75,75,75,75,75,75,75,75,75,75,75,75,75,75,75,75,75,75,75,75,75,75,75,75,75,75,75,75,75,75,75,75,75,75,75,75,75,75,75,75,75,75],"card_choices":[{"not_picked":["Conserve Battery","Redo"],"picked":"Streamline","floor":1.0},{"not_picked":["Consume","Meteor Strike"],"picked":"Go for the Eyes","floor":3.0},{"not_picked":["Double Energy","Blizzard"],"picked":"Coolheaded","floor":5.0},{"not_picked":["Force Field","Compile Driver"],"picked":"All For One","floor":6.0},{"not_picked":["Ball Lightning","Hello World"],"picked":"Sweeping Beam","floor":8.0},{"not_picked":["Redo","Coolheaded"],"picked":"Hologram","floor":10.0},{"not_picked":["Reinforced Body","Stack"],"picked":"Seek","floor":12.0},{"not_picked":["Ball Lightning","Heatsinks"],"picked":"Rebound","floor":14.0},{"not_picked":["Seek","Biased Cognition"],"picked":"Reboot","floor":16.0},{"not_picked":["Go for the Eyes+1","Undo"],"picked":"Hologram+1","floor":18.0},{"not_picked":["Defragment","Streamline"],"picked":"Stack+1","floor":21.0},{"not_picked":["Doom and Gloom","Streamline"],"picked":"Cold Snap","floor":22.0},{"not_picked":["Lockon+1","Barrage"],"picked":"Go for the Eyes+1","floor":23.0},{"not_picked":["Streamline+1","Beam Cell"],"picked":"Stack+1","floor":25.0},{"not_picked":["Streamline","Redo+1"],"picked":"Loop","floor":27.0},{"not_picked":["Tempest+1","Reprogram","Hello World+1"],"picked":"SKIP","floor":29.0},{"not_picked":["Scrape","Streamline"],"picked":"Undo+1","floor":30.0},{"not_picked":["Biased Cognition","Multi-Cast"],"picked":"Reboot","floor":33.0},{"not_picked":["Sweeping Beam","Leap"],"picked":"Rebound","floor":35.0},{"not_picked":["Redo","Ball Lightning","Steam+1"],"picked":"SKIP","floor":38.0},{"not_picked":["Turbo+1","Gash"],"picked":"Beam Cell","floor":39.0},{"not_picked":["Melter","Coolheaded+1"],"picked":"Leap+1","floor":40.0},{"not_picked":["Cold Snap+1","Steam+1"],"picked":"Fission","floor":41},{"not_picked":["Steam","Hologram"],"picked":"Beam Cell+1","floor":42},{"not_picked":["Steam+1","Sweeping Beam+1","Capacitor+1"],"picked":"SKIP","floor":46},{"not_picked":["Genetic Algorithm","Force Field+1","Redo"],"picked":"SKIP","floor":47},{"not_picked":["Consume+1","Stack+1"],"picked":"Seek","floor":49}],"player_experience":267138,"relics_obtained":[{"floor":4.0,"key":"StoneCalendar"},{"floor":6.0,"key":"Regal Pillow"},{"floor":8.0,"key":"Oddly Smooth Stone"},{"floor":9.0,"key":"Centennial Puzzle"},{"floor":12.0,"key":"Dream Catcher"},{"floor":13.0,"key":"Du-Vu Doll"},{"floor":25.0,"key":"CeramicFish"},{"floor":26.0,"key":"MawBank"},{"floor":30.0,"key":"Red Mask"},{"floor":31.0,"key":"Bronze Scales"},{"floor":36.0,"key":"FossilizedHelix"},{"floor":37.0,"key":"Omamori"},{"floor":41,"key":"Happy Flower"},{"floor":43,"key":"Ornamental Fan"},{"floor":46,"key":"War Paint"}],"event_choices":[{"damage_healed":0.0,"max_hp_gain":0.0,"max_hp_loss":0.0,"gold_gain":68.0,"event_name":"Golden Wing","player_choice":"Gained Gold","floor":2.0,"gold_loss":0.0,"damage_taken":0.0},{"damage_healed":0.0,"max_hp_gain":0.0,"max_hp_loss":0.0,"gold_gain":0.0,"event_name":"Nest","player_choice":"Joined the Cult","floor":20.0,"gold_loss":0.0,"damage_taken":6.0,"cards_obtained":["RitualDagger"]},{"damage_healed":0.0,"max_hp_gain":0.0,"max_hp_loss":0.0,"gold_gain":0.0,"event_name":"Ghosts","player_choice":"Ignored","floor":24.0,"gold_loss":0.0,"damage_taken":0.0},{"damage_healed":0.0,"max_hp_gain":0.0,"max_hp_loss":0.0,"gold_gain":100.0,"event_name":"The Joust","player_choice":"Bet on Murderer","floor":28.0,"gold_loss":50.0,"damage_taken":0.0},{"damage_healed":0.0,"max_hp_gain":0.0,"max_hp_loss":0.0,"gold_gain":0.0,"event_name":"Masked Bandits","player_choice":"Fought Bandits","floor":30.0,"gold_loss":0.0,"damage_taken":0.0},{"damage_healed":0.0,"max_hp_gain":0.0,"max_hp_loss":0.0,"gold_gain":0.0,"event_name":"MindBloom","player_choice":"Fight","floor":36.0,"gold_loss":0.0,"damage_taken":0.0},{"damage_healed":0,"gold_gain":0,"player_choice":"1 cards matched","damage_taken":0,"max_hp_gain":0,"max_hp_loss":0,"event_name":"Match and Keep!","floor":44,"gold_loss":0,"cards_obtained":["Hello World"]}],"is_beta":false,"boss_relics":[{"not_picked":["Snecko Eye","Black Star"],"picked":"Philosopher\u0027s Stone"},{"not_picked":["Coffee Dripper","Runic Dome"],"picked":"Inserter"}],"items_purged_floors":[19,48],"is_endless":false,"potions_floor_spawned":[3,5,6,16,21,25,29,33,36,41],"ascension_level":5}}