{"host":"j4g6ia6asvpyu2b0","time":1607969135,"event":{"mods":["BaseMod","Colored Map","Minty Spire (QoL Compilation)","Permanent Neow","Quick Restart","Relic Stats","StSLib","Unceasing Turn Reminder"],"gold_per_floor":[109,120,138,138,155,187,187,221,245,276,313,325,373,405,417,429,429],"floor_reached":16,"playtime":452,"items_purged":[],"score":173,"play_id":"cbb1858c-5191-458d-adc5-2100ea0611aa","local_time":"20201214110535","is_ascension_mode":true,"campfire_choices":[{"data":"Metamorphosis","floor":7,"key":"SMITH"},{"floor":15,"key":"REST"}],"circlet_count":0,"master_deck":["Strike_B","Strike_B","Strike_B","Defend_B","Defend_B","Defend_B","Defend_B","Zap","Dualcast","Metamorphosis+1","Go for the Eyes","Ball Lightning","Sweeping Beam","Beam Cell","Compile Driver","BootSequence","Melter","Beam Cell","Hologram","Rip and Tear"],"relics":["Cracked Core","Bottled Lightning","Pen Nib","MawBank","Ancient Tea Set","Golden Idol","Matryoshka"],"acts_visited":["Exordium"],"potions_floor_usage":[5,8],"damage_taken":[{"damage":1,"enemies":"Cultist","floor":1,"turns":3},{"damage":7,"enemies":"Jaw Worm","floor":2,"turns":3},{"damage":2,"enemies":"2 Louse","floor":3,"turns":3},{"damage":2,"enemies":"Lots of Slimes","floor":5,"turns":2},{"damage":21,"enemies":"Gremlin Nob","floor":6,"turns":4},{"damage":14,"enemies":"3 Sentries","floor":8,"turns":3},{"damage":3,"enemies":"3 Louse","floor":10,"turns":3},{"damage":0,"enemies":"Lagavulin","floor":11,"turns":3},{"damage":9,"enemies":"3 Sentries","floor":13,"turns":4},{"damage":6,"enemies":"Blue Slaver","floor":14,"turns":3},{"damage":30,"enemies":"The Guardian","floor":16,"turns":4}],"seed_played":"9136600351511812498","potions_obtained":[{"floor":1,"key":"BlessingOfTheForge"},{"floor":2,"key":"Regen Potion"},{"floor":6,"key":"ColorlessPotion"},{"floor":14,"key":"Energy Potion"}],"is_trial":false,"path_per_floor":["M","M","M","?","M","E","R","E","T","M","E","?","E","M","R","B"],"character_chosen":"DEFECT","items_purchased":[],"campfire_rested":1,"item_purchase_floors":[],"current_hp_per_floor":[67,60,58,51,49,28,28,23,23,20,20,20,11,5,23,0,0],"gold":429,"neow_bonus":"RANDOM_COLORLESS_2","is_daily":false,"chose_seed":false,"campfire_upgraded":1,"win_rate":0.0,"timestamp":1607969135,"path_taken":["M","M","?","?","M","E","R","E","T","M","E","?","E","M","R","BOSS"],"items_purchased_type":[],"build_version":"2020-12-13","purchased_purges":0,"victory":false,"max_hp_per_floor":[68,68,68,68,68,68,68,68,68,68,68,63,63,63,63,63,63],"relic_stats":{"counters":[11,35],"Golden Idol":11,"Pen Nib":[4],"MawBank":84,"obtain_stats":[{"Matryoshka":13,"Golden Idol":12,"Pen Nib":8,"Bottled Lightning":6,"Cracked Core":0,"MawBank":9,"Ancient Tea Set":11},{"Matryoshka":9,"Golden Idol":8,"Pen Nib":6,"Bottled Lightning":5,"Cracked Core":0,"MawBank":6,"Ancient Tea Set":8},{"Matryoshka":28,"Golden Idol":24,"Pen Nib":18,"Bottled Lightning":15,"Cracked Core":0,"MawBank":18,"Ancient Tea Set":24}]},"card_choices":[{"not_picked":["Sadistic Nature","Master of Strategy"],"picked":"Metamorphosis","floor":0},{"not_picked":["Fusion","Compile Driver"],"picked":"Go for the Eyes","floor":1},{"not_picked":["Leap","Creative AI"],"picked":"Ball Lightning","floor":2},{"not_picked":["Storm","Leap"],"picked":"Sweeping Beam","floor":3},{"not_picked":["Redo","Double Energy"],"picked":"Beam Cell","floor":5},{"not_picked":["Hyperbeam","Force Field"],"picked":"Compile Driver","floor":6},{"not_picked":["Storm","Compile Driver"],"picked":"BootSequence","floor":8},{"not_picked":["Beam Cell","Conserve Battery"],"picked":"Melter","floor":10},{"not_picked":["Turbo","Heatsinks"],"picked":"Beam Cell","floor":11},{"not_picked":["Turbo","Gash"],"picked":"Hologram","floor":13},{"not_picked":["Consume","Multi-Cast"],"picked":"Rip and Tear","floor":14}],"player_experience":650656,"relics_obtained":[{"floor":6,"key":"Bottled Lightning"},{"floor":8,"key":"Pen Nib"},{"floor":9,"key":"MawBank"},{"floor":11,"key":"Ancient Tea Set"},{"floor":13,"key":"Matryoshka"}],"event_choices":[{"cards_removed":["Strike_B"],"damage_healed":0,"gold_gain":0,"player_choice":"Card Removal","damage_taken":7,"max_hp_gain":0,"max_hp_loss":0,"event_name":"Golden Wing","floor":4,"gold_loss":0},{"damage_healed":0,"gold_gain":0,"player_choice":"Lose Max HP","damage_taken":0,"relics_obtained":["Golden Idol"],"max_hp_gain":0,"max_hp_loss":5,"event_name":"Golden Idol","floor":12,"gold_loss":0}],"is_beta":false,"boss_relics":[],"items_purged_floors":[],"is_endless":false,"potions_floor_spawned":[1,2,6,14],"killed_by":"The Guardian","ascension_level":2}}