{"host":"qw1m3zcvi888b4j7","time":1607974505,"event":{"mods":["AchievementEnabler","BaseMod","Block Reminder","Colored Map","Colored Powertips","DeckTracker","Highlight Path","Minty Spire (QoL Compilation)","Quick Restart","Rare Cards Sparkle","Relic Sorter","Relic Stats"],"gold_per_floor":[212,231,241,260,279,314,314,330,383,383,393,422,422,454,454,554,554,571,571,309,327,346,346,379,395,418,380,408,12,22,22,22],"floor_reached":31,"playtime":2622,"items_purged":[],"score":339,"play_id":"74fc9124-215d-478c-9f0e-d5dc80cb98c6","local_time":"20201214203505","is_ascension_mode":true,"campfire_choices":[{"floor":7,"key":"REST"},{"floor":10,"key":"RECALL"},{"floor":13,"key":"REST"},{"data":"Reaper","floor":15,"key":"SMITH"},{"data":"Barricade","floor":23,"key":"SMITH"}],"circlet_count":0,"master_deck":["Strike_R","Strike_R","Strike_R","Strike_R","Strike_R","Defend_R","Defend_R","Defend_R","Defend_R","Bash","Shrug It Off","Anger","Anger","Thunderclap","Reaper+1","Combust","Rupture","Blood for Blood","Anger","Dropkick","Immolate","Barricade+1","Headbutt+1","Clash+1","Shockwave","Hemokinesis","Rupture","Clash","Flex","Seeing Red","Juggernaut","Whirlwind+1","Sword Boomerang+1","Headbutt","Pummel","Infernal Blade","Fire Breathing+1","Demon Form"],"relics":["Burning Blood","Prayer Wheel","Centennial Puzzle","Question Card","Ornamental Fan","Runic Cube","Strange Spoon","Orichalcum","Meat on the Bone","Toxic Egg 2","Medical Kit"],"acts_visited":["Exordium","TheCity"],"potions_floor_usage":[12,12,14,16,24,24,28,30],"damage_taken":[{"damage":1,"enemies":"Cultist","floor":1,"turns":4},{"damage":0,"enemies":"Small Slimes","floor":2,"turns":3},{"damage":6,"enemies":"Jaw Worm","floor":3,"turns":3},{"damage":15,"enemies":"Exordium Thugs","floor":4,"turns":3},{"damage":7,"enemies":"Exordium Wildlife","floor":5,"turns":2},{"damage":51,"enemies":"Lagavulin","floor":6,"turns":9},{"damage":15,"enemies":"2 Fungi Beasts","floor":8,"turns":4},{"damage":22,"enemies":"Large Slime","floor":11,"turns":4},{"damage":17,"enemies":"Gremlin Nob","floor":12,"turns":4},{"damage":11,"enemies":"3 Sentries","floor":14,"turns":4},{"damage":53,"enemies":"Slime Boss","floor":16,"turns":6},{"damage":14,"enemies":"Chosen","floor":18,"turns":5},{"damage":2,"enemies":"Spheric Guardian","floor":21,"turns":2},{"damage":26,"enemies":"3 Cultists","floor":22,"turns":4},{"damage":52,"enemies":"Gremlin Leader","floor":24,"turns":5},{"damage":47,"enemies":"Shelled Parasite and Fungi","floor":25,"turns":6},{"damage":17,"enemies":"Slavers","floor":28,"turns":3},{"damage":5,"enemies":"Chosen and Byrds","floor":30,"turns":4},{"damage":30,"enemies":"Snake Plant","floor":31,"turns":4}],"seed_played":"5220354929670614827","potions_obtained":[{"floor":2,"key":"Explosive Potion"},{"floor":4,"key":"GamblersBrew"},{"floor":6,"key":"Strength Potion"},{"floor":11,"key":"Block Potion"},{"floor":14,"key":"DuplicationPotion"},{"floor":16,"key":"Regen Potion"},{"floor":21,"key":"BloodPotion"},{"floor":22,"key":"Explosive Potion"},{"floor":24,"key":"ElixirPotion"},{"floor":28,"key":"LiquidBronze"}],"is_trial":false,"path_per_floor":["M","M","M","M","M","E","R","M","T","R","M","E","R","E","R","B",null,"M","?","$","M","M","R","E","M","T","$","E","$","M","M"],"character_chosen":"IRONCLAD","items_purchased":["Strange Spoon","Hemokinesis","Rupture","Pummel","Toxic Egg 2","Medical Kit"],"campfire_rested":2,"item_purchase_floors":[20,20,20,27,29,29],"current_hp_per_floor":[80,80,80,71,70,25,49,50,50,50,34,29,53,60,60,20,80,72,72,72,76,56,56,61,25,25,25,14,14,27,0,0],"gold":22,"neow_bonus":"HUNDRED_GOLD","is_daily":false,"chose_seed":false,"campfire_upgraded":2,"win_rate":0.0,"timestamp":1607974505,"path_taken":["M","M","M","M","M","E","R","M","T","R","M","E","R","E","R","BOSS","M","?","?","M","M","R","E","M","T","$","E","$","M","M"],"items_purchased_type":["Relic","Card","Card","Card","Relic","Relic"],"build_version":"2020-12-13","purchased_purges":0,"victory":false,"max_hp_per_floor":[80,80,80,80,80,80,80,80,80,80,80,80,80,80,80,80,80,80,80,80,80,80,80,80,80,80,80,80,80,80,80,80],"relic_stats":{"Strange Spoon":[6],"Centennial Puzzle":[36],"counters":[19,79],"Ornamental Fan":[68],"Prayer Wheel":7,"Orichalcum":[30],"Question Card":14,"Medical Kit":[0],"obtain_stats":[{"Strange Spoon":20,"Centennial Puzzle":9,"Ornamental Fan":14,"Prayer Wheel":6,"Orichalcum":24,"Toxic Egg 2":29,"Question Card":12,"Medical Kit":29,"Burning Blood":0,"Runic Cube":17,"Meat on the Bone":28},{"Strange Spoon":12,"Centennial Puzzle":7,"Ornamental Fan":10,"Prayer Wheel":6,"Orichalcum":15,"Toxic Egg 2":17,"Question Card":9,"Medical Kit":17,"Burning Blood":0,"Runic Cube":11,"Meat on the Bone":17},{"Strange Spoon":51,"Centennial Puzzle":28,"Ornamental Fan":40,"Prayer Wheel":24,"Orichalcum":62,"Toxic Egg 2":71,"Question Card":36,"Medical Kit":71,"Burning Blood":0,"Runic Cube":46,"Meat on the Bone":71}],"Burning Blood":97,"Runic Cube":[44],"Meat on the Bone":12},"card_choices":[{"not_picked":["True Grit","Cleave"],"picked":"Shrug It Off","floor":1},{"not_picked":["Headbutt","Clothesline"],"picked":"Anger","floor":2},{"not_picked":["Bloodletting","Disarm"],"picked":"Anger","floor":3},{"not_picked":["Clothesline","Shrug It Off"],"picked":"Reckless Charge","floor":4},{"not_picked":["Disarm","Fiend Fire"],"picked":"Thunderclap","floor":5},{"not_picked":["Armaments","Disarm"],"picked":"Reaper","floor":6},{"not_picked":["Cleave","Thunderclap"],"picked":"Combust","floor":8},{"not_picked":["Shrug It Off","Searing Blow"],"picked":"Rupture","floor":8},{"not_picked":["Body Slam","Warcry"],"picked":"Blood for Blood","floor":11},{"not_picked":["Dual Wield","Clothesline"],"picked":"Anger","floor":11},{"not_picked":["Feel No Pain","Ghostly Armor"],"picked":"Dropkick","floor":12},{"not_picked":["Shrug It Off","Headbutt","Wild Strike"],"picked":"Immolate","floor":14},{"not_picked":["Brutality","Offering","Corruption"],"picked":"Barricade","floor":16},{"not_picked":["Reckless Charge+1","Clothesline","Warcry"],"picked":"Headbutt+1","floor":18},{"not_picked":["Clothesline+1","Dual Wield","Ghostly Armor"],"picked":"Clash+1","floor":18},{"not_picked":["Anger","Searing Blow","Clothesline"],"picked":"Clash","floor":21},{"not_picked":["Pommel Strike","Rage","Feel No Pain"],"picked":"Flex","floor":21},{"not_picked":["Heavy Blade+1","Combust","Twin Strike"],"picked":"Seeing Red","floor":22},{"not_picked":["Flex+1","Body Slam","Twin Strike"],"picked":"Juggernaut","floor":22},{"not_picked":["Warcry","Body Slam","Berserk"],"picked":"Whirlwind+1","floor":24},{"not_picked":["Flex","Pommel Strike","Heavy Blade"],"picked":"Sword Boomerang+1","floor":25},{"not_picked":["Carnage","Warcry","Clash"],"picked":"Headbutt","floor":25},{"not_picked":["Perfected Strike","Disarm","Iron Wave"],"picked":"Infernal Blade","floor":28},{"not_picked":["Clash+1","True Grit+1","Sword Boomerang"],"picked":"Fire Breathing+1","floor":30},{"not_picked":["Cleave","Clash","Disarm+1"],"picked":"Demon Form","floor":30}],"player_experience":69303,"relics_obtained":[{"floor":6,"key":"Prayer Wheel"},{"floor":9,"key":"Centennial Puzzle"},{"floor":12,"key":"Question Card"},{"floor":14,"key":"Ornamental Fan"},{"floor":24,"key":"Orichalcum"},{"floor":28,"key":"Meat on the Bone"}],"event_choices":[{"damage_healed":0,"gold_gain":0,"cards_transformed":["Reckless Charge"],"player_choice":"Transformed","damage_taken":0,"max_hp_gain":0,"max_hp_loss":0,"event_name":"Transmorgrifier","floor":19,"gold_loss":0,"cards_obtained":["Shockwave"]}],"is_beta":false,"boss_relics":[{"not_picked":["Runic Dome","Snecko Eye"],"picked":"Runic Cube"}],"items_purged_floors":[],"is_endless":false,"potions_floor_spawned":[2,4,6,8,11,14,16,21,22,24,28],"killed_by":"Snake Plant","ascension_level":1}}