{"host":"d7qmn60fs48wu5y6","time":1607976071,"event":{"mods":["BaseMod","Downfall","Minty Spire (QoL Compilation)","Shade Mod","StSLib","The Cursed","The Servant 0.9.4"],"gold_per_floor":[110,35,35,46,58,58,58,78,78,78,93,18,32,65,65,65,65],"floor_reached":16,"playtime":746,"items_purged":["TheCursedMod:Strike_TheCursed"],"score":107,"play_id":"e52d83dd-ec13-4e5f-848c-f39339bea8d9","local_time":"20201214120111","is_ascension_mode":true,"campfire_choices":[{"data":"TheCursedMod:DemonicPact","floor":6,"key":"SMITH"},{"data":"TheCursedMod:SmokeScreen","floor":10,"key":"SMITH"},{"data":"TheCursedMod:CollectTribute","floor":15,"key":"SMITH"}],"circlet_count":0,"master_deck":["TheCursedMod:Strike_TheCursed","TheCursedMod:Strike_TheCursed","TheCursedMod:Strike_TheCursed","TheCursedMod:Defend_TheCursed","TheCursedMod:Defend_TheCursed","TheCursedMod:Defend_TheCursed","TheCursedMod:Defend_TheCursed","TheCursedMod:CursedWand+1","TheCursedMod:CleanUpWorkshop","TheCursedMod:Dregs","TheCursedMod:DemonicPact+1","TheCursedMod:CursedStaff","TheCursedMod:CursedAmulet","TheCursedMod:EmpowerCircles","TheCursedMod:SmokeScreen+1","TheCursedMod:CursedAmulet","TheCursedMod:CircleOfAmplification","TheCursedMod:CollectTribute+1","TheCursedMod:CircleOfBlood"],"relics":["TheCursedMod:BlackMagic101","Letter Opener","Darkstone Periapt","Blood Vial"],"acts_visited":["Exordium"],"potions_floor_usage":[14,14],"damage_taken":[{"damage":0,"enemies":"Small Slimes","floor":1,"turns":4},{"damage":0,"enemies":"Cultist","floor":4,"turns":4},{"damage":3,"enemies":"Jaw Worm","floor":5,"turns":4},{"damage":2,"enemies":"Exordium Thugs","floor":8,"turns":4},{"damage":0,"enemies":"Blue Slaver","floor":11,"turns":4},{"damage":0,"enemies":"Gremlin Gang","floor":13,"turns":8},{"damage":8,"enemies":"Gremlin Nob","floor":14,"turns":4},{"damage":15,"enemies":"The Guardian","floor":16,"turns":9}],"seed_played":"-253475750582280814","potions_obtained":[{"floor":4,"key":"SkillPotion"},{"floor":8,"key":"Strength Potion"}],"is_trial":false,"path_per_floor":["M","$","?","M","M","R","?","M","T","R","M","$","M","E","R","B"],"character_chosen":"THE_CURSED","items_purchased":["TheCursedMod:CircleOfAmplification"],"campfire_rested":0,"item_purchase_floors":[12],"current_hp_per_floor":[75,75,75,75,72,72,72,70,70,70,70,70,70,62,62,53,53],"gold":65,"neow_bonus":"ONE_RANDOM_RARE_CARD","is_daily":false,"chose_seed":false,"campfire_upgraded":3,"win_rate":0.0,"timestamp":1607976071,"path_taken":["M","$","?","?","M","R","?","M","T","R","M","$","M","E","R","BOSS"],"items_purchased_type":["Card"],"build_version":"2020-12-13","purchased_purges":1,"victory":false,"max_hp_per_floor":[75,75,75,75,75,75,75,75,75,75,75,75,75,75,75,75,75],"card_choices":[{"not_picked":["TheCursedMod:CircleOfCorruption","TheCursedMod:SoulReap"],"picked":"TheCursedMod:CursedStaff","floor":1},{"not_picked":["TheCursedMod:Stigma","TheCursedMod:Hemoplague"],"picked":"TheCursedMod:CursedAmulet","floor":4},{"not_picked":["TheCursedMod:CursedBlade","TheCursedMod:RapidMovement"],"picked":"TheCursedMod:EmpowerCircles","floor":5},{"not_picked":["TheCursedMod:HellsGateOpen","TheCursedMod:TroublousMinions"],"picked":"TheCursedMod:SmokeScreen","floor":8},{"not_picked":["TheCursedMod:RavingStaff","TheCursedMod:Stretching"],"picked":"TheCursedMod:CursedAmulet","floor":11},{"not_picked":["TheCursedMod:Wield","TheCursedMod:WearCloak"],"picked":"TheCursedMod:CollectTribute","floor":13},{"not_picked":["TheCursedMod:RapidMovement","TheCursedMod:Stretching"],"picked":"TheCursedMod:CircleOfBlood","floor":14}],"player_experience":866476,"relics_obtained":[{"floor":3,"key":"Letter Opener"},{"floor":9,"key":"Darkstone Periapt"},{"floor":14,"key":"Blood Vial"}],"event_choices":[{"damage_healed":0,"gold_gain":0,"player_choice":"Relic","damage_taken":0,"max_hp_gain":0,"max_hp_loss":0,"event_name":"Wheel of Change","floor":3,"gold_loss":0},{"damage_healed":0,"gold_gain":0,"player_choice":"Forge","damage_taken":0,"max_hp_gain":0,"max_hp_loss":0,"event_name":"Accursed Blacksmith","floor":7,"gold_loss":0,"cards_upgraded":["TheCursedMod:CursedWand"]}],"is_beta":false,"boss_relics":[],"items_purged_floors":[2],"is_endless":false,"potions_floor_spawned":[4,8],"killed_by":"The Guardian","ascension_level":1}}