{"host":"exexdi9os29xec1d","time":1607946511,"event":{"mods":["Act Like it!","BaseMod","Colored Map","Conspire","Downfall","Gensokyo","Hero for Fun","Hubris","Infinite Spire","Marisa（F雨　魔理沙）","Minty Spire (QoL Compilation)","READ ME - Guardian Mod","Remilia（蕾米莉亚）","Replay The Spire","Shop Mod","StSLib","The Animator","The Bug Knight","The Cursed","The Disciple","The Hierophant","The Necromancer","The Servant 0.9.4","Youmu（魂魄妖梦）","[地精首领爬塔]The Maniac"],"gold_per_floor":[117,187,205,77,90,90,119,129,129,146,173,173,173,193,193,289,289,305,321,321,321],"floor_reached":20,"playtime":1097,"items_purged":[],"score":211,"play_id":"709fae28-7643-4af2-935e-4df790a49e53","local_time":"20201214194831","is_ascension_mode":false,"campfire_choices":[{"data":"Revamp","floor":6,"key":"SMITH"},{"data":"SilverBlades","floor":13,"key":"SMITH"},{"floor":15,"key":"REST"}],"circlet_count":0,"master_deck":["Strike_S","Strike_S","Strike_S","Strike_S","Defend_S","Defend_S","Defend_S","Defend_S","KidneyShot","Exchange","Snipe","SilverBlades+1","Defy","Revamp+1","SurpressingFire","InstantArmor","FastForward","InstantArmor","InstantArmor","ShatteredReality","Parasite","Luminosity","Sunlight","InstantArmor","Rewind"],"relics":["Uniform","Strawberry","infinitespire:Beetle Shell","infinitespire:EmpoweringShard","conspire:RoyalGoblet"],"acts_visited":["Exordium","TheCity"],"potions_floor_usage":[18],"damage_taken":[{"damage":8,"enemies":"Jaw Worm","floor":1,"turns":2},{"damage":0,"enemies":"Small Slimes","floor":3,"turns":3},{"damage":7,"enemies":"infinitespire:Voidling","floor":5,"turns":7},{"damage":6,"enemies":"Gremlin Nob","floor":7,"turns":5},{"damage":7,"enemies":"Exordium Wildlife","floor":8,"turns":7},{"damage":10,"enemies":"2 Fungi Beasts","floor":10,"turns":5},{"damage":11,"enemies":"3 Sentries","floor":11,"turns":10},{"damage":3,"enemies":"Gremlin Gang","floor":14,"turns":4},{"damage":39,"enemies":"The Guardian","floor":16,"turns":10},{"damage":18,"enemies":"conspire:FuzzyDice","floor":18,"turns":4},{"damage":16,"enemies":"Spheric Guardian","floor":19,"turns":4},{"damage":46,"enemies":"Masked Bandits","floor":20,"turns":3}],"seed_played":"-8737978221300635874","potions_obtained":[{"floor":11,"key":"EssenceOfSteel"},{"floor":16,"key":"Reflective Coating"}],"is_trial":false,"path_per_floor":["M","?","M","$","M","R","E","M","T","M","E","?","R","M","R","B",null,"M","M","?"],"character_chosen":"THE_SERVANT","items_purchased":["Revamp","SurpressingFire"],"campfire_rested":1,"item_purchase_floors":[4,4],"current_hp_per_floor":[57,57,57,57,54,54,55,48,48,38,27,45,45,42,63,24,72,54,38,0,0],"gold":321,"neow_bonus":"THREE_CARDS","is_daily":false,"chose_seed":false,"campfire_upgraded":2,"win_rate":0.0,"timestamp":1607946511,"path_taken":["M","?","M","$","M","R","E","M","T","M","E","?","R","M","R","BOSS","M","M","?"],"items_purchased_type":["Card","Card"],"build_version":"2020-12-13","purchased_purges":0,"victory":false,"max_hp_per_floor":[65,65,65,65,65,65,72,72,72,72,72,72,72,72,72,72,72,72,72,72,72],"card_choices":[{"not_picked":["Defy","RealityMarble"],"picked":"Snipe","floor":0},{"not_picked":["GearUp","FastForward"],"picked":"SilverBlades","floor":1},{"not_picked":["BottledTime","Sabotage"],"picked":"Defy","floor":3},{"not_picked":["SurpressingFire","SpecialFormula"],"picked":"InstantArmor","floor":5},{"not_picked":["ShatteredReality","Ricochet"],"picked":"FastForward","floor":7},{"not_picked":["Defy","Ricochet"],"picked":"InstantArmor","floor":8},{"not_picked":["Deny","TimeWarp"],"picked":"InstantArmor","floor":10},{"not_picked":["Ricochet","Read"],"picked":"ShatteredReality","floor":11},{"not_picked":["Foresight","Misdirection"],"picked":"Luminosity","floor":14},{"not_picked":["FloweringNight","MurderousAura"],"picked":"Sunlight","floor":16},{"not_picked":["BottledTime+1","SurpressingFire"],"picked":"InstantArmor","floor":18},{"not_picked":["Spin","SilverBlades"],"picked":"Rewind","floor":19}],"player_experience":42892,"relics_obtained":[{"floor":7,"key":"Strawberry"},{"floor":9,"key":"infinitespire:Beetle Shell"},{"floor":11,"key":"infinitespire:EmpoweringShard"}],"event_choices":[{"damage_healed":0,"gold_gain":70,"player_choice":"Gained Gold","damage_taken":0,"max_hp_gain":0,"max_hp_loss":0,"event_name":"Golden Wing","floor":2,"gold_loss":0},{"damage_healed":18,"gold_gain":0,"player_choice":"Healed and dodged fight","damage_taken":0,"max_hp_gain":0,"max_hp_loss":0,"event_name":"Mushrooms","floor":12,"gold_loss":0,"cards_obtained":["Parasite"]},{"damage_healed":0,"gold_gain":0,"player_choice":"Fought Bandits","damage_taken":0,"max_hp_gain":0,"max_hp_loss":0,"event_name":"Masked Bandits","floor":20,"gold_loss":0}],"is_beta":false,"boss_relics":[{"not_picked":["SlaversCollar","Coffee Dripper"],"picked":"conspire:RoyalGoblet"}],"items_purged_floors":[],"is_endless":false,"potions_floor_spawned":[8,11,16],"killed_by":"Masked Bandits","ascension_level":0}}