{"host":"i0s8vbixp24k5aul","time":1607964113,"event":{"mods":["2.2 Compatiblity","Act Like it!","Aspiration","Bard","BaseMod","Better Note","Better Third Choice","Better Vampires","Colorless Booster Pack","Displayed Cursed Tome","Dota2Spire","GifTheSpireLib","Gremlin Mod","Halation","Jedi Mod","Minty Spire (QoL Compilation)","Optimize The Spire","Potionbrewer","Random Character Mod","Shade Mod","StSLib","Stuff the Spire","The Bug Knight","The Construct","The Cursed","The Disciple","TheHero","TheWitcher","vexMod","??????REMEMod"],"gold_per_floor":[114,18,18,18,33,63,63,78,103,133,148,148,148,155,155,247,247,254,269,269,284,106,106,218,28,53,53,68,83,83,98,98,90,90],"floor_reached":33,"playtime":1873,"items_purged":["Normality","jedi:frostbite"],"score":402,"play_id":"19bdf4fd-7e69-485c-8402-17856389dbfe","local_time":"20201214194153","daily_mods":["Cursed Run","Diverse","DeadlyEvents"],"is_ascension_mode":false,"campfire_choices":[{"data":"construct:MemoryTap","floor":7,"key":"SMITH"},{"data":"animeID:Kirishima","floor":12,"key":"SMITH"},{"data":"animeID:Mina","floor":15,"key":"SMITH"},{"data":"animeID:Bakugo","floor":23,"key":"SMITH"},{"floor":30,"key":"REST"},{"floor":32,"key":"REST"}],"circlet_count":0,"master_deck":["Ritenuto+1","Strike_B","Strike_B","Strike_B","Strike_B","Defend_B","Defend_B","Defend_B","Defend_B","Zap+1","Dualcast","construct:MemoryTap+1","Tantrum+1","CBP: PlotConvenience+1","Injury","animeID:Kirishima+1","animeID:Mina+1","animeID:Tamaki+1","SnafuTest:PowerAlwaysAWay+1","SnafuTest:PayWeaponSmith+1","SnafuTest:CurseHeatDeath","OldTimer+1","construct:ScrapCannon","Intimidate+1","animeID:Bakugo+1","Gremlin:GremlinMeal+1","BeatsPerMinute+1","Good Instincts+1","SnafuTest:CurseHeatDeath"],"relics":["Cursed Key","Darkstone Periapt","Du-Vu Doll","REME_ComplimentaryCards","Toxic Egg 2","Regal Pillow","Dota2Spire:Vanguard","Shuriken","StuffTheSpire:TintedRock","vexMod:ImprovementManual","halation:LostSnail","Cables","HollowMod:PaleOreRelic"],"acts_visited":["Exordium","TheCity"],"potions_floor_usage":[10,16,16,33,33,33,33,33],"damage_taken":[{"damage":1,"enemies":"Cultist","floor":1,"turns":4},{"damage":2,"enemies":"Small Slimes","floor":5,"turns":2},{"damage":0,"enemies":"Gremlin Nob","floor":6,"turns":2},{"damage":0,"enemies":"2 Louse","floor":8,"turns":1},{"damage":7,"enemies":"Lagavulin","floor":10,"turns":3},{"damage":8,"enemies":"Gremlin Gang","floor":11,"turns":4},{"damage":0,"enemies":"2 Fungi Beasts","floor":14,"turns":3},{"damage":0,"enemies":"Slime Boss","floor":16,"turns":4},{"damage":11,"enemies":"3 Byrds","floor":18,"turns":4},{"damage":0,"enemies":"Chosen","floor":19,"turns":3},{"damage":7,"enemies":"3 Cultists","floor":21,"turns":4},{"damage":24,"enemies":"REME_1_Revenger","floor":24,"turns":5},{"damage":17,"enemies":"Snake Plant","floor":28,"turns":4},{"damage":2,"enemies":"Snecko","floor":29,"turns":4},{"damage":11,"enemies":"Cultist and Chosen","floor":31,"turns":2},{"damage":119,"enemies":"Automaton","floor":33,"turns":10}],"seed_played":"1880613833527945180","potions_obtained":[{"floor":5,"key":"Explosive Potion"},{"floor":6,"key":"Strength Potion"},{"floor":8,"key":"Dota2Spire:HealingSalve"},{"floor":10,"key":"potionbrewer:FreezingPotion"},{"floor":21,"key":"potionbrewer:SplittingPotion"},{"floor":24,"key":"potionbrewer:CleansingPotion"}],"is_trial":false,"path_per_floor":["M","$","?","$","M","E","R","M","T","E","M","R","T","M","R","B",null,"M","M","?","M","$","R","E","$","T","$","M","M","R","M","R","B"],"character_chosen":"DEFECT","items_purchased":["CBP: PlotConvenience","halation:LostSnail","Gremlin:GremlinMeal+1","Good Instincts+1"],"campfire_rested":2,"item_purchase_floors":[2,22,22,25],"current_hp_per_floor":[74,74,80,80,78,78,78,78,84,80,72,72,78,78,78,84,99,88,88,88,81,81,81,57,57,63,63,46,44,90,79,105,0,0],"gold":90,"neow_bonus":"","is_daily":true,"chose_seed":false,"campfire_upgraded":4,"win_rate":0.0,"timestamp":1607964113,"path_taken":["M","?","?","$","M","E","R","?","T","E","M","R","?","M","R","BOSS","M","?","?","?","$","R","E","$","T","?","M","M","R","M","R","BOSS"],"items_purchased_type":["Card","Relic","Card","Card"],"build_version":"2020-12-13","purchased_purges":2,"victory":false,"max_hp_per_floor":[75,75,81,81,81,81,81,81,87,87,87,87,93,93,93,99,99,99,99,99,99,99,99,99,99,105,105,105,105,105,105,105,105,105],"card_choices":[{"not_picked":["SnafuTest:UndefeatedNarcissism","construct:ElectricArmor"],"picked":"Tantrum","floor":1},{"not_picked":["construct:Forcefield+1","PiercingWail+1"],"picked":"animeID:Kirishima","floor":5},{"not_picked":["bard:HarmoniousVoice","MentalFortress"],"picked":"animeID:Mina","floor":6},{"not_picked":["bard:Thunderwave","jedi:BurstFrost+1"],"picked":"animeID:Tamaki+1","floor":8},{"not_picked":["Slice","Bloodletting+1"],"picked":"SnafuTest:PowerAlwaysAWay","floor":10},{"not_picked":["WindUp","TheCursedMod:AshesToAshes+1"],"picked":"SnafuTest:PayWeaponSmith+1","floor":11},{"not_picked":["Warcry+1","potionbrewer:QuickStep+1","HollowMod:ShadowDash+1"],"picked":"SKIP","floor":14},{"not_picked":["OracleForm","ConjureBlade+1"],"picked":"OldTimer","floor":16},{"not_picked":["StuffTheSpire:Python+1","SnafuTest:NoPass+1"],"picked":"construct:ScrapCannon","floor":18},{"not_picked":["Sweeping Beam","HollowMod:DoubleDash+1"],"picked":"Intimidate+1","floor":19},{"not_picked":["Keepsakes","Shade:SkeletonHug"],"picked":"animeID:Bakugo","floor":21},{"not_picked":["Shade:OneIsEnough","Pray+1"],"picked":"BeatsPerMinute+1","floor":24},{"not_picked":["FlyingSleeves","potionbrewer:Smack+1","HollowMod:VengefulVoid"],"picked":"SKIP","floor":28},{"not_picked":["potionbrewer:PortableLab","bard:ViciousMockery","Gremlin:BurlyBlow+1"],"picked":"SKIP","floor":29},{"not_picked":["TheCursedMod:Mangle+1","construct:Forcefield+1","potionbrewer:HazardousMaterials+1"],"picked":"SKIP","floor":31}],"player_experience":888903,"relics_obtained":[{"floor":6,"key":"Regal Pillow"},{"floor":9,"key":"Dota2Spire:Vanguard"},{"floor":10,"key":"Shuriken"},{"floor":13,"key":"StuffTheSpire:TintedRock"},{"floor":24,"key":"Cables"},{"floor":26,"key":"HollowMod:PaleOreRelic"}],"event_choices":[{"damage_healed":0,"gold_gain":0,"player_choice":"Ignored","damage_taken":0,"max_hp_gain":0,"max_hp_loss":0,"event_name":"Vampires","floor":20,"gold_loss":0}],"is_beta":false,"boss_relics":[{"not_picked":["potionbrewer:BhaskarasWheel","Pandora\u0027s Box"],"picked":"vexMod:ImprovementManual"}],"items_purged_floors":[22,25],"is_endless":false,"potions_floor_spawned":[5,6,8,10,21,24,31],"killed_by":"Automaton","ascension_level":0}}