{"host":"vpnygm79y7yi43ig","time":1607983992,"event":{"mods":["BaseMod","Bestiary","Minty Spire (QoL Compilation)"],"gold_per_floor":[116,41,41,41,41,41,72,72,72,105,125,200,51,68,68,164,164,178,189,223,223,1,32,131,131,131,143,153,32,32,61,61,163,163,176,39,49,67,81,81,115,115,115,133,143,171,189,216,216,216],"floor_reached":51,"playtime":2212,"items_purged":["Coolheaded","Capacitor","Doom and Gloom"],"score":933,"play_id":"9527eb2e-26af-4467-99f5-0ce0e1be3f8d","local_time":"20201214141312","daily_mods":["Draft"],"is_ascension_mode":false,"campfire_choices":[{"data":"Hologram","floor":6.0,"key":"SMITH"},{"data":"Reprogram","floor":8.0,"key":"SMITH"},{"data":"Genetic Algorithm","floor":15.0,"key":"SMITH"},{"data":"Hologram","floor":25.0,"key":"SMITH"},{"data":"Leap","floor":30.0,"key":"SMITH"},{"data":"Conserve Battery","floor":32.0,"key":"SMITH"},{"data":"Gash","floor":40.0,"key":"SMITH"},{"data":"Gash","floor":42.0,"key":"SMITH"},{"data":"Gash","floor":49,"key":"SMITH"}],"circlet_count":0,"master_deck":["Genetic Algorithm+1","Gash+1","Reprogram+1","Leap+1","Streamline","Gash+1","Rebound","Melter","Conserve Battery+1","Hologram+1","Gash+1","Sweeping Beam","Go for the Eyes","Steam","Machine Learning","Gash","Hologram+1","Steam","Seek","Meteor Strike"],"relics":["Cracked Core","Pen Nib","Singing Bowl","Bag of Marbles","Sozu","Red Mask","Membership Card","Bag of Preparation","Anchor","White Beast Statue","Eternal Feather","Toy Ornithopter","Nuclear Battery","Bottled Lightning","FossilizedHelix","StrikeDummy","Question Card"],"acts_visited":["Exordium","TheCity","TheBeyond"],"potions_floor_usage":[50,50],"damage_taken":[{"damage":0.0,"enemies":"Cultist","floor":1.0,"turns":3.0},{"damage":10.0,"enemies":"Gremlin Nob","floor":7.0,"turns":3.0},{"damage":2.0,"enemies":"3 Sentries","floor":10.0,"turns":4.0},{"damage":0.0,"enemies":"Jaw Worm","floor":11.0,"turns":1.0},{"damage":0.0,"enemies":"2 Louse","floor":14.0,"turns":2.0},{"damage":15.0,"enemies":"Hexaghost","floor":16.0,"turns":6.0},{"damage":0.0,"enemies":"3 Byrds","floor":18.0,"turns":3.0},{"damage":13.0,"enemies":"2 Thieves","floor":19.0,"turns":3.0},{"damage":0.0,"enemies":"Masked Bandits","floor":20.0,"turns":2.0},{"damage":21.0,"enemies":"Slavers","floor":23.0,"turns":4.0},{"damage":1.0,"enemies":"Sentry and Sphere","floor":27.0,"turns":3.0},{"damage":0.0,"enemies":"Snake Plant","floor":28.0,"turns":3.0},{"damage":7.0,"enemies":"Book of Stabbing","floor":31.0,"turns":4.0},{"damage":0.0,"enemies":"Champ","floor":33.0,"turns":7.0},{"damage":0.0,"enemies":"Orb Walker","floor":35.0,"turns":3.0},{"damage":0.0,"enemies":"3 Darklings","floor":37.0,"turns":3.0},{"damage":0.0,"enemies":"Sphere and 2 Shapes","floor":38.0,"turns":4.0},{"damage":0.0,"enemies":"Spire Growth","floor":39.0,"turns":4.0},{"damage":1.0,"enemies":"Reptomancer","floor":41.0,"turns":5.0},{"damage":0,"enemies":"Jaw Worm Horde","floor":44,"turns":4},{"damage":0,"enemies":"Sphere and 2 Shapes","floor":45,"turns":3},{"damage":0,"enemies":"Giant Head","floor":46,"turns":7},{"damage":0,"enemies":"Maw","floor":47,"turns":6},{"damage":12,"enemies":"Nemesis","floor":48,"turns":5},{"damage":54,"enemies":"Donu and Deca","floor":50,"turns":9}],"seed_played":"-3096002898503093953","potions_obtained":[{"floor":1.0,"key":"Strength Potion"},{"floor":11.0,"key":"Weak Potion"},{"floor":14.0,"key":"SpeedPotion"}],"is_trial":true,"path_per_floor":["M","$","?","?","?","R","E","R","T","E","M","?","$","M","R","B",null,"M","M","?","?","$","E","?","R","T","M","M","$","R","E","R","B",null,"M","$","M","M","M","R","E","R","T","M","M","E","M","E","R","B",null],"character_chosen":"DEFECT","items_purchased":["Steam","Membership Card","Bag of Preparation","Eternal Feather","Meteor Strike"],"campfire_rested":0,"item_purchase_floors":[13,22,22,29,36],"current_hp_per_floor":[75,75,75,80,80,80,70,70,70,68,70,59,59,61,61,46,84,86,75,75,75,75,54,54,54,54,55,57,57,66,59,68,68,92,94,94,96,98,100,100,101,102,102,104,106,108,110,100,112,58],"gold":216,"neow_bonus":"","is_daily":false,"chose_seed":false,"campfire_upgraded":9,"win_rate":0.0,"timestamp":1607983992,"path_taken":["M","$","?","?","?","R","E","R","T","E","M","?","?","M","R","BOSS","M","?","?","?","?","E","?","R","T","M","M","$","R","E","R","BOSS","M","$","M","M","M","R","E","R","T","M","M","E","M","E","R","BOSS"],"items_purchased_type":["Card","Relic","Relic","Relic","Card"],"build_version":"2020-12-13","purchased_purges":3,"victory":true,"max_hp_per_floor":[75,75,75,80,80,80,80,80,80,80,82,82,82,84,84,84,84,86,88,88,88,88,88,88,88,88,90,92,92,92,92,92,92,92,94,94,96,98,100,100,102,102,102,104,106,108,110,112,112,112],"card_choices":[{"not_picked":["Sweeping Beam","Rebound"],"picked":"Genetic Algorithm","floor":0.0},{"not_picked":["Leap","FTL"],"picked":"Gash","floor":0.0},{"not_picked":["Loop","Lockon"],"picked":"Doom and Gloom","floor":0.0},{"not_picked":["Ball Lightning","Redo"],"picked":"Coolheaded","floor":0.0},{"not_picked":["Steam Power","Leap"],"picked":"Reprogram","floor":0.0},{"not_picked":["Go for the Eyes","Barrage"],"picked":"Leap","floor":0.0},{"not_picked":["Aggregate","Ball Lightning"],"picked":"Streamline","floor":0.0},{"not_picked":["Ball Lightning","Barrage"],"picked":"Capacitor","floor":0.0},{"not_picked":["Hologram","Stack"],"picked":"Gash","floor":0.0},{"not_picked":["Sunder","Doom and Gloom"],"picked":"Rebound","floor":0.0},{"not_picked":["Steam Power","Go for the Eyes"],"picked":"Melter","floor":0.0},{"not_picked":["Coolheaded","Cold Snap"],"picked":"Conserve Battery","floor":0.0},{"not_picked":["Compile Driver","Undo"],"picked":"Hologram","floor":0.0},{"not_picked":["Melter","Steam"],"picked":"Gash","floor":0.0},{"not_picked":["Steam Power","Compile Driver"],"picked":"Sweeping Beam","floor":0.0},{"not_picked":["Beam Cell","Streamline","Stack"],"picked":"SKIP","floor":1.0},{"not_picked":["Lockon","Aggregate","Streamline"],"picked":"SKIP","floor":7.0},{"not_picked":["Chaos","Consume"],"picked":"Go for the Eyes","floor":10.0},{"not_picked":["Beam Cell","Heatsinks","Hyperbeam"],"picked":"Singing Bowl","floor":11.0},{"not_picked":["Beam Cell","Compile Driver","Sweeping Beam"],"picked":"Singing Bowl","floor":14.0},{"not_picked":["Thunder Strike","Buffer"],"picked":"Machine Learning","floor":16.0},{"not_picked":["Sweeping Beam+1","Barrage","Loop"],"picked":"Singing Bowl","floor":18.0},{"not_picked":["Hello World","Redo","Chill"],"picked":"Singing Bowl","floor":19.0},{"not_picked":["Chill","Leap"],"picked":"Gash","floor":20.0},{"not_picked":["Reprogram","Consume"],"picked":"Hologram","floor":23.0},{"not_picked":["Glacier","Turbo","Rainbow"],"picked":"Singing Bowl","floor":27.0},{"not_picked":["Reprogram","Undo","Double Energy"],"picked":"Singing Bowl","floor":28.0},{"not_picked":["Defragment","Ball Lightning"],"picked":"Steam","floor":31.0},{"not_picked":["Biased Cognition","Meteor Strike"],"picked":"Seek","floor":33.0},{"not_picked":["Doom and Gloom","Rebound+1","Tempest"],"picked":"Singing Bowl","floor":35.0},{"not_picked":["Leap","Redo+1","Barrage+1"],"picked":"Singing Bowl","floor":37.0},{"not_picked":["Ball Lightning+1","Self Repair","Barrage+1"],"picked":"Singing Bowl","floor":38.0},{"not_picked":["Thunder Strike","Double Energy","FTL+1"],"picked":"Singing Bowl","floor":39.0},{"not_picked":["Loop","Redo","Reinforced Body+1"],"picked":"Singing Bowl","floor":41.0},{"not_picked":["Steam","Go for the Eyes+1","Loop"],"picked":"Singing Bowl","floor":44},{"not_picked":["Compile Driver","Static Discharge+1","Coolheaded+1"],"picked":"Singing Bowl","floor":45},{"not_picked":["Hello World+1","Auto Shields","Rip and Tear+1"],"picked":"Singing Bowl","floor":46},{"not_picked":["Streamline","White Noise","Rip and Tear"],"picked":"Singing Bowl","floor":47},{"not_picked":["Compile Driver","Turbo+1","Static Discharge"],"picked":"Singing Bowl","floor":48}],"player_experience":179667,"relics_obtained":[{"floor":7.0,"key":"Pen Nib"},{"floor":9.0,"key":"Singing Bowl"},{"floor":10.0,"key":"Bag of Marbles"},{"floor":20.0,"key":"Red Mask"},{"floor":23.0,"key":"Anchor"},{"floor":26.0,"key":"White Beast Statue"},{"floor":31.0,"key":"Toy Ornithopter"},{"floor":41.0,"key":"Bottled Lightning"},{"floor":43.0,"key":"FossilizedHelix"},{"floor":46,"key":"StrikeDummy"},{"floor":48,"key":"Question Card"}],"event_choices":[{"damage_healed":0.0,"max_hp_gain":0.0,"max_hp_loss":0.0,"gold_gain":0.0,"event_name":"The Cleric","player_choice":"Leave","floor":3.0,"gold_loss":0.0,"damage_taken":0.0},{"damage_healed":0.0,"max_hp_gain":5.0,"max_hp_loss":0.0,"gold_gain":0.0,"event_name":"Big Fish","player_choice":"Donut","floor":4.0,"gold_loss":0.0,"damage_taken":0.0},{"damage_healed":0.0,"max_hp_gain":0.0,"max_hp_loss":0.0,"gold_gain":0.0,"event_name":"Liars Game","player_choice":"Ignored","floor":5.0,"gold_loss":0.0,"damage_taken":0.0},{"damage_healed":0.0,"max_hp_gain":0.0,"max_hp_loss":0.0,"gold_gain":75.0,"event_name":"World of Goop","player_choice":"Gather Gold","floor":12.0,"gold_loss":0.0,"damage_taken":11.0},{"damage_healed":0.0,"max_hp_gain":0.0,"max_hp_loss":0.0,"gold_gain":0.0,"event_name":"Masked Bandits","player_choice":"Fought Bandits","floor":20.0,"gold_loss":0.0,"damage_taken":0.0},{"damage_healed":0.0,"max_hp_gain":0.0,"max_hp_loss":0.0,"gold_gain":0.0,"event_name":"Ghosts","player_choice":"Ignored","floor":21.0,"gold_loss":0.0,"damage_taken":0.0},{"damage_healed":0.0,"max_hp_gain":0.0,"max_hp_loss":0.0,"gold_gain":99.0,"event_name":"Nest","player_choice":"Stole From Cult","floor":24.0,"gold_loss":0.0,"damage_taken":0.0}],"is_beta":false,"boss_relics":[{"not_picked":["Runic Pyramid","Empty Cage"],"picked":"Sozu"},{"not_picked":["Tiny House","Cursed Key"],"picked":"Nuclear Battery"}],"items_purged_floors":[2,13,36],"is_endless":false,"potions_floor_spawned":[1,11,14,20,23,27,28,31,33,35,37,38,39,41,44,45,46,47,48],"ascension_level":0}}