{"host":"sle1h3v1q4bnun10","time":1607964210,"event":{"mods":["BaseMod","Challenge The Spire","Downfall","Koishi","LagranYue(拉格朗・月)","Marisa（F雨　魔理沙）","Minty Spire (QoL Compilation)","Quick Restart","READ ME - Guardian Mod","Replay The Spire","Shop Mod","StSLib","Td1madao Mod","The Construct","The Cursed","The Disciple","The IronCluck","The Necromancer","The Senshi","The Servant 0.9.4"],"gold_per_floor":[110,110,110,185,197,231,38,56,79,79,95,110,137,37,37,140,140,156,156,170,170,24,58,77,97,97,97,127,144,159,159,159],"floor_reached":31,"playtime":995,"items_purged":["Strike_B","Strike_B"],"score":398,"play_id":"450e6f9d-3fb3-4e86-8182-08704937f4c0","local_time":"20201215004330","is_ascension_mode":true,"campfire_choices":[{"data":"Rip and Tear","floor":10.0,"key":"SMITH"},{"data":"Stack","floor":15.0,"key":"SMITH"},{"data":"Dualcast","floor":27.0,"key":"SMITH"}],"circlet_count":0,"master_deck":["Defend_B+1","Defend_B","Defend_B","Zap+1","Dualcast+1","Beam Cell","Rip and Tear+1","FTL","Stack+1","Beam Cell","Turbo","Coolheaded","Rainbow","Go for the Eyes","Compile Driver","Hologram+1"],"relics":["Cracked Core","NeowsBlessing","Akabeko","Nunchaku","Dream Catcher","DataDisk","Runic Pyramid","Pen Nib","StoneCalendar","Singing Bowl","War Paint"],"acts_visited":[],"potions_floor_usage":[],"damage_taken":[{"damage":0.0,"enemies":"Cultist","floor":1.0,"turns":1.0},{"damage":0.0,"enemies":"Small Slimes","floor":5.0,"turns":1.0},{"damage":0.0,"enemies":"Lagavulin","floor":6.0,"turns":1.0},{"damage":0.0,"enemies":"2 Louse","floor":8.0,"turns":1.0},{"damage":0.0,"enemies":"Exordium Wildlife","floor":11.0,"turns":2.0},{"damage":0.0,"enemies":"Red Slaver","floor":12.0,"turns":1.0},{"damage":0.0,"enemies":"Gremlin Nob","floor":13.0,"turns":2.0},{"damage":7.0,"enemies":"Slime Boss","floor":16.0,"turns":9.0},{"damage":0.0,"enemies":"Spheric Guardian","floor":18.0,"turns":3.0},{"damage":0.0,"enemies":"Shell Parasite","floor":20.0,"turns":4.0},{"damage":8.0,"enemies":"Slavers","floor":23.0,"turns":5.0},{"damage":4.0,"enemies":"Cultist and Chosen","floor":24.0,"turns":4.0},{"damage":19.0,"enemies":"Snake Plant","floor":25.0,"turns":2.0},{"damage":0.0,"enemies":"Book of Stabbing","floor":28.0,"turns":4.0},{"damage":9.0,"enemies":"Chosen and Byrds","floor":29.0,"turns":3.0},{"damage":0.0,"enemies":"Centurion and Healer","floor":30.0,"turns":3.0},{"damage":0,"enemies":"Slavers","floor":31,"turns":1}],"seed_played":"5224257103451048768","potions_obtained":[{"floor":1.0,"key":"Swift Potion"},{"floor":5.0,"key":"SpeedPotion"},{"floor":12.0,"key":"SkillPotion"},{"floor":16.0,"key":"SteroidPotion"},{"floor":18.0,"key":"Dexterity Potion"},{"floor":25.0,"key":"Fire Potion"},{"floor":28.0,"key":"Swift Potion"}],"is_trial":false,"path_per_floor":["M","?","?","?","M","E","$","M","T","R","M","M","E","$","R","B",null,"M","?","M","?","$","E","M","M","T","R","E","M","M","E"],"character_chosen":"DEFECT","items_purchased":["FTL","Stack","Pen Nib"],"campfire_rested":0,"item_purchase_floors":[7,7,22],"current_hp_per_floor":[75,68,50,39,39,39,39,39,39,39,39,39,39,39,39,32,75,75,75,75,75,75,67,63,44,44,44,46,39,39,39,39],"gold":159,"neow_bonus":"THREE_ENEMY_KILL","is_daily":false,"chose_seed":false,"campfire_upgraded":3,"win_rate":0.0,"timestamp":1607964210,"path_taken":["M","?","?","?","M","E","$","M","T","R","M","?","E","?","R","BOSS","M","?","?","?","$","E","M","M","T","R","E","?","M","E"],"items_purchased_type":["Card","Card","Relic"],"build_version":"2020-12-13","purchased_purges":2,"victory":false,"max_hp_per_floor":[75,75,75,75,75,75,75,75,75,75,75,75,75,75,75,75,75,75,75,75,75,75,75,75,75,75,75,77,79,79,79,79],"card_choices":[{"not_picked":["Self Repair","Tempest","Doom and Gloom"],"picked":"SKIP","floor":1.0},{"not_picked":["Redo","Consume"],"picked":"Beam Cell","floor":5.0},{"not_picked":["Static Discharge","Hello World"],"picked":"Rip and Tear","floor":6.0},{"not_picked":["Aggregate","Force Field"],"picked":"Beam Cell","floor":8.0},{"not_picked":["Chaos","FTL"],"picked":"Turbo","floor":11.0},{"not_picked":["Loop","Cold Snap"],"picked":"Coolheaded","floor":12.0},{"not_picked":["Barrage","Redo","Cold Snap"],"picked":"SKIP","floor":13.0},{"not_picked":["Amplify","Multi-Cast"],"picked":"Rainbow","floor":16.0},{"not_picked":["Conserve Battery+1","Coolheaded+1"],"picked":"Go for the Eyes","floor":18.0},{"not_picked":["Redo","Capacitor+1","Cold Snap"],"picked":"SKIP","floor":20.0},{"not_picked":["Blizzard+1","BootSequence","Coolheaded"],"picked":"SKIP","floor":23.0},{"not_picked":["Leap","Hyperbeam"],"picked":"Compile Driver","floor":24.0},{"not_picked":["Ball Lightning+1","Barrage","Sweeping Beam"],"picked":"SKIP","floor":25.0},{"not_picked":["Leap","Conserve Battery+1","Go for the Eyes"],"picked":"Singing Bowl","floor":28.0},{"not_picked":["Chill","Darkness+1","Tempest"],"picked":"Singing Bowl","floor":29.0},{"not_picked":["Go for the Eyes+1","Rip and Tear"],"picked":"Hologram+1","floor":30.0}],"player_experience":172124,"relics_obtained":[{"floor":6.0,"key":"Nunchaku"},{"floor":9.0,"key":"Dream Catcher"},{"floor":13.0,"key":"DataDisk"},{"floor":23.0,"key":"StoneCalendar"},{"floor":26.0,"key":"Singing Bowl"},{"floor":28.0,"key":"War Paint"}],"event_choices":[{"cards_removed":["Strike_B"],"damage_healed":0.0,"max_hp_gain":0.0,"max_hp_loss":0.0,"gold_gain":0.0,"event_name":"Golden Wing","player_choice":"Card Removal","floor":2.0,"gold_loss":0.0,"damage_taken":7.0},{"damage_healed":0.0,"max_hp_gain":0.0,"max_hp_loss":0.0,"gold_gain":0.0,"event_name":"Scrap Ooze","player_choice":"Success","floor":3.0,"gold_loss":0.0,"damage_taken":18.0,"relics_obtained":["Akabeko"]},{"damage_healed":0.0,"max_hp_gain":0.0,"max_hp_loss":0.0,"gold_gain":75.0,"event_name":"World of Goop","player_choice":"Gather Gold","floor":4.0,"gold_loss":0.0,"damage_taken":11.0},{"cards_removed":["Strike_B"],"damage_healed":0.0,"max_hp_gain":0.0,"max_hp_loss":0.0,"gold_gain":0.0,"event_name":"Purifier","player_choice":"Purged","floor":19.0,"gold_loss":0.0,"damage_taken":0.0},{"cards_removed":["Defend_B"],"damage_healed":0.0,"max_hp_gain":0.0,"max_hp_loss":0.0,"gold_gain":0.0,"event_name":"Purifier","player_choice":"Purged","floor":21.0,"gold_loss":0.0,"damage_taken":0.0}],"is_beta":false,"boss_relics":[{"not_picked":["SacredBark","Empty Cage"],"picked":"Runic Pyramid"}],"items_purged_floors":[7,14],"is_endless":false,"potions_floor_spawned":[1,5,12,16,18,25,28],"killed_by":"Slavers","ascension_level":2}}