{"host":"pqs17sqrgflf4eqa","time":1607967234,"event":{"mods":["AchievementEnabler","BaseMod","Bestiary","Better Altar","Colored Map","Colored Powertips","Emptier Cage","Googly Eyes","Highlight Path","Minty Spire (QoL Compilation)","Quick Restart","StSLib","SuperFastMode","Transform Curses","slay the spire mod where everything is the same but ironclad has a cowboy hat"],"gold_per_floor":[118,118,118,118,129,164,181,181,181,211,211,225,74,94,94,195,195,208,222,6,18,28,28,28],"floor_reached":23,"playtime":607,"items_purged":["Defend_B"],"score":274,"play_id":"a2a2b8d1-e724-43ab-b061-1055df960e3d","local_time":"20201214123354","is_ascension_mode":true,"campfire_choices":[{"data":"Defragment","floor":8.0,"key":"SMITH"},{"data":"Zap","floor":11.0,"key":"SMITH"},{"floor":15.0,"key":"REST"}],"circlet_count":0,"master_deck":["Strike_B","Strike_B","Strike_B","Strike_B","Defend_B","Defend_B","Defend_B","Zap+1","Dualcast","Defragment+1","Rebound","Glacier","Coolheaded","Electrodynamics","Stack","Sunder","Creative AI","Defragment","Cold Snap+1","Ball Lightning+1"],"relics":["Cracked Core","NeowsBlessing","Darkstone Periapt","Torii","Blue Candle","Regal Pillow","Philosopher\u0027s Stone","DataDisk"],"acts_visited":["Exordium","TheCity"],"potions_floor_usage":[23],"damage_taken":[{"damage":0.0,"enemies":"Small Slimes","floor":1.0,"turns":1.0},{"damage":0.0,"enemies":"2 Louse","floor":5.0,"turns":1.0},{"damage":0.0,"enemies":"3 Sentries","floor":6.0,"turns":1.0},{"damage":6.0,"enemies":"Cultist","floor":7.0,"turns":3.0},{"damage":23.0,"enemies":"Gremlin Nob","floor":10.0,"turns":5.0},{"damage":6.0,"enemies":"Exordium Thugs","floor":12.0,"turns":4.0},{"damage":1.0,"enemies":"Red Slaver","floor":14.0,"turns":3.0},{"damage":33.0,"enemies":"The Guardian","floor":16.0,"turns":12.0},{"damage":1.0,"enemies":"Chosen","floor":18.0,"turns":6.0},{"damage":26.0,"enemies":"2 Thieves","floor":19.0,"turns":4.0},{"damage":25.0,"enemies":"Cultist and Chosen","floor":21.0,"turns":6.0},{"damage":22.0,"enemies":"Centurion and Healer","floor":22.0,"turns":3.0},{"damage":1,"enemies":"Book of Stabbing","floor":23,"turns":2}],"seed_played":"-1246867828988865846","potions_obtained":[{"floor":1.0,"key":"GamblersBrew"},{"floor":4.0,"key":"Regen Potion"},{"floor":4.0,"key":"SneckoOil"},{"floor":4.0,"key":"SteroidPotion"},{"floor":5.0,"key":"SteroidPotion"},{"floor":21.0,"key":"SpeedPotion"},{"floor":22.0,"key":"Strength Potion"}],"is_trial":false,"path_per_floor":["M","?","?","?","M","E","M","R","T","E","R","M","$","M","R","B",null,"M","M","$","M","M","E"],"character_chosen":"DEFECT","items_purchased":["PotionOfCapacity","Defragment","DataDisk"],"campfire_rested":1,"item_purchase_floors":[13,20,20],"current_hp_per_floor":[75,75,68,68,68,68,62,62,62,39,39,33,33,32,69,36,75,74,48,48,23,1,0,0],"gold":28,"neow_bonus":"THREE_ENEMY_KILL","is_daily":false,"chose_seed":false,"campfire_upgraded":2,"win_rate":0.0,"timestamp":1607967234,"path_taken":["M","?","?","?","M","E","M","R","T","E","R","M","$","M","R","BOSS","M","?","$","M","M","E"],"items_purchased_type":["Potion","Card","Relic"],"build_version":"2020-12-13","purchased_purges":1,"victory":false,"max_hp_per_floor":[75,75,75,75,75,75,75,75,75,75,75,75,75,75,75,75,75,75,75,75,75,75,75,75],"card_choices":[{"not_picked":["Melter","Leap"],"picked":"Defragment","floor":1.0},{"not_picked":["Beam Cell","Steam"],"picked":"Rebound","floor":5.0},{"not_picked":["Tempest","Hologram"],"picked":"Glacier","floor":6.0},{"not_picked":["Gash","Turbo"],"picked":"Coolheaded","floor":7.0},{"not_picked":["Redo","Beam Cell"],"picked":"Electrodynamics","floor":10.0},{"not_picked":["Fusion","Rebound"],"picked":"Stack","floor":12.0},{"not_picked":["Hello World","Beam Cell"],"picked":"Sunder","floor":14.0},{"not_picked":["Machine Learning","Fission"],"picked":"Creative AI","floor":16.0},{"not_picked":["Steam","Rebound+1","Force Field"],"picked":"SKIP","floor":18.0},{"not_picked":["Turbo","Go for the Eyes","Sweeping Beam"],"picked":"SKIP","floor":19.0},{"not_picked":["Barrage","Rebound"],"picked":"Cold Snap+1","floor":21.0},{"not_picked":["Stack+1","Gash"],"picked":"Ball Lightning+1","floor":22.0}],"player_experience":134883,"relics_obtained":[{"floor":6.0,"key":"Torii"},{"floor":9.0,"key":"Blue Candle"},{"floor":10.0,"key":"Regal Pillow"}],"event_choices":[{"damage_healed":0.0,"max_hp_gain":0.0,"max_hp_loss":0.0,"gold_gain":0.0,"event_name":"The Cleric","player_choice":"Leave","floor":2.0,"gold_loss":0.0,"damage_taken":0.0},{"damage_healed":0.0,"max_hp_gain":0.0,"max_hp_loss":0.0,"gold_gain":0.0,"event_name":"Scrap Ooze","player_choice":"Success","floor":3.0,"gold_loss":0.0,"damage_taken":7.0,"relics_obtained":["Darkstone Periapt"]},{"damage_healed":0.0,"max_hp_gain":0.0,"max_hp_loss":0.0,"gold_gain":0.0,"event_name":"Lab","player_choice":"Got Potions","floor":4.0,"gold_loss":0.0,"damage_taken":0.0}],"is_beta":false,"boss_relics":[{"not_picked":["SlaversCollar","FrozenCore"],"picked":"Philosopher\u0027s Stone"}],"items_purged_floors":[13],"is_endless":false,"potions_floor_spawned":[1,5,14,21,22],"killed_by":"Book of Stabbing","ascension_level":4}}