{"host":"05vhm55ztg7fyvhd","time":1607975571,"event":{"mods":["BaseMod","Downfall","Googly Eyes","Hubris","Minty Spire (QoL Compilation)","Replay The Spire","Shop Mod","StSLib"],"gold_per_floor":[99,99,99,99,99,99,153,2,2,2,22,22,70,90,104,209,209,209,9,17,2,28,40,40,40,53,53,70,70,70],"floor_reached":29,"playtime":2198,"items_purged":["Normality"],"score":331,"play_id":"76eadf39-634c-4c78-8809-81af0caccd4e","local_time":"20201214205251","is_ascension_mode":false,"campfire_choices":[{"floor":1,"key":"DIG"},{"data":"sneckomod:UnknownStrike","floor":3,"key":"SMITH"},{"data":"sneckomod:SnekBite","floor":6,"key":"SMITH"},{"data":"sneckomod:UnknownRareSkill","floor":10,"key":"SMITH"},{"data":"Panache","floor":18,"key":"SMITH"},{"floor":25,"key":"REST"},{"floor":27,"key":"REST"}],"circlet_count":0,"master_deck":["sneckomod:Strike","sneckomod:Strike","sneckomod:Strike","sneckomod:Defend","sneckomod:Defend","sneckomod:TailWhip","sneckomod:SnekBite+1","sneckomod:Unknown","sneckomod:Unknown","sneckomod:UnknownStrike+1","sneckomod:UnknownRareSkill+1","Swift Strike","sneckomod:UnknownUncommonPower","Doom and Gloom","Concentrate","Panache+1","Magnetism","Infernal Blade+1","Devotion","sneckomod:RainOfDice+1","sneckomod:Nope","sneckomod:UnlimitedRolls","Flying Knee+1"],"relics":["sneckomod:SneckoSoul","downfall:HeartsMalice","hubris:Metronome","hubris:Icosahedron","Bronze Scales","PrismaticShard","ReplayTheSpireMod:Ring of Exchange","Ring of Misfortune","hubris:RunicObelisk","Membership Card","PreservedInsect","Bottled Flame"],"acts_visited":["Exordium","TheCity"],"potions_floor_usage":[16,22,28,28],"damage_taken":[{"damage":0,"enemies":"Small Slimes","floor":2,"turns":1},{"damage":0,"enemies":"2 Louse","floor":4,"turns":1},{"damage":0,"enemies":"downfall:FleeingMerchant","floor":8,"turns":1},{"damage":0,"enemies":"Cultist","floor":11,"turns":1},{"damage":16,"enemies":"Gremlin Gang","floor":13,"turns":3},{"damage":5,"enemies":"Lots of Slimes","floor":14,"turns":1},{"damage":14,"enemies":"Blue Slaver","floor":15,"turns":3},{"damage":65,"enemies":"downfall:Defect","floor":16,"turns":5},{"damage":2,"enemies":"downfall:FleeingMerchant","floor":19,"turns":4},{"damage":28,"enemies":"Shell Parasite","floor":20,"turns":4},{"damage":10,"enemies":"downfall:FleeingMerchant","floor":21,"turns":5},{"damage":54,"enemies":"Gremlin Leader","floor":22,"turns":4},{"damage":10,"enemies":"Chosen","floor":23,"turns":2},{"damage":23,"enemies":"Snecko","floor":26,"turns":4},{"damage":21,"enemies":"Snake Plant","floor":28,"turns":2},{"damage":14,"enemies":"Centurion and Healer","floor":29,"turns":2}],"seed_played":"-5620993206304040831","potions_obtained":[{"floor":13,"key":"Regen Potion"},{"floor":14,"key":"Block Potion"},{"floor":15,"key":"Venom Potion"},{"floor":16,"key":"BlessingOfTheForge"},{"floor":23,"key":"sneckomod:DiceRollPotion"}],"is_trial":false,"path_per_floor":["R","M","R","M","?","R","T","$","?","R","M","?","M","M","M","B",null,"R","$","M","$","E","M","T","R","M","R","M","M"],"character_chosen":"THE_SNECKO","items_purchased":["PrismaticShard","Membership Card"],"campfire_rested":2,"item_purchase_floors":[8,19],"current_hp_per_floor":[90,91,91,91,91,91,91,92,92,92,92,93,77,72,58,20,93,93,91,63,53,13,3,3,30,7,34,13,0,0],"gold":70,"neow_bonus":"THREE_ENEMY_KILL","is_daily":false,"chose_seed":false,"campfire_upgraded":4,"win_rate":0.0,"timestamp":1607975571,"path_taken":["R","M","R","M","?","R","T","$","?","R","M","?","M","M","M","BOSS","R","?","?","?","E","M","T","R","M","R","M","M"],"items_purchased_type":["Relic","Relic"],"build_version":"2020-12-13","purchased_purges":1,"victory":false,"max_hp_per_floor":[90,91,91,91,91,91,91,92,92,92,92,93,93,93,93,93,93,93,93,93,93,93,93,93,93,93,93,93,93,93],"card_choices":[{"not_picked":["sneckomod:SoulDraw","sneckomod:UnknownCommonSkill"],"picked":"sneckomod:UnknownStrike","floor":2},{"not_picked":["sneckomod:DefensiveFlair","sneckomod:UnknownBlock","sneckomod:SoulDraw"],"picked":"SKIP","floor":4},{"not_picked":["sneckomod:DiceCrush","sneckomod:UnknownClassTHE_CHAMP_GRAY"],"picked":"sneckomod:UnknownRareSkill","floor":8},{"not_picked":["champ:Haymaker","CutThroughFate"],"picked":"Swift Strike","floor":11},{"not_picked":["hexamod:FastForward","Go for the Eyes"],"picked":"Doom and Gloom","floor":13},{"not_picked":["Dodge and Roll","Flechettes"],"picked":"Concentrate","floor":14},{"not_picked":["Reinforced Body","Hologram","Slimebound:GrowthPunch"],"picked":"SKIP","floor":15},{"not_picked":["Unload","Phantasmal Killer"],"picked":"Panache","floor":16},{"not_picked":["Armaments","Replay:BasicMightCard"],"picked":"Magnetism","floor":19},{"not_picked":["Go for the Eyes","hexamod:TurnItUp"],"picked":"Infernal Blade+1","floor":20},{"not_picked":["Pommel Strike","Hologram","Slimebound:ItLooksTasty"],"picked":"SKIP","floor":20},{"not_picked":["Steam+1","ReplayTheSpireMod:Strike From Hell"],"picked":"Devotion","floor":21},{"not_picked":["Slimebound:SlimeSpikes","CrushJoints"],"picked":"sneckomod:RainOfDice+1","floor":22},{"not_picked":["Anger+1","Reckless Charge"],"picked":"sneckomod:Nope","floor":23},{"not_picked":["Replay:Cycle","sneckomod:DiceBlock"],"picked":"sneckomod:UnlimitedRolls","floor":26},{"not_picked":["sneckomod:QuickBite","Slimebound:RollThrough"],"picked":"Flying Knee+1","floor":28}],"player_experience":423723,"relics_obtained":[{"floor":1,"key":"hubris:Metronome"},{"floor":7,"key":"Bronze Scales"},{"floor":9,"key":"ReplayTheSpireMod:Ring of Exchange"},{"floor":9,"key":"Ring of Misfortune"},{"floor":22,"key":"PreservedInsect"},{"floor":24,"key":"Bottled Flame"}],"event_choices":[{"damage_healed":0,"gold_gain":0,"cards_transformed":["sneckomod:Defend"],"player_choice":"Transformed","damage_taken":0,"max_hp_gain":0,"max_hp_loss":0,"event_name":"Transmorgrifier","floor":12,"gold_loss":0,"cards_obtained":["sneckomod:UnknownUncommonPower"]}],"is_beta":false,"boss_relics":[{"not_picked":["OrangePellets","hubris:TerracottaHorce"],"picked":"hubris:RunicObelisk"}],"items_purged_floors":[19],"is_endless":false,"potions_floor_spawned":[13,14,15,16,23,26],"killed_by":"Centurion and Healer","ascension_level":0}}