{"host":"k6qwgpygxbgz06bg","time":1607967300,"event":{"mods":["BaseMod","Beaked The Cultist","Better Third Choice","BetterRewards","Clockwork Mod","Colored Map","Downfall","Friendly Minions","Infinite Spire","Marisa????????","Minty Spire (QoL Compilation)","Replay The Spire","StSLib","The Administrix","The Bug Knight","The Cursed","The Gatherer","The Mystic","The Witch"],"gold_per_floor":[99,116,116,116,26,26,107,118,26,26,43,143,162,178,192,292,292,292,292,292,310,321,333,360,360,360],"floor_reached":25,"playtime":1410,"items_purged":["Regret"],"score":193,"play_id":"fe2fbdb0-8c2a-40d6-9303-8ae59e025d48","local_time":"20201214183500","is_ascension_mode":false,"campfire_choices":[{"data":"sneckomod:Unknown","floor":1,"key":"SMITH"},{"data":"sneckomod:Unknown","floor":4,"key":"SMITH"},{"data":"sneckomod:UnknownBlock","floor":6,"key":"SMITH"},{"data":"sneckomod:UnknownUncommonPower","floor":10,"key":"SMITH"},{"data":"sneckomod:SoulExchange","floor":18,"key":"SMITH"},{"data":"Replay:Fractal Strike","floor":20,"key":"SMITH"}],"circlet_count":0,"master_deck":["sneckomod:Strike","sneckomod:Strike","sneckomod:Strike","sneckomod:Defend","sneckomod:Defend","sneckomod:Defend+1","sneckomod:TailWhip+1","sneckomod:SnekBite","sneckomod:Unknown+1","sneckomod:Unknown+1","sneckomod:Mudshield","sneckomod:TrashToTreasure+1","sneckomod:UnknownBlock+1","sneckomod:SnekBeam","sneckomod:UnknownUncommonSkill","sneckomod:UnknownUncommonPower+1","sneckomod:UnknownClassRED","sneckomod:Nope","sneckomod:UnknownRarePower","sneckomod:UnknownClassPURPLE","sneckomod:SoulExchange+1","Replay:Fractal Strike+1","sneckomod:UnknownX","sneckomod:Rotation+1","sneckomod:UnknownStrike+1","ReplayTheSpireMod:IOU","Clockwork:WoundupStrike"],"relics":["sneckomod:SneckoSoul","infinitespire:CheckeredPen","Cursed Key","sneckomod:LoadedDie"],"acts_visited":["Exordium","TheCity"],"potions_floor_usage":[16,16,22,25,25],"damage_taken":[{"damage":1,"enemies":"Cultist","floor":2,"turns":3},{"damage":7,"enemies":"downfall:FleeingMerchant","floor":5,"turns":4},{"damage":1,"enemies":"Jaw Worm","floor":8,"turns":3},{"damage":10,"enemies":"downfall:FleeingMerchant","floor":9,"turns":4},{"damage":10,"enemies":"Small Slimes","floor":11,"turns":5},{"damage":4,"enemies":"Gremlin Gang","floor":13,"turns":4},{"damage":17,"enemies":"Large Slime","floor":14,"turns":5},{"damage":5,"enemies":"Exordium Wildlife","floor":15,"turns":4},{"damage":25,"enemies":"downfall:Watcher","floor":16,"turns":5},{"damage":15,"enemies":"Chosen","floor":21,"turns":6},{"damage":12,"enemies":"Shell Parasite","floor":22,"turns":3},{"damage":23,"enemies":"Snecko","floor":23,"turns":6},{"damage":24,"enemies":"Slavers","floor":25,"turns":3}],"seed_played":"8672935544538795343","potions_obtained":[{"floor":8,"key":"Strength Potion"},{"floor":13,"key":"BlessingOfTheForge"},{"floor":16,"key":"Block Potion"},{"floor":21,"key":"Swift Potion"},{"floor":22,"key":"Ancient Potion"}],"is_trial":false,"path_per_floor":["R","M","?","R","$","R","T","M","$","R","M","?","M","M","M","B",null,"R","?","R","M","M","M","T","E"],"character_chosen":"THE_SNECKO","items_purchased":["sneckomod:UnknownUncommonPower"],"campfire_rested":0,"item_purchase_floors":[9],"current_hp_per_floor":[90,89,89,89,83,83,83,82,74,74,72,72,74,58,56,31,96,96,72,72,58,46,24,24,0,0],"gold":360,"neow_bonus":"ONE_RANDOM_RARE_CARD","is_daily":false,"chose_seed":false,"campfire_upgraded":6,"win_rate":0.0,"timestamp":1607967300,"path_taken":["R","?","?","R","$","R","T","M","?","R","M","?","?","M","M","BOSS","R","?","R","M","M","M","T","E"],"items_purchased_type":["Card"],"build_version":"2020-11-30","purchased_purges":1,"victory":false,"max_hp_per_floor":[90,90,90,90,91,91,91,91,93,93,94,94,94,95,96,96,96,96,96,96,97,97,98,98,98,98],"card_choices":[{"not_picked":["sneckomod:IronFang","sneckomod:SoulDraw"],"picked":"sneckomod:TrashToTreasure","floor":2},{"not_picked":["sneckomod:UnknownCommonAttack","sneckomod:MasterEye"],"picked":"sneckomod:UnknownBlock","floor":5},{"not_picked":["sneckomod:UnknownCommonAttack","sneckomod:IronFang"],"picked":"sneckomod:SnekBeam","floor":8},{"not_picked":["sneckomod:UnknownCommonAttack","sneckomod:TrashToTreasure"],"picked":"sneckomod:UnknownUncommonSkill","floor":9},{"not_picked":["sneckomod:UnknownBlock","sneckomod:UnknownClassSLIMEBOUND"],"picked":"sneckomod:UnknownClassRED","floor":11},{"not_picked":["sneckomod:IronFang","sneckomod:UnknownCommonSkill"],"picked":"sneckomod:Nope","floor":13},{"not_picked":["sneckomod:WideSting","sneckomod:UnknownUncommonSkill"],"picked":"sneckomod:UnknownRarePower","floor":14},{"not_picked":["sneckomod:UnknownClassTHE_CURSED_PURPLE","sneckomod:UnknownCommonAttack"],"picked":"sneckomod:UnknownClassPURPLE","floor":15},{"not_picked":["sneckomod:Mudshield","sneckomod:Restock"],"picked":"sneckomod:SoulExchange","floor":16},{"not_picked":["infinitespire:FinalStrike","infinitespire:Menacing"],"picked":"Replay:Fractal Strike","floor":19},{"not_picked":["sneckomod:SoulDraw","sneckomod:UnknownBlock"],"picked":"sneckomod:UnknownX","floor":21},{"not_picked":["sneckomod:SoulRoll","sneckomod:SlitherStrike"],"picked":"sneckomod:Rotation+1","floor":22},{"not_picked":["sneckomod:SnekBeam","sneckomod:WideSting"],"picked":"sneckomod:UnknownStrike+1","floor":23}],"player_experience":202812,"relics_obtained":[{"floor":7,"key":"infinitespire:CheckeredPen"},{"floor":24,"key":"sneckomod:LoadedDie"}],"event_choices":[],"is_beta":false,"boss_relics":[{"not_picked":["Pandora\u0027s Box","Replay:Drink Me"],"picked":"Cursed Key"}],"items_purged_floors":[5],"is_endless":false,"potions_floor_spawned":[8,13,16,21,22],"killed_by":"Slavers","ascension_level":0}}