{"host":"Fredi","time":1607934009,"event":{"mods":["AchievementEnabler","Act Like it!","BaseMod","Better Altar","Better Match","Better Note","Better Sensory Stone","Better Skull","Better Third Choice","Block Reminder","Colored Map","Colored Powertips","Custom Start","Downfall","Gensokyo","Hermit","Highlight Path","Mimic Mod","Minty Spire (QoL Compilation)","Permanent Neow","Quick Restart","Rare Cards Sparkle","Relic Stats","Shop Mod","StSLib","The Cursed","The Runesmith","Transform Curses","Wandering Minibosses","everything is the same but u backflip on backflip"],"gold_per_floor":[367,367,65,84,104,132,165,194,228,228,228],"floor_reached":10,"playtime":712,"items_purged":[],"score":80,"play_id":"1e960414-8810-44dc-b627-55408768eac2","local_time":"20201214002009","is_ascension_mode":true,"campfire_choices":[],"circlet_count":0,"master_deck":["Strike_R","Strike_R","Strike_R","Strike_R","Strike_R","Defend_R","Defend_R","Defend_R","Defend_R","Bash","Clash","Bloodletting","Flex","Inflame"],"relics":["Burning Blood","HandDrill","Tiny Chest","Happy Flower","Eternal Feather","Pen Nib"],"acts_visited":["Exordium"],"potions_floor_usage":[8,8,9,10],"damage_taken":[{"damage":3,"enemies":"Jaw Worm","floor":1,"turns":4},{"damage":6,"enemies":"Cultist","floor":4,"turns":3},{"damage":5,"enemies":"Small Slimes","floor":5,"turns":4},{"damage":48,"enemies":"3 Sentries","floor":6,"turns":11},{"damage":17,"enemies":"2 Fungi Beasts","floor":7,"turns":8},{"damage":11,"enemies":"Gremlin Nob","floor":8,"turns":3},{"damage":5,"enemies":"2 Fungi Beasts","floor":9,"turns":7},{"damage":24,"enemies":"Lagavulin","floor":10,"turns":4}],"seed_played":"5584514709390593100","potions_obtained":[{"floor":1,"key":"sneckomod:MuddlingPotion"},{"floor":2,"key":"GamblersBrew"},{"floor":2,"key":"LiquidMemories"},{"floor":8,"key":"Strength Potion"}],"is_trial":false,"path_per_floor":["M","?","$","M","M","E","MIM","E","MIM","E"],"character_chosen":"IRONCLAD","items_purchased":["HandDrill","Tiny Chest"],"campfire_rested":0,"item_purchase_floors":[3,3],"current_hp_per_floor":[72,72,72,72,72,30,19,14,15,0,0],"gold":228,"neow_bonus":"TWO_FIFTY_GOLD","is_daily":false,"chose_seed":false,"campfire_upgraded":0,"win_rate":0.0,"timestamp":1607934009,"path_taken":["M","?","$","?","M","E","?","E","MIM","E"],"items_purchased_type":["Relic","Relic"],"build_version":"2020-12-07","purchased_purges":0,"victory":false,"max_hp_per_floor":[72,72,72,72,72,72,72,72,72,72,72],"relic_stats":{"Happy Flower":[7],"counters":[8,44],"Tiny Chest":0,"Eternal Feather":0,"Pen Nib":[0],"HandDrill":[14],"obtain_stats":[{"Happy Flower":6,"Tiny Chest":3,"Eternal Feather":8,"Pen Nib":9,"HandDrill":3,"Burning Blood":0},{"Happy Flower":4,"Tiny Chest":1,"Eternal Feather":6,"Pen Nib":7,"HandDrill":1,"Burning Blood":0},{"Happy Flower":22,"Tiny Chest":4,"Eternal Feather":33,"Pen Nib":40,"HandDrill":4,"Burning Blood":0}],"Burning Blood":38},"card_choices":[{"not_picked":["Body Slam","Thunderclap","Havoc"],"picked":"SKIP","floor":1},{"not_picked":["Searing Blow","Perfected Strike","Feel No Pain"],"picked":"SKIP","floor":4},{"not_picked":["Feel No Pain","Body Slam"],"picked":"Clash","floor":5},{"not_picked":["Clash","Flex"],"picked":"Bloodletting","floor":6},{"not_picked":["Wild Strike","Armaments"],"picked":"Flex","floor":7},{"not_picked":["Sentinel","Juggernaut"],"picked":"Inflame","floor":8}],"player_experience":224417,"relics_obtained":[{"floor":6,"key":"Happy Flower"},{"floor":8,"key":"Eternal Feather"},{"floor":9,"key":"Pen Nib"}],"event_choices":[{"damage_healed":0,"gold_gain":0,"player_choice":"Got Potions","damage_taken":0,"max_hp_gain":0,"max_hp_loss":0,"event_name":"Lab","floor":2,"gold_loss":0}],"is_beta":true,"boss_relics":[],"items_purged_floors":[],"is_endless":false,"potions_floor_spawned":[1,8],"killed_by":"Lagavulin","ascension_level":1}}