{"host":"e4hse1vg61zltgzv","time":1607914570,"event":{"mods":["AchievementEnabler","BaseMod","Block Reminder","Colored Map","DeckTracker","GifTheSpireLib","Minty Spire (QoL Compilation)","Rare Cards Sparkle","StSLib","SuperFastMode","everything is the same but u backflip on backflip"],"gold_per_floor":[111,36,49,20,20,55,55,71,71,99,99,99,0,21,21,117,117,130,130,170,185,210,210,251,251,251,274,274,17,42,55,55,146,146,161,161,185,110,27,66,89,89,89,311,325,70,88,122,122,122,122,122,122,22,57,57],"floor_reached":57,"playtime":2047,"items_purged":["Outmaneuver","Pain","Quick Slash","Dagger Spray","Dagger Throw","Survivor"],"score":3155,"play_id":"66065b45-1b56-4788-bcbd-c6ad6cd0c9f3","local_time":"20201214115610","is_ascension_mode":true,"campfire_choices":[{"data":"Calculated Gamble","floor":7,"key":"SMITH"},{"data":"Noxious Fumes","floor":15,"key":"SMITH"},{"data":"Tactician","floor":23,"key":"SMITH"},{"floor":28,"key":"RECALL"},{"data":"Acrobatics","floor":32,"key":"SMITH"},{"data":"Deadly Poison","floor":42,"key":"SMITH"},{"data":"Escape Plan","floor":49,"key":"SMITH"},{"data":"Deflect","floor":53,"key":"SMITH"}],"circlet_count":0,"master_deck":["AscendersBane","Neutralize+1","PiercingWail","Noxious Fumes+1","PiercingWail","Calculated Gamble+1","Deflect+1","Escape Plan+1","Deadly Poison+1","Escape Plan+1","Tactician+1","Acrobatics+1","Grand Finale","Acrobatics+1"],"relics":["Ring of the Snake","Pandora\u0027s Box","NeowsBlessing","WarpedTongs","Mercury Hourglass","Matryoshka","Whetstone","Strawberry","InkBottle","Golden Idol","Runic Pyramid","Red Mask","Eternal Feather","PreservedInsect","Gremlin Horn","Membership Card","Philosopher\u0027s Stone","Medical Kit","Happy Flower","Turnip","Ginger","Bottled Flame"],"acts_visited":["Exordium","TheCity","TheBeyond","TheEnding"],"potions_floor_usage":[10,10,20,40,41,51,56],"damage_taken":[{"damage":0,"enemies":"Cultist","floor":1,"turns":1},{"damage":0,"enemies":"Small Slimes","floor":3,"turns":1},{"damage":0,"enemies":"Gremlin Nob","floor":6,"turns":1},{"damage":1,"enemies":"Jaw Worm","floor":8,"turns":2},{"damage":17,"enemies":"3 Sentries","floor":10,"turns":5},{"damage":0,"enemies":"Large Slime","floor":14,"turns":3},{"damage":10,"enemies":"Hexaghost","floor":16,"turns":6},{"damage":0,"enemies":"Spheric Guardian","floor":18,"turns":4},{"damage":8,"enemies":"Masked Bandits","floor":20,"turns":2},{"damage":0,"enemies":"3 Byrds","floor":21,"turns":2},{"damage":0,"enemies":"Snake Plant","floor":22,"turns":3},{"damage":0,"enemies":"Gremlin Leader","floor":24,"turns":4},{"damage":1,"enemies":"Centurion and Healer","floor":27,"turns":3},{"damage":0,"enemies":"Snecko","floor":30,"turns":3},{"damage":0,"enemies":"Snake Plant","floor":31,"turns":3},{"damage":0,"enemies":"Collector","floor":33,"turns":3},{"damage":0,"enemies":"3 Darklings","floor":35,"turns":2},{"damage":0,"enemies":"3 Shapes","floor":37,"turns":3},{"damage":24,"enemies":"Nemesis","floor":40,"turns":5},{"damage":0,"enemies":"Jaw Worm Horde","floor":41,"turns":2},{"damage":0,"enemies":"Maw","floor":45,"turns":3},{"damage":3,"enemies":"4 Shapes","floor":47,"turns":4},{"damage":0,"enemies":"Reptomancer","floor":48,"turns":2},{"damage":0,"enemies":"Donu and Deca","floor":50,"turns":3},{"damage":34,"enemies":"Time Eater","floor":51,"turns":8},{"damage":0,"enemies":"Shield and Spear","floor":55,"turns":2},{"damage":10,"enemies":"The Heart","floor":56,"turns":5}],"seed_played":"5863933311392981506","potions_obtained":[{"floor":6,"key":"ColorlessPotion"},{"floor":8,"key":"Poison Potion"},{"floor":18,"key":"DuplicationPotion"},{"floor":21,"key":"LiquidMemories"},{"floor":27,"key":"Energy Potion"},{"floor":40,"key":"Strength Potion"},{"floor":45,"key":"Poison Potion"}],"is_trial":false,"path_per_floor":["M","$","M","$","?","E","R","M","T","E","T","?","$","M","R","B",null,"M","?","?","M","M","R","E","?","T","M","R","$","M","M","R","B",null,"M","?","M","$","$","E","M","R","T","?","M","$","M","E","R","B","B",null,"R","$","E","B",null],"character_chosen":"THE_SILENT","items_purchased":["Deadly Poison","Membership Card","Acrobatics","Medical Kit","Turnip"],"campfire_rested":0,"item_purchase_floors":[4,29,29,39,46],"current_hp_per_floor":[59,59,59,59,59,59,59,58,58,41,48,23,23,23,23,13,58,58,58,50,50,50,50,50,50,50,49,58,58,58,58,67,67,72,72,83,83,83,83,59,59,68,68,68,68,68,65,65,71,71,37,72,78,78,78,68],"gold":57,"neow_bonus":"THREE_ENEMY_KILL","is_daily":false,"chose_seed":false,"campfire_upgraded":7,"win_rate":0.0,"timestamp":1607914570,"path_taken":["M","?","M","$","?","E","R","?","T","E","?","?","$","M","R","BOSS","M","?","?","M","M","R","E","?","T","?","R","?","?","M","R","BOSS","M","?","M","?","$","E","?","R","T","?","M","?","?","E","R","BOSS","BOSS","R","$","E","BOSS"],"items_purchased_type":["Card","Relic","Card","Relic","Relic"],"build_version":"2020-12-13","purchased_purges":6,"victory":true,"max_hp_per_floor":[66,66,66,66,66,66,66,66,66,66,73,73,73,73,73,73,73,73,73,73,73,73,73,73,73,73,73,73,73,73,73,73,73,73,73,83,83,83,83,83,83,83,83,83,83,83,83,83,83,83,83,83,83,83,83,83],"card_choices":[{"not_picked":["Dagger Spray","Outmaneuver"],"picked":"Deflect","floor":1},{"not_picked":["Cloak And Dagger","Bane"],"picked":"Escape Plan","floor":3},{"not_picked":["Footwork","PiercingWail","Slice"],"picked":"SKIP","floor":6},{"not_picked":["Dagger Spray","Blade Dance","Underhanded Strike"],"picked":"SKIP","floor":8},{"not_picked":["Blur","Noxious Fumes","Prepared"],"picked":"SKIP","floor":10},{"not_picked":["Escape Plan","Dagger Spray","Night Terror"],"picked":"SKIP","floor":14},{"not_picked":["Choke","PiercingWail"],"picked":"Escape Plan+1","floor":18},{"not_picked":["Skewer","Deadly Poison","Escape Plan"],"picked":"SKIP","floor":21},{"not_picked":["Dodge and Roll","Flying Knee","Quick Slash"],"picked":"SKIP","floor":22},{"not_picked":["Dagger Spray","Infinite Blades+1","Catalyst"],"picked":"SKIP","floor":24},{"not_picked":["A Thousand Cuts","Catalyst","Concentrate"],"picked":"SKIP","floor":27},{"not_picked":["Bane","Dodge and Roll","Underhanded Strike"],"picked":"SKIP","floor":30},{"not_picked":["Quick Slash","Distraction","Heel Hook"],"picked":"SKIP","floor":31},{"not_picked":["Slice+1","Distraction","Bane+1"],"picked":"SKIP","floor":35},{"not_picked":["Outmaneuver+1","Blade Dance","Footwork"],"picked":"SKIP","floor":37},{"not_picked":["Terror","Poisoned Stab+1","Skewer"],"picked":"SKIP","floor":40},{"not_picked":["Flying Knee","Quick Slash","Cloak And Dagger"],"picked":"SKIP","floor":41},{"not_picked":["Escape Plan","Backflip","Blade Dance"],"picked":"SKIP","floor":45},{"not_picked":["Flying Knee","Wraith Form v2","Choke"],"picked":"SKIP","floor":47},{"not_picked":["Outmaneuver","Burst","Dodge and Roll"],"picked":"SKIP","floor":48},{"not_picked":["Slice","Outmaneuver+1"],"picked":"Acrobatics+1","floor":55}],"player_experience":731239,"relics_obtained":[{"floor":6,"key":"Mercury Hourglass"},{"floor":9,"key":"Matryoshka"},{"floor":10,"key":"Whetstone"},{"floor":11,"key":"Strawberry"},{"floor":11,"key":"InkBottle"},{"floor":20,"key":"Red Mask"},{"floor":24,"key":"Eternal Feather"},{"floor":26,"key":"PreservedInsect"},{"floor":26,"key":"Gremlin Horn"},{"floor":40,"key":"Happy Flower"},{"floor":48,"key":"Ginger"},{"floor":55,"key":"Bottled Flame"}],"event_choices":[{"damage_healed":0,"gold_gain":0,"player_choice":"Rummage","damage_taken":0,"relics_obtained":["WarpedTongs"],"max_hp_gain":0,"max_hp_loss":0,"event_name":"Accursed Blacksmith","floor":5,"gold_loss":0,"cards_obtained":["Pain"]},{"damage_healed":0,"gold_gain":0,"player_choice":"Take Damage","damage_taken":25,"relics_obtained":["Golden Idol"],"max_hp_gain":0,"max_hp_loss":0,"event_name":"Golden Idol","floor":12,"gold_loss":0},{"damage_healed":0,"gold_gain":0,"player_choice":"Read","damage_taken":0,"max_hp_gain":0,"max_hp_loss":0,"event_name":"The Library","floor":19,"gold_loss":0,"cards_obtained":["Tactician"]},{"damage_healed":0,"gold_gain":0,"player_choice":"Fought Bandits","damage_taken":0,"max_hp_gain":0,"max_hp_loss":0,"event_name":"Masked Bandits","floor":20,"gold_loss":0},{"damage_healed":0,"gold_gain":0,"player_choice":"0 cards matched","damage_taken":0,"max_hp_gain":0,"max_hp_loss":0,"event_name":"Match and Keep!","floor":25,"gold_loss":0,"cards_obtained":[]},{"cards_removed":["Corpse Explosion"],"damage_healed":1,"gold_gain":0,"player_choice":"Offered Rare","damage_taken":0,"max_hp_gain":10,"max_hp_loss":0,"event_name":"Bonfire Elementals","floor":36,"gold_loss":0},{"damage_healed":0,"gold_gain":222,"player_choice":"Wore Mask","damage_taken":0,"max_hp_gain":0,"max_hp_loss":0,"event_name":"Tomb of Lord Red Mask","floor":44,"gold_loss":0}],"is_beta":false,"boss_relics":[{"not_picked":["Pandora\u0027s Box","HoveringKite"],"picked":"Runic Pyramid"},{"not_picked":["Velvet Choker","SacredBark"],"picked":"Philosopher\u0027s Stone"}],"items_purged_floors":[2,13,29,38,46,54],"is_endless":false,"potions_floor_spawned":[6,8,18,21,27,31,37,40,45],"ascension_level":20}}