{"host":"xpedwhml4to70g3q","time":1607952092,"event":{"mods":["Act Like it!","BaseMod","Curses Come First","Hallownest","KomeijiMod","Minty Spire (QoL Compilation)","Spicy Shops","StSLib","The Bug Knight"],"gold_per_floor":[111,121,121,133,144,144,169,169,169,67,67,67],"floor_reached":11,"playtime":423,"items_purged":[],"score":73,"play_id":"4cc28ece-fb2c-4581-8103-1874d3a424d7","local_time":"20201214212132","is_ascension_mode":false,"campfire_choices":[],"circlet_count":0,"master_deck":["HollowMod:NailStrikeStart","HollowMod:NailStrikeStart","HollowMod:NailStrikeStart","HollowMod:NailStrikeStart","HollowMod:QuickDashStart","HollowMod:QuickDashStart","HollowMod:QuickDashStart","HollowMod:QuickDashStart","HollowMod:FocusHealStart","HollowMod:PogoStrike","HollowMod:CycloneSlash","HollowMod:MonarchWings","HollowMod:Weaversong","HollowMod:CycloneSlash","HollowMod:LifebloodCore","HollowMod:PureNailStrike"],"relics":["HollowMod:VesselMask","NeowsBlessing","InkBottle","White Beast Statue"],"acts_visited":["Exordium"],"potions_floor_usage":[7],"damage_taken":[{"damage":0,"enemies":"Small Slimes","floor":1,"turns":1},{"damage":0,"enemies":"Cultist","floor":2,"turns":1},{"damage":0,"enemies":"Jaw Worm","floor":4,"turns":1},{"damage":23,"enemies":"Large Slime","floor":5,"turns":7},{"damage":34,"enemies":"Gremlin Nob","floor":7,"turns":4},{"damage":48,"enemies":"Lagavulin","floor":11,"turns":6}],"seed_played":"8796438223763141433","potions_obtained":[{"floor":2,"key":"LiquidMemories"}],"is_trial":false,"path_per_floor":["M","M","?","M","M","?","E","?","T","$","E"],"character_chosen":"THE_BUGKNIGHT","items_purchased":["HollowMod:PureNailStrike"],"campfire_rested":0,"item_purchase_floors":[10],"current_hp_per_floor":[75,75,75,75,62,62,34,27,27,27,0,0],"gold":67,"neow_bonus":"THREE_ENEMY_KILL","is_daily":false,"chose_seed":false,"campfire_upgraded":0,"win_rate":0.0,"timestamp":1607952092,"path_taken":["M","M","?","?","M","?","E","?","T","$","E"],"items_purchased_type":["Card"],"build_version":"2020-12-13","purchased_purges":0,"victory":false,"max_hp_per_floor":[75,75,75,75,75,75,75,75,75,75,75,75],"card_choices":[{"not_picked":["HollowMod:SoulSplash","HollowMod:NewJinnsSoul"],"picked":"HollowMod:CycloneSlash","floor":1},{"not_picked":["HollowMod:SharpenedNail","HollowMod:TaintedHusks"],"picked":"HollowMod:MonarchWings","floor":2},{"not_picked":["HollowMod:DoubleDash","HollowMod:MonarchWings"],"picked":"HollowMod:Weaversong","floor":4},{"not_picked":["HollowMod:CoiledNail","HollowMod:InfectedAttack"],"picked":"HollowMod:CycloneSlash","floor":5},{"not_picked":["HollowMod:SoulSplash","HollowMod:NewLittleFool"],"picked":"HollowMod:LifebloodCore","floor":7}],"player_experience":100188,"relics_obtained":[{"floor":7,"key":"InkBottle"},{"floor":9,"key":"White Beast Statue"}],"event_choices":[{"damage_healed":0,"gold_gain":0,"player_choice":"Cursed","damage_taken":0,"max_hp_gain":0,"max_hp_loss":0,"event_name":"Wheel of Change","floor":3,"gold_loss":0,"cards_obtained":["Decay"]},{"damage_healed":0,"gold_gain":0,"cards_transformed":["Decay"],"player_choice":"Change","damage_taken":0,"max_hp_gain":0,"max_hp_loss":0,"event_name":"Living Wall","floor":6,"gold_loss":0,"cards_obtained":["Normality"]},{"cards_removed":["Normality"],"damage_healed":0,"gold_gain":0,"player_choice":"Card Removal","damage_taken":7,"max_hp_gain":0,"max_hp_loss":0,"event_name":"Golden Wing","floor":8,"gold_loss":0}],"is_beta":false,"boss_relics":[],"items_purged_floors":[],"is_endless":false,"potions_floor_spawned":[2],"killed_by":"Lagavulin","ascension_level":0}}