{"host":"e40jm352kjzixotw","time":1607972086,"event":{"mods":["BaseMod","Better Altar","Colored Map","Colored Powertips","DeckTracker","Dota2Spire","Downfall","Marisa????????","Minty Spire (QoL Compilation)","Onozuka Komachi Mod","Relic Stats","Remilia??????","StSLib","Td1madao Mod","The Animator","The Hierophant","The Mystic","The Servant 0.9.4","Yuyuko"],"gold_per_floor":[110,285,285,254,254,254,297,60,60,75,114,194,255,311,311,470,470,523,239,294,347,401,401,401,401],"floor_reached":24,"playtime":1768,"items_purged":["Doubt","Backup"],"score":277,"play_id":"d49722c4-ca19-45f9-8fff-5a9b48614c26","local_time":"20201214195446","is_ascension_mode":true,"campfire_choices":[{"data":"Three Hit","floor":6.0,"key":"SMITH"},{"floor":15.0,"key":"REST"},{"floor":23,"key":"REST"}],"circlet_count":0,"master_deck":["Strike_C","Strike_C","Strike_C","Defend_C","Defend_C","Defend_C","Knight Kick","Chip","Three Hit+1","Black Spear","Black Contract","Reinforcement Parts","Here Defend Chip","Fixing","Shockwave Tdmadao","Floating Swing Kick","Black Contract","Here Defend Chip","Transfer Energy","Weapon Shift"],"relics":["Apod","FossilizedHelix","Golden Idol","Dota2Spire:OrchidMalevolence","Dota2Spire:HandOfMidas","HornCleat","Odd Mushroom","Empty Cage"],"acts_visited":["Exordium","TheCity"],"potions_floor_usage":[24],"damage_taken":[{"damage":5.0,"enemies":"Small Slimes","floor":1.0,"turns":4.0},{"damage":0.0,"enemies":"Gremlin Nob","floor":7.0,"turns":3.0},{"damage":0.0,"enemies":"Jaw Worm","floor":10.0,"turns":2.0},{"damage":16.0,"enemies":"Lagavulin","floor":11.0,"turns":5.0},{"damage":0.0,"enemies":"2 Louse","floor":12.0,"turns":6.0},{"damage":0.0,"enemies":"3 Sentries","floor":13.0,"turns":6.0},{"damage":0.0,"enemies":"The Mushroom Lair","floor":14.0,"turns":5.0},{"damage":13.0,"enemies":"Hexaghost","floor":16.0,"turns":14.0},{"damage":0.0,"enemies":"3 Byrds","floor":18.0,"turns":6.0},{"damage":1.0,"enemies":"Spheric Guardian","floor":20.0,"turns":6.0},{"damage":8.0,"enemies":"Centurion and Healer","floor":21.0,"turns":8.0},{"damage":23.0,"enemies":"Snake Plant","floor":22.0,"turns":7.0},{"damage":62,"enemies":"Gremlin Leader","floor":24,"turns":8}],"seed_played":"-6743690976857754146","potions_obtained":[{"floor":12.0,"key":"Explosive Potion"},{"floor":13.0,"key":"Block Potion"},{"floor":16.0,"key":"SteroidPotion"},{"floor":18.0,"key":"LiquidMemories"}],"is_trial":false,"path_per_floor":["M","?","T","?","?","R","E","$","T","M","E","M","E","?","R","B",null,"M","$","M","M","M","R","E"],"character_chosen":"TD1MADAO_CLASS","items_purchased":["Black Contract","Black Contract","Here Defend Chip"],"campfire_rested":2,"item_purchase_floors":[8,19,19],"current_hp_per_floor":[65,65,65,65,48,48,48,48,48,48,32,32,32,32,53,40,70,70,70,69,61,38,59,0,0],"gold":401,"neow_bonus":"ONE_RANDOM_RARE_CARD","is_daily":false,"chose_seed":false,"campfire_upgraded":1,"win_rate":0.0,"timestamp":1607972086,"path_taken":["M","?","?","?","?","R","E","$","T","M","E","M","E","?","R","BOSS","M","$","M","M","M","R","E"],"items_purchased_type":["Card","Card","Card"],"build_version":"2020-12-13","purchased_purges":2,"victory":false,"max_hp_per_floor":[70,70,70,70,70,70,70,70,70,70,70,70,70,70,70,70,70,70,70,70,70,70,70,70,70],"relic_stats":{"counters":[13,80],"Golden Idol":86,"obtain_stats":[{"Dota2Spire:HandOfMidas":11,"HornCleat":13,"Golden Idol":5,"Dota2Spire:OrchidMalevolence":7,"Apod":0,"Odd Mushroom":14,"Empty Cage":17,"FossilizedHelix":3},{"Dota2Spire:HandOfMidas":4,"HornCleat":6,"Golden Idol":1,"Dota2Spire:OrchidMalevolence":2,"Apod":0,"Odd Mushroom":7,"Empty Cage":8,"FossilizedHelix":1},{"Dota2Spire:HandOfMidas":14,"HornCleat":26,"Golden Idol":4,"Dota2Spire:OrchidMalevolence":7,"Apod":0,"Odd Mushroom":31,"Empty Cage":45,"FossilizedHelix":4}]},"card_choices":[{"not_picked":["Provocative","Floating Swing Kick"],"picked":"Three Hit","floor":1.0},{"not_picked":["Resistance","Cursed Blade"],"picked":"Black Spear","floor":7.0},{"not_picked":["Revenge","Three Hit","Light Attack"],"picked":"SKIP","floor":10.0},{"not_picked":["Sub Weapons","White Contract"],"picked":"Reinforcement Parts","floor":11.0},{"not_picked":["Afterwards","Cursed Blade","Reinforcement Parts"],"picked":"SKIP","floor":12.0},{"not_picked":["Reinforcement Parts","Fire Blade"],"picked":"Here Defend Chip","floor":13.0},{"not_picked":["Paralysis","Preloading"],"picked":"Fixing","floor":14.0},{"not_picked":["Memory Alloy","Pod Laser"],"picked":"Shockwave Tdmadao","floor":16.0},{"not_picked":["Resistance","Provocative"],"picked":"Floating Swing Kick","floor":18.0},{"not_picked":["Twin Teeth","Here Defend Chip+1"],"picked":"Transfer Energy","floor":20.0},{"not_picked":["Afterwards","White Contract","Oblique Hack"],"picked":"SKIP","floor":21.0},{"not_picked":["Lunge","Fire Blade"],"picked":"Weapon Shift","floor":22}],"player_experience":1212669,"relics_obtained":[{"floor":3.0,"key":"FossilizedHelix"},{"floor":7.0,"key":"Dota2Spire:OrchidMalevolence"},{"floor":11.0,"key":"Dota2Spire:HandOfMidas"},{"floor":13.0,"key":"HornCleat"},{"floor":14.0,"key":"Odd Mushroom"}],"event_choices":[{"damage_healed":0.0,"max_hp_gain":0.0,"max_hp_loss":0.0,"gold_gain":175.0,"event_name":"Liars Game","player_choice":"AGREE","floor":2.0,"gold_loss":0.0,"damage_taken":0.0,"cards_obtained":["Doubt"]},{"damage_healed":0.0,"max_hp_gain":0.0,"max_hp_loss":0.0,"gold_gain":0.0,"event_name":"World of Goop","player_choice":"Left Gold","floor":4.0,"gold_loss":31.0,"damage_taken":0.0},{"damage_healed":0.0,"max_hp_gain":0.0,"max_hp_loss":0.0,"gold_gain":0.0,"event_name":"Golden Idol","player_choice":"Take Damage","floor":5.0,"gold_loss":0.0,"damage_taken":17.0,"relics_obtained":["Golden Idol"]},{"damage_healed":0.0,"max_hp_gain":0.0,"max_hp_loss":0.0,"gold_gain":0.0,"event_name":"Mushrooms","player_choice":"Fought Mushrooms","floor":14.0,"gold_loss":0.0,"damage_taken":0.0}],"is_beta":false,"boss_relics":[{"not_picked":["Calling Bell","Dota2Spire:Bloodstone"],"picked":"Empty Cage"}],"items_purged_floors":[8,19],"is_endless":false,"potions_floor_spawned":[11,12,13,16,18,20,22],"killed_by":"Gremlin Leader","ascension_level":1}}