{"host":"wuk1ltmmka824l9y","time":1607945498,"event":{"mods":["AchievementEnabler","BaseMod","Custom Start","DeckTracker","Minty Spire (QoL Compilation)","Quick Restart","StSLib","SuperFastMode"],"gold_per_floor":[115,115,115,115,115,115,148,148,148,163,183,201,201,213,213,312,312,322,334,334,259,259,259],"floor_reached":22,"playtime":513,"items_purged":[],"score":212,"play_id":"3883e6fe-4a4c-482b-b7b6-c5aecddc9da7","local_time":"20201214203138","is_ascension_mode":true,"campfire_choices":[{"data":"Neutralize","floor":6,"key":"SMITH"},{"data":"Acrobatics","floor":8,"key":"SMITH"},{"data":"Calculated Gamble","floor":13,"key":"SMITH"},{"data":"Backflip","floor":15,"key":"SMITH"}],"circlet_count":0,"master_deck":["Strike_G+1","Strike_G+1","Strike_G","Strike_G","Defend_G","Defend_G","Defend_G","Defend_G","Survivor","Neutralize+1","Backflip+1","Acrobatics+1","Bane+1","Dagger Throw+1","Calculated Gamble+1","Poisoned Stab+1","Doppelganger","Bane+1","Deadly Poison"],"relics":["Ring of the Snake","Juzu Bracelet","Molten Egg 2","Bag of Marbles","SlaversCollar"],"acts_visited":["Exordium","TheCity"],"potions_floor_usage":[16],"damage_taken":[{"damage":1,"enemies":"Cultist","floor":1,"turns":4},{"damage":41,"enemies":"Lagavulin","floor":7,"turns":8},{"damage":0,"enemies":"2 Louse","floor":10,"turns":2},{"damage":0,"enemies":"Small Slimes","floor":11,"turns":1},{"damage":0,"enemies":"2 Fungi Beasts","floor":12,"turns":3},{"damage":1,"enemies":"Blue Slaver","floor":14,"turns":4},{"damage":1,"enemies":"Hexaghost","floor":16,"turns":7},{"damage":28,"enemies":"Spheric Guardian","floor":18,"turns":6},{"damage":11,"enemies":"2 Thieves","floor":19,"turns":3},{"damage":20,"enemies":"3 Cultists","floor":22,"turns":4}],"seed_played":"-2397347786525238389","potions_obtained":[{"floor":10,"key":"Energy Potion"},{"floor":14,"key":"Fire Potion"},{"floor":18,"key":"Swift Potion"}],"is_trial":false,"path_per_floor":["M","?","?","?","?","R","E","R","T","M","M","M","R","M","R","B",null,"M","M","?","?","M"],"character_chosen":"THE_SILENT","items_purchased":[],"campfire_rested":0,"item_purchase_floors":[],"current_hp_per_floor":[69,69,74,59,52,52,11,11,11,11,11,11,11,10,10,9,75,47,36,36,36,16,16],"gold":259,"neow_bonus":"RANDOM_COMMON_RELIC","is_daily":false,"chose_seed":false,"campfire_upgraded":4,"win_rate":0.0,"timestamp":1607945498,"path_taken":["M","?","?","?","?","R","E","R","T","M","M","M","R","M","R","BOSS","M","M","?","?","M"],"items_purchased_type":[],"build_version":"2020-12-13","purchased_purges":0,"victory":false,"max_hp_per_floor":[70,70,75,75,75,75,75,75,75,75,75,75,75,75,75,75,75,75,75,75,75,75,75],"card_choices":[{"not_picked":["Setup","Predator"],"picked":"Backflip","floor":1},{"not_picked":["Blur","Concentrate"],"picked":"Acrobatics","floor":7},{"not_picked":["Outmaneuver","Deflect"],"picked":"Bane+1","floor":10},{"not_picked":["PiercingWail","Skewer+1"],"picked":"Dagger Throw+1","floor":11},{"not_picked":["Cloak And Dagger","Flying Knee+1"],"picked":"Calculated Gamble","floor":12},{"not_picked":["Deflect","Predator+1"],"picked":"Poisoned Stab+1","floor":14},{"not_picked":["Phantasmal Killer","Unload+1"],"picked":"Doppelganger","floor":16},{"not_picked":["Backflip","Quick Slash+1"],"picked":"Bane+1","floor":18},{"not_picked":["Terror+1","PiercingWail"],"picked":"Deadly Poison","floor":19}],"player_experience":318775,"relics_obtained":[{"floor":7,"key":"Molten Egg 2"},{"floor":9,"key":"Bag of Marbles"}],"event_choices":[{"damage_healed":0,"gold_gain":0,"player_choice":"Ignored","damage_taken":0,"max_hp_gain":0,"max_hp_loss":0,"event_name":"Liars Game","floor":2,"gold_loss":0},{"damage_healed":0,"gold_gain":0,"player_choice":"Donut","damage_taken":0,"max_hp_gain":5,"max_hp_loss":0,"event_name":"Big Fish","floor":3,"gold_loss":0},{"damage_healed":0,"gold_gain":0,"player_choice":"Entered Light","damage_taken":15,"max_hp_gain":0,"max_hp_loss":0,"event_name":"Shining Light","floor":4,"gold_loss":0,"cards_upgraded":["Strike_G","Strike_G"]},{"cards_removed":["Defend_G"],"damage_healed":0,"gold_gain":0,"player_choice":"Card Removal","damage_taken":7,"max_hp_gain":0,"max_hp_loss":0,"event_name":"Golden Wing","floor":5,"gold_loss":0},{"damage_healed":0,"gold_gain":0,"player_choice":"Ignored","damage_taken":0,"max_hp_gain":0,"max_hp_loss":0,"event_name":"Vampires","floor":20,"gold_loss":0},{"cards_removed":["Strike_G"],"damage_healed":0,"gold_gain":0,"player_choice":"Gave Gold","damage_taken":0,"max_hp_gain":0,"max_hp_loss":0,"event_name":"Beggar","floor":21,"gold_loss":75}],"is_beta":false,"boss_relics":[{"not_picked":["WristBlade","Tiny House"],"picked":"SlaversCollar"}],"items_purged_floors":[],"is_endless":false,"potions_floor_spawned":[10,14,18],"killed_by":"3 Cultists","ascension_level":3}}