{"host":"wxm9nhpxzwflah6x","time":1607974667,"event":{"mods":["2.2 Compatiblity","AchievementEnabler","BaseMod","Minty Spire (QoL Compilation)","Quick Restart","Rare Cards Sparkle","Replay The Spire","StSLib"],"gold_per_floor":[114,53,68,83,49,49,79,79,104,134,149,149,149,164,239,339,339,354,369,384,384,399,399,414,414,414,429,444,444,444,459,459,459,459],"floor_reached":33,"playtime":1601,"items_purged":[],"score":286,"play_id":"bace7c2c-271b-4e4c-89a4-e8eda0f117fa","local_time":"20201214113747","daily_mods":["Cursed Run","Diverse","DeadlyEvents"],"is_ascension_mode":false,"campfire_choices":[{"floor":6.0,"key":"REST"},{"floor":8.0,"key":"REST"},{"floor":12.0,"key":"REST"},{"floor":23.0,"key":"REST"},{"floor":25.0,"key":"REST"},{"floor":29.0,"key":"REST"},{"floor":32,"key":"REST"}],"circlet_count":0,"master_deck":["Strike_B","Strike_B","Strike_B","Strike_B","Defend_B","Defend_B","Defend_B","Defend_B","Zap","Dualcast","Streamline","SandsOfTime","SandsOfTime","Fluid Movement","Deadly Poison","PathToVictory","PathToVictory","Delirium","BootSequence","Parasite","Tools of the Trade","CommonCold","Establishment","FollowUp","Stack","Infernal Blade","Leap","Overencumbered","Heavy Blade"],"relics":["Cursed Key","Darkstone Periapt","Du-Vu Doll","ReplayTheSpireMod:Lightbulb","Happy Flower","Replay:Baseball","Busted Crown","Toy Ornithopter","Bag of Preparation"],"acts_visited":["Exordium","TheCity"],"potions_floor_usage":[31,33,33,33],"damage_taken":[{"damage":1.0,"enemies":"Cultist","floor":1.0,"turns":4.0},{"damage":10.0,"enemies":"Small Slimes","floor":3.0,"turns":3.0},{"damage":1.0,"enemies":"2 Louse","floor":4.0,"turns":2.0},{"damage":22.0,"enemies":"Gremlin Nob","floor":7.0,"turns":4.0},{"damage":26.0,"enemies":"Lagavulin","floor":10.0,"turns":5.0},{"damage":4.0,"enemies":"Gremlin Gang","floor":11.0,"turns":3.0},{"damage":0.0,"enemies":"2 Fungi Beasts","floor":14.0,"turns":3.0},{"damage":31.0,"enemies":"The Guardian","floor":16.0,"turns":6.0},{"damage":7.0,"enemies":"Shell Parasite","floor":18.0,"turns":4.0},{"damage":23.0,"enemies":"Spheric Guardian","floor":19.0,"turns":5.0},{"damage":30.0,"enemies":"Shelled Parasite and Fungi","floor":20.0,"turns":5.0},{"damage":11.0,"enemies":"Snecko","floor":22.0,"turns":4.0},{"damage":24.0,"enemies":"3 Cultists","floor":24.0,"turns":5.0},{"damage":9.0,"enemies":"Centurion and Healer","floor":27.0,"turns":5.0},{"damage":17.0,"enemies":"Snake Plant","floor":28.0,"turns":4.0},{"damage":15,"enemies":"Snecko","floor":31,"turns":5},{"damage":99,"enemies":"Collector","floor":33,"turns":8}],"seed_played":"1880613833527945180","potions_obtained":[{"floor":10.0,"key":"Adrenaline Potion"},{"floor":11.0,"key":"AttackPotion"},{"floor":14.0,"key":"Venom Potion"},{"floor":16.0,"key":"SpeedPotion"},{"floor":19.0,"key":"DistilledChaos"},{"floor":22.0,"key":"Swift Potion"},{"floor":28.0,"key":"LiquidMemories"},{"floor":31,"key":"DuplicationPotion"}],"is_trial":false,"path_per_floor":["M","$","M","M","$","R","E","R","T","E","M","R","?","M","R","B",null,"M","M","M","?","M","R","M","R","T","M","M","R","?","M","R","B"],"character_chosen":"DEFECT","items_purchased":["SandsOfTime","PathToVictory"],"campfire_rested":7,"item_purchase_floors":[2,5],"current_hp_per_floor":[74,74,64,63,63,75,53,75,81,55,51,75,87,87,87,62,93,86,63,33,33,22,49,25,52,58,49,32,61,61,51,80,0,0],"gold":459,"neow_bonus":"","is_daily":true,"chose_seed":false,"campfire_upgraded":0,"win_rate":0.0,"timestamp":1607974667,"path_taken":["M","?","M","M","$","R","E","R","T","E","M","R","?","M","R","BOSS","M","M","M","?","M","R","M","R","T","M","M","R","?","M","R","BOSS"],"items_purchased_type":["Card","Card"],"build_version":"2020-12-13","purchased_purges":0,"victory":false,"max_hp_per_floor":[75,75,75,75,75,75,75,75,81,81,81,81,87,87,87,93,93,93,93,93,93,93,93,93,93,99,99,99,99,99,99,99,99,99],"card_choices":[{"not_picked":["ClearTheMind","True Grit"],"picked":"Streamline","floor":1.0},{"not_picked":["Draining Mist","Outmaneuver"],"picked":"Fluid Movement","floor":3.0},{"not_picked":["Feel No Pain","JustLucky"],"picked":"Deadly Poison","floor":4.0},{"not_picked":["Iron Wave","EmptyFist","MentalFortress"],"picked":"SKIP","floor":7.0},{"not_picked":["Sword Boomerang","Flex"],"picked":"BootSequence","floor":10.0},{"not_picked":["ReplayTheSpireMod:System Scan","Cleave","Distraction"],"picked":"SKIP","floor":11.0},{"not_picked":["BasicCrystalCard","Acrobatics"],"picked":"Tools of the Trade","floor":14.0},{"not_picked":["Doppelganger","Unload"],"picked":"Establishment","floor":16.0},{"not_picked":["Quick Slash"],"picked":"SKIP","floor":18.0},{"not_picked":[],"picked":"FollowUp","floor":19.0},{"not_picked":[],"picked":"Stack","floor":20.0},{"not_picked":[],"picked":"Leap","floor":22.0},{"not_picked":["Flying Knee"],"picked":"SKIP","floor":24.0},{"not_picked":["Blizzard"],"picked":"SKIP","floor":27.0},{"not_picked":[],"picked":"Heavy Blade","floor":28.0},{"not_picked":["Power Through"],"picked":"SKIP","floor":31}],"player_experience":189461,"relics_obtained":[{"floor":7.0,"key":"ReplayTheSpireMod:Lightbulb"},{"floor":9.0,"key":"Happy Flower"},{"floor":10.0,"key":"Replay:Baseball"},{"floor":26.0,"key":"Toy Ornithopter"},{"floor":30.0,"key":"Bag of Preparation"}],"event_choices":[{"damage_healed":20.0,"max_hp_gain":0.0,"max_hp_loss":0.0,"gold_gain":0.0,"event_name":"Mushrooms","player_choice":"Healed and dodged fight","floor":13.0,"gold_loss":0.0,"damage_taken":0.0,"cards_obtained":["Parasite"]},{"damage_healed":0.0,"max_hp_gain":0.0,"max_hp_loss":0.0,"gold_gain":0.0,"event_name":"The Library","player_choice":"Read","floor":21.0,"gold_loss":0.0,"damage_taken":0.0,"cards_obtained":["Infernal Blade"]},{"damage_healed":0.0,"max_hp_gain":0.0,"max_hp_loss":0.0,"gold_gain":0.0,"event_name":"Wheel of Change","player_choice":"Relic","floor":30.0,"gold_loss":0.0,"damage_taken":0.0}],"is_beta":false,"boss_relics":[{"not_picked":["Empty Cage","Velvet Choker"],"picked":"Busted Crown"}],"items_purged_floors":[],"is_endless":false,"potions_floor_spawned":[10,11,14,16,19,22,28,31],"killed_by":"Collector","ascension_level":0}}