{"host":"uv231blk40vjdojr","time":1607979393,"event":{"mods":["BaseMod","Minty Spire (QoL Compilation)","Relic Stats"],"gold_per_floor":[363,538,488,511,24,24,57,57,110,120,145,162,192,212,212,316,316,330,25,58,22,22,52,52,67,90,90,120,140,154,21,21,121,121,134,134,356,1355,958,958,491,525,525,525,525,554,574,605,605,605],"floor_reached":51,"playtime":2187,"items_purged":["Strike_G","Strike_G","Normality","Normality"],"score":1311,"play_id":"129276bf-014d-4ad8-a779-cbaeb1dafc9a","local_time":"20201214215633","is_ascension_mode":true,"campfire_choices":[{"data":"Predator","floor":6,"key":"SMITH"},{"floor":8,"key":"REST"},{"floor":15,"key":"REST"},{"floor":24,"key":"REST"},{"floor":27,"key":"REST"},{"floor":32,"key":"REST"},{"floor":40,"key":"REST"},{"floor":45,"key":"REST"},{"floor":49,"key":"REST"}],"circlet_count":0,"master_deck":["Strike_G","Strike_G","Strike_G","Defend_G","Defend_G","Defend_G","Defend_G","Survivor","Neutralize","Predator+1","Caltrops+1","Poisoned Stab","Dodge and Roll","Dash","Deadly Poison","Caltrops+1","Corpse Explosion","Noxious Fumes+1","Backflip","Noxious Fumes+1","Bullet Time","Distraction+1","Well Laid Plans+1","Deadly Poison+1","Leg Sweep","Apotheosis","PiercingWail+1","Tools of the Trade+1","Backflip","Noxious Fumes+1","Doppelganger","Predator+1","Caltrops+1"],"relics":["Ring of the Snake","Lantern","Frozen Egg 2","PreservedInsect","Bottled Flame","Bag of Preparation","Bronze Scales","Dream Catcher","Runic Dome","Membership Card","Oddly Smooth Stone","Red Mask","Orichalcum","Akabeko","The Specimen","Fusion Hammer","Pantograph","Toolbox","Boot","ClockworkSouvenir","Mercury Hourglass","Nunchaku","Ornamental Fan","Bottled Lightning","Blue Candle","Darkstone Periapt","Snake Skull"],"acts_visited":["Exordium","TheCity","TheBeyond"],"potions_floor_usage":[13,23,28,28,28,29,33,46,50,50],"damage_taken":[{"damage":1,"enemies":"Small Slimes","floor":1,"turns":4},{"damage":15,"enemies":"Lagavulin","floor":7,"turns":5},{"damage":3,"enemies":"Jaw Worm","floor":10,"turns":3},{"damage":15,"enemies":"3 Sentries","floor":11,"turns":5},{"damage":0,"enemies":"Cultist","floor":12,"turns":2},{"damage":10,"enemies":"Lagavulin","floor":13,"turns":3},{"damage":1,"enemies":"Exordium Thugs","floor":14,"turns":3},{"damage":18,"enemies":"The Guardian","floor":16,"turns":8},{"damage":19,"enemies":"2 Thieves","floor":18,"turns":2},{"damage":0,"enemies":"Masked Bandits","floor":20,"turns":2},{"damage":19,"enemies":"Gremlin Leader","floor":23,"turns":4},{"damage":12,"enemies":"Shell Parasite","floor":25,"turns":4},{"damage":0,"enemies":"Slavers","floor":28,"turns":1},{"damage":0,"enemies":"Chosen and Byrds","floor":29,"turns":4},{"damage":0,"enemies":"Snake Plant","floor":30,"turns":2},{"damage":0,"enemies":"Automaton","floor":33,"turns":7},{"damage":2,"enemies":"3 Darklings","floor":35,"turns":4},{"damage":0,"enemies":"Giant Head","floor":42,"turns":6},{"damage":9,"enemies":"Nemesis","floor":46,"turns":3},{"damage":1,"enemies":"Orb Walker","floor":47,"turns":3},{"damage":5,"enemies":"Reptomancer","floor":48,"turns":4},{"damage":48,"enemies":"Donu and Deca","floor":50,"turns":6}],"seed_played":"-147709627817686300","potions_obtained":[{"floor":1,"key":"Explosive Potion"},{"floor":10,"key":"EntropicBrew"},{"floor":11,"key":"GhostInAJar"},{"floor":18,"key":"Strength Potion"},{"floor":23,"key":"DuplicationPotion"},{"floor":28,"key":"Weak Potion"},{"floor":33,"key":"Explosive Potion"},{"floor":42,"key":"LiquidMemories"},{"floor":48,"key":"Block Potion"}],"is_trial":false,"path_per_floor":["M","?","?","T","$","R","E","R","T","M","E","M","E","M","R","B",null,"M","$","?","$","?","E","R","M","T","R","E","M","M","$","R","B",null,"M","?","?","?","$","R","$","E","T","T","R","E","M","E","R","B",null],"character_chosen":"THE_SILENT","items_purchased":["Frozen Egg 2","PreservedInsect","Caltrops+1","Poisoned Stab","Membership Card","Noxious Fumes+1","Oddly Smooth Stone","Noxious Fumes+1","Apotheosis","FairyPotion","Pantograph","Toolbox","Boot","Backflip","Noxious Fumes+1","ClockworkSouvenir","Mercury Hourglass","Nunchaku","Doppelganger","DuplicationPotion"],"campfire_rested":8,"item_purchase_floors":[5,5,5,5,19,19,19,21,31,39,39,39,39,39,41,41,41,41,41,41],"current_hp_per_floor":[44,44,44,44,44,44,29,50,50,47,32,32,22,21,42,24,59,40,40,40,40,40,21,42,30,30,51,51,51,51,51,70,70,70,68,68,68,68,68,70,70,70,70,70,70,61,60,55,70,22],"gold":605,"neow_bonus":"TWO_FIFTY_GOLD","is_daily":false,"chose_seed":false,"campfire_upgraded":1,"win_rate":0.0,"timestamp":1607979393,"path_taken":["M","?","?","?","$","R","E","R","T","M","E","M","E","?","R","BOSS","M","$","?","$","?","E","R","M","T","R","E","M","?","$","R","BOSS","M","?","?","?","$","R","$","E","T","?","R","E","M","E","R","BOSS"],"items_purchased_type":["Relic","Relic","Card","Card","Relic","Card","Relic","Card","Card","Potion","Relic","Relic","Relic","Card","Card","Relic","Relic","Relic","Card","Potion"],"build_version":"2020-12-13","purchased_purges":4,"victory":true,"max_hp_per_floor":[70,70,70,70,70,70,70,70,70,70,70,70,70,70,70,70,70,70,70,70,70,70,70,70,70,70,70,70,70,70,70,70,70,70,70,70,70,70,70,70,70,70,70,70,70,70,70,70,70,70],"relic_stats":{"Darkstone Periapt":0,"counters":[22,85],"Blue Candle":[0],"PreservedInsect":402,"Snake Skull":[12],"Bag of Preparation":[40],"Orichalcum":[12],"Boot":[6],"Mercury Hourglass":[82],"Dream Catcher":7,"Nunchaku":[3],"Ornamental Fan":[0],"Bronze Scales":[191],"Pantograph":0,"obtain_stats":[{"Darkstone Periapt":46,"Lantern":4,"Snake Skull":48,"Bag of Preparation":9,"Boot":39,"ClockworkSouvenir":41,"Dream Catcher":13,"Nunchaku":41,"Pantograph":39,"Toolbox":39,"Fusion Hammer":34,"Red Mask":20,"Ring of the Snake":0,"The Specimen":28,"Blue Candle":44,"Oddly Smooth Stone":19,"PreservedInsect":5,"Frozen Egg 2":5,"Orichalcum":23,"Akabeko":26,"Mercury Hourglass":41,"Runic Dome":17,"Bottled Flame":7,"Ornamental Fan":42,"Bronze Scales":11,"Membership Card":19,"Bottled Lightning":43},{"Darkstone Periapt":19,"Lantern":1,"Snake Skull":21,"Bag of Preparation":2,"Boot":17,"ClockworkSouvenir":17,"Dream Catcher":6,"Nunchaku":17,"Pantograph":17,"Toolbox":17,"Fusion Hammer":16,"Red Mask":10,"Ring of the Snake":0,"The Specimen":13,"Blue Candle":18,"Oddly Smooth Stone":9,"PreservedInsect":1,"Frozen Egg 2":1,"Orichalcum":11,"Akabeko":12,"Mercury Hourglass":17,"Runic Dome":8,"Bottled Flame":2,"Ornamental Fan":18,"Bronze Scales":4,"Membership Card":9,"Bottled Lightning":18},{"Darkstone Periapt":72,"Lantern":4,"Snake Skull":79,"Bag of Preparation":9,"Boot":63,"ClockworkSouvenir":63,"Dream Catcher":22,"Nunchaku":63,"Pantograph":63,"Toolbox":63,"Fusion Hammer":59,"Red Mask":37,"Ring of the Snake":0,"The Specimen":46,"Blue Candle":69,"Oddly Smooth Stone":35,"PreservedInsect":4,"Frozen Egg 2":4,"Orichalcum":41,"Akabeko":45,"Mercury Hourglass":63,"Runic Dome":33,"Bottled Flame":9,"Ornamental Fan":69,"Bronze Scales":17,"Membership Card":35,"Bottled Lightning":69}],"Ring of the Snake":[44]},"card_choices":[{"not_picked":["Setup","Acrobatics"],"picked":"Predator","floor":1},{"not_picked":["Tactician","Storm of Steel"],"picked":"Dodge and Roll","floor":7},{"not_picked":["Underhanded Strike","Acrobatics"],"picked":"Dash","floor":10},{"not_picked":["Underhanded Strike","Reflex","Cloak And Dagger"],"picked":"SKIP","floor":11},{"not_picked":["Accuracy+1","Sucker Punch"],"picked":"Deadly Poison","floor":12},{"not_picked":["Backstab","Dagger Spray"],"picked":"Caltrops+1","floor":13},{"not_picked":["Predator","Riddle With Holes","Reflex"],"picked":"SKIP","floor":14},{"not_picked":["Tools of the Trade+1","Phantasmal Killer"],"picked":"Corpse Explosion","floor":16},{"not_picked":["Quick Slash+1","Slice","Masterful Stab"],"picked":"SKIP","floor":18},{"not_picked":["Quick Slash+1","Sucker Punch"],"picked":"Backflip","floor":20},{"not_picked":["Dodge and Roll","Blade Dance+1","Distraction"],"picked":"SKIP","floor":23},{"not_picked":["Eviscerate+1","Dagger Spray"],"picked":"Distraction+1","floor":24},{"not_picked":["Reflex","Finisher","Dodge and Roll"],"picked":"SKIP","floor":25},{"not_picked":["Phantasmal Killer","Dagger Spray"],"picked":"Well Laid Plans+1","floor":28},{"not_picked":["Dagger Throw","Flying Knee"],"picked":"Deadly Poison+1","floor":29},{"not_picked":["Flying Knee","Blade Dance+1"],"picked":"Leg Sweep","floor":30},{"not_picked":["Dagger Spray","Prepared"],"picked":"PiercingWail+1","floor":32},{"not_picked":["Night Terror","Corpse Explosion"],"picked":"Tools of the Trade+1","floor":33},{"not_picked":["Deadly Poison+1","Cloak And Dagger","Deflect"],"picked":"SKIP","floor":35},{"not_picked":["Flying Knee","Noxious Fumes+1"],"picked":"Predator+1","floor":42},{"not_picked":["Setup+1","Flying Knee+1"],"picked":"Caltrops+1","floor":45},{"not_picked":["Acrobatics","Calculated Gamble+1","Bane"],"picked":"SKIP","floor":46},{"not_picked":["Malaise","Crippling Poison","Predator+1"],"picked":"SKIP","floor":47},{"not_picked":["Poisoned Stab+1","Tactician","Dash"],"picked":"SKIP","floor":48}],"player_experience":481595,"relics_obtained":[{"floor":4,"key":"Lantern"},{"floor":7,"key":"Bottled Flame"},{"floor":9,"key":"Bag of Preparation"},{"floor":11,"key":"Bronze Scales"},{"floor":13,"key":"Dream Catcher"},{"floor":20,"key":"Red Mask"},{"floor":23,"key":"Orichalcum"},{"floor":26,"key":"Akabeko"},{"floor":28,"key":"The Specimen"},{"floor":42,"key":"Ornamental Fan"},{"floor":43,"key":"Bottled Lightning"},{"floor":44,"key":"Blue Candle"},{"floor":46,"key":"Darkstone Periapt"},{"floor":48,"key":"Snake Skull"}],"event_choices":[{"damage_healed":0,"gold_gain":175,"player_choice":"AGREE","damage_taken":0,"max_hp_gain":0,"max_hp_loss":0,"event_name":"Liars Game","floor":2,"gold_loss":0,"cards_obtained":["Doubt"]},{"cards_removed":["Doubt"],"damage_healed":0,"gold_gain":0,"player_choice":"Card Removal","damage_taken":0,"max_hp_gain":0,"max_hp_loss":0,"event_name":"The Cleric","floor":3,"gold_loss":50},{"damage_healed":0,"gold_gain":0,"player_choice":"Fought Bandits","damage_taken":0,"max_hp_gain":0,"max_hp_loss":0,"event_name":"Masked Bandits","floor":20,"gold_loss":0},{"damage_healed":0,"gold_gain":0,"player_choice":"1 cards matched","damage_taken":0,"max_hp_gain":0,"max_hp_loss":0,"event_name":"Match and Keep!","floor":22,"gold_loss":0,"cards_obtained":["Bullet Time"]},{"cards_removed":["Defend_G"],"damage_healed":0,"gold_gain":0,"player_choice":"Removed Skill","damage_taken":0,"max_hp_gain":0,"max_hp_loss":0,"event_name":"Falling","floor":36,"gold_loss":0},{"damage_healed":0,"gold_gain":222,"player_choice":"Wore Mask","damage_taken":0,"max_hp_gain":0,"max_hp_loss":0,"event_name":"Tomb of Lord Red Mask","floor":37,"gold_loss":0},{"damage_healed":0,"gold_gain":999,"player_choice":"Gold","damage_taken":0,"max_hp_gain":0,"max_hp_loss":0,"event_name":"MindBloom","floor":38,"gold_loss":0,"cards_obtained":["Normality","Normality"]}],"is_beta":false,"boss_relics":[{"not_picked":["Runic Pyramid","HoveringKite"],"picked":"Runic Dome"},{"not_picked":["Black Star","Cursed Key"],"picked":"Fusion Hammer"}],"items_purged_floors":[19,31,39,41],"is_endless":false,"potions_floor_spawned":[1,10,11,18,23,28,33,42,48],"ascension_level":7}}