{"host":"vm8b3ptwl81uq21f","time":1607925834,"event":{"mods":["BaseMod","BetterRewards","Colored Powertips","Downfall","GifTheSpireLib","Googly Eyes","GungeonMod","Halation","Hubris","Minty Spire (QoL Compilation)","Quick Restart","Rare Cards Sparkle","Replay The Spire","Shop Mod","StSLib","Stuff the Spire","The Bug Knight","The IronCluck","[IsaacMod]????"],"gold_per_floor":[111,111,111,123,149,198,224,224,224,234,234,21,32,48,48,159,159,176,176,24,38,38,65,65,75,75,75,75,87,99,131,225,225,225],"floor_reached":33,"playtime":1084,"items_purged":["Strike_B"],"score":421,"play_id":"009153c7-3e8c-4405-a729-a9c56afcea8f","local_time":"20201214010354","is_ascension_mode":false,"campfire_choices":[{"data":"Zap","floor":8,"key":"SMITH"},{"data":"StuffTheSpire:LoadUp","floor":11,"key":"SMITH"},{"floor":15,"key":"REST"},{"floor":24,"key":"REST"},{"data":"Static Discharge","floor":27,"key":"SMITH"}],"circlet_count":0,"master_deck":["Strike_B","Strike_B","Strike_B","Defend_B","Defend_B","Defend_B","Defend_B","Zap+1","Dualcast","BettingIsNotGood","Ball Lightning","Thunder Strike","Barrage","StuffTheSpire:LoadUp+1","Conserve Battery","hubris:PowerSurge+1","ElectricPowerLearning","Hologram","Lockon","Creative AI","Static Discharge+1","Ball Lightning","Stack","StuffTheSpire:LoadUp","Ball Lightning","Aggregate","StuffTheSpire:Plugnplay","StuffTheSpire:LoadUp+1"],"relics":["Cracked Core","HushsDoor","Chaos","halation:QuantumPhysicsTextbook","StuffTheSpire:GrapeVine","hubris:RunicObelisk","hubris:Potato","ReplayTheSpireMod:Shallot","Tiny Chest","hubris:Towel","Boot","Thread and Needle","hubris:BottledHeart","DemoMod:GlassGuonStoneRelic"],"acts_visited":["Exordium","TheCity"],"potions_floor_usage":[16,30,33,33,33],"damage_taken":[{"damage":0,"enemies":"Small Slimes","floor":1,"turns":1},{"damage":0,"enemies":"2 Louse","floor":4,"turns":1},{"damage":0,"enemies":"Cultist","floor":5,"turns":3},{"damage":16,"enemies":"Replay:BlueRogue","floor":6,"turns":5},{"damage":0,"enemies":"Large Slime","floor":7,"turns":4},{"damage":9,"enemies":"Red Slaver","floor":10,"turns":4},{"damage":0,"enemies":"Exordium Wildlife","floor":13,"turns":1},{"damage":6,"enemies":"2 Fungi Beasts","floor":14,"turns":2},{"damage":0,"enemies":"Slime Boss","floor":16,"turns":3},{"damage":8,"enemies":"3 Byrds","floor":18,"turns":3},{"damage":2,"enemies":"Spheric Guardian","floor":21,"turns":4},{"damage":36,"enemies":"Slavers","floor":23,"turns":3},{"damage":0,"enemies":"Chosen and Byrds","floor":25,"turns":4},{"damage":0,"enemies":"Centurion and Healer","floor":29,"turns":4},{"damage":0,"enemies":"Snake Plant","floor":30,"turns":2},{"damage":0,"enemies":"Sentry and Sphere","floor":31,"turns":4},{"damage":10,"enemies":"Automaton","floor":33,"turns":6}],"seed_played":"1787403906148299729","potions_obtained":[{"floor":4,"key":"FearPotion"},{"floor":10,"key":"DuplicationPotion"},{"floor":14,"key":"SpeedPotion"},{"floor":16,"key":"DemoMod:LeadSkinPotion"},{"floor":31,"key":"SkillPotion"}],"is_trial":false,"path_per_floor":["M","?","?","M","M","E","M","R","T","M","R","$","M","M","R","B",null,"M","?","$","M","?","E","R","M","T","R","?","M","M","M","R","B"],"character_chosen":"DEFECT","items_purchased":["halation:QuantumPhysicsTextbook","ElectricPowerLearning","Static Discharge","Tiny Chest"],"campfire_rested":2,"item_purchase_floors":[0,12,17,20],"current_hp_per_floor":[48,48,48,48,48,32,32,32,32,28,28,28,28,22,44,44,72,64,64,64,62,62,26,47,47,47,47,1,1,1,1,1,0,0],"gold":225,"neow_bonus":"","is_daily":false,"chose_seed":false,"campfire_upgraded":3,"win_rate":0.0,"timestamp":1607925834,"path_taken":["M","?","?","M","M","E","M","R","T","M","R","$","M","M","R","BOSS","M","?","$","M","?","E","R","M","T","R","?","?","M","M","R","BOSS"],"items_purchased_type":["Relic","Card","Card","Relic"],"build_version":"2020-12-13","purchased_purges":1,"victory":false,"max_hp_per_floor":[75,75,75,75,75,75,75,75,75,75,75,75,75,75,75,75,72,72,72,72,72,72,72,72,72,72,72,1,1,1,1,1,1,1],"card_choices":[{"not_picked":[],"picked":"BettingIsNotGood","floor":0},{"not_picked":["ReplayTheSpireMod:Calculation Training","Heatsinks"],"picked":"Ball Lightning","floor":1},{"not_picked":["Rebound","Bomb"],"picked":"Thunder Strike","floor":4},{"not_picked":["Compile Driver","Reprogram"],"picked":"Barrage","floor":5},{"not_picked":["BasicCrystalCard","hubris:PowerSurge"],"picked":"StuffTheSpire:LoadUp","floor":6},{"not_picked":["Distribution","Turbo"],"picked":"Conserve Battery","floor":7},{"not_picked":["Coolheaded","Cold Snap"],"picked":"hubris:PowerSurge","floor":10},{"not_picked":["Cold Snap","Panic Button"],"picked":"Hologram","floor":13},{"not_picked":["StuffTheSpire:LaunchingStrike","FIFO Queue"],"picked":"Lockon","floor":14},{"not_picked":["ElectricPowerLearning","StuffTheSpire:Purify"],"picked":"Creative AI","floor":16},{"not_picked":["Leap","Conserve Battery+1"],"picked":"Ball Lightning","floor":18},{"not_picked":["StuffTheSpire:CleanHardDrive","Streamline"],"picked":"Stack","floor":21},{"not_picked":["Distribution+1","Redo"],"picked":"StuffTheSpire:LoadUp","floor":23},{"not_picked":["Coolheaded","Barrage"],"picked":"Ball Lightning","floor":25},{"not_picked":["Rebound","Go for the Eyes"],"picked":"Aggregate","floor":29},{"not_picked":["Streamline","BootSequence"],"picked":"StuffTheSpire:Plugnplay","floor":30},{"not_picked":["Glacier","Cold Snap"],"picked":"StuffTheSpire:LoadUp+1","floor":31}],"player_experience":294580,"relics_obtained":[{"floor":6,"key":"hubris:RunicObelisk"},{"floor":9,"key":"hubris:Potato"},{"floor":23,"key":"Boot"},{"floor":26,"key":"Thread and Needle"}],"event_choices":[{"damage_healed":0,"gold_gain":0,"player_choice":"Ignored","damage_taken":0,"max_hp_gain":0,"max_hp_loss":0,"event_name":"Liars Game","floor":2,"gold_loss":0},{"damage_healed":0,"gold_gain":0,"player_choice":"Upgraded","damage_taken":0,"max_hp_gain":0,"max_hp_loss":0,"event_name":"Upgrade Shrine","floor":19,"gold_loss":0,"cards_upgraded":["hubris:PowerSurge"]}],"is_beta":false,"boss_relics":[{"not_picked":["Toy Ornithopter","halation:Prosthetics"],"picked":"ReplayTheSpireMod:Shallot"},{"not_picked":[]}],"items_purged_floors":[12],"is_endless":false,"potions_floor_spawned":[4,10,14,16,29,31],"killed_by":"Automaton","ascension_level":0}}