{"host":"pgiw9wkmtk74e1ic","time":1607915653,"event":{"mods":["BaseMod","Colored Map","Colored Powertips","Marisa????????","Minty Spire (QoL Compilation)","Replay The Spire","StSLib"],"gold_per_floor":[110,110,121,133,27,56,56,72,72,72,90,90,108,120,120,223,223,204,218,233,44,63,63,63,95,95,122,5,5,5,5,5,5],"floor_reached":32,"playtime":3254,"items_purged":[],"score":262,"play_id":"2b33bea4-e9a0-4374-8842-318af16975a2","local_time":"20201213201413","is_ascension_mode":false,"campfire_choices":[{"data":"Replay:Anticipation","floor":7.0,"key":"SMITH"},{"data":"Establishment","floor":12.0,"key":"SMITH"},{"data":"Fasting2","floor":15.0,"key":"SMITH"},{"floor":23.0,"key":"REST"},{"floor":29.0,"key":"REST"}],"circlet_count":0,"master_deck":["Strike_P+1","Strike_P+1","Strike_P+1","Strike_P+1","Defend_P+1","Defend_P+1","Defend_P+1","Defend_P+1","Eruption","Vigilance","Blind+1","Replay:DivineShield","ClearTheMind","Replay:Anticipation+1","Replay:DivineShield","WindmillStrike","Protect","Replay:AtTheReady","Establishment+1","Fasting2+1","Alpha+1","Pray+1","Replay:Vibes+1","Replay:Anticipation+1","BattleHymn","SignatureMove+1","Perseverance","Study"],"relics":["PureWater","Divine Protection","Tiny Chest","Mummified Hand","Ring of Chaos","Guide Book","Replay:Wax Seal","CloakClasp"],"acts_visited":["Exordium","TheCity"],"potions_floor_usage":[],"damage_taken":[{"damage":0.0,"enemies":"Cultist","floor":1.0,"turns":2.0},{"damage":0.0,"enemies":"Jaw Worm","floor":3.0,"turns":3.0},{"damage":0.0,"enemies":"Small Slimes","floor":4.0,"turns":5.0},{"damage":28.0,"enemies":"3 Sentries","floor":6.0,"turns":16.0},{"damage":0.0,"enemies":"Blue Slaver","floor":8.0,"turns":5.0},{"damage":0.0,"enemies":"2 Fungi Beasts","floor":11.0,"turns":5.0},{"damage":0.0,"enemies":"Large Slime","floor":13.0,"turns":8.0},{"damage":0.0,"enemies":"Lots of Slimes","floor":14.0,"turns":7.0},{"damage":20.0,"enemies":"Hexaghost","floor":16.0,"turns":15.0},{"damage":0.0,"enemies":"2 Thieves","floor":18.0,"turns":4.0},{"damage":4.0,"enemies":"Shell Parasite","floor":19.0,"turns":7.0},{"damage":50.0,"enemies":"Cultist and Chosen","floor":20.0,"turns":7.0},{"damage":4.0,"enemies":"Chosen and Byrds","floor":22.0,"turns":7.0},{"damage":57.0,"enemies":"Gremlin Leader","floor":25.0,"turns":7.0},{"damage":0,"enemies":"Colosseum Slavers","floor":32,"turns":1}],"seed_played":"6896092290462131736","potions_obtained":[{"floor":1.0,"key":"PowerPotion"},{"floor":3.0,"key":"ColorlessPotion"},{"floor":8.0,"key":"Adrenaline Potion"},{"floor":16.0,"key":"Reflective Coating"},{"floor":19.0,"key":"FairyPotion"},{"floor":25.0,"key":"PowerPotion"}],"is_trial":false,"path_per_floor":["M","T","M","M","$","E","R","M","T","?","M","R","M","M","R_BF","B",null,"M","M","M","$","M","R","?","E","T","T","$","R","PTL","PTL","?"],"character_chosen":"WATCHER","items_purchased":["Replay:DivineShield","WindmillStrike","BattleHymn","Guide Book","Perseverance","Study"],"campfire_rested":2,"item_purchase_floors":[5,5,21,21,28,28],"current_hp_per_floor":[72,72,72,72,72,44,44,44,44,44,44,44,44,44,44,24,72,72,68,18,18,14,35,35,9,9,9,9,30,30,30,30,30],"gold":5,"neow_bonus":"RANDOM_COLORLESS","is_daily":false,"chose_seed":false,"campfire_upgraded":3,"win_rate":0.0,"timestamp":1607915653,"path_taken":["M","?","M","?","$","E","R","M","T","?","M","R","M","M","R_BF","BOSS","M","M","M","$","?","R","?","E","T","?","$","R","PTL","PTL","?"],"items_purchased_type":["Card","Card","Card","Relic","Card","Card"],"build_version":"2020-12-13","purchased_purges":0,"victory":false,"max_hp_per_floor":[72,72,72,72,72,72,72,72,72,72,72,72,72,72,72,72,72,72,72,72,72,72,72,72,72,72,72,72,72,72,72,72,72],"card_choices":[{"not_picked":["Impatience","Jack Of All Trades"],"picked":"Blind","floor":0.0},{"not_picked":["ThirdEye","Evaluate"],"picked":"Replay:DivineShield","floor":1.0},{"not_picked":["Prostrate","WheelKick"],"picked":"ClearTheMind","floor":3.0},{"not_picked":["Replay:ManipulateFuture","Replay:DivineShield"],"picked":"Replay:Anticipation","floor":4.0},{"not_picked":["Worship","Replay:BluntJabs"],"picked":"Protect","floor":6.0},{"not_picked":["BowlingBash","FlurryOfBlows"],"picked":"Replay:AtTheReady","floor":8.0},{"not_picked":["CutThroughFate","Crescendo"],"picked":"Establishment","floor":11.0},{"not_picked":["Swivel","FollowUp","CutThroughFate"],"picked":"SKIP","floor":13.0},{"not_picked":["Crescendo","EmptyFist"],"picked":"Fasting2","floor":14.0},{"not_picked":["Ragnarok","LessonLearned"],"picked":"Alpha","floor":16.0},{"not_picked":["PathToVictory","TalkToTheHand"],"picked":"Pray+1","floor":18.0},{"not_picked":["Wallop","FlyingSleeves+1"],"picked":"Replay:Vibes+1","floor":19.0},{"not_picked":["Meditate","ThirdEye+1"],"picked":"Replay:Anticipation+1","floor":20.0},{"not_picked":["SashWhip","Replay:BluntJabs","FlyingSleeves"],"picked":"SKIP","floor":22.0},{"not_picked":["Replay:ManipulateFuture","Tantrum+1"],"picked":"SignatureMove+1","floor":25.0}],"player_experience":245731,"relics_obtained":[{"floor":2.0,"key":"Divine Protection"},{"floor":6.0,"key":"Tiny Chest"},{"floor":9.0,"key":"Mummified Hand"},{"floor":25.0,"key":"Replay:Wax Seal"},{"floor":26.0,"key":"CloakClasp"}],"event_choices":[{"damage_healed":0.0,"max_hp_gain":0.0,"max_hp_loss":0.0,"gold_gain":0.0,"event_name":"The Woman in Blue","player_choice":"Bought 0 Potions","floor":10.0,"gold_loss":0.0,"damage_taken":0.0},{"damage_healed":0.0,"max_hp_gain":0.0,"max_hp_loss":0.0,"gold_gain":0.0,"event_name":"Back to Basics","player_choice":"Simplicity","floor":24.0,"gold_loss":0.0,"damage_taken":0.0,"cards_upgraded":["Strike_P","Strike_P","Strike_P","Strike_P","Defend_P","Defend_P","Defend_P","Defend_P"]},{"damage_healed":0,"gold_gain":0,"player_choice":"Fight","damage_taken":0,"max_hp_gain":0,"max_hp_loss":0,"event_name":"Colosseum","floor":32,"gold_loss":0}],"is_beta":false,"boss_relics":[{"not_picked":["Ectoplasm","Black Star"],"picked":"Ring of Chaos"}],"items_purged_floors":[],"is_endless":false,"potions_floor_spawned":[1,3,8,14,16,19,25],"killed_by":"Colosseum Slavers","ascension_level":0}}