{"host":"ryuep8ewa00k39z9","time":1607966421,"event":{"mods":["AchievementEnabler","BaseMod","Best Route Mod","Colored Map","Colored Powertips","Displayed Cursed Tome","Highlight Path","Minty Spire (QoL Compilation)","Quick Restart","SuperFastMode"],"gold_per_floor":[109,34,34,34,34,66,66,95,121,153,78,78,89,89,89,166,166,136,149,165,90,90,122,122,122],"floor_reached":24,"playtime":913,"items_purged":["Strike_R"],"score":518,"play_id":"e6bedac9-ebaf-4bfd-87c4-c943dd7991ad","local_time":"20201214112021","is_ascension_mode":true,"campfire_choices":[{"data":"Rampage","floor":12.0,"key":"SMITH"},{"data":"Bash","floor":15.0,"key":"SMITH"}],"circlet_count":0,"master_deck":["AscendersBane","Strike_R","Defend_R","Defend_R","Defend_R","Bash+1","Second Wind","Flame Barrier","Power Through","Rampage+1","Barricade+1","Dark Embrace"],"relics":["Burning Blood","NeowsBlessing","Darkstone Periapt","Lantern","Matryoshka","Eternal Feather","Bronze Scales","Blue Candle","Mark of Pain","Incense Burner"],"acts_visited":["Exordium","TheCity"],"potions_floor_usage":[23],"damage_taken":[{"damage":0.0,"enemies":"Jaw Worm","floor":1.0,"turns":1.0},{"damage":0.0,"enemies":"3 Sentries","floor":6.0,"turns":2.0},{"damage":0.0,"enemies":"Lagavulin","floor":8.0,"turns":1.0},{"damage":40.0,"enemies":"3 Sentries","floor":10.0,"turns":14.0},{"damage":0.0,"enemies":"2 Louse","floor":13.0,"turns":2.0},{"damage":16.0,"enemies":"Hexaghost","floor":16.0,"turns":6.0},{"damage":12,"enemies":"2 Thieves","floor":18,"turns":4},{"damage":4,"enemies":"Spheric Guardian","floor":19,"turns":7},{"damage":14,"enemies":"Snake Plant","floor":20,"turns":6},{"damage":35,"enemies":"Book of Stabbing","floor":23,"turns":7},{"damage":28,"enemies":"Cultist and Chosen","floor":24,"turns":3}],"seed_played":"6309810001648674566","potions_obtained":[{"floor":10.0,"key":"SneckoOil"},{"floor":13.0,"key":"Swift Potion"},{"floor":18,"key":"ColorlessPotion"}],"is_trial":false,"path_per_floor":["M","?","?","?","$","E","?","E","T","E","$","R","M","$","R","B",null,"M","M","M","?","?","E","M"],"character_chosen":"IRONCLAD","items_purchased":[],"campfire_rested":0,"item_purchase_floors":[],"current_hp_per_floor":[74,74,69,69,69,75,75,75,75,41,41,47,53,53,59,49,69,63,65,57,57,57,28,0,0],"gold":122,"neow_bonus":"THREE_ENEMY_KILL","is_daily":false,"chose_seed":false,"campfire_upgraded":2,"win_rate":0.0,"timestamp":1607966421,"path_taken":["M","?","?","?","$","E","?","E","T","E","$","R","?","$","R","BOSS","M","M","M","?","?","E","?"],"items_purchased_type":[],"build_version":"2020-12-13","purchased_purges":1,"victory":false,"max_hp_per_floor":[75,75,75,75,75,75,75,75,75,75,75,75,75,75,75,75,75,75,75,75,75,75,75,75,75],"card_choices":[{"not_picked":["Flex","Perfected Strike"],"picked":"Second Wind","floor":1.0},{"not_picked":["Pommel Strike","Disarm"],"picked":"Power Through","floor":6.0},{"not_picked":["Rupture","Pummel","Clothesline"],"picked":"SKIP","floor":8.0},{"not_picked":["Perfected Strike","Clothesline"],"picked":"Rampage","floor":10.0},{"not_picked":["Exhume","Spot Weakness","Wild Strike"],"picked":"SKIP","floor":13.0},{"not_picked":["Feed","Bludgeon"],"picked":"Barricade","floor":16.0},{"not_picked":["Perfected Strike","Sword Boomerang","Rampage"],"picked":"SKIP","floor":18},{"not_picked":["Bloodletting","Flex","Havoc"],"picked":"SKIP","floor":19},{"not_picked":["Searing Blow","Flex","Havoc"],"picked":"SKIP","floor":20},{"not_picked":["Rampage+1","Anger"],"picked":"Dark Embrace","floor":23}],"player_experience":3145184,"relics_obtained":[{"floor":6.0,"key":"Lantern"},{"floor":8.0,"key":"Matryoshka"},{"floor":9.0,"key":"Eternal Feather"},{"floor":9.0,"key":"Bronze Scales"},{"floor":10.0,"key":"Blue Candle"},{"floor":23,"key":"Incense Burner"}],"event_choices":[{"cards_removed":["Strike_R"],"damage_healed":0.0,"max_hp_gain":0.0,"max_hp_loss":0.0,"gold_gain":0.0,"event_name":"The Cleric","player_choice":"Card Removal","floor":2.0,"gold_loss":75.0,"damage_taken":0.0},{"damage_healed":0.0,"max_hp_gain":0.0,"max_hp_loss":0.0,"gold_gain":0.0,"event_name":"Scrap Ooze","player_choice":"Success","floor":3.0,"gold_loss":0.0,"damage_taken":5.0,"relics_obtained":["Darkstone Periapt"]},{"damage_healed":0.0,"max_hp_gain":0.0,"max_hp_loss":0.0,"gold_gain":0.0,"cards_transformed":["Strike_R"],"event_name":"Living Wall","player_choice":"Change","floor":4.0,"gold_loss":0.0,"damage_taken":0.0,"cards_obtained":["Flame Barrier"]},{"cards_removed":["Defend_R"],"damage_healed":0.0,"max_hp_gain":0.0,"max_hp_loss":0.0,"gold_gain":0.0,"event_name":"Purifier","player_choice":"Purged","floor":7.0,"gold_loss":0.0,"damage_taken":0.0},{"cards_removed":["Strike_R"],"damage_healed":0,"gold_gain":0,"player_choice":"Gave Gold","damage_taken":0,"max_hp_gain":0,"max_hp_loss":0,"event_name":"Beggar","floor":21,"gold_loss":75},{"damage_healed":0,"gold_gain":0,"player_choice":"Upgraded","damage_taken":0,"max_hp_gain":0,"max_hp_loss":0,"event_name":"Upgrade Shrine","floor":22,"gold_loss":0,"cards_upgraded":["Barricade"]}],"is_beta":false,"boss_relics":[{"not_picked":["Coffee Dripper","Runic Dome"],"picked":"Mark of Pain"}],"items_purged_floors":[11],"is_endless":false,"potions_floor_spawned":[10,13,18],"killed_by":"Cultist and Chosen","ascension_level":17}}