{"host":"79x1xq0joessh4ki","time":1607958789,"event":{"mods":["BaseMod","Hermit","Minty Spire (QoL Compilation)","Relic Stats","StSLib"],"gold_per_floor":[119,131,281,9,22,55,71,71,71,101,101,101],"floor_reached":11,"playtime":1799,"items_purged":["Doubt"],"score":146,"play_id":"6da86729-2bc5-4e30-b5f0-244103167840","local_time":"20201214161309","is_ascension_mode":true,"campfire_choices":[{"data":"hermit:GoldenBullet","floor":8,"key":"SMITH"}],"circlet_count":0,"master_deck":["AscendersBane","hermit:Strike_Hermit","hermit:Strike_Hermit","hermit:Strike_Hermit","hermit:Strike_Hermit","hermit:Defend_Hermit","hermit:Defend_Hermit","hermit:Defend_Hermit","hermit:Defend_Hermit","hermit:Snapshot","hermit:Covet","hermit:Shortfuse","hermit:Gambit","hermit:GoldenBullet+1","hermit:EyeOfTheStorm","hermit:Showdown"],"relics":["SlaversCollar","Membership Card","Ornamental Fan","Frozen Egg 2","Odd Mushroom"],"acts_visited":["Exordium"],"potions_floor_usage":[6],"damage_taken":[{"damage":1,"enemies":"Cultist","floor":1,"turns":3},{"damage":7,"enemies":"Small Slimes","floor":2,"turns":2},{"damage":2,"enemies":"Jaw Worm","floor":5,"turns":3},{"damage":14,"enemies":"Gremlin Nob","floor":6,"turns":3},{"damage":6,"enemies":"Looter","floor":7,"turns":2},{"damage":28,"enemies":"The Mushroom Lair","floor":10,"turns":4},{"damage":0,"enemies":"Lagavulin","floor":11,"turns":4}],"seed_played":"-2342960400908108878","potions_obtained":[{"floor":1,"key":"SpeedPotion"},{"floor":5,"key":"Fire Potion"},{"floor":10,"key":"BlessingOfTheForge"}],"is_trial":false,"path_per_floor":["M","M","?","$","M","E","M","R","T","?","E"],"character_chosen":"HERMIT","items_purchased":["Membership Card","hermit:Gambit","Strength Potion"],"campfire_rested":0,"item_purchase_floors":[4,4,4],"current_hp_per_floor":[63,56,56,56,54,40,34,34,34,6,6,6],"gold":101,"neow_bonus":"BOSS_RELIC","is_daily":false,"chose_seed":false,"campfire_upgraded":1,"win_rate":0.0,"timestamp":1607958789,"path_taken":["M","M","?","$","M","E","M","R","T","?","E"],"items_purchased_type":["Relic","Card","Potion"],"build_version":"2020-12-13","purchased_purges":1,"victory":false,"max_hp_per_floor":[71,71,71,71,71,71,71,71,71,71,71,71],"relic_stats":{"counters":[7,21],"Ornamental Fan":[16],"obtain_stats":[{"SlaversCollar":0,"Ornamental Fan":6,"Membership Card":4,"Frozen Egg 2":9,"Odd Mushroom":10,"hermit:Momento":0},{"SlaversCollar":0,"Ornamental Fan":4,"Membership Card":2,"Frozen Egg 2":5,"Odd Mushroom":6,"hermit:Momento":0},{"SlaversCollar":0,"Ornamental Fan":11,"Membership Card":5,"Frozen Egg 2":13,"Odd Mushroom":17,"hermit:Momento":0}]},"card_choices":[{"not_picked":["hermit:Glare","hermit:Vantage"],"picked":"hermit:Shortfuse","floor":1},{"not_picked":["hermit:WideOpen","hermit:Headshot","hermit:Glare"],"picked":"SKIP","floor":2},{"not_picked":["hermit:ItchyTrigger","hermit:TakeAim"],"picked":"hermit:GoldenBullet","floor":5},{"not_picked":["hermit:HighCaliber","hermit:LuckOfTheDraw"],"picked":"hermit:EyeOfTheStorm","floor":6},{"not_picked":["hermit:HighCaliber","hermit:OverwhelmingPower"],"picked":"hermit:Showdown","floor":7}],"player_experience":693779,"relics_obtained":[{"floor":6,"key":"Ornamental Fan"},{"floor":9,"key":"Frozen Egg 2"},{"floor":10,"key":"Odd Mushroom"}],"event_choices":[{"damage_healed":0,"gold_gain":150,"player_choice":"AGREE","damage_taken":0,"max_hp_gain":0,"max_hp_loss":0,"event_name":"Liars Game","floor":3,"gold_loss":0,"cards_obtained":["Doubt"]},{"damage_healed":0,"gold_gain":0,"player_choice":"Fought Mushrooms","damage_taken":0,"max_hp_gain":0,"max_hp_loss":0,"event_name":"Mushrooms","floor":10,"gold_loss":0}],"is_beta":false,"boss_relics":[],"items_purged_floors":[4],"is_endless":false,"potions_floor_spawned":[1,5,10],"killed_by":"Lagavulin","ascension_level":20}}