{"host":"15dd7v8o90xso62x","time":1607920502,"event":{"mods":["BaseMod","Minty Spire (QoL Compilation)","Quick Restart","StSLib"],"gold_per_floor":[14,33,51,71,71,71,71,71,117,127,142,156,166,186,186,186,186],"floor_reached":16,"playtime":466,"items_purged":[],"score":196,"play_id":"f2b542e9-e1ea-4c99-8ba1-d4e71a020fff","local_time":"20201214133502","is_ascension_mode":true,"campfire_choices":[{"data":"Riddle With Holes","floor":6.0,"key":"SMITH"},{"floor":15.0,"key":"REST"}],"circlet_count":0,"master_deck":["AscendersBane","Strike_G","Strike_G","Strike_G","Strike_G","Defend_G","Defend_G","Defend_G","Defend_G","Survivor","Neutralize+1","Dagger Throw","Deflect","Riddle With Holes+1","Accuracy+1","Venomology","Blur","Cloak And Dagger"],"relics":["Ring of the Snake","Bag of Preparation","Strawberry"],"acts_visited":["Exordium"],"potions_floor_usage":[16,16],"damage_taken":[{"damage":4.0,"enemies":"Small Slimes","floor":1.0,"turns":4.0},{"damage":0.0,"enemies":"2 Louse","floor":2.0,"turns":2.0},{"damage":0.0,"enemies":"Jaw Worm","floor":3.0,"turns":3.0},{"damage":3.0,"enemies":"Red Slaver","floor":4.0,"turns":3.0},{"damage":0.0,"enemies":"Looter","floor":10.0,"turns":4.0},{"damage":0.0,"enemies":"3 Louse","floor":11.0,"turns":3.0},{"damage":0.0,"enemies":"Red Slaver","floor":12.0,"turns":3.0},{"damage":2.0,"enemies":"Blue Slaver","floor":13.0,"turns":5.0},{"damage":7.0,"enemies":"Exordium Wildlife","floor":14.0,"turns":3.0},{"damage":18,"enemies":"Slime Boss","floor":16,"turns":5}],"seed_played":"7942897138348162243","potions_obtained":[{"floor":2.0,"key":"Weak Potion"},{"floor":4.0,"key":"SteroidPotion"},{"floor":10.0,"key":"DistilledChaos"},{"floor":12.0,"key":"Dexterity Potion"},{"floor":14.0,"key":"Regen Potion"}],"is_trial":false,"path_per_floor":["M","M","M","M","?","R","?","$","T","M","M","M","M","M","R","B"],"character_chosen":"THE_SILENT","items_purchased":[],"campfire_rested":1,"item_purchase_floors":[],"current_hp_per_floor":[55,55,55,52,32,32,6,6,13,13,13,13,11,4,25,21,21],"gold":186,"neow_bonus":"REMOVE_TWO","is_daily":false,"chose_seed":false,"campfire_upgraded":1,"win_rate":0.0,"timestamp":1607920502,"path_taken":["M","M","M","M","?","R","?","?","T","M","?","M","M","M","R","BOSS"],"items_purchased_type":[],"build_version":"2020-12-13","purchased_purges":0,"victory":false,"max_hp_per_floor":[66,66,66,66,66,66,66,66,73,73,73,73,73,73,73,73,73],"card_choices":[{"not_picked":["Outmaneuver","Quick Slash"],"picked":"Dagger Throw","floor":1.0},{"not_picked":["Slice","Flying Knee"],"picked":"Deflect","floor":2.0},{"not_picked":["Leg Sweep","Flechettes"],"picked":"Riddle With Holes","floor":3.0},{"not_picked":["Blade Dance","Prepared"],"picked":"Accuracy","floor":4.0},{"not_picked":["Underhanded Strike","Dodge and Roll","Predator"],"picked":"SKIP","floor":10.0},{"not_picked":["Backflip","Dodge and Roll"],"picked":"Venomology","floor":11.0},{"not_picked":["Prepared","Backflip","Bane"],"picked":"SKIP","floor":12.0},{"not_picked":["Setup","Sucker Punch"],"picked":"Blur","floor":13.0},{"not_picked":["Poisoned Stab","Riddle With Holes"],"picked":"Cloak And Dagger","floor":14.0}],"player_experience":897455,"relics_obtained":[{"floor":9.0,"key":"Strawberry"}],"event_choices":[{"damage_healed":0.0,"max_hp_gain":0.0,"max_hp_loss":0.0,"gold_gain":0.0,"event_name":"Shining Light","player_choice":"Entered Light","floor":5.0,"gold_loss":0.0,"damage_taken":20.0,"cards_upgraded":["Neutralize","Accuracy"]},{"damage_healed":0.0,"max_hp_gain":0.0,"max_hp_loss":0.0,"gold_gain":0.0,"event_name":"Scrap Ooze","player_choice":"Success","floor":7.0,"gold_loss":0.0,"damage_taken":26.0,"relics_obtained":["Bag of Preparation"]}],"is_beta":false,"boss_relics":[],"items_purged_floors":[],"is_endless":false,"potions_floor_spawned":[2,4,10,12,14],"killed_by":"Slime Boss","ascension_level":20}}