{"host":"28p8ce41sjwa6lzf","time":1607973445,"event":{"mods":["BaseMod","Colored Map","Colored Powertips","Highlight Path","Minty Spire (QoL Compilation)","Permanent Neow","Quick Restart","Random Character Button","Rare Cards Sparkle","Relic Stats","StSLib","Unceasing Turn Reminder"],"gold_per_floor":[119,194,23,23,41,74,74,87,87,12,12,12,12,41,41,113,113,126,146,196,210,221,221,221,221],"floor_reached":24,"playtime":1069,"items_purged":["Strike_B"],"score":508,"play_id":"7dd05d45-1c33-4c98-9341-469e7cc07d78","local_time":"20201214131725","is_ascension_mode":true,"campfire_choices":[{"floor":7.0,"key":"DIG"},{"floor":11.0,"key":"REST"},{"data":"Fission","floor":15.0,"key":"SMITH"},{"floor":23.0,"key":"REST"}],"circlet_count":0,"master_deck":["AscendersBane","Strike_B","Strike_B","Defend_B","Defend_B","Defend_B","Defend_B","Zap","Dualcast","Streamline","Recycle","Fission+1","Capacitor","Rainbow","Auto Shields","Rainbow","Coolheaded+1","Hologram","Loop","BootSequence"],"relics":["Cracked Core","Shovel","OrangePellets","Dead Branch","DataDisk","StoneCalendar","Cables","Philosopher\u0027s Stone"],"acts_visited":["Exordium","TheCity"],"potions_floor_usage":[],"damage_taken":[{"damage":7.0,"enemies":"Small Slimes","floor":1.0,"turns":3.0},{"damage":1.0,"enemies":"2 Louse","floor":5.0,"turns":2.0},{"damage":36.0,"enemies":"Gremlin Nob","floor":6.0,"turns":4.0},{"damage":4.0,"enemies":"Jaw Worm","floor":8.0,"turns":3.0},{"damage":6.0,"enemies":"3 Sentries","floor":14.0,"turns":6.0},{"damage":0.0,"enemies":"The Guardian","floor":16.0,"turns":9.0},{"damage":28.0,"enemies":"2 Thieves","floor":18.0,"turns":3.0},{"damage":0.0,"enemies":"Chosen","floor":19.0,"turns":3.0},{"damage":29.0,"enemies":"Snake Plant","floor":21.0,"turns":3.0},{"damage":0.0,"enemies":"Sentry and Sphere","floor":22.0,"turns":3.0},{"damage":22,"enemies":"Book of Stabbing","floor":24,"turns":5}],"seed_played":"8599252081998933894","potions_obtained":[{"floor":5.0,"key":"SneckoOil"},{"floor":6.0,"key":"GamblersBrew"},{"floor":14.0,"key":"ColorlessPotion"},{"floor":21.0,"key":"PowerPotion"},{"floor":22.0,"key":"Regen Potion"}],"is_trial":false,"path_per_floor":["M","?","$","?","M","E","R","M","T","$","R","$","?","E","R","B",null,"M","M","?","M","M","R","E"],"character_chosen":"DEFECT","items_purchased":["OrangePellets"],"campfire_rested":2,"item_purchase_floors":[3],"current_hp_per_floor":[57,46,46,46,45,9,9,5,5,5,26,26,26,20,20,20,58,30,30,30,1,1,22,0,0],"gold":221,"neow_bonus":"ONE_RARE_RELIC","is_daily":false,"chose_seed":false,"campfire_upgraded":1,"win_rate":0.0,"timestamp":1607973445,"path_taken":["M","?","$","?","M","E","R","M","T","$","R","?","?","E","R","BOSS","M","M","?","M","M","R","E"],"items_purchased_type":["Relic"],"build_version":"2020-12-13","purchased_purges":1,"victory":false,"max_hp_per_floor":[71,71,71,71,71,71,71,71,71,71,71,71,71,71,71,71,71,71,71,71,71,71,71,71,71],"relic_stats":{"OrangePellets":[1],"Shovel":1,"counters":[11,44],"Dead Branch":[52],"StoneCalendar":[52],"obtain_stats":[{"OrangePellets":3,"DataDisk":7,"Shovel":0,"Dead Branch":6,"StoneCalendar":9,"Philosopher\u0027s Stone":17,"Cracked Core":0,"Cables":14},{"OrangePellets":1,"DataDisk":3,"Shovel":0,"Dead Branch":3,"StoneCalendar":4,"Philosopher\u0027s Stone":6,"Cracked Core":0,"Cables":5},{"OrangePellets":3,"DataDisk":9,"Shovel":0,"Dead Branch":9,"StoneCalendar":12,"Philosopher\u0027s Stone":27,"Cracked Core":0,"Cables":18}],"Cables":[21,15,5,1,0]},"card_choices":[{"not_picked":["Rip and Tear","Self Repair"],"picked":"Streamline","floor":1.0},{"not_picked":["Gash","Redo"],"picked":"Recycle","floor":5.0},{"not_picked":["Steam","Redo"],"picked":"Fission","floor":6.0},{"not_picked":["Gash","Redo"],"picked":"Capacitor","floor":8.0},{"not_picked":["Coolheaded","Fusion"],"picked":"Auto Shields","floor":14.0},{"not_picked":["Multi-Cast","All For One"],"picked":"Rainbow","floor":16.0},{"not_picked":["Beam Cell","Barrage"],"picked":"Coolheaded+1","floor":18.0},{"not_picked":["Conserve Battery","Go for the Eyes"],"picked":"Hologram","floor":19.0},{"not_picked":["Stack","Multi-Cast"],"picked":"Loop","floor":21.0},{"not_picked":["Beam Cell","Sweeping Beam"],"picked":"BootSequence","floor":22.0}],"player_experience":988630,"relics_obtained":[{"floor":6.0,"key":"Dead Branch"},{"floor":7.0,"key":"DataDisk"},{"floor":9.0,"key":"StoneCalendar"},{"floor":14.0,"key":"Cables"}],"event_choices":[{"damage_healed":0.0,"max_hp_gain":0.0,"max_hp_loss":0.0,"gold_gain":75.0,"event_name":"World of Goop","player_choice":"Gather Gold","floor":2.0,"gold_loss":0.0,"damage_taken":11.0},{"cards_removed":["Doubt"],"damage_healed":0.0,"max_hp_gain":0.0,"max_hp_loss":0.0,"gold_gain":0.0,"event_name":"Living Wall","player_choice":"Forget","floor":4.0,"gold_loss":0.0,"damage_taken":0.0},{"damage_healed":0.0,"max_hp_gain":0.0,"max_hp_loss":0.0,"gold_gain":0.0,"cards_transformed":["Strike_B"],"event_name":"Transmorgrifier","player_choice":"Transformed","floor":13.0,"gold_loss":0.0,"damage_taken":0.0,"cards_obtained":["Rainbow"]},{"damage_healed":0.0,"max_hp_gain":0.0,"max_hp_loss":0.0,"gold_gain":50.0,"event_name":"Nest","player_choice":"Stole From Cult","floor":20.0,"gold_loss":0.0,"damage_taken":0.0}],"is_beta":false,"boss_relics":[{"not_picked":["Astrolabe","Runic Dome"],"picked":"Philosopher\u0027s Stone"}],"items_purged_floors":[10],"is_endless":false,"potions_floor_spawned":[5,6,14,21,22],"killed_by":"Book of Stabbing","ascension_level":20}}