{"host":"u0pt4wuoyrjgzhh2","time":1607925252,"event":{"mods":["AchievementEnabler","Act Like it!","Aspiration","BaseMod","Better Note","Better Vampires","Better-Laid Plans","BetterRewards","Block Reminder","Challenge The Spire","Colored Map","Colored Powertips","Conspire","Dota2Spire","Downfall","Highlight Path","Hubris","Minty Spire (QoL Compilation)","MostiFishMod","Quarter Circle Forward PUNCH!","Quick Restart","Relic Stats","Replay The Spire","Robot Space Explorer","RumiaBox-露米娅的神秘盒子","Shop Mod","Spicy Shops","StSLib","SuperFastMode","TestMod","The Dragon Tamer","The Jungle","vexMod","【功能Mod】混沌之环修复补丁","【遗物卡牌】REMEMod"],"gold_per_floor":[99,134,134,84,184,109,177,102,126,156,200,245,289,300,329,438,438,563,690,719,719,753,804,804,804,804,847,847],"floor_reached":27,"playtime":1567,"items_purged":[],"score":311,"play_id":"32516c15-bfc0-4d54-a32c-52d9de3ad050","local_time":"20201214135411","is_ascension_mode":false,"campfire_choices":[{"floor":1.0,"key":"RECALL"},{"data":"champ:PreciseThrust","floor":6.0,"key":"SMITH"},{"data":"conspire:SpireCoStock","floor":8.0,"key":"SMITH"},{"data":"champ:StanceDance","floor":18,"key":"SMITH"},{"data":"champ:Lariat","floor":26,"key":"SMITH"}],"circlet_count":0,"master_deck":["champ:Strike","champ:Strike","champ:Strike","champ:Strike+1","champ:Defend","champ:Defend","champ:Defend","champ:Defend","champ:Execute","champ:Taunt","champ:PreciseThrust+1","conspire:SpireCoStock+1","champ:StanceDance+1","champ:GutPunch+1","champ:ViciousMockery","champ:Lariat+1","Reprogram","champ:Shatter","champ:LastStand","champ:Backstep+1"],"relics":["champ:ChampionCrown","testmod-TestBox","REME_ComplimentaryCards","DaveBox","downfall:HeartsMalice","xbg","testmod-EnergyCheck","Dota2Spire:BattleFury","downfall:GremlinWheel","downfall:HeartBlessingRed","downfall:HeartBlessingBlue","Regal Pillow","ImportantClient","RhineFirstAidKit","downfall:HeartBlessingGreen","downfall:GremlinWheel","Whetstone","DianPoetry","aspiration:ChemicalBlood"],"acts_visited":["Exordium","TheCity"],"potions_floor_usage":[],"damage_taken":[{"damage":0.0,"enemies":"Lagavulin","floor":2.0,"turns":1.0},{"damage":0.0,"enemies":"Small Slimes","floor":3.0,"turns":1.0},{"damage":0.0,"enemies":"Small Slimes","floor":5.0,"turns":1.0},{"damage":5.0,"enemies":"Cultist","floor":9.0,"turns":3.0},{"damage":54.0,"enemies":"Gremlin Nob","floor":10.0,"turns":5.0},{"damage":5.0,"enemies":"Jaw Worm","floor":11.0,"turns":2.0},{"damage":20.0,"enemies":"Red Slaver","floor":12.0,"turns":4.0},{"damage":12.0,"enemies":"Large Slime","floor":13.0,"turns":4.0},{"damage":21.0,"enemies":"Gremlin Gang","floor":14.0,"turns":4.0},{"damage":15.0,"enemies":"2 Fungi Beasts","floor":15.0,"turns":3.0},{"damage":39.0,"enemies":"downfall:Defect","floor":16.0,"turns":5.0},{"damage":40,"enemies":"downfall:Defect","floor":19,"turns":4},{"damage":25,"enemies":"conspire:FuzzyDice","floor":20,"turns":4},{"damage":36,"enemies":"conspire:HollyBat","floor":22,"turns":6},{"damage":52,"enemies":"conspire:SneckoGhost","floor":23,"turns":6},{"damage":34,"enemies":"Gremlin Leader","floor":27,"turns":6}],"seed_played":"3535768712258432113","potions_obtained":[{"floor":2.0,"key":"DuplicationPotion"},{"floor":5.0,"key":"Elixir"},{"floor":11.0,"key":"Fire Potion"},{"floor":12.0,"key":"Languid Potion"},{"floor":13.0,"key":"champ:OpenerPotion"},{"floor":16.0,"key":"AttackPotion"},{"floor":22,"key":"Swift Potion"}],"is_trial":false,"path_per_floor":["R","E","M","?","?","R","T","R","M","E","M","M","M","M","M","B",null,"R_BF","?","M","?","M","E","T","?","R","E"],"character_chosen":"THE_CHAMP","items_purchased":[],"campfire_rested":0,"item_purchase_floors":[],"current_hp_per_floor":[90,90,90,90,90,90,90,100,100,56,53,38,46,42,44,30,100,100,82,72,72,53,100,100,85,85,72,72],"gold":847,"neow_bonus":"THREE_ENEMY_KILL","is_daily":false,"chose_seed":false,"campfire_upgraded":4,"win_rate":0.0,"timestamp":1607925251,"path_taken":["R","E","M","?","?","R","T","R","M","E","M","?","?","M","M","BOSS","R_BF","?","?","?","M","E","T","?","R","E"],"items_purchased_type":[],"build_version":"2020-12-13","purchased_purges":0,"victory":false,"max_hp_per_floor":[90,90,90,90,90,90,90,100,100,100,100,100,100,100,100,100,100,100,100,100,100,100,100,100,100,100,100,100],"relic_stats":{"Regal Pillow":0,"counters":[16,56],"Whetstone":["champ:Strike","champ:GutPunch"],"obtain_stats":[{"Regal Pillow":10,"testmod-TestBox":0,"DaveBox":0,"downfall:HeartBlessingRed":6,"DianPoetry":24,"champ:ChampionCrown":0,"downfall:HeartsMalice":0,"downfall:HeartBlessingGreen":18,"Dota2Spire:BattleFury":2,"Whetstone":23,"downfall:GremlinWheel":5,"RhineFirstAidKit":17,"downfall:HeartBlessingBlue":8,"xbg":0,"testmod-EnergyCheck":0,"REME_ComplimentaryCards":0,"ImportantClient":16,"aspiration:ChemicalBlood":27},{"Regal Pillow":5,"testmod-TestBox":0,"DaveBox":0,"downfall:HeartBlessingRed":3,"DianPoetry":15,"champ:ChampionCrown":0,"downfall:HeartsMalice":0,"downfall:HeartBlessingGreen":11,"Dota2Spire:BattleFury":1,"Whetstone":15,"downfall:GremlinWheel":3,"RhineFirstAidKit":11,"downfall:HeartBlessingBlue":3,"xbg":0,"testmod-EnergyCheck":0,"REME_ComplimentaryCards":0,"ImportantClient":11,"aspiration:ChemicalBlood":16},{"Regal Pillow":8,"testmod-TestBox":0,"DaveBox":0,"downfall:HeartBlessingRed":0,"DianPoetry":50,"champ:ChampionCrown":0,"downfall:HeartsMalice":0,"downfall:HeartBlessingGreen":30,"Dota2Spire:BattleFury":0,"Whetstone":50,"downfall:GremlinWheel":0,"RhineFirstAidKit":30,"downfall:HeartBlessingBlue":0,"xbg":0,"testmod-EnergyCheck":0,"REME_ComplimentaryCards":0,"ImportantClient":30,"aspiration:ChemicalBlood":56}]},"card_choices":[{"not_picked":["champ:FanOfKnives","champ:AdrenalArmor"],"picked":"champ:PreciseThrust","floor":3.0},{"not_picked":["champ:IronFortress","champ:Circumvent"],"picked":"champ:StanceDance","floor":9.0},{"not_picked":["champ:EndlessRage","champ:FalseCounter"],"picked":"champ:GutPunch","floor":10.0},{"not_picked":["champ:CalledShot","champ:AdrenalArmor"],"picked":"champ:ViciousMockery","floor":11.0},{"not_picked":["champ:CrookedStrike","champ:GladiatorsShout","champ:FightOn"],"picked":"SKIP","floor":12.0},{"not_picked":["champ:CrookedStrike","champ:BerserkerStyle"],"picked":"champ:Lariat","floor":13.0},{"not_picked":["champ:ShieldWall","champ:BerserkerStyle","champ:StanceDance"],"picked":"SKIP","floor":14.0},{"not_picked":["champ:DefensiveShout","champ:FightOn"],"picked":"champ:Shatter","floor":15.0},{"not_picked":["champ:MurderStrike","champ:CrownThrow"],"picked":"champ:LastStand","floor":16.0},{"not_picked":["champ:SkillfulDodge","champ:BringItOn"],"picked":"champ:Backstep+1","floor":20},{"not_picked":["champ:DefensiveShout","champ:ViciousMockery","champ:CrookedStrike"],"picked":"SKIP","floor":22},{"not_picked":["champ:Backstep","champ:TornadoPunch","champ:Shatter"],"picked":"SKIP","floor":23}],"player_experience":128387,"relics_obtained":[{"floor":2.0,"key":"Dota2Spire:BattleFury"},{"floor":5.0,"key":"downfall:GremlinWheel"},{"floor":10.0,"key":"Regal Pillow"},{"floor":16.0,"key":"ImportantClient"},{"floor":19,"key":"downfall:GremlinWheel"},{"floor":23,"key":"Whetstone"},{"floor":24,"key":"DianPoetry"},{"floor":27,"key":"aspiration:ChemicalBlood"}],"event_choices":[{"damage_healed":0.0,"max_hp_gain":0.0,"max_hp_loss":0.0,"gold_gain":0.0,"event_name":"conspire:Investor","player_choice":"Invest 1","floor":4.0,"gold_loss":0.0,"damage_taken":0.0},{"damage_healed":0,"gold_gain":200,"player_choice":"Gold","damage_taken":0,"max_hp_gain":0,"max_hp_loss":0,"event_name":"Wheel of Change","floor":18,"gold_loss":0},{"cards_removed":["champ:Strike"],"damage_healed":0,"gold_gain":0,"player_choice":"Give","damage_taken":0,"max_hp_gain":0,"max_hp_loss":0,"event_name":"betterNote:BetterNote","floor":21,"gold_loss":0,"cards_obtained":["DTMod:Strike"]}],"is_beta":false,"boss_relics":[{"not_picked":["Sozu","testmod-SaigiyounoYou"],"picked":"RhineFirstAidKit"}],"items_purged_floors":[],"is_endless":false,"potions_floor_spawned":[2,5,11,12,13,16,22,23],"killed_by":"Gremlin Leader","ascension_level":0}}