{"host":"jmyzvm1p6bjfuoy1","time":1607921336,"event":{"mods":["2.2 Compatiblity","AchievementEnabler","Aspiration","BaseMod","BetterRewards","Conspire","Hubris","Hunter ??","Jedi Mod","Minty Spire (QoL Compilation)","Permanent Neow","READ ME - Guardian Mod","Rare Cards Sparkle","Shop Mod","StSLib","The Runesmith"],"gold_per_floor":[119,158,108,150,150,168,178,178,178,106,124,124,124,143,143,266,266,315,330,203,203,203,203,273,284,284,284,0,0,63,63,63,216,216,236,67,0,0,25,25,53,53,79,122,122,397,427,5,5,5,5],"floor_reached":50,"playtime":6248,"items_purged":[],"score":596,"play_id":"9cc62a09-473c-4026-8323-9dee28bc770a","local_time":"20201213234856","is_ascension_mode":false,"campfire_choices":[{"floor":8.0,"key":"REST"},{"floor":15.0,"key":"REST"},{"floor":23.0,"key":"REST"},{"floor":27.0,"key":"REST"},{"floor":29.0,"key":"REST"},{"floor":32.0,"key":"REST"},{"data":"Seeing Red","floor":40,"key":"SMITH"},{"floor":42,"key":"REST"},{"data":"Hemokinesis","floor":45,"key":"SMITH"},{"floor":49,"key":"REST"}],"circlet_count":0,"master_deck":["Strike_R","Strike_R","Strike_R","Strike_R","Strike_R","Defend_R","Defend_R","Defend_R","Defend_R","Bash","Perfected Strike","Flex","conspire:SpireCoStock","Clothesline","Dropkick","Twin Strike","Thunderclap","Perfected Strike","Berserk","Infernal Blade+1","Seeing Red+1","Perfected Strike","Backflip+1","Distraction","Hemokinesis+1","hubris:EnhanceAbility","jedi:strikingstrike","Sadistic Nature","Runesmith:EarthShield+1","Panache","Power Through+1","Mind Blast","Twin Strike","Regret","Shockwave+1"],"relics":["Burning Blood","jedi:cryingmask","Tiny Chest","hubris:Backtick","GiantSoulBox","conspire:BottledYoYo","PrismaticShard","PreservedInsect","Thread and Needle","hubris:ToyBattleship","GiantSoulStone","hubris:RunicObelisk","Red Mask","Lizard Tail","Vajra","jedi:shrinkray","Membership Card","Champion Belt","Bottled Flame"],"acts_visited":["TheBeyond"],"potions_floor_usage":[44,50,50],"damage_taken":[{"damage":6.0,"enemies":"Jaw Worm","floor":1.0,"turns":4.0},{"damage":18.0,"enemies":"conspire:MimicChest","floor":2.0,"turns":6.0},{"damage":14.0,"enemies":"2 Louse","floor":4.0,"turns":5.0},{"damage":5.0,"enemies":"Small Slimes","floor":6.0,"turns":3.0},{"damage":14.0,"enemies":"Exordium Thugs","floor":7.0,"turns":4.0},{"damage":12.0,"enemies":"Blue Slaver","floor":11.0,"turns":2.0},{"damage":9.0,"enemies":"Looter","floor":14.0,"turns":3.0},{"damage":43.0,"enemies":"The Guardian","floor":16.0,"turns":7.0},{"damage":31.0,"enemies":"conspire:FuzzyDice","floor":18.0,"turns":7.0},{"damage":4.0,"enemies":"3 Byrds","floor":19.0,"turns":5.0},{"damage":67.0,"enemies":"Slavers","floor":24.0,"turns":7.0},{"damage":20.0,"enemies":"Cultist and Chosen","floor":25.0,"turns":4.0},{"damage":38.0,"enemies":"Book of Stabbing","floor":30.0,"turns":5.0},{"damage":89.0,"enemies":"conspire:MysteriousRune","floor":33.0,"turns":9.0},{"damage":19.0,"enemies":"3 Darklings","floor":35.0,"turns":8.0},{"damage":6,"enemies":"Orb Walker","floor":39,"turns":3},{"damage":20,"enemies":"Reptomancer","floor":41,"turns":4},{"damage":17,"enemies":"Writhing Mass","floor":44,"turns":4},{"damage":11,"enemies":"3 Darklings","floor":47,"turns":6},{"damage":190,"enemies":"Awakened One","floor":50,"turns":10}],"seed_played":"-7398349606004339838","potions_obtained":[{"floor":4.0,"key":"FearPotion"},{"floor":11.0,"key":"PowerPotion"},{"floor":16.0,"key":"Regen Potion"},{"floor":18.0,"key":"AttackPotion"},{"floor":30.0,"key":"Weak Potion"},{"floor":33.0,"key":"Ancient Potion"},{"floor":35.0,"key":"Explosive Potion"},{"floor":39,"key":"Ancient Potion"}],"is_trial":false,"path_per_floor":["M","?","?","M","?","M","M","R","T","$","M","?","$","M","R","B",null,"M","M","$","T","?","R","E","M","T","R","$","R","E","?","R","B",null,"M","$","?","T","M","R","E","R","T","M","R","?","M","$","R","B"],"character_chosen":"IRONCLAD","items_purchased":["LiquidBronze","EssenceOfSteel","SkillPotion","Hemokinesis","hubris:EnhanceAbility","Dexterity Potion","Panache","Membership Card","Champion Belt","Bottled Flame"],"campfire_rested":8,"item_purchase_floors":[10,20,20,28,28,28,36,48,48,48],"current_hp_per_floor":[88,76,76,68,68,69,61,87,87,87,81,81,81,78,88,51,88,68,70,70,70,62,89,33,31,31,60,60,89,62,65,96,18,111,98,98,98,98,98,98,84,111,111,105,105,105,100,100,116,0,0],"gold":5,"neow_bonus":"TEN_PERCENT_HP_BONUS","is_daily":false,"chose_seed":false,"campfire_upgraded":2,"win_rate":0.0,"timestamp":1607921336,"path_taken":["M","?","?","M","?","M","M","R","T","?","?","?","$","M","R","BOSS","M","M","$","?","?","R","E","M","T","R","$","R","E","?","R","BOSS","M","$","?","?","?","R","E","R","T","M","R","?","?","$","R","BOSS"],"items_purchased_type":["Potion","Potion","Potion","Card","Card","Potion","Card","Relic","Relic","Relic"],"build_version":"2020-12-13","purchased_purges":0,"victory":false,"max_hp_per_floor":[88,88,88,88,88,88,88,88,88,88,88,88,88,88,88,88,88,93,93,93,93,93,93,98,98,98,98,98,98,103,106,106,111,111,111,111,111,111,111,111,111,111,111,116,116,116,116,116,116,116,116],"card_choices":[{"not_picked":["Wild Strike","Rage"],"picked":"Perfected Strike","floor":1.0},{"not_picked":["True Grit","Wild Strike"],"picked":"Flex","floor":2.0},{"not_picked":["Armaments","Dark Embrace"],"picked":"Clothesline","floor":4.0},{"not_picked":["Flex","jedi:fear"],"picked":"Dropkick","floor":6.0},{"not_picked":["Flex","Sword Boomerang"],"picked":"Twin Strike","floor":7.0},{"not_picked":["Rampage","Metallicize"],"picked":"Thunderclap","floor":11.0},{"not_picked":["Hemokinesis","Immolate"],"picked":"Perfected Strike","floor":14.0},{"not_picked":["jedi:unlimitedpower","Bludgeon"],"picked":"Berserk","floor":16.0},{"not_picked":["Entrench","Headbutt"],"picked":"Infernal Blade+1","floor":18.0},{"not_picked":["Dark Embrace","Havoc"],"picked":"Seeing Red","floor":19.0},{"not_picked":["Armaments","Body Slam+1"],"picked":"Perfected Strike","floor":22.0},{"not_picked":["Runesmith:BackupBattery+1","EagleSecond+1"],"picked":"Backflip+1","floor":24.0},{"not_picked":["Mayhem","Up Up Up"],"picked":"Distraction","floor":25.0},{"not_picked":["Runesmith:Refine","Armaments"],"picked":"jedi:strikingstrike","floor":30.0},{"not_picked":["GremlinNobPetCall","Venomology"],"picked":"Sadistic Nature","floor":33.0},{"not_picked":["Protect_Giant","Runesmith:UnstableHammer"],"picked":"Runesmith:EarthShield+1","floor":35.0},{"not_picked":["Sweeping Beam","InnerPeace+1"],"picked":"Power Through+1","floor":39},{"not_picked":["Runesmith:HammerThrow+1","SashWhip"],"picked":"Mind Blast","floor":41},{"not_picked":["Recycle","jedi:markofdeath+1"],"picked":"Twin Strike","floor":44},{"not_picked":["Random Death Rattle+1","Concentrate"],"picked":"Shockwave+1","floor":47}],"player_experience":270938,"relics_obtained":[{"floor":2.0,"key":"jedi:cryingmask"},{"floor":9.0,"key":"Tiny Chest"},{"floor":21.0,"key":"conspire:BottledYoYo"},{"floor":22.0,"key":"PrismaticShard"},{"floor":24.0,"key":"PreservedInsect"},{"floor":26.0,"key":"Thread and Needle"},{"floor":30.0,"key":"hubris:ToyBattleship"},{"floor":33.0,"key":"GiantSoulStone"},{"floor":38.0,"key":"Lizard Tail"},{"floor":41,"key":"Vajra"},{"floor":43,"key":"jedi:shrinkray"}],"event_choices":[{"damage_healed":0.0,"max_hp_gain":0.0,"max_hp_loss":0.0,"gold_gain":0.0,"event_name":"conspire:Investor","player_choice":"Invest 1","floor":3.0,"gold_loss":0.0,"damage_taken":0.0},{"damage_healed":0.0,"max_hp_gain":0.0,"max_hp_loss":0.0,"gold_gain":0.0,"event_name":"The Cleric","player_choice":"Leave","floor":5.0,"gold_loss":0.0,"damage_taken":0.0},{"damage_healed":0.0,"max_hp_gain":0.0,"max_hp_loss":0.0,"gold_gain":0.0,"event_name":"Purifier","player_choice":"Ignored","floor":12.0,"gold_loss":0.0,"damage_taken":0.0},{"damage_healed":0.0,"max_hp_gain":0.0,"max_hp_loss":0.0,"gold_gain":0.0,"event_name":"Tomb of Lord Red Mask","player_choice":"Paid","floor":37.0,"gold_loss":67.0,"damage_taken":0.0,"relics_obtained":["Red Mask"]},{"damage_healed":0,"gold_gain":275,"player_choice":"Desecrate","damage_taken":0,"max_hp_gain":0,"max_hp_loss":0,"event_name":"Golden Shrine","floor":46,"gold_loss":0,"cards_obtained":["Regret"]}],"is_beta":false,"boss_relics":[{"not_picked":["hubris:TerracottaHorce","Snecko Eye"],"picked":"hubris:Backtick"},{"not_picked":["Runic Dome","jedi:paperlyon"],"picked":"hubris:RunicObelisk"}],"items_purged_floors":[],"is_endless":false,"potions_floor_spawned":[4,11,16,18,30,33,35,39],"killed_by":"Awakened One","ascension_level":0}}