{"host":"m4a4k3ia027windw","time":1607985466,"event":{"mods":["2.2 Compatiblity","AchievementEnabler","BaseMod","Colored Map","DeckTracker","Highlight Path","Minty Spire (QoL Compilation)","Random Character Button","Rare Cards Sparkle"],"gold_per_floor":[112,122,142,30,30,30,63,73,123,151,151,116,36,51,51,123,123,133,151,151,151,169,169,182,182,182],"floor_reached":25,"playtime":1269,"items_purged":[],"score":476,"play_id":"9f652e96-bf17-4028-9c5e-8aa195372a3b","local_time":"20201214233746","is_ascension_mode":true,"campfire_choices":[{"data":"Inflame","floor":6.0,"key":"SMITH"},{"data":"Flame Barrier","floor":11.0,"key":"SMITH"},{"data":"Heavy Blade","floor":15.0,"key":"SMITH"},{"data":"Demon Form","floor":23,"key":"SMITH"}],"circlet_count":0,"master_deck":["AscendersBane","Strike_R","Strike_R","Strike_R","Strike_R","Strike_R","Defend_R","Defend_R","Defend_R","Defend_R","Bash","True Grit","Inflame+1","Flame Barrier+1","Offering","Battle Trance","Ghostly Armor","Dual Wield","Heavy Blade+1","Demon Form+1","Pommel Strike+1","Heavy Blade+1"],"relics":["Burning Blood","Mango","Bottled Lightning","Tiny Chest","Nunchaku","Busted Crown","Molten Egg 2"],"acts_visited":["Exordium","TheCity"],"potions_floor_usage":[16,22],"damage_taken":[{"damage":9.0,"enemies":"Jaw Worm","floor":1.0,"turns":5.0},{"damage":6.0,"enemies":"Cultist","floor":2.0,"turns":4.0},{"damage":4.0,"enemies":"2 Louse","floor":3.0,"turns":4.0},{"damage":28.0,"enemies":"Lagavulin","floor":7.0,"turns":8.0},{"damage":12.0,"enemies":"Large Slime","floor":8.0,"turns":4.0},{"damage":38.0,"enemies":"Gremlin Nob","floor":10.0,"turns":4.0},{"damage":7.0,"enemies":"Looter","floor":14.0,"turns":3.0},{"damage":31,"enemies":"Hexaghost","floor":16,"turns":8},{"damage":24,"enemies":"Shell Parasite","floor":18,"turns":4},{"damage":5,"enemies":"3 Byrds","floor":19,"turns":3},{"damage":29,"enemies":"3 Cultists","floor":22,"turns":5},{"damage":33,"enemies":"Snake Plant","floor":24,"turns":3},{"damage":0,"enemies":"Sentry and Sphere","floor":25,"turns":2}],"seed_played":"7201653502570687214","potions_obtained":[{"floor":2.0,"key":"Fruit Juice"},{"floor":10.0,"key":"CultistPotion"},{"floor":14.0,"key":"SpeedPotion"},{"floor":16,"key":"SteroidPotion"},{"floor":20,"key":"Strength Potion"},{"floor":22,"key":"ElixirPotion"},{"floor":24,"key":"FearPotion"}],"is_trial":false,"path_per_floor":["M","M","M","$","?","R","E","M","T","E","R","?","$","M","R","B",null,"M","M","?","T","M","R","M","M"],"character_chosen":"IRONCLAD","items_purchased":["PowerPotion","ColorlessPotion","Dual Wield"],"campfire_rested":0,"item_purchase_floors":[4,4,13],"current_hp_per_floor":[79,84,86,86,91,91,69,63,63,31,31,54,54,53,53,28,76,58,59,59,59,36,36,9,9,9],"gold":182,"neow_bonus":"ONE_RARE_RELIC","is_daily":false,"chose_seed":false,"campfire_upgraded":4,"win_rate":0.0,"timestamp":1607985466,"path_taken":["M","M","M","$","?","R","E","M","T","E","R","?","?","M","R","BOSS","M","M","?","?","M","R","M","M"],"items_purchased_type":["Potion","Potion","Card"],"build_version":"2020-12-13","purchased_purges":0,"victory":false,"max_hp_per_floor":[82,87,87,87,92,92,92,92,92,92,92,92,92,92,92,92,92,92,92,92,92,92,92,92,92,92],"card_choices":[{"not_picked":["Anger","Havoc"],"picked":"True Grit","floor":1.0},{"not_picked":["Shrug It Off","Iron Wave"],"picked":"Inflame","floor":2.0},{"not_picked":["Feel No Pain","Twin Strike"],"picked":"Flame Barrier","floor":3.0},{"not_picked":["Headbutt","Uppercut"],"picked":"Offering","floor":7.0},{"not_picked":["Warcry","Perfected Strike"],"picked":"Battle Trance","floor":8.0},{"not_picked":["Pommel Strike","Power Through"],"picked":"Ghostly Armor","floor":10.0},{"not_picked":["Bloodletting","Clash"],"picked":"Heavy Blade","floor":14.0},{"not_picked":["Impervious","Juggernaut"],"picked":"Demon Form","floor":16},{"not_picked":["Entrench"],"picked":"SKIP","floor":18},{"not_picked":["Iron Wave"],"picked":"SKIP","floor":19},{"not_picked":[],"picked":"Pommel Strike+1","floor":22},{"not_picked":[],"picked":"Heavy Blade+1","floor":24}],"player_experience":466827,"relics_obtained":[{"floor":7.0,"key":"Bottled Lightning"},{"floor":9.0,"key":"Tiny Chest"},{"floor":10.0,"key":"Nunchaku"},{"floor":21,"key":"Molten Egg 2"}],"event_choices":[{"damage_healed":0.0,"max_hp_gain":5.0,"max_hp_loss":0.0,"gold_gain":0.0,"event_name":"Big Fish","player_choice":"Donut","floor":5.0,"gold_loss":0.0,"damage_taken":0.0},{"damage_healed":23.0,"max_hp_gain":0.0,"max_hp_loss":0.0,"gold_gain":0.0,"event_name":"The Cleric","player_choice":"Healed","floor":12.0,"gold_loss":35.0,"damage_taken":0.0},{"damage_healed":0,"gold_gain":0,"player_choice":"Got Potions","damage_taken":0,"max_hp_gain":0,"max_hp_loss":0,"event_name":"Lab","floor":20,"gold_loss":0}],"is_beta":false,"boss_relics":[{"not_picked":["Black Blood","Philosopher\u0027s Stone"],"picked":"Busted Crown"}],"items_purged_floors":[],"is_endless":false,"potions_floor_spawned":[2,10,14,16,19,22,24],"killed_by":"Sentry and Sphere","ascension_level":20}}