{"host":"cyh4fejqtcjbfr7k","time":1607935375,"event":{"mods":["2.2 Compatiblity","AchievementEnabler","BaseMod","Colored Map","Colored Powertips","DeckTracker","Downfall","Googly Eyes","Hubris","Infinite Spire","Minty Spire (QoL Compilation)","Replay The Spire","Shop Mod","StSLib","SuperFastMode","The Disciple","Unceasing Turn Reminder"],"gold_per_floor":[115,131,131,147,166,166,131,160,160,160,185,185,185,203,203,203,203],"floor_reached":16,"playtime":833,"items_purged":[],"score":110,"play_id":"3ec41a76-1d1b-473f-97c0-e155025da8c8","local_time":"20201214014255","is_ascension_mode":false,"campfire_choices":[{"data":"Vault","floor":6,"key":"SMITH"},{"data":"Eruption","floor":10,"key":"SMITH"},{"data":"Blasphemy","floor":13,"key":"SMITH"},{"floor":15,"key":"REST"}],"circlet_count":0,"master_deck":["Strike_P","Strike_P","Strike_P","Strike_P","Defend_P","Defend_P","Defend_P","Defend_P","Eruption+1","Vigilance","Vault+1","Replay:AtTheReady","Replay:BluntJabs","Conclude","Blasphemy+1","Crescendo"],"relics":["PureWater","Potion Belt","hubris:PeanutButter","The Courier"],"acts_visited":["Exordium"],"potions_floor_usage":[8,16,16],"damage_taken":[{"damage":8,"enemies":"Cultist","floor":1,"turns":6},{"damage":6,"enemies":"Jaw Worm","floor":2,"turns":6},{"damage":0,"enemies":"2 Louse","floor":4,"turns":2},{"damage":0,"enemies":"Large Slime","floor":5,"turns":6},{"damage":13,"enemies":"3 Sentries","floor":8,"turns":6},{"damage":4,"enemies":"Gremlin Nob","floor":11,"turns":4},{"damage":0,"enemies":"Blue Slaver","floor":14,"turns":3},{"damage":80,"enemies":"Fading Forest","floor":16,"turns":10}],"seed_played":"1514672253895358552","potions_obtained":[{"floor":1,"key":"BottledMiracle"},{"floor":5,"key":"Dexterity Potion"},{"floor":11,"key":"BottledMiracle"},{"floor":12,"key":"Slimebound:ThreeZeroPotion"},{"floor":12,"key":"PowerPotion"},{"floor":12,"key":"Doom Potion"}],"is_trial":false,"path_per_floor":["M","M","$","M","M","R","?","E","T","R","E","?","R","M","R","B"],"character_chosen":"WATCHER","items_purchased":[],"campfire_rested":1,"item_purchase_floors":[],"current_hp_per_floor":[64,58,58,58,58,58,72,59,59,59,55,55,55,55,72,0,0],"gold":203,"neow_bonus":"ONE_RANDOM_RARE_CARD","is_daily":false,"chose_seed":false,"campfire_upgraded":3,"win_rate":0.0,"timestamp":1607935375,"path_taken":["M","M","$","?","?","R","?","E","T","R","E","?","R","?","R","BOSS"],"items_purchased_type":[],"build_version":"2020-12-13","purchased_purges":0,"victory":false,"max_hp_per_floor":[72,72,72,72,72,72,72,72,72,72,72,72,72,72,72,72,72],"card_choices":[{"not_picked":["CutThroughFate","TalkToTheHand"],"picked":"Replay:AtTheReady","floor":1},{"not_picked":["FollowUp","CrushJoints"],"picked":"Replay:BluntJabs","floor":2},{"not_picked":["ReachHeaven","Vengeance","Replay:AtTheReady"],"picked":"SKIP","floor":4},{"not_picked":["Replay:AtTheReady","SashWhip"],"picked":"Conclude","floor":5},{"not_picked":["Prostrate","Weave","Replay:ManipulateFuture"],"picked":"SKIP","floor":8},{"not_picked":["Replay:DivineShield","ForeignInfluence"],"picked":"Blasphemy","floor":11},{"not_picked":["SignatureMove","CutThroughFate"],"picked":"Crescendo","floor":14}],"player_experience":568617,"relics_obtained":[{"floor":8,"key":"Potion Belt"},{"floor":9,"key":"hubris:PeanutButter"},{"floor":11,"key":"The Courier"}],"event_choices":[{"damage_healed":18,"gold_gain":0,"player_choice":"Healed","damage_taken":0,"max_hp_gain":0,"max_hp_loss":0,"event_name":"The Cleric","floor":7,"gold_loss":35},{"damage_healed":0,"gold_gain":0,"player_choice":"Got Potions","damage_taken":0,"max_hp_gain":0,"max_hp_loss":0,"event_name":"Lab","floor":12,"gold_loss":0}],"is_beta":false,"boss_relics":[],"items_purged_floors":[],"is_endless":false,"potions_floor_spawned":[1,5,11],"killed_by":"Fading Forest","ascension_level":0}}