{"host":"0vd2boh2oi7jm085","time":1607941282,"event":{"mods":["BaseMod","Colored Map","Colored Powertips","Highlight Path","Minty Spire (QoL Compilation)","Quick Restart","StSLib","The IronCluck"],"gold_per_floor":[113,188,188,199,199,199,216,216,240,3,3,26,51,64,64,153,153,178,192,117,61,111,85,85,85],"floor_reached":24,"playtime":458,"items_purged":[],"score":344,"play_id":"f373cbea-6181-4cbb-bfa7-09cb451cd37a","local_time":"20201214022122","is_ascension_mode":true,"campfire_choices":[{"floor":6.0,"key":"REST"},{"data":"Seeing Red","floor":11.0,"key":"SMITH"},{"floor":15.0,"key":"REST"}],"circlet_count":0,"master_deck":["AscendersBane","Strike_R+1","Strike_R","Strike_R","Strike_R","Strike_R","Defend_R+1","Defend_R","Defend_R","Defend_R","Bash+1","Pummel","Shrug It Off+1","Heavy Blade","Seeing Red+1","Inflame","Reaper","Flex","Anger"],"relics":["Burning Blood","Whetstone","Calipers","Toy Ornithopter","Golden Idol","War Paint","Chemical X","Velvet Choker"],"acts_visited":["Exordium","TheCity"],"potions_floor_usage":[],"damage_taken":[{"damage":7.0,"enemies":"Jaw Worm","floor":1.0,"turns":3.0},{"damage":16.0,"enemies":"Small Slimes","floor":4.0,"turns":4.0},{"damage":6.0,"enemies":"Cultist","floor":7.0,"turns":3.0},{"damage":32.0,"enemies":"Large Slime","floor":12.0,"turns":9.0},{"damage":12.0,"enemies":"2 Fungi Beasts","floor":13.0,"turns":3.0},{"damage":30.0,"enemies":"Exordium Wildlife","floor":14.0,"turns":4.0},{"damage":23.0,"enemies":"Slime Boss","floor":16.0,"turns":11.0},{"damage":43.0,"enemies":"Spheric Guardian","floor":18.0,"turns":6.0},{"damage":26.0,"enemies":"Shell Parasite","floor":19.0,"turns":5.0},{"damage":16,"enemies":"Snake Plant","floor":24,"turns":1}],"seed_played":"8015539555954797889","potions_obtained":[{"floor":1.0,"key":"Fire Potion"},{"floor":4.0,"key":"FearPotion"},{"floor":14.0,"key":"EssenceOfSteel"},{"floor":18.0,"key":"Energy Potion"}],"is_trial":false,"path_per_floor":["M","?","?","M","?","R","M","?","T","$","R","M","M","M","R","B",null,"M","M","?","$","?","$","M"],"character_chosen":"IRONCLAD","items_purchased":["Chemical X","Seeing Red","Flex","Anger"],"campfire_rested":2,"item_purchase_floors":[10,10,21,23],"current_hp_per_floor":[67,56,56,46,41,63,63,63,63,63,63,37,31,7,29,22,62,25,14,14,14,14,14,0,0],"gold":85,"neow_bonus":"RANDOM_COMMON_RELIC","is_daily":false,"chose_seed":false,"campfire_upgraded":1,"win_rate":0.0,"timestamp":1607941282,"path_taken":["M","?","?","?","?","R","M","?","T","$","R","?","M","M","R","BOSS","M","M","?","$","?","$","M"],"items_purchased_type":["Relic","Card","Card","Card"],"build_version":"2020-12-13","purchased_purges":0,"victory":false,"max_hp_per_floor":[75,75,75,75,75,75,75,75,75,75,75,75,75,75,75,75,75,75,75,75,75,75,75,75,75],"card_choices":[{"not_picked":["Uppercut","Hemokinesis"],"picked":"Pummel","floor":1.0},{"not_picked":["Battle Trance","Clothesline"],"picked":"Shrug It Off","floor":4.0},{"not_picked":["Metallicize","Twin Strike"],"picked":"Heavy Blade","floor":7.0},{"not_picked":["True Grit","Dark Embrace","Twin Strike"],"picked":"SKIP","floor":12.0},{"not_picked":["Rampage","Offering"],"picked":"Inflame","floor":13.0},{"not_picked":["Sever Soul","Headbutt","Feel No Pain"],"picked":"SKIP","floor":14.0},{"not_picked":["Bludgeon","Double Tap"],"picked":"Reaper","floor":16.0},{"not_picked":["Warcry","Body Slam","Evolve"],"picked":"SKIP","floor":18.0},{"not_picked":["Flame Barrier","Twin Strike","Metallicize"],"picked":"SKIP","floor":19.0}],"player_experience":83030,"relics_obtained":[{"floor":9.0,"key":"War Paint"}],"event_choices":[{"damage_healed":0.0,"max_hp_gain":0.0,"max_hp_loss":0.0,"gold_gain":75.0,"event_name":"World of Goop","player_choice":"Gather Gold","floor":2.0,"gold_loss":0.0,"damage_taken":11.0},{"damage_healed":0.0,"max_hp_gain":0.0,"max_hp_loss":0.0,"gold_gain":0.0,"event_name":"WeMeetAgain","player_choice":"Gave Potion","floor":3.0,"gold_loss":0.0,"damage_taken":0.0,"relics_obtained":["Calipers"]},{"damage_healed":0.0,"max_hp_gain":0.0,"max_hp_loss":0.0,"gold_gain":0.0,"event_name":"Scrap Ooze","player_choice":"Success","floor":5.0,"gold_loss":0.0,"damage_taken":5.0,"relics_obtained":["Toy Ornithopter"]},{"damage_healed":0.0,"max_hp_gain":0.0,"max_hp_loss":0.0,"gold_gain":0.0,"event_name":"Golden Idol","player_choice":"Take Wound","floor":8.0,"gold_loss":0.0,"damage_taken":0.0,"relics_obtained":["Golden Idol"],"cards_obtained":["Injury"]},{"cards_removed":["Injury"],"damage_healed":0.0,"max_hp_gain":0.0,"max_hp_loss":0.0,"gold_gain":0.0,"event_name":"Beggar","player_choice":"Gave Gold","floor":20.0,"gold_loss":75.0,"damage_taken":0.0},{"damage_healed":0.0,"max_hp_gain":0.0,"max_hp_loss":0.0,"gold_gain":50.0,"event_name":"Golden Shrine","player_choice":"Pray","floor":22.0,"gold_loss":0.0,"damage_taken":0.0}],"is_beta":false,"boss_relics":[{"not_picked":["SlaversCollar","SacredBark"],"picked":"Velvet Choker"}],"items_purged_floors":[],"is_endless":false,"potions_floor_spawned":[1,4,14,18],"killed_by":"Snake Plant","ascension_level":17}}