{"host":"y1t8p8u0dxvsm95y","time":1607983919,"event":{"mods":["BaseMod","Colored Map","Colored Powertips","Downfall","Hermit","Infinite Spire","Minty Spire (QoL Compilation)","Quick Restart","Somnambulant","StSLib","The Blackbeard","The Clintock","The Construct","The Cursed","The Elementalist","The Exalted","The Factory","The Forsaken","The Hayseed","The Hierophant","The Judge","The Jungle","The Mystic","The Necromancer","The Problem Sleuth","The Runesmith","The Senshi","The Servant 0.9.4","The Wild Card","TheBandit"],"gold_per_floor":[12,12,26,44,44,44,8,8,8,22,22,49,49,60,60,163,163,178,194,194,194,204,204,234,234,259,274,285,305,305,319,319,419,419,434,452,67,17,31,31,31,31,55,65,65,83,100,150,150,150,150],"floor_reached":50,"playtime":2374,"items_purged":[],"score":491,"play_id":"46afb1d2-40bc-4c74-b48c-6a4d4d49f2fe","local_time":"20201214171159","is_ascension_mode":false,"campfire_choices":[{"data":"TheCursedMod:DemonSword","floor":8,"key":"SMITH"},{"data":"TheCursedMod:SpreadPlague","floor":11,"key":"SMITH"},{"floor":15,"key":"REST"},{"data":"TheCursedMod:StunningStrike","floor":23,"key":"SMITH"},{"floor":25,"key":"REST"},{"floor":30,"key":"REST"},{"data":"TheCursedMod:HellfireBreathing","floor":32,"key":"SMITH"},{"floor":40,"key":"REST"},{"data":"TheCursedMod:VoidForm","floor":42,"key":"SMITH"},{"data":"TheCursedMod:DemonicPact","floor":45,"key":"SMITH"},{"data":"TheCursedMod:Hemoplague","floor":49,"key":"SMITH"}],"circlet_count":0,"master_deck":["TheCursedMod:Strike_TheCursed","TheCursedMod:Strike_TheCursed","TheCursedMod:Strike_TheCursed","TheCursedMod:Strike_TheCursed","TheCursedMod:Defend_TheCursed+1","TheCursedMod:Defend_TheCursed","TheCursedMod:Defend_TheCursed","TheCursedMod:CursedWand","TheCursedMod:CleanUpWorkshop","TheCursedMod:Dregs","TheCursedMod:DemonSword+1","TheCursedMod:CursedArmor+1","TheCursedMod:CursedStaff","TheCursedMod:SpreadPlague+1","TheCursedMod:CircleOfCorruption","TheCursedMod:Mangle","TheCursedMod:CursedBlade","TheCursedMod:DemonicPact+1","TheCursedMod:Stretching","TheCursedMod:StunningStrike+1","TheCursedMod:SpitefulStrike+1","TheCursedMod:CircleOfCorruption","Shame","TheCursedMod:FleshFromBone+1","TheCursedMod:WearCloak","Normality","TheCursedMod:DoubleShield","TheCursedMod:WearCloak","TheCursedMod:HellfireBreathing+1","TheCursedMod:CursedArmor","TheCursedMod:VoidForm+1","TheCursedMod:CursedMace","TheCursedMod:Wield","TheCursedMod:Hemoplague+1","TheCursedMod:SmokeScreen","TheCursedMod:DemonSword+1","TheCursedMod:Stretching+1","Writhe","TheCursedMod:TacticalStrike+1","TheCursedMod:CursedMace+1","TheCursedMod:RavingStaff"],"relics":["TheCursedMod:BlackMagic101","Mercury Hourglass","Letter Opener","GremlinMask","Cursed Key","theJungle:SneckoAutograph","Smiling Mask","Bag of Marbles","Busted Crown","Anchor","Orichalcum","DollysMirror","Frozen Egg 2","Nunchaku"],"acts_visited":["Exordium","Exordium","TheBeyond"],"potions_floor_usage":[10,22,22,22,24,24,24,24,27,33,39,44,50,50,50],"damage_taken":[{"damage":0,"enemies":"Small Slimes","floor":1,"turns":3},{"damage":0,"enemies":"Cultist","floor":3,"turns":2},{"damage":0,"enemies":"2 Louse","floor":4,"turns":2},{"damage":4,"enemies":"2 Fungi Beasts","floor":10,"turns":3},{"damage":16,"enemies":"Gremlin Nob","floor":12,"turns":3},{"damage":0,"enemies":"3 Louse","floor":14,"turns":2},{"damage":61,"enemies":"Hexaghost","floor":16,"turns":10},{"damage":5,"enemies":"Shell Parasite","floor":18,"turns":3},{"damage":9,"enemies":"theJungle:GiantWrat","floor":19,"turns":4},{"damage":2,"enemies":"theJungle:SlimyTreeVines","floor":22,"turns":4},{"damage":5,"enemies":"theJungle:MamaSnecko","floor":24,"turns":4},{"damage":22,"enemies":"theJungle:Lyon","floor":27,"turns":4},{"damage":1,"enemies":"theJungle:2_Snecko_Cultists","floor":28,"turns":4},{"damage":11,"enemies":"Snake Plant","floor":29,"turns":4},{"damage":0,"enemies":"theJungle:JungleHuntersEncounter","floor":31,"turns":3},{"damage":21,"enemies":"theJungle:QueenSpyder","floor":33,"turns":12},{"damage":7,"enemies":"Orb Walker","floor":35,"turns":3},{"damage":0,"enemies":"3 Shapes","floor":36,"turns":4},{"damage":14,"enemies":"Jaw Worm Horde","floor":39,"turns":3},{"damage":1,"enemies":"3 Darklings","floor":44,"turns":4},{"damage":7,"enemies":"Writhing Mass","floor":46,"turns":4},{"damage":2,"enemies":"Transient","floor":47,"turns":5},{"damage":65,"enemies":"infinitespire:MassOfShapes","floor":50,"turns":13}],"seed_played":"-8908625348223944702","potions_obtained":[{"floor":4,"key":"Swift Potion"},{"floor":18,"key":"DistilledChaos"},{"floor":19,"key":"EntropicBrew"},{"floor":21,"key":"EntropicBrew"},{"floor":28,"key":"FearPotion"},{"floor":29,"key":"EssenceOfSteel"},{"floor":35,"key":"DistilledChaos"},{"floor":36,"key":"Ancient Potion"},{"floor":39,"key":"LiquidMemories"},{"floor":44,"key":"LiquidMemories"}],"is_trial":false,"path_per_floor":["M","?","M","M","?","?","$","R","T","M","R","E","?","M","R","B",null,"M","M","?","?","M","R","E","R","T","M","M","M","R","M","R","B",null,"M","M","$","?","M","R","?","R","T","M","R","M","M","?","R","B"],"character_chosen":"THE_CURSED","items_purchased":["TheCursedMod:Mangle","TheCursedMod:Hemoplague","TheCursedMod:SmokeScreen","Orichalcum","DollysMirror"],"campfire_rested":4,"item_purchase_floors":[7,37,37,37,37],"current_hp_per_floor":[75,75,75,75,75,60,60,60,60,56,56,40,40,40,62,1,75,70,61,61,61,59,59,54,75,75,53,52,41,63,63,63,42,75,68,68,68,68,54,75,75,75,75,74,74,67,65,65,65,0,0],"gold":150,"neow_bonus":"THREE_RARE_CARDS","is_daily":false,"chose_seed":false,"campfire_upgraded":7,"win_rate":0.0,"timestamp":1607983919,"path_taken":["M","?","M","?","?","?","$","R","T","M","R","E","?","M","R","BOSS","M","?","?","?","M","R","E","R","T","M","M","M","R","M","R","BOSS","M","M","$","?","?","R","?","R","T","M","R","M","M","?","R","BOSS"],"items_purchased_type":["Card","Card","Card","Relic","Relic"],"build_version":"2020-12-13","purchased_purges":0,"victory":false,"max_hp_per_floor":[75,75,75,75,75,75,75,75,75,75,75,75,75,75,75,75,75,75,75,75,75,75,75,75,75,75,75,75,75,75,75,75,75,75,75,75,75,75,75,75,75,75,75,75,75,75,75,75,75,75,75],"card_choices":[{"not_picked":["TheCursedMod:ManaCirculation","TheCursedMod:CircleOfAbyss"],"picked":"TheCursedMod:DemonSword","floor":0},{"not_picked":["TheCursedMod:SpitefulStrike","TheCursedMod:LuckyCharm"],"picked":"TheCursedMod:CursedArmor","floor":1},{"not_picked":["TheCursedMod:BloodBarrier","TheCursedMod:CursedShiv"],"picked":"TheCursedMod:SpreadPlague","floor":3},{"not_picked":["TheCursedMod:TroublousMinions","TheCursedMod:SoulReap"],"picked":"TheCursedMod:CircleOfCorruption","floor":4},{"not_picked":["TheCursedMod:Stigma","TheCursedMod:RavingStaff"],"picked":"TheCursedMod:CursedBlade","floor":10},{"not_picked":["TheCursedMod:AbyssShockwave","TheCursedMod:SaltUponWound"],"picked":"TheCursedMod:DemonicPact","floor":12},{"not_picked":["TheCursedMod:CursedSpellbook","TheCursedMod:CircleOfCorruption"],"picked":"TheCursedMod:Stretching","floor":14},{"not_picked":["TheCursedMod:DemonicPact","TheCursedMod:ParallelWorld"],"picked":"TheCursedMod:StunningStrike","floor":16},{"not_picked":["TheCursedMod:CircleOfAmplification","TheCursedMod:SoulReap"],"picked":"TheCursedMod:SpitefulStrike+1","floor":18},{"not_picked":["TheCursedMod:TacticalStrike+1","TheCursedMod:SpreadPlague"],"picked":"TheCursedMod:CircleOfCorruption","floor":19},{"not_picked":["TheCursedMod:CursedBlade","TheCursedMod:SmokeScreen"],"picked":"TheCursedMod:FleshFromBone+1","floor":22},{"not_picked":["TheCursedMod:CircleOfWindfury","TheCursedMod:Obscuration"],"picked":"TheCursedMod:WearCloak","floor":24},{"not_picked":["TheCursedMod:Obscuration","TheCursedMod:SpitefulPray"],"picked":"TheCursedMod:DoubleShield","floor":27},{"not_picked":["TheCursedMod:CursedMace","TheCursedMod:BloodBarrier"],"picked":"TheCursedMod:WearCloak","floor":28},{"not_picked":["TheCursedMod:CursedBoomerang","TheCursedMod:Evocation"],"picked":"TheCursedMod:HellfireBreathing","floor":29},{"not_picked":["TheCursedMod:AbyssShockwave+1","TheCursedMod:CursedSpellbook"],"picked":"TheCursedMod:CursedArmor","floor":31},{"not_picked":["TheCursedMod:AntiAging","TheCursedMod:UltimatePain"],"picked":"TheCursedMod:VoidForm","floor":33},{"not_picked":[],"picked":"TheCursedMod:CursedMace","floor":35},{"not_picked":[],"picked":"TheCursedMod:Wield","floor":36},{"not_picked":[],"picked":"TheCursedMod:Stretching+1","floor":39},{"not_picked":[],"picked":"TheCursedMod:TacticalStrike+1","floor":44},{"not_picked":[],"picked":"TheCursedMod:CursedMace+1","floor":46},{"not_picked":[],"picked":"TheCursedMod:RavingStaff","floor":47}],"player_experience":1180664,"relics_obtained":[{"floor":9,"key":"Mercury Hourglass"},{"floor":12,"key":"Letter Opener"},{"floor":24,"key":"Smiling Mask"},{"floor":26,"key":"Bag of Marbles"},{"floor":43,"key":"Nunchaku"}],"event_choices":[{"damage_healed":0,"gold_gain":0,"cards_transformed":["TheCursedMod:Defend_TheCursed"],"player_choice":"Transformed","damage_taken":0,"max_hp_gain":0,"max_hp_loss":0,"event_name":"Transmorgrifier","floor":2,"gold_loss":0,"cards_obtained":["TheCursedMod:CursedStaff"]},{"damage_healed":0,"gold_gain":0,"player_choice":"Leave","damage_taken":0,"max_hp_gain":0,"max_hp_loss":0,"event_name":"The Cleric","floor":5,"gold_loss":0},{"damage_healed":0,"gold_gain":0,"player_choice":"Entered Light","damage_taken":15,"max_hp_gain":0,"max_hp_loss":0,"event_name":"Shining Light","floor":6,"gold_loss":0,"cards_upgraded":["TheCursedMod:Defend_TheCursed","TheCursedMod:CursedArmor"]},{"damage_healed":0,"gold_gain":0,"player_choice":"Trade","damage_taken":0,"relics_obtained":["GremlinMask"],"max_hp_gain":0,"max_hp_loss":0,"event_name":"FaceTrader","floor":13,"gold_loss":0},{"damage_healed":0,"gold_gain":0,"player_choice":"Got Potions","damage_taken":0,"max_hp_gain":0,"max_hp_loss":0,"event_name":"Lab","floor":21,"gold_loss":0},{"damage_healed":0,"gold_gain":0,"player_choice":"Paid Gold","damage_taken":0,"relics_obtained":["Frozen Egg 2"],"max_hp_gain":0,"max_hp_loss":0,"event_name":"WeMeetAgain","floor":38,"gold_loss":50}],"is_beta":false,"boss_relics":[{"not_picked":["Runic Dome","Velvet Choker"],"picked":"Cursed Key"},{"not_picked":["Astrolabe","Tiny House"],"picked":"Busted Crown"}],"items_purged_floors":[],"is_endless":false,"potions_floor_spawned":[4,18,19,28,29,35,36,39,44],"killed_by":"infinitespire:MassOfShapes","ascension_level":0}}