{"host":"jmj81tjjbuqnwhnf","time":1607987992,"event":{"mods":["BaseMod","Colored Map","Colored Powertips","Highlight Path","Minty Spire (QoL Compilation)","Relic Stats"],"gold_per_floor":[19,19,19,0,0,0,33,53,105,139,160,176,176,195,195,319,319,339,359,380,380,17,58,58,82,82,101,117,11,11,34,34,163,163,179,99,117,450,450,450,450,450,450,479,479,496,508,518,518,518],"floor_reached":51,"playtime":2484,"items_purged":["Strike_B"],"score":855,"play_id":"d9fe6c11-634e-4308-8417-339659b1a2d3","local_time":"20201215001952","is_ascension_mode":true,"campfire_choices":[{"floor":6.0,"key":"REST"},{"floor":13.0,"key":"REST"},{"floor":15.0,"key":"REST"},{"data":"Multi-Cast","floor":24.0,"key":"SMITH"},{"floor":32.0,"key":"REST"},{"floor":40.0,"key":"REST"},{"data":"Zap","floor":42.0,"key":"SMITH"},{"floor":45.0,"key":"REST"},{"floor":49.0,"key":"REST"}],"circlet_count":0,"master_deck":["Defend_B","Defend_B","Defend_B","Defend_B","Zap+1","Dualcast","Cold Snap","Redo","Ball Lightning+1","Defragment+1","Chaos","Leap","Multi-Cast+1","Cold Snap","Cold Snap","Sunder+1","Defragment+1","Rebound","Aggregate","Darkness","Leap","Coolheaded","Aggregate","Auto Shields+1","Coolheaded","Redo","Self Repair+1","Thunder Strike","Capacitor+1","Loop+1","Echo Form+1","Loop+1","Blizzard+1","Ball Lightning+1"],"relics":["Cracked Core","TungstenRod","Frozen Egg 2","HornCleat","Bag of Preparation","Philosopher\u0027s Stone","Nloth\u0027s Gift","Bronze Scales","Darkstone Periapt","Regal Pillow","Empty Cage","Molten Egg 2","Du-Vu Doll","Bottled Tornado"],"acts_visited":["Exordium","TheCity","TheBeyond"],"potions_floor_usage":[],"damage_taken":[{"damage":2.0,"enemies":"Jaw Worm","floor":1.0,"turns":3.0},{"damage":40.0,"enemies":"3 Sentries","floor":7.0,"turns":11.0},{"damage":1.0,"enemies":"2 Louse","floor":8.0,"turns":2.0},{"damage":17.0,"enemies":"Gremlin Nob","floor":10.0,"turns":4.0},{"damage":0.0,"enemies":"Cultist","floor":11.0,"turns":2.0},{"damage":13.0,"enemies":"Lots of Slimes","floor":12.0,"turns":3.0},{"damage":0.0,"enemies":"Large Slime","floor":14.0,"turns":4.0},{"damage":25.0,"enemies":"Slime Boss","floor":16.0,"turns":8.0},{"damage":0.0,"enemies":"Spheric Guardian","floor":18.0,"turns":4.0},{"damage":6.0,"enemies":"Shell Parasite","floor":19.0,"turns":5.0},{"damage":9.0,"enemies":"Snake Plant","floor":20.0,"turns":4.0},{"damage":0.0,"enemies":"Gremlin Leader","floor":23.0,"turns":6.0},{"damage":0.0,"enemies":"Cultist and Chosen","floor":25.0,"turns":5.0},{"damage":1.0,"enemies":"3 Cultists","floor":27.0,"turns":4.0},{"damage":22.0,"enemies":"Centurion and Healer","floor":28.0,"turns":8.0},{"damage":13.0,"enemies":"Shelled Parasite and Fungi","floor":31.0,"turns":6.0},{"damage":39.0,"enemies":"Automaton","floor":33.0,"turns":14.0},{"damage":11.0,"enemies":"Orb Walker","floor":35.0,"turns":4.0},{"damage":20.0,"enemies":"3 Darklings","floor":37.0,"turns":5.0},{"damage":68.0,"enemies":"Nemesis","floor":44.0,"turns":11.0},{"damage":3.0,"enemies":"Spire Growth","floor":46.0,"turns":6.0},{"damage":33.0,"enemies":"Sphere and 2 Shapes","floor":47.0,"turns":4.0},{"damage":34.0,"enemies":"3 Darklings","floor":48.0,"turns":7.0},{"damage":38,"enemies":"Time Eater","floor":50,"turns":14}],"seed_played":"-4371475587013427898","potions_obtained":[{"floor":8.0,"key":"PotionOfCapacity"},{"floor":14.0,"key":"LiquidBronze"},{"floor":16.0,"key":"SpeedPotion"},{"floor":18.0,"key":"SkillPotion"},{"floor":20.0,"key":"Block Potion"},{"floor":31.0,"key":"AttackPotion"},{"floor":35.0,"key":"Energy Potion"},{"floor":44.0,"key":"Energy Potion"},{"floor":48.0,"key":"SpeedPotion"}],"is_trial":false,"path_per_floor":["M","?","$","?","T","R","E","M","T","E","M","M","R","M","R","B",null,"M","M","M","?","$","E","R","M","T","M","M","$","T","M","R","B",null,"M","$","M","?","?","R","?","R","T","E","R","M","M","M","R","B",null],"character_chosen":"DEFECT","items_purchased":["Defragment+1","Rebound","Aggregate","Darkness","Coolheaded","Redo","Loop+1"],"campfire_rested":7,"item_purchase_floors":[22,22,22,22,29,29,36],"current_hp_per_floor":[73,56,56,56,56,75,35,34,34,17,17,4,26,26,48,23,75,75,69,60,60,60,60,60,60,60,59,37,37,37,24,61,32,75,64,64,54,54,54,75,75,75,75,17,54,71,38,14,51,23],"gold":518,"neow_bonus":"ONE_RARE_RELIC","is_daily":false,"chose_seed":false,"campfire_upgraded":2,"win_rate":0.0,"timestamp":1607987992,"path_taken":["M","?","$","?","?","R","E","M","T","E","M","M","R","M","R","BOSS","M","M","M","?","$","E","R","M","T","M","?","$","?","M","R","BOSS","M","$","M","?","?","R","?","R","T","E","R","M","M","?","R","BOSS"],"items_purchased_type":["Card","Card","Card","Card","Card","Card","Card"],"build_version":"2020-12-13","purchased_purges":1,"victory":true,"max_hp_per_floor":[75,75,75,75,75,75,75,75,75,75,75,75,75,75,75,75,75,75,75,75,75,75,75,75,75,75,75,75,75,75,75,75,75,75,75,75,75,75,75,75,75,75,75,75,75,75,75,75,75,75],"relic_stats":{"Darkstone Periapt":0,"Regal Pillow":45,"counters":[24,144],"Bronze Scales":[303],"Bag of Preparation":[40],"Nloth\u0027s Gift":3,"obtain_stats":[{"Darkstone Periapt":26,"Regal Pillow":30,"Golden Idol":2,"Bag of Preparation":10,"Whetstone":9,"Frozen Egg 2":5,"Bottled Tornado":44,"Empty Cage":34,"Du-Vu Doll":43,"HornCleat":7,"Bronze Scales":23,"Philosopher\u0027s Stone":17,"Molten Egg 2":41,"Nloth\u0027s Gift":21,"Cracked Core":0,"TungstenRod":0},{"Darkstone Periapt":13,"Regal Pillow":15,"Golden Idol":1,"Bag of Preparation":4,"Whetstone":3,"Frozen Egg 2":1,"Bottled Tornado":20,"Empty Cage":17,"Du-Vu Doll":19,"HornCleat":2,"Bronze Scales":12,"Philosopher\u0027s Stone":8,"Molten Egg 2":19,"Nloth\u0027s Gift":11,"Cracked Core":0,"TungstenRod":0},{"Darkstone Periapt":61,"Regal Pillow":73,"Golden Idol":3,"Bag of Preparation":20,"Whetstone":16,"Frozen Egg 2":3,"Bottled Tornado":113,"Empty Cage":93,"Du-Vu Doll":102,"HornCleat":14,"Bronze Scales":56,"Philosopher\u0027s Stone":37,"Molten Egg 2":102,"Nloth\u0027s Gift":50,"Cracked Core":0,"TungstenRod":0}],"TungstenRod":62},"card_choices":[{"not_picked":["Gash","Barrage"],"picked":"Cold Snap","floor":1.0},{"not_picked":["Lockon","Hologram"],"picked":"Redo","floor":7.0},{"not_picked":["Redo","BootSequence"],"picked":"Ball Lightning","floor":8.0},{"not_picked":["Rebound","Core Surge"],"picked":"Defragment+1","floor":10.0},{"not_picked":["Streamline","Stack","Turbo"],"picked":"SKIP","floor":11.0},{"not_picked":["Hologram","Streamline"],"picked":"Chaos","floor":12.0},{"not_picked":["Gash","Double Energy"],"picked":"Leap","floor":14.0},{"not_picked":["Biased Cognition+1","Meteor Strike"],"picked":"Multi-Cast","floor":16.0},{"not_picked":["Sweeping Beam+1","Streamline"],"picked":"Cold Snap","floor":18.0},{"not_picked":["White Noise+1","Go for the Eyes"],"picked":"Cold Snap","floor":19.0},{"not_picked":["All For One","Double Energy"],"picked":"Sunder+1","floor":20.0},{"not_picked":["Gash+1","Biased Cognition+1"],"picked":"Leap","floor":23.0},{"not_picked":["Go for the Eyes+1","Heatsinks+1"],"picked":"Coolheaded","floor":25.0},{"not_picked":["Hologram","Streamline+1"],"picked":"Aggregate","floor":27.0},{"not_picked":["Sweeping Beam","Double Energy+1"],"picked":"Auto Shields+1","floor":28.0},{"not_picked":["Tempest","Lockon+1"],"picked":"Self Repair+1","floor":31.0},{"not_picked":["Electrodynamics+1","Reboot"],"picked":"Thunder Strike","floor":33.0},{"not_picked":["Self Repair+1","Sweeping Beam+1"],"picked":"Capacitor+1","floor":35.0},{"not_picked":["Defragment+1","Ball Lightning"],"picked":"Echo Form+1","floor":37.0},{"not_picked":["Redo","Compile Driver+1"],"picked":"Loop+1","floor":44.0},{"not_picked":["Doom and Gloom+1","Rip and Tear+1","Amplify"],"picked":"SKIP","floor":46.0},{"not_picked":["Rebound+1","Glacier"],"picked":"Blizzard+1","floor":47.0},{"not_picked":["Steam+1","Redo"],"picked":"Ball Lightning+1","floor":48.0}],"player_experience":52707,"relics_obtained":[{"floor":5.0,"key":"Frozen Egg 2"},{"floor":7.0,"key":"HornCleat"},{"floor":9.0,"key":"Whetstone"},{"floor":10.0,"key":"Bag of Preparation"},{"floor":23.0,"key":"Bronze Scales"},{"floor":26.0,"key":"Darkstone Periapt"},{"floor":30.0,"key":"Regal Pillow"},{"floor":41.0,"key":"Molten Egg 2"},{"floor":43.0,"key":"Du-Vu Doll"},{"floor":44.0,"key":"Bottled Tornado"}],"event_choices":[{"damage_healed":0.0,"max_hp_gain":0.0,"max_hp_loss":0.0,"gold_gain":0.0,"event_name":"Golden Idol","player_choice":"Take Damage","floor":2.0,"gold_loss":0.0,"damage_taken":18.0,"relics_obtained":["Golden Idol"]},{"damage_healed":0.0,"max_hp_gain":0.0,"max_hp_loss":0.0,"gold_gain":0.0,"event_name":"World of Goop","player_choice":"Left Gold","floor":4.0,"gold_loss":19.0,"damage_taken":0.0},{"damage_healed":0.0,"max_hp_gain":0.0,"max_hp_loss":0.0,"gold_gain":0.0,"event_name":"N\u0027loth","player_choice":"Traded Relic","floor":21.0,"relics_lost":["Whetstone"],"gold_loss":0.0,"damage_taken":0.0,"relics_obtained":["Nloth\u0027s Gift"]},{"damage_healed":0.0,"max_hp_gain":0.0,"max_hp_loss":0.0,"gold_gain":333.0,"event_name":"The Moai Head","player_choice":"Gave Idol","floor":38.0,"relics_lost":["Golden Idol"],"gold_loss":0.0,"damage_taken":0.0},{"cards_removed":["Strike_B"],"damage_healed":0.0,"max_hp_gain":0.0,"max_hp_loss":0.0,"gold_gain":0.0,"event_name":"Falling","player_choice":"Removed Attack","floor":39.0,"gold_loss":0.0,"damage_taken":0.0},{"damage_healed":0.0,"max_hp_gain":0.0,"max_hp_loss":0.0,"gold_gain":0.0,"event_name":"Wheel of Change","player_choice":"Relic","floor":41.0,"gold_loss":0.0,"damage_taken":0.0}],"is_beta":false,"boss_relics":[{"not_picked":["Fusion Hammer","Velvet Choker"],"picked":"Philosopher\u0027s Stone"},{"not_picked":["Tiny House","Black Star"],"picked":"Empty Cage"}],"items_purged_floors":[22],"is_endless":false,"potions_floor_spawned":[8,14,16,18,20,31,35,44,48],"ascension_level":2}}