{"host":"naykp6d9ulahlwib","time":1607907116,"event":{"mods":["BaseMod","Highlight Path","Minty Spire (QoL Compilation)","StSLib"],"gold_per_floor":[116,130,55,69,244,244,270,270,319,98,98,113,132,82,82,180,180,199,74,173,159,179,205,205,205,230,230,230,230,244,244,244,339,339,351,351,351,370,69,69,83,83,157,171,171,183,183,197,197,197],"floor_reached":51,"playtime":5274,"items_purged":["Strike_R","Doubt","Strike_R"],"score":707,"play_id":"c25813af-b47f-4db5-9d40-8961dac143f9","local_time":"20201213185156","is_ascension_mode":true,"campfire_choices":[{"data":"Armaments","floor":6.0,"key":"SMITH"},{"data":"The Bomb","floor":8.0,"key":"SMITH"},{"floor":15.0,"key":"REST"},{"floor":25.0,"key":"REST"},{"data":"Berserk","floor":27.0,"key":"SMITH"},{"data":"Entrench","floor":29.0,"key":"SMITH"},{"floor":32.0,"key":"REST"},{"data":"Apotheosis","floor":40.0,"key":"SMITH"},{"data":"Shockwave","floor":42.0,"key":"SMITH"},{"floor":45.0,"key":"REST"},{"floor":49,"key":"REST"}],"circlet_count":0,"master_deck":["Strike_R","Strike_R","Defend_R","Defend_R+1","Defend_R","Defend_R","The Bomb+1","Shrug It Off","Armaments+1","Shockwave+1","Shrug It Off","Trip","Warcry+1","Metallicize","Berserk+1","Entrench+1","Exhume","Cleave","Apotheosis+1","Purity","Warcry","The Bomb+1","Entrench","Shame","Shrug It Off+1"],"relics":["Burning Blood","Vajra","Strawberry","Philosopher\u0027s Stone","War Paint","Happy Flower","Sundial","Cursed Key","DollysMirror","Anchor","Gremlin Horn"],"acts_visited":["Exordium","TheCity","TheBeyond"],"potions_floor_usage":[50,50,50],"damage_taken":[{"damage":9.0,"enemies":"Jaw Worm","floor":1.0,"turns":3.0},{"damage":5.0,"enemies":"Small Slimes","floor":2.0,"turns":3.0},{"damage":0.0,"enemies":"Cultist","floor":4.0,"turns":3.0},{"damage":38.0,"enemies":"Gremlin Nob","floor":7.0,"turns":5.0},{"damage":6.0,"enemies":"2 Fungi Beasts","floor":12.0,"turns":4.0},{"damage":5.0,"enemies":"Blue Slaver","floor":13.0,"turns":4.0},{"damage":32.0,"enemies":"Hexaghost","floor":16.0,"turns":12.0},{"damage":6.0,"enemies":"Spheric Guardian","floor":18.0,"turns":5.0},{"damage":12.0,"enemies":"2 Thieves","floor":21.0,"turns":5.0},{"damage":14.0,"enemies":"Chosen and Byrds","floor":22.0,"turns":6.0},{"damage":59.0,"enemies":"Gremlin Leader","floor":23.0,"turns":8.0},{"damage":31.0,"enemies":"Snake Plant","floor":30.0,"turns":4.0},{"damage":15.0,"enemies":"Automaton","floor":33.0,"turns":10.0},{"damage":13.0,"enemies":"Orb Walker","floor":35.0,"turns":6.0},{"damage":11.0,"enemies":"3 Darklings","floor":38.0,"turns":4.0},{"damage":8.0,"enemies":"Sphere and 2 Shapes","floor":41.0,"turns":7.0},{"damage":29.0,"enemies":"Maw","floor":44.0,"turns":10.0},{"damage":13.0,"enemies":"3 Darklings","floor":46.0,"turns":4.0},{"damage":39,"enemies":"Transient","floor":48,"turns":5},{"damage":28,"enemies":"Awakened One","floor":50,"turns":19}],"seed_played":"-4326913141713107317","potions_obtained":[{"floor":2.0,"key":"AttackPotion"},{"floor":7.0,"key":"FairyPotion"},{"floor":12.0,"key":"Dexterity Potion"},{"floor":30.0,"key":"AttackPotion"},{"floor":33.0,"key":"Strength Potion"},{"floor":38.0,"key":"GamblersBrew"},{"floor":41.0,"key":"DistilledChaos"},{"floor":44.0,"key":"Block Potion"},{"floor":48,"key":"DistilledChaos"}],"is_trial":false,"path_per_floor":["M","M","$","M","?","R","E","R","T","$","?","M","M","?","R","B",null,"M","$","?","M","M","E","?","R","T","R","T","R","M","?","R","B",null,"M","?","?","M","$","R","M","R","T","M","R","M","?","M","R","B",null],"character_chosen":"IRONCLAD","items_purchased":["Shockwave","Shrug It Off","DollysMirror","Anchor"],"campfire_rested":5,"item_purchase_floors":[10,10,39,39],"current_hp_per_floor":[69,70,70,72,72,72,40,40,47,47,47,47,48,48,71,45,79,79,79,79,73,65,12,25,50,50,50,50,50,25,25,50,41,84,77,67,67,62,62,62,60,60,60,37,61,54,54,21,45,23],"gold":197,"neow_bonus":"RANDOM_COLORLESS_2","is_daily":false,"chose_seed":false,"campfire_upgraded":6,"win_rate":0.0,"timestamp":1607907116,"path_taken":["M","M","$","M","?","R","E","R","T","$","?","M","?","?","R","BOSS","M","$","?","M","M","E","?","R","T","R","?","R","?","?","R","BOSS","M","?","?","M","?","R","M","R","T","M","R","?","?","M","R","BOSS"],"items_purchased_type":["Card","Card","Relic","Relic"],"build_version":"2020-11-30","purchased_purges":3,"victory":true,"max_hp_per_floor":[72,72,72,72,72,72,72,72,79,79,79,79,79,79,79,79,79,79,79,79,79,79,79,84,84,84,84,84,84,84,84,84,84,84,84,84,80,80,80,80,80,80,80,80,80,80,80,80,80,80],"card_choices":[{"not_picked":["Mayhem","Thinking Ahead"],"picked":"The Bomb","floor":0.0},{"not_picked":["Twin Strike","Evolve","Perfected Strike"],"picked":"SKIP","floor":1.0},{"not_picked":["Heavy Blade","Headbutt"],"picked":"Shrug It Off","floor":2.0},{"not_picked":["Rage","Twin Strike"],"picked":"Armaments","floor":4.0},{"not_picked":["Blood for Blood","Spot Weakness","Twin Strike"],"picked":"SKIP","floor":7.0},{"not_picked":["Inflame","Infernal Blade"],"picked":"Warcry","floor":12.0},{"not_picked":["Sword Boomerang","Uppercut"],"picked":"Metallicize","floor":13.0},{"not_picked":["Juggernaut","Barricade"],"picked":"Berserk","floor":16.0},{"not_picked":["Havoc","Iron Wave+1","Flex"],"picked":"SKIP","floor":18.0},{"not_picked":["Twin Strike","Clothesline+1","Sentinel+1"],"picked":"SKIP","floor":21.0},{"not_picked":["Clothesline","Pummel+1","Rupture+1"],"picked":"SKIP","floor":22.0},{"not_picked":["Power Through+1","Clash"],"picked":"Entrench","floor":23.0},{"not_picked":["Rage","Havoc+1","Dropkick"],"picked":"SKIP","floor":30.0},{"not_picked":["Bludgeon","Limit Break"],"picked":"Exhume","floor":33.0},{"not_picked":["Inflame+1","Thunderclap+1"],"picked":"Cleave","floor":35.0},{"not_picked":["Sadistic Nature","Trip"],"picked":"Apotheosis","floor":36.0},{"not_picked":["HandOfGreed","Secret Weapon"],"picked":"Purity","floor":36.0},{"not_picked":["Power Through+1","Havoc+1"],"picked":"Warcry","floor":38.0},{"not_picked":["Inflame","Bloodletting+1"],"picked":"Entrench","floor":41.0},{"not_picked":["Reckless Charge+1","Pommel Strike+1"],"picked":"Shrug It Off+1","floor":44.0},{"not_picked":["Sword Boomerang","Ghostly Armor","Armaments+1"],"picked":"SKIP","floor":46.0},{"not_picked":["Whirlwind","Sword Boomerang","Feel No Pain+1"],"picked":"SKIP","floor":48}],"player_experience":720483,"relics_obtained":[{"floor":7.0,"key":"Vajra"},{"floor":9.0,"key":"Strawberry"},{"floor":23.0,"key":"War Paint"},{"floor":26.0,"key":"Happy Flower"},{"floor":28.0,"key":"Sundial"},{"floor":43.0,"key":"Gremlin Horn"}],"event_choices":[{"damage_healed":0.0,"max_hp_gain":0.0,"max_hp_loss":0.0,"gold_gain":175.0,"event_name":"Liars Game","player_choice":"AGREE","floor":5.0,"gold_loss":0.0,"damage_taken":0.0,"cards_obtained":["Doubt"]},{"damage_healed":0.0,"max_hp_gain":0.0,"max_hp_loss":0.0,"gold_gain":0.0,"event_name":"Match and Keep!","player_choice":"1 cards matched","floor":11.0,"gold_loss":0.0,"damage_taken":0.0,"cards_obtained":["Trip"]},{"cards_removed":["Strike_R"],"damage_healed":0.0,"max_hp_gain":0.0,"max_hp_loss":0.0,"gold_gain":0.0,"event_name":"The Cleric","player_choice":"Card Removal","floor":14.0,"gold_loss":50.0,"damage_taken":0.0},{"damage_healed":0.0,"max_hp_gain":0.0,"max_hp_loss":0.0,"gold_gain":99.0,"event_name":"Nest","player_choice":"Stole From Cult","floor":20.0,"gold_loss":0.0,"damage_taken":0.0},{"damage_healed":0.0,"max_hp_gain":5.0,"max_hp_loss":0.0,"gold_gain":0.0,"event_name":"Forgotten Altar","player_choice":"Shed Blood","floor":24.0,"gold_loss":0.0,"damage_taken":20.0},{"damage_healed":0.0,"max_hp_gain":0.0,"max_hp_loss":0.0,"gold_gain":0.0,"event_name":"Ghosts","player_choice":"Ignored","floor":31.0,"gold_loss":0.0,"damage_taken":0.0},{"damage_healed":0.0,"max_hp_gain":0.0,"max_hp_loss":0.0,"gold_gain":0.0,"event_name":"SensoryStone","player_choice":"Memory 3","floor":36.0,"gold_loss":0.0,"damage_taken":10.0},{"damage_healed":0.0,"max_hp_gain":0.0,"max_hp_loss":4.0,"gold_gain":0.0,"event_name":"Winding Halls","player_choice":"Max HP","floor":37.0,"gold_loss":0.0,"damage_taken":0.0},{"cards_removed":["Bash"],"damage_healed":0.0,"max_hp_gain":0.0,"max_hp_loss":0.0,"gold_gain":0.0,"event_name":"Falling","player_choice":"Removed Attack","floor":47.0,"gold_loss":0.0,"damage_taken":0.0}],"is_beta":false,"boss_relics":[{"not_picked":["Mark of Pain","Busted Crown"],"picked":"Philosopher\u0027s Stone"},{"not_picked":["Sozu","Coffee Dripper"],"picked":"Cursed Key"}],"items_purged_floors":[3,10,19],"is_endless":false,"potions_floor_spawned":[2,7,12,30,33,38,41,44,48],"ascension_level":3}}