{"host":"fflyk188z5ncxlup","time":1607923900,"event":{"mods":["AchievementEnabler","BaseMod","Bestiary","Better Third Choice","Block Reminder","Colored Map","Colored Powertips","DeckTracker","Googly Eyes","Minty Spire (QoL Compilation)","StSLib","SuperFastMode"],"gold_per_floor":[114,124,143,161,3,3,38,38,38,61,80,80,113,113,130,130,202,202,214,230,159,175,193,193,243,69,69,97,108,108,122,136,136,208,208,220,234,99,116,116,116,169,169,219,219,252,28,53,72,95,95,95,95],"floor_reached":52,"playtime":1593,"items_purged":[],"score":1056,"play_id":"1bff5bc8-1e70-4a91-aefd-bb194b1a6e19","local_time":"20201214143140","is_ascension_mode":true,"campfire_choices":[{"data":"Zap","floor":6.0,"key":"SMITH"},{"floor":8.0,"key":"REST"},{"data":"Electrodynamics","floor":12.0,"key":"SMITH"},{"data":"Biased Cognition","floor":14.0,"key":"SMITH"},{"data":"Self Repair","floor":16.0,"key":"SMITH"},{"data":"White Noise","floor":24.0,"key":"SMITH"},{"data":"Apotheosis","floor":33.0,"key":"SMITH"},{"floor":41.0,"key":"REST"},{"floor":43.0,"key":"REST"},{"floor":51.0,"key":"REST"}],"circlet_count":0,"master_deck":["AscendersBane","Defend_B","Defend_B","Defend_B","Zap+1","Dualcast","Self Repair+1","Self Repair","Melter+1","Electrodynamics+1","Coolheaded","Biased Cognition+1","Ball Lightning","Electrodynamics","White Noise+1","Apotheosis+1","Bite","Bite","Bite","Bite","Bite","Biased Cognition","Seek","Tempest","White Noise+1","Lockon+1"],"relics":["Cracked Core","NeowsBlessing","HornCleat","Matryoshka","DataDisk","Orichalcum","Whetstone","Inserter","Smiling Mask","StrikeDummy","Bottled Lightning","Sozu","Ice Cream","Akabeko","Unceasing Top","Bird Faced Urn","Strawberry","Pocketwatch","Bronze Scales"],"acts_visited":["Exordium","TheCity","TheBeyond"],"potions_floor_usage":[52],"damage_taken":[{"damage":0.0,"enemies":"Cultist","floor":1.0,"turns":1.0},{"damage":0.0,"enemies":"Small Slimes","floor":2.0,"turns":1.0},{"damage":0.0,"enemies":"2 Louse","floor":3.0,"turns":1.0},{"damage":13.0,"enemies":"2 Fungi Beasts","floor":4.0,"turns":5.0},{"damage":35.0,"enemies":"3 Sentries","floor":7.0,"turns":7.0},{"damage":6.0,"enemies":"Looter","floor":11.0,"turns":3.0},{"damage":0.0,"enemies":"Gremlin Nob","floor":13.0,"turns":3.0},{"damage":0.0,"enemies":"Large Slime","floor":15.0,"turns":2.0},{"damage":0.0,"enemies":"Slime Boss","floor":17.0,"turns":7.0},{"damage":0.0,"enemies":"Spheric Guardian","floor":19.0,"turns":1.0},{"damage":16.0,"enemies":"2 Thieves","floor":20.0,"turns":3.0},{"damage":25.0,"enemies":"Shelled Parasite and Fungi","floor":22.0,"turns":4.0},{"damage":0.0,"enemies":"3 Cultists","floor":23.0,"turns":3.0},{"damage":52.0,"enemies":"Book of Stabbing","floor":28.0,"turns":7.0},{"damage":23.0,"enemies":"Sentry and Sphere","floor":29.0,"turns":4.0},{"damage":11.0,"enemies":"Centurion and Healer","floor":31.0,"turns":6.0},{"damage":0.0,"enemies":"Snecko","floor":32.0,"turns":4.0},{"damage":62.0,"enemies":"Collector","floor":34.0,"turns":7.0},{"damage":13.0,"enemies":"Orb Walker","floor":36.0,"turns":3.0},{"damage":5.0,"enemies":"3 Shapes","floor":37.0,"turns":3.0},{"damage":23.0,"enemies":"3 Darklings","floor":39.0,"turns":2.0},{"damage":46.0,"enemies":"2 Orb Walkers","floor":42.0,"turns":4.0},{"damage":20.0,"enemies":"Reptomancer","floor":46.0,"turns":5.0},{"damage":8.0,"enemies":"Mind Bloom Boss Battle","floor":48.0,"turns":4.0},{"damage":12.0,"enemies":"Sphere and 2 Shapes","floor":49.0,"turns":2.0},{"damage":101,"enemies":"Awakened One","floor":52,"turns":9}],"seed_played":"-1119241611881719502","potions_obtained":[{"floor":2.0,"key":"EntropicBrew"},{"floor":4.0,"key":"Fire Potion"},{"floor":15.0,"key":"SteroidPotion"},{"floor":17.0,"key":"PowerPotion"},{"floor":22.0,"key":"PowerPotion"},{"floor":32.0,"key":"Ancient Potion"},{"floor":34.0,"key":"FearPotion"}],"is_trial":false,"path_per_floor":["M","M","M","M","$","R","E","R","T","T","M","R","E","R","M","R","B",null,"M","M","$","M","M","R","?","$","T","E","M","?","M","M","R","B",null,"M","M","$","M","?","R","?","R","T","T","E","$","?","M","T","R","B"],"character_chosen":"DEFECT","items_purchased":["Self Repair","Melter","White Noise","Apotheosis","Seek","Strawberry","Tempest"],"campfire_rested":4,"item_purchase_floors":[5,5,21,26,38,47,47],"current_hp_per_floor":[64,64,64,58,58,58,37,58,58,58,66,66,71,71,71,71,71,71,71,65,65,50,60,60,60,60,60,25,22,22,49,49,49,8,39,49,49,49,29,29,43,29,43,43,43,49,56,56,46,46,56,0,0],"gold":95,"neow_bonus":"THREE_ENEMY_KILL","is_daily":false,"chose_seed":false,"campfire_upgraded":6,"win_rate":0.0,"timestamp":1607923900,"path_taken":["M","?","M","M","$","R","E","R","T","T","M","R","E","R","M","R","BOSS","M","M","$","M","M","R","?","$","T","E","M","?","M","M","R","BOSS","M","M","$","M","?","R","?","R","T","T","E","$","?","M","?","R","BOSS"],"items_purchased_type":["Card","Card","Card","Card","Card","Relic","Card"],"build_version":"2020-12-13","purchased_purges":0,"victory":false,"max_hp_per_floor":[71,71,71,71,71,71,71,71,71,71,71,71,71,71,71,71,71,71,71,71,71,71,71,71,71,71,71,71,71,49,49,49,49,49,49,49,49,49,49,49,49,49,49,49,49,49,56,56,56,56,56,56,56],"card_choices":[{"not_picked":["Barrage","Streamline"],"picked":"Self Repair","floor":1.0},{"not_picked":["Go for the Eyes","Streamline","Coolheaded"],"picked":"SKIP","floor":2.0},{"not_picked":["Go for the Eyes","Stack","Coolheaded"],"picked":"SKIP","floor":3.0},{"not_picked":["Streamline","Sweeping Beam","Compile Driver"],"picked":"SKIP","floor":4.0},{"not_picked":["Capacitor","Meteor Strike"],"picked":"Electrodynamics","floor":7.0},{"not_picked":["Redo","Compile Driver"],"picked":"Coolheaded","floor":11.0},{"not_picked":["Streamline","Defragment"],"picked":"Biased Cognition","floor":13.0},{"not_picked":["Rebound","Barrage"],"picked":"Ball Lightning","floor":15.0},{"not_picked":["Hyperbeam","Machine Learning"],"picked":"Electrodynamics","floor":17.0},{"not_picked":["Go for the Eyes","Sweeping Beam","Cold Snap"],"picked":"SKIP","floor":19.0},{"not_picked":["Sweeping Beam+1","Doom and Gloom","Scrape"],"picked":"SKIP","floor":20.0},{"not_picked":["Steam","Heatsinks","Double Energy"],"picked":"SKIP","floor":22.0},{"not_picked":["Stack","Go for the Eyes","Hologram"],"picked":"SKIP","floor":23.0},{"not_picked":["Steam","Ball Lightning+1","White Noise"],"picked":"SKIP","floor":28.0},{"not_picked":["Rebound","FTL","Barrage"],"picked":"SKIP","floor":29.0},{"not_picked":["Leap","Coolheaded","Chaos"],"picked":"SKIP","floor":31.0},{"not_picked":["Ball Lightning","BootSequence+1","Compile Driver"],"picked":"SKIP","floor":32.0},{"not_picked":["Amplify","Buffer"],"picked":"Biased Cognition","floor":34.0},{"not_picked":["Go for the Eyes","Turbo","Capacitor+1"],"picked":"SKIP","floor":36.0},{"not_picked":["Beam Cell","Compile Driver","Turbo"],"picked":"SKIP","floor":37.0},{"not_picked":["Hologram","Seek","Streamline+1"],"picked":"SKIP","floor":39.0},{"not_picked":["Ball Lightning","Blizzard+1","Scrape"],"picked":"SKIP","floor":46.0},{"not_picked":["Static Discharge","Doom and Gloom+1"],"picked":"White Noise+1","floor":48.0},{"not_picked":["Scrape","Sweeping Beam"],"picked":"Lockon+1","floor":49.0}],"player_experience":358860,"relics_obtained":[{"floor":7.0,"key":"HornCleat"},{"floor":9.0,"key":"Matryoshka"},{"floor":10.0,"key":"DataDisk"},{"floor":10.0,"key":"Orichalcum"},{"floor":13.0,"key":"Whetstone"},{"floor":27.0,"key":"Smiling Mask"},{"floor":27.0,"key":"StrikeDummy"},{"floor":28.0,"key":"Bottled Lightning"},{"floor":42.0,"key":"Ice Cream"},{"floor":44.0,"key":"Akabeko"},{"floor":45.0,"key":"Unceasing Top"},{"floor":46.0,"key":"Bird Faced Urn"},{"floor":48.0,"key":"Pocketwatch"},{"floor":50.0,"key":"Bronze Scales"}],"event_choices":[{"damage_healed":0.0,"max_hp_gain":0.0,"max_hp_loss":0.0,"gold_gain":50.0,"event_name":"betterThird:BetterNest","player_choice":"Steal","floor":25.0,"gold_loss":0.0,"damage_taken":0.0},{"damage_healed":0.0,"max_hp_gain":0.0,"max_hp_loss":22.0,"gold_gain":0.0,"event_name":"Vampires","player_choice":"Became a vampire","floor":30.0,"gold_loss":0.0,"damage_taken":0.0,"cards_obtained":["Bite","Bite","Bite","Bite","Bite"]},{"cards_removed":["Defend_B"],"damage_healed":0.0,"max_hp_gain":0.0,"max_hp_loss":0.0,"gold_gain":0.0,"event_name":"Falling","player_choice":"Removed Skill","floor":40.0,"gold_loss":0.0,"damage_taken":0.0},{"damage_healed":0.0,"max_hp_gain":0.0,"max_hp_loss":0.0,"gold_gain":0.0,"event_name":"Mysterious Sphere","player_choice":"Fight","floor":42.0,"gold_loss":0.0,"damage_taken":0.0},{"damage_healed":0.0,"max_hp_gain":0.0,"max_hp_loss":0.0,"gold_gain":0.0,"event_name":"MindBloom","player_choice":"Fight","floor":48.0,"gold_loss":0.0,"damage_taken":0.0}],"is_beta":false,"boss_relics":[{"not_picked":["Tiny House","Philosopher\u0027s Stone"],"picked":"Inserter"},{"not_picked":["Astrolabe","Fusion Hammer"],"picked":"Sozu"}],"items_purged_floors":[],"is_endless":false,"potions_floor_spawned":[2,4,15,17,22,23,32,34,37,39,46],"killed_by":"Awakened One","ascension_level":15}}