{"host":"wna8kqr6yweggo4i","time":1607929976,"event":{"mods":["BaseMod","Colored Powertips","Hubris","Marisa????????","Minty Spire (QoL Compilation)","StSLib"],"gold_per_floor":[117,292,292,292,307,307,338,338,364,60,60,71,83,93,93,191,191,201,214,313,313,324,341,341,354,354,379,392,103,117,130,130,227,227,239,258,103,121,121,135,135,135,166,0,13,13,27,27,127,127],"floor_reached":50,"playtime":1820,"items_purged":[],"score":498,"play_id":"14b58de2-7abe-4270-8844-f0f05f3df34d","local_time":"20201214011256","is_ascension_mode":false,"campfire_choices":[{"data":"EnergyFlow","floor":6,"key":"SMITH"},{"floor":11,"key":"REST"},{"data":"6A","floor":15,"key":"SMITH"},{"floor":24,"key":"REST"},{"floor":32,"key":"REST"},{"floor":40,"key":"REST"},{"floor":49,"key":"REST"}],"circlet_count":0,"master_deck":["Strike_MRS","Strike_MRS","Strike_MRS","Strike_MRS+1","Defend_MRS","Defend_MRS","Defend_MRS","Defend_MRS","MasterSpark","UpSweep","DC+1","EnergyFlow+1","WitchLeyline","6A+1","ChargeUpSpray","WitchLeyline","BlazingStar","Occultation+1","AlicesGift+1","AsteroidBelt+1","MilkyWay+1","UnstableBomb+1","DoubleSpark","GasGiant+1","Writhe","MagicChant+1","6A+1","ShootingEcho"],"relics":["MiniHakkero","Centennial Puzzle","hubris:Icosahedron","hubris:SphereOfDissonance","hubris:SlimyHat","Whetstone","Happy Flower","ClockworkSouvenir","hubris:CrackedHourglass","Toy Ornithopter","Bottled Flame","hubris:DeckOfHolding","hubris:Teleporter","Philosopher\u0027s Stone","Potion Belt","hubris:Potato","Bag of Preparation","Red Mask"],"acts_visited":["Exordium","TheCity","TheBeyond"],"potions_floor_usage":[16,22,30,33,33,33,39,41,44,44],"damage_taken":[{"damage":0,"enemies":"Small Slimes","floor":1,"turns":3},{"damage":0,"enemies":"2 Louse","floor":5,"turns":2},{"damage":14,"enemies":"Gremlin Nob","floor":7,"turns":3},{"damage":0,"enemies":"Jaw Worm","floor":12,"turns":1},{"damage":0,"enemies":"2 Fungi Beasts","floor":13,"turns":3},{"damage":0,"enemies":"Large Slime","floor":14,"turns":3},{"damage":43,"enemies":"Hexaghost","floor":16,"turns":7},{"damage":2,"enemies":"Spheric Guardian","floor":18,"turns":2},{"damage":14,"enemies":"3 Byrds","floor":19,"turns":3},{"damage":14,"enemies":"Snake Plant","floor":22,"turns":2},{"damage":10,"enemies":"Centurion and Healer","floor":23,"turns":4},{"damage":9,"enemies":"Shelled Parasite and Fungi","floor":25,"turns":4},{"damage":20,"enemies":"Slavers","floor":27,"turns":5},{"damage":11,"enemies":"3 Cultists","floor":28,"turns":4},{"damage":4,"enemies":"Cultist and Chosen","floor":30,"turns":3},{"damage":23,"enemies":"Centurion and Healer","floor":31,"turns":4},{"damage":19,"enemies":"Champ","floor":33,"turns":6},{"damage":25,"enemies":"3 Darklings","floor":35,"turns":4},{"damage":24,"enemies":"3 Shapes","floor":37,"turns":3},{"damage":0,"enemies":"Spire Growth","floor":39,"turns":2},{"damage":13,"enemies":"Maw","floor":41,"turns":5},{"damage":42,"enemies":"Nemesis","floor":44,"turns":7},{"damage":1,"enemies":"4 Shapes","floor":46,"turns":4},{"damage":18,"enemies":"Sphere and 2 Shapes","floor":48,"turns":3},{"damage":49,"enemies":"Donu and Deca","floor":50,"turns":6}],"seed_played":"-1530166746956222102","potions_obtained":[{"floor":5,"key":"SneckoOil"},{"floor":12,"key":"Explosive Potion"},{"floor":16,"key":"Regen Potion"},{"floor":22,"key":"AttackPotion"},{"floor":25,"key":"PowerPotion"},{"floor":30,"key":"CultistPotion"},{"floor":33,"key":"AttackPotion"},{"floor":35,"key":"ColorlessPotion"},{"floor":37,"key":"SkillPotion"},{"floor":41,"key":"Block Potion"}],"is_trial":false,"path_per_floor":["M","?","?","?","M","R","E","?","T","$","R","M","M","M","R","B",null,"M","M","?","?","M","M","R","M","T","E","M","$","M","M","R","B",null,"M","M","$","M","R","M","?","T","E","?","M","$","M","R","B"],"character_chosen":"MARISA","items_purchased":["Happy Flower","ClockworkSouvenir","hubris:Teleporter","Potion Belt"],"campfire_rested":5,"item_purchase_floors":[10,10,29,38],"current_hp_per_floor":[75,75,68,68,68,68,54,51,51,51,73,73,73,73,73,30,75,73,59,59,59,55,45,67,58,58,38,64,64,65,42,64,60,75,50,26,26,31,53,45,64,64,32,32,31,31,13,35,0,0],"gold":127,"neow_bonus":"RANDOM_COMMON_RELIC","is_daily":false,"chose_seed":false,"campfire_upgraded":2,"win_rate":0.0,"timestamp":1607929976,"path_taken":["M","?","?","?","M","R","E","?","T","?","R","M","M","M","R","BOSS","M","M","?","?","M","M","R","M","T","E","M","$","M","?","R","BOSS","M","M","$","M","R","M","?","T","E","?","M","$","M","R","BOSS"],"items_purchased_type":["Relic","Relic","Relic","Relic"],"build_version":"2020-12-13","purchased_purges":0,"victory":false,"max_hp_per_floor":[75,75,75,75,75,75,75,75,75,75,75,75,75,75,75,75,75,75,75,75,75,75,75,75,75,75,75,75,75,75,75,75,75,75,75,75,75,75,75,75,75,75,75,75,75,75,75,75,75,75],"card_choices":[{"not_picked":["IllusionStar","Robbery"],"picked":"DC","floor":1},{"not_picked":["NonDirectionalLaser","AsteroidBelt"],"picked":"EnergyFlow","floor":5},{"not_picked":["IllusionStar","CasketOfStar"],"picked":"WitchLeyline","floor":7},{"not_picked":["MagicChant","WitchOfGreed"],"picked":"6A","floor":12},{"not_picked":["MysteriousBeam","AlicesGift"],"picked":"ChargeUpSpray","floor":13},{"not_picked":["GasGiant","MilkyWay"],"picked":"WitchLeyline","floor":14},{"not_picked":["EscapeVelocity","StarDustReverie"],"picked":"BlazingStar","floor":16},{"not_picked":["MysteriousBeam","DoubleSpark","EventHorizon"],"picked":"SKIP","floor":18},{"not_picked":["OneTimeOff","WitchOfGreed"],"picked":"Occultation+1","floor":19},{"not_picked":["OneTimeOff","WitchOfGreed+1","MeteoricShower"],"picked":"SKIP","floor":22},{"not_picked":["UnstableBomb","Acceleration","MysteriousBeam"],"picked":"SKIP","floor":23},{"not_picked":["SuperPerseids","Occultation","6A"],"picked":"SKIP","floor":25},{"not_picked":["Robbery","ShootTheMoon","MaximisePower"],"picked":"SKIP","floor":27},{"not_picked":["Acceleration","EnergyRecoil"],"picked":"AlicesGift+1","floor":28},{"not_picked":["MagicChant","OpenUniverse","AsteroidBelt"],"picked":"SKIP","floor":30},{"not_picked":["Acceleration","NonDirectionalLaser"],"picked":"AsteroidBelt+1","floor":31},{"not_picked":["GalacticHalo+1","ShootingEcho"],"picked":"MilkyWay+1","floor":35},{"not_picked":["EventHorizon","LuminesStrike"],"picked":"UnstableBomb+1","floor":37},{"not_picked":["GravityBeat","DC"],"picked":"DoubleSpark","floor":39},{"not_picked":["DC+1","BlazingStar"],"picked":"GasGiant+1","floor":41},{"not_picked":["PowerUp","MilkyWay+1"],"picked":"MagicChant+1","floor":44},{"not_picked":["DC+1","MeteoricShower+1"],"picked":"6A+1","floor":46},{"not_picked":["MysteriousBeam","UnstableBomb+1"],"picked":"ShootingEcho","floor":48}],"player_experience":361619,"relics_obtained":[{"floor":7,"key":"hubris:SphereOfDissonance"},{"floor":9,"key":"Whetstone"},{"floor":21,"key":"Toy Ornithopter"},{"floor":26,"key":"Bottled Flame"},{"floor":27,"key":"hubris:DeckOfHolding"},{"floor":43,"key":"hubris:Potato"},{"floor":44,"key":"Bag of Preparation"}],"event_choices":[{"damage_healed":0,"gold_gain":175,"player_choice":"AGREE","damage_taken":0,"max_hp_gain":0,"max_hp_loss":0,"event_name":"Liars Game","floor":2,"gold_loss":0,"cards_obtained":["Doubt"]},{"cards_removed":["Doubt"],"damage_healed":0,"gold_gain":0,"player_choice":"Card Removal","damage_taken":7,"max_hp_gain":0,"max_hp_loss":0,"event_name":"Golden Wing","floor":3,"gold_loss":0},{"damage_healed":0,"gold_gain":0,"player_choice":"Success","damage_taken":3,"relics_obtained":["hubris:SlimyHat"],"max_hp_gain":0,"max_hp_loss":0,"event_name":"Scrap Ooze","floor":8,"gold_loss":0},{"damage_healed":0,"gold_gain":99,"player_choice":"Stole From Cult","damage_taken":0,"max_hp_gain":0,"max_hp_loss":0,"event_name":"Nest","floor":20,"gold_loss":0},{"damage_healed":0,"gold_gain":0,"player_choice":"Relic","damage_taken":0,"max_hp_gain":0,"max_hp_loss":0,"event_name":"Wheel of Change","floor":21,"gold_loss":0},{"damage_healed":19,"gold_gain":0,"player_choice":"Writhe","damage_taken":0,"max_hp_gain":0,"max_hp_loss":0,"event_name":"Winding Halls","floor":42,"gold_loss":0,"cards_obtained":["Writhe"]},{"damage_healed":0,"gold_gain":0,"player_choice":"Paid","damage_taken":0,"relics_obtained":["Red Mask"],"max_hp_gain":0,"max_hp_loss":0,"event_name":"Tomb of Lord Red Mask","floor":45,"gold_loss":166}],"is_beta":false,"boss_relics":[{"not_picked":["Runic Dome","hubris:VirtuousBlindfold"],"picked":"hubris:CrackedHourglass"},{"not_picked":["Black Star","Astrolabe"],"picked":"Philosopher\u0027s Stone"}],"items_purged_floors":[],"is_endless":false,"potions_floor_spawned":[5,12,16,22,25,30,33,35,37,41],"killed_by":"Donu and Deca","ascension_level":0}}