{"host":"uv231blk40vjdojr","time":1607977181,"event":{"mods":["BaseMod","Minty Spire (QoL Compilation)","Relic Stats"],"gold_per_floor":[364,380,380,24,36,36,50,50,50],"floor_reached":8,"playtime":222,"items_purged":["Regret"],"score":86,"play_id":"b7899b14-3c08-419d-95f1-38df40a6332f","local_time":"20201214211941","is_ascension_mode":true,"campfire_choices":[{"floor":6,"key":"REST"}],"circlet_count":0,"master_deck":["AscendersBane","Strike_B","Strike_B","Strike_B","Strike_B","Defend_B","Defend_B","Defend_B","Defend_B","Zap","Dualcast","Cold Snap","Aggregate","Compile Driver+1","Genetic Algorithm"],"relics":["Cracked Core","Molten Egg 2","Cables"],"acts_visited":["Exordium"],"potions_floor_usage":[],"damage_taken":[{"damage":9,"enemies":"Jaw Worm","floor":1,"turns":3},{"damage":2,"enemies":"Cultist","floor":2,"turns":3},{"damage":9,"enemies":"Small Slimes","floor":5,"turns":2},{"damage":7,"enemies":"Blue Slaver","floor":7,"turns":3},{"damage":44,"enemies":"Lagavulin","floor":8,"turns":6}],"seed_played":"-3503512371729431605","potions_obtained":[],"is_trial":false,"path_per_floor":["M","M","?","$","M","R","M","E"],"character_chosen":"DEFECT","items_purchased":["Cables"],"campfire_rested":1,"item_purchase_floors":[4],"current_hp_per_floor":[55,53,27,27,18,39,32,0,0],"gold":50,"neow_bonus":"TWO_FIFTY_GOLD","is_daily":false,"chose_seed":false,"campfire_upgraded":0,"win_rate":0.0,"timestamp":1607977181,"path_taken":["M","M","?","$","M","R","M","E"],"items_purchased_type":["Relic"],"build_version":"2020-12-13","purchased_purges":1,"victory":false,"max_hp_per_floor":[71,71,71,71,71,71,71,71,71],"relic_stats":{"counters":[5,17],"obtain_stats":[{"Molten Egg 2":3,"Cracked Core":0,"Cables":4},{"Molten Egg 2":2,"Cracked Core":0,"Cables":2},{"Molten Egg 2":6,"Cracked Core":0,"Cables":6}],"Cables":[10,5,5,0,0]},"card_choices":[{"not_picked":["Storm","Stack"],"picked":"Cold Snap","floor":1},{"not_picked":["Redo","Defragment"],"picked":"Aggregate","floor":2},{"not_picked":["Gash+1","Cold Snap+1"],"picked":"Compile Driver+1","floor":5},{"not_picked":["Turbo","Melter+1"],"picked":"Genetic Algorithm","floor":7}],"player_experience":481373,"relics_obtained":[],"event_choices":[{"damage_healed":0,"gold_gain":0,"player_choice":"Success","damage_taken":26,"relics_obtained":["Molten Egg 2"],"max_hp_gain":0,"max_hp_loss":0,"event_name":"Scrap Ooze","floor":3,"gold_loss":0}],"is_beta":false,"boss_relics":[],"items_purged_floors":[4],"is_endless":false,"potions_floor_spawned":[],"killed_by":"Lagavulin","ascension_level":16}}