{"host":"1rcu5ixl4icqax5v","time":1607958751,"event":{"mods":["BaseMod","Bestiary","Block Reminder","Colored Map","DeckTracker","Highlight Path","Minty Spire (QoL Compilation)","Quick Restart","Relic Sorter","Relic Stats"],"gold_per_floor":[117,117,136,136,150,182,182,211,282,302,302,321,338,338,338,468,468,508,108,149,160,196,228,228,245,245,277,277,313,313,370,370,492,492,505,521,521,541,1,352,352,362,431,494,507,252,292,202,202,232,232,232,33,65,65],"floor_reached":56,"playtime":6227,"items_purged":["Defend_P","Strike_P+1","Defend_P+1"],"score":1548,"play_id":"72a725b0-d96a-4cd7-9afe-d56a1bf213ab","local_time":"20201214181231","is_ascension_mode":true,"campfire_choices":[{"floor":7.0,"key":"REST"},{"data":"BowlingBash","floor":11.0,"key":"SMITH"},{"data":"TalkToTheHand","floor":15.0,"key":"SMITH"},{"floor":24.0,"key":"REST"},{"data":"DevaForm","floor":30.0,"key":"SMITH"},{"data":"WaveOfTheHand","floor":32.0,"key":"SMITH"},{"floor":41.0,"key":"REST"},{"floor":49.0,"key":"RECALL"},{"data":"Establishment","floor":52.0,"key":"SMITH"}],"circlet_count":0,"master_deck":["Strike_P+1","Strike_P+1","Strike_P+1","Defend_P+1","Defend_P+1","Eruption","Vigilance+1","LessonLearned+1","CutThroughFate+1","BowlingBash+1","MentalFortress+1","Adaptation+1","FlurryOfBlows+1","Tantrum","TalkToTheHand+1","Wish+1","DevaForm+1","Protect+1","ThirdEye+1","Fasting2+1","Purity","Protect+1","SashWhip+1","ClearTheMind","TalkToTheHand","TalkToTheHand+1","WaveOfTheHand+1","CurseOfTheBell","Halt+1","Halt+1","EmptyMind+1","Establishment+1","ThirdEye+1","ReachHeaven","Wireheading+1","FollowUp+1","EmptyMind+1"],"relics":["PureWater","Ancient Tea Set","Juzu Bracelet","Lantern","Bag of Marbles","PreservedInsect","Bottled Lightning","Calling Bell","Bottled Flame","Philosopher\u0027s Stone","CaptainsWheel","Orichalcum","Shuriken","Ice Cream","Thread and Needle","Old Coin","Oddly Smooth Stone","Orrery","Damaru"],"acts_visited":["Exordium","TheCity","TheBeyond","TheEnding"],"potions_floor_usage":[54],"damage_taken":[{"damage":7.0,"enemies":"Small Slimes","floor":1.0,"turns":3.0},{"damage":0.0,"enemies":"Jaw Worm","floor":3.0,"turns":3.0},{"damage":0.0,"enemies":"2 Louse","floor":5.0,"turns":1.0},{"damage":19.0,"enemies":"Lagavulin","floor":6.0,"turns":6.0},{"damage":0.0,"enemies":"Gremlin Nob","floor":8.0,"turns":2.0},{"damage":0.0,"enemies":"Gremlin Gang","floor":10.0,"turns":2.0},{"damage":8.0,"enemies":"Lots of Slimes","floor":12.0,"turns":3.0},{"damage":0.0,"enemies":"Exordium Thugs","floor":13.0,"turns":3.0},{"damage":24.0,"enemies":"Hexaghost","floor":16.0,"turns":9.0},{"damage":3.0,"enemies":"Shell Parasite","floor":18.0,"turns":4.0},{"damage":0.0,"enemies":"Chosen","floor":20.0,"turns":4.0},{"damage":0.0,"enemies":"Shelled Parasite and Fungi","floor":21.0,"turns":2.0},{"damage":9.0,"enemies":"Centurion and Healer","floor":22.0,"turns":6.0},{"damage":26.0,"enemies":"Book of Stabbing","floor":23.0,"turns":4.0},{"damage":0.0,"enemies":"Snecko","floor":25.0,"turns":3.0},{"damage":0.0,"enemies":"Gremlin Leader","floor":27.0,"turns":4.0},{"damage":0.0,"enemies":"Snake Plant","floor":28.0,"turns":1.0},{"damage":0.0,"enemies":"Sentry and Sphere","floor":29.0,"turns":2.0},{"damage":2.0,"enemies":"Slavers","floor":31.0,"turns":7.0},{"damage":6.0,"enemies":"Champ","floor":33.0,"turns":10.0},{"damage":0.0,"enemies":"3 Shapes","floor":35.0,"turns":3.0},{"damage":26.0,"enemies":"3 Darklings","floor":36.0,"turns":7.0},{"damage":0.0,"enemies":"Writhing Mass","floor":37.0,"turns":1.0},{"damage":22.0,"enemies":"Jaw Worm Horde","floor":38.0,"turns":4.0},{"damage":7.0,"enemies":"Nemesis","floor":40.0,"turns":7.0},{"damage":1.0,"enemies":"Transient","floor":42.0,"turns":5.0},{"damage":0.0,"enemies":"Giant Head","floor":44.0,"turns":7.0},{"damage":0.0,"enemies":"Sphere and 2 Shapes","floor":45.0,"turns":6.0},{"damage":1.0,"enemies":"3 Darklings","floor":47.0,"turns":11.0},{"damage":0.0,"enemies":"Time Eater","floor":50.0,"turns":9.0},{"damage":2,"enemies":"Shield and Spear","floor":54,"turns":8},{"damage":54,"enemies":"The Heart","floor":55,"turns":9}],"seed_played":"-4623833237876986575","potions_obtained":[{"floor":6.0,"key":"DistilledChaos"},{"floor":8.0,"key":"AttackPotion"},{"floor":10.0,"key":"Energy Potion"},{"floor":12.0,"key":"SmokeBomb"},{"floor":16.0,"key":"Fire Potion"},{"floor":21.0,"key":"FairyPotion"},{"floor":23.0,"key":"Fire Potion"},{"floor":33.0,"key":"SmokeBomb"},{"floor":40.0,"key":"EssenceOfSteel"},{"floor":42.0,"key":"ColorlessPotion"},{"floor":44.0,"key":"LiquidMemories"}],"is_trial":false,"path_per_floor":["M","?","M","?","M","E","R","E","T","M","R","M","M","?","R","B",null,"M","$","M","M","M","E","R","M","T","E","M","M","R","E","R","B",null,"M","M","M","M","$","E","R","M","T","E","M","$","M","?","R","B",null,"R","$","E","B",null],"character_chosen":"WATCHER","items_purchased":["Lantern","ThirdEye","Fasting2","Purity","EmptyMind","Establishment","Thread and Needle","Orrery","DuplicationPotion"],"campfire_rested":3,"item_purchase_floors":[19,19,19,19,39,39,39,46,53],"current_hp_per_floor":[65,51,51,51,51,32,53,53,53,53,53,45,45,45,45,21,72,69,69,69,69,60,34,55,55,55,55,55,55,55,53,53,47,72,72,46,46,24,24,17,38,37,37,37,37,37,36,36,36,36,72,72,72,70,16],"gold":65,"neow_bonus":"THREE_RARE_CARDS","is_daily":false,"chose_seed":false,"campfire_upgraded":5,"win_rate":0.0,"timestamp":1607958751,"path_taken":["M","?","M","?","M","E","R","E","T","?","R","M","M","?","R","BOSS","M","$","?","M","?","E","R","M","T","E","M","M","R","E","R","BOSS","M","M","M","M","$","E","R","M","T","E","M","$","M","?","R","BOSS","R","$","E","BOSS"],"items_purchased_type":["Relic","Card","Card","Card","Card","Card","Relic","Relic","Potion"],"build_version":"2020-12-13","purchased_purges":3,"victory":true,"max_hp_per_floor":[72,72,72,72,72,72,72,72,72,72,72,72,72,72,72,72,72,72,72,72,72,72,72,72,72,72,72,72,72,72,72,72,72,72,72,72,72,72,72,72,72,72,72,72,72,72,72,72,72,72,72,72,72,72,72],"relic_stats":{"counters":[32,156],"Shuriken":[36],"PreservedInsect":278,"Juzu Bracelet":1,"Orichalcum":[42],"obtain_stats":[{"Ice Cream":34,"Lantern":19,"Oddly Smooth Stone":44,"Damaru":54,"Thread and Needle":39,"PreservedInsect":27,"Juzu Bracelet":23,"Orichalcum":34,"Ancient Tea Set":26,"Old Coin":40,"Calling Bell":34,"CaptainsWheel":6,"Bottled Flame":9,"Shuriken":34,"Orrery":46,"Philosopher\u0027s Stone":17,"Bag of Marbles":8,"Bottled Lightning":31,"PureWater":0},{"Ice Cream":20,"Lantern":10,"Oddly Smooth Stone":27,"Damaru":31,"Thread and Needle":24,"PreservedInsect":16,"Juzu Bracelet":14,"Orichalcum":20,"Ancient Tea Set":15,"Old Coin":25,"Calling Bell":20,"CaptainsWheel":4,"Bottled Flame":5,"Shuriken":20,"Orrery":28,"Philosopher\u0027s Stone":9,"Bag of Marbles":5,"Bottled Lightning":19,"PureWater":0},{"Ice Cream":79,"Lantern":36,"Oddly Smooth Stone":113,"Damaru":147,"Thread and Needle":94,"PreservedInsect":59,"Juzu Bracelet":52,"Orichalcum":79,"Ancient Tea Set":55,"Old Coin":101,"Calling Bell":79,"CaptainsWheel":13,"Bottled Flame":15,"Shuriken":79,"Orrery":119,"Philosopher\u0027s Stone":32,"Bag of Marbles":15,"Bottled Lightning":69,"PureWater":0}]},"card_choices":[{"not_picked":["Wish","DevaForm"],"picked":"LessonLearned","floor":0.0},{"not_picked":["BowlingBash","ClearTheMind"],"picked":"CutThroughFate","floor":1.0},{"not_picked":["Halt","Worship"],"picked":"BowlingBash","floor":3.0},{"not_picked":["Nirvana","Evaluate"],"picked":"Vengeance","floor":5.0},{"not_picked":["Prostrate","Crescendo"],"picked":"MentalFortress","floor":6.0},{"not_picked":["Pray","ThirdEye"],"picked":"Adaptation","floor":8.0},{"not_picked":["Worship","Crescendo"],"picked":"FlurryOfBlows","floor":10.0},{"not_picked":["Consecrate","FearNoEvil"],"picked":"Tantrum","floor":12.0},{"not_picked":["Brilliance","Crescendo"],"picked":"TalkToTheHand","floor":13.0},{"not_picked":["Omniscience","MasterReality"],"picked":"DevaForm","floor":16.0},{"not_picked":["Perseverance+1","BowlingBash"],"picked":"Protect","floor":18.0},{"not_picked":["SashWhip","Prostrate+1","PathToVictory"],"picked":"SKIP","floor":20.0},{"not_picked":["InnerPeace","PathToVictory"],"picked":"Protect","floor":21.0},{"not_picked":["BowlingBash","Worship+1"],"picked":"SashWhip+1","floor":22.0},{"not_picked":["EmptyBody+1","CrushJoints"],"picked":"ClearTheMind","floor":23.0},{"not_picked":["PathToVictory","FollowUp"],"picked":"TalkToTheHand","floor":25.0},{"not_picked":["Perseverance","Crescendo+1","Protect"],"picked":"SKIP","floor":27.0},{"not_picked":["Evaluate+1","FlyingSleeves"],"picked":"TalkToTheHand+1","floor":29.0},{"not_picked":["CrushJoints+1","SashWhip+1"],"picked":"WaveOfTheHand","floor":31.0},{"not_picked":["WreathOfFlame","Wish"],"picked":"Halt+1","floor":35.0},{"not_picked":["FlurryOfBlows+1","Consecrate+1","EmptyFist"],"picked":"SKIP","floor":36.0},{"not_picked":["PathToVictory+1","ForeignInfluence+1"],"picked":"Halt","floor":38.0},{"not_picked":["Consecrate","EmptyBody+1","Prostrate+1"],"picked":"SKIP","floor":40.0},{"not_picked":["Crescendo","DevaForm"],"picked":"ThirdEye","floor":42.0},{"not_picked":["Prostrate+1","ClearTheMind+1","Consecrate+1"],"picked":"SKIP","floor":44.0},{"not_picked":["Prostrate+1","ClearTheMind+1","Consecrate+1"],"picked":"SKIP","floor":44.0},{"not_picked":["JustLucky","ClearTheMind+1"],"picked":"ReachHeaven","floor":45.0},{"not_picked":["Consecrate","Omniscience"],"picked":"Wireheading+1","floor":46.0},{"not_picked":["EmptyFist+1","ClearTheMind"],"picked":"FollowUp+1","floor":46.0},{"not_picked":["SashWhip","Protect","MasterReality"],"picked":"SKIP","floor":47.0},{"not_picked":["Halt+1","CarveReality+1"],"picked":"EmptyMind+1","floor":54}],"player_experience":627202,"relics_obtained":[{"floor":6.0,"key":"CaptainsWheel"},{"floor":8.0,"key":"Bag of Marbles"},{"floor":9.0,"key":"Bottled Flame"},{"floor":23.0,"key":"Juzu Bracelet"},{"floor":26.0,"key":"Ancient Tea Set"},{"floor":27.0,"key":"PreservedInsect"},{"floor":31.0,"key":"Bottled Lightning"},{"floor":34.0,"key":"Orichalcum"},{"floor":34.0,"key":"Shuriken"},{"floor":34.0,"key":"Ice Cream"},{"floor":40.0,"key":"Old Coin"},{"floor":44.0,"key":"Oddly Smooth Stone"},{"floor":54,"key":"Damaru"}],"event_choices":[{"damage_healed":0.0,"max_hp_gain":0.0,"max_hp_loss":0.0,"gold_gain":0.0,"event_name":"Shining Light","player_choice":"Entered Light","floor":2.0,"gold_loss":0.0,"damage_taken":14.0,"cards_upgraded":["CutThroughFate","Strike_P"]},{"cards_removed":["Injury"],"damage_healed":0.0,"max_hp_gain":0.0,"max_hp_loss":0.0,"gold_gain":0.0,"event_name":"Living Wall","player_choice":"Forget","floor":4.0,"gold_loss":0.0,"damage_taken":0.0},{"damage_healed":0.0,"max_hp_gain":0.0,"max_hp_loss":0.0,"gold_gain":0.0,"event_name":"Match and Keep!","player_choice":"1 cards matched","floor":14.0,"gold_loss":0.0,"damage_taken":0.0,"cards_obtained":["Wish"]},{"cards_removed":["Vengeance"],"damage_healed":0.0,"max_hp_gain":0.0,"max_hp_loss":0.0,"gold_gain":0.0,"event_name":"Designer","player_choice":"Upgrade and Remove","floor":48.0,"gold_loss":90.0,"damage_taken":0.0,"cards_upgraded":["Adaptation"]}],"is_beta":false,"boss_relics":[{"not_picked":["Ectoplasm","VioletLotus"],"picked":"Philosopher\u0027s Stone"},{"not_picked":["Busted Crown","Runic Dome"],"picked":"Calling Bell"}],"items_purged_floors":[19,46,53],"is_endless":false,"potions_floor_spawned":[6,8,10,12,16,18,21,23,28,33,37,40,42,44],"ascension_level":3}}