{"host":"49c2zf0lajbcs427","time":1607933661,"event":{"mods":["AchievementEnabler","BaseMod","Colored Map","Colored Powertips","Highlight Path","Minty Spire (QoL Compilation)","Relic Stats","StSLib"],"gold_per_floor":[111,111,111,36,57,57,92,115,115,115,29,64,114,138,138,236,236,254,169,169,169,184,184,218,218,243,264,189,189,205,241,241,337,337,351,183,198,123,136,136,180,180,180,73,97,97,122,145,145,145,145],"floor_reached":50,"playtime":2332,"items_purged":["Strike_P"],"score":1053,"play_id":"0b095a12-d403-4fec-933b-67d93a1524d5","local_time":"20201214211421","is_ascension_mode":true,"campfire_choices":[{"data":"Wallop","floor":6.0,"key":"SMITH"},{"floor":10.0,"key":"REST"},{"data":"Wallop","floor":15.0,"key":"SMITH"},{"data":"ConjureBlade","floor":23.0,"key":"SMITH"},{"data":"J.A.X.","floor":25.0,"key":"SMITH"},{"data":"SpiritShield","floor":29.0,"key":"SMITH"},{"data":"Tantrum","floor":32.0,"key":"SMITH"},{"floor":40.0,"key":"REST"},{"floor":42.0,"key":"REST"},{"floor":49,"key":"REST"}],"circlet_count":0,"master_deck":["AscendersBane","Strike_P","Defend_P","Defend_P","Defend_P","Eruption","Vigilance","Wallop+1","SpiritShield+1","Wallop+1","Tantrum+1","SandsOfTime","WheelKick","Indignation","ConjureBlade+1","J.A.X.+1","Protect","Wireheading","Wish+1","Protect+1","Ragnarok","Enlightenment+1","FearNoEvil"],"relics":["Velvet Choker","Golden Idol","Shuriken","Akabeko","Sundial","Runic Pyramid","Pen Nib","White Beast Statue","TungstenRod","Centennial Puzzle","Toxic Egg 2","SacredBark","StrikeDummy"],"acts_visited":["Exordium","TheCity","TheBeyond"],"potions_floor_usage":[50,50],"damage_taken":[{"damage":2.0,"enemies":"Cultist","floor":1.0,"turns":4.0},{"damage":0.0,"enemies":"2 Louse","floor":5.0,"turns":2.0},{"damage":25.0,"enemies":"Lagavulin","floor":7.0,"turns":9.0},{"damage":0.0,"enemies":"Small Slimes","floor":8.0,"turns":2.0},{"damage":0.0,"enemies":"Gremlin Nob","floor":12.0,"turns":1.0},{"damage":1.0,"enemies":"Blue Slaver","floor":14.0,"turns":2.0},{"damage":12.0,"enemies":"The Guardian","floor":16.0,"turns":7.0},{"damage":1.0,"enemies":"Spheric Guardian","floor":18.0,"turns":3.0},{"damage":3.0,"enemies":"2 Thieves","floor":22.0,"turns":3.0},{"damage":23.0,"enemies":"Gremlin Leader","floor":24.0,"turns":3.0},{"damage":2.0,"enemies":"Shelled Parasite and Fungi","floor":27.0,"turns":3.0},{"damage":0.0,"enemies":"Centurion and Healer","floor":30.0,"turns":2.0},{"damage":2.0,"enemies":"Slavers","floor":31.0,"turns":6.0},{"damage":12.0,"enemies":"Automaton","floor":33.0,"turns":6.0},{"damage":31.0,"enemies":"3 Darklings","floor":35.0,"turns":4.0},{"damage":4.0,"enemies":"3 Shapes","floor":37.0,"turns":3.0},{"damage":2.0,"enemies":"Spire Growth","floor":39.0,"turns":4.0},{"damage":5.0,"enemies":"Maw","floor":41.0,"turns":5.0},{"damage":4.0,"enemies":"4 Shapes","floor":45.0,"turns":4.0},{"damage":31.0,"enemies":"Jaw Worm Horde","floor":47.0,"turns":3.0},{"damage":6,"enemies":"Sphere and 2 Shapes","floor":48,"turns":5},{"damage":84,"enemies":"Time Eater","floor":50,"turns":4}],"seed_played":"2239054938465457488","potions_obtained":[{"floor":7.0,"key":"SteroidPotion"},{"floor":12.0,"key":"PowerPotion"},{"floor":14.0,"key":"DuplicationPotion"},{"floor":22.0,"key":"StancePotion"},{"floor":24.0,"key":"Regen Potion"},{"floor":27.0,"key":"StancePotion"},{"floor":31.0,"key":"Ancient Potion"},{"floor":33.0,"key":"Strength Potion"},{"floor":35.0,"key":"StancePotion"}],"is_trial":false,"path_per_floor":["M","?","?","?","M","R","E","M","T","R","$","E","?","M","R","B",null,"M","?","?","T","M","R","E","R","T","M","$","R","M","E","R","B",null,"M","$","M","?","M","R","M","R","T","$","M","?","M","M","R","B"],"character_chosen":"WATCHER","items_purchased":["SandsOfTime","CultistPotion","Protect+1","Enlightenment+1"],"campfire_rested":4,"item_purchase_floors":[11,36,36,44],"current_hp_per_floor":[59,36,36,36,36,36,11,11,11,31,31,31,31,30,30,18,56,55,55,55,55,52,52,29,29,29,27,27,27,27,40,40,28,58,27,27,23,23,21,41,36,56,56,56,52,52,21,15,35,0,0],"gold":145,"neow_bonus":"BOSS_RELIC","is_daily":false,"chose_seed":false,"campfire_upgraded":6,"win_rate":0.0,"timestamp":1607933661,"path_taken":["M","?","?","?","M","R","E","M","T","R","?","E","?","?","R","BOSS","M","?","?","?","M","R","E","R","T","M","$","R","?","E","R","BOSS","M","$","M","?","M","R","M","R","T","$","?","?","M","?","R","BOSS"],"items_purchased_type":["Card","Potion","Card","Card"],"build_version":"2020-12-13","purchased_purges":1,"victory":false,"max_hp_per_floor":[68,68,68,68,68,68,68,68,68,68,68,68,68,68,68,68,68,68,68,68,68,68,68,68,68,68,68,68,68,68,68,68,68,68,68,68,68,68,68,68,68,68,68,68,68,68,68,68,68,68,68],"relic_stats":{"Centennial Puzzle":[27],"counters":[22,85],"Golden Idol":122,"Shuriken":[13],"Sundial":[4],"Pen Nib":[8],"obtain_stats":[{"Golden Idol":2,"SacredBark":34,"Velvet Choker":0,"Pen Nib":19,"Akabeko":9,"White Beast Statue":21,"Centennial Puzzle":26,"Shuriken":7,"Sundial":12,"PureWater":0,"Toxic Egg 2":31,"StrikeDummy":43,"TungstenRod":24,"Runic Pyramid":17},{"Golden Idol":1,"SacredBark":14,"Velvet Choker":0,"Pen Nib":8,"Akabeko":4,"White Beast Statue":8,"Centennial Puzzle":10,"Shuriken":3,"Sundial":5,"PureWater":0,"Toxic Egg 2":13,"StrikeDummy":18,"TungstenRod":10,"Runic Pyramid":7},{"Golden Idol":4,"SacredBark":53,"Velvet Choker":0,"Pen Nib":30,"Akabeko":17,"White Beast Statue":30,"Centennial Puzzle":36,"Shuriken":15,"Sundial":18,"PureWater":0,"Toxic Egg 2":47,"StrikeDummy":69,"TungstenRod":36,"Runic Pyramid":27}],"TungstenRod":20},"card_choices":[{"not_picked":["PathToVictory","FlurryOfBlows"],"picked":"Wallop","floor":1.0},{"not_picked":["JustLucky","EmptyBody","WaveOfTheHand"],"picked":"SKIP","floor":5.0},{"not_picked":["WindmillStrike","Prostrate"],"picked":"Wallop","floor":7.0},{"not_picked":["EmptyBody","SashWhip"],"picked":"Tantrum","floor":8.0},{"not_picked":["Wireheading","Pray"],"picked":"WheelKick","floor":12.0},{"not_picked":["Collect","CarveReality"],"picked":"Indignation","floor":14.0},{"not_picked":["MasterReality","SpiritShield"],"picked":"ConjureBlade","floor":16.0},{"not_picked":["FollowUp","ClearTheMind","Weave"],"picked":"SKIP","floor":18.0},{"not_picked":["ClearTheMind","ThirdEye","Study"],"picked":"SKIP","floor":22.0},{"not_picked":["LikeWater","CrushJoints","FearNoEvil"],"picked":"SKIP","floor":24.0},{"not_picked":["ThirdEye","Crescendo","PathToVictory"],"picked":"SKIP","floor":27.0},{"not_picked":["CrushJoints","Vengeance"],"picked":"Protect","floor":30.0},{"not_picked":["WaveOfTheHand+1","JustLucky"],"picked":"Wireheading","floor":31.0},{"not_picked":["DeusExMachina+1","Omniscience+1"],"picked":"Wish+1","floor":33.0},{"not_picked":["Vengeance+1","PathToVictory+1","CrushJoints+1"],"picked":"SKIP","floor":35.0},{"not_picked":["ReachHeaven","Crescendo+1","PathToVictory+1"],"picked":"SKIP","floor":37.0},{"not_picked":["Wireheading+1","FollowUp"],"picked":"Ragnarok","floor":39.0},{"not_picked":["PathToVictory+1","CrushJoints","Consecrate"],"picked":"SKIP","floor":41.0},{"not_picked":["Crescendo+1","CrushJoints","EmptyBody+1"],"picked":"SKIP","floor":45.0},{"not_picked":["Weave+1","ClearTheMind+1"],"picked":"FearNoEvil","floor":47.0},{"not_picked":["SandsOfTime","Prostrate+1","PathToVictory+1"],"picked":"SKIP","floor":48}],"player_experience":2092084,"relics_obtained":[{"floor":7.0,"key":"Shuriken"},{"floor":9.0,"key":"Akabeko"},{"floor":12.0,"key":"Sundial"},{"floor":21.0,"key":"White Beast Statue"},{"floor":24.0,"key":"TungstenRod"},{"floor":26.0,"key":"Centennial Puzzle"},{"floor":31.0,"key":"Toxic Egg 2"},{"floor":43.0,"key":"StrikeDummy"}],"event_choices":[{"damage_healed":0.0,"max_hp_gain":0.0,"max_hp_loss":0.0,"gold_gain":0.0,"event_name":"Golden Idol","player_choice":"Take Damage","floor":2.0,"gold_loss":0.0,"damage_taken":23.0,"relics_obtained":["Golden Idol"]},{"damage_healed":0.0,"max_hp_gain":0.0,"max_hp_loss":0.0,"gold_gain":0.0,"cards_transformed":["Strike_P"],"event_name":"Living Wall","player_choice":"Change","floor":3.0,"gold_loss":0.0,"damage_taken":0.0,"cards_obtained":["SpiritShield"]},{"cards_removed":["Defend_P"],"damage_healed":0.0,"max_hp_gain":0.0,"max_hp_loss":0.0,"gold_gain":0.0,"event_name":"The Cleric","player_choice":"Card Removal","floor":4.0,"gold_loss":75.0,"damage_taken":0.0},{"damage_healed":0.0,"max_hp_gain":0.0,"max_hp_loss":0.0,"gold_gain":50.0,"event_name":"Golden Shrine","player_choice":"Pray","floor":13.0,"gold_loss":0.0,"damage_taken":0.0},{"damage_healed":0.0,"max_hp_gain":0.0,"max_hp_loss":0.0,"gold_gain":0.0,"event_name":"Addict","player_choice":"Obtained Relic","floor":19.0,"gold_loss":85.0,"damage_taken":0.0,"relics_obtained":["Pen Nib"]},{"damage_healed":0.0,"max_hp_gain":0.0,"max_hp_loss":0.0,"gold_gain":0.0,"event_name":"Drug Dealer","player_choice":"Obtain J.A.X.","floor":20.0,"gold_loss":0.0,"damage_taken":0.0,"cards_obtained":["J.A.X."]},{"cards_removed":["Strike_P"],"damage_healed":0.0,"max_hp_gain":0.0,"max_hp_loss":0.0,"gold_gain":0.0,"event_name":"Designer","player_choice":"Single Remove","floor":38.0,"gold_loss":75.0,"damage_taken":0.0},{"damage_healed":0.0,"max_hp_gain":0.0,"max_hp_loss":0.0,"gold_gain":0.0,"event_name":"SecretPortal","player_choice":"Ignored","floor":46.0,"gold_loss":0.0,"damage_taken":0.0}],"is_beta":false,"boss_relics":[{"not_picked":["Ectoplasm","Coffee Dripper"],"picked":"Runic Pyramid"},{"not_picked":["Calling Bell","VioletLotus"],"picked":"SacredBark"}],"items_purged_floors":[28],"is_endless":false,"potions_floor_spawned":[7,12,14,16,22,24,27,30,31,33,35,37,39,41,45,47,48],"killed_by":"Time Eater","ascension_level":19}}