{"host":"lsa1u60kshtfmluj","time":1607979158,"event":{"mods":["BaseMod","BetterRewards","Conspire","Downfall","Hubris","Minty Spire (QoL Compilation)","Replay The Spire","Spicy Shops","StSLib","The Bug Knight"],"gold_per_floor":[110,27,37,37,53,184,184,234,234,234,184,184,215,227,227,232,232,242,110,93,93,108,108,126,126,126],"floor_reached":25,"playtime":1606,"items_purged":["Guardian:Aged","Normality"],"score":236,"play_id":"4caeb14d-9595-40d5-b3c1-95580e3ff809","local_time":"20201214215238","is_ascension_mode":false,"campfire_choices":[{"floor":7.0,"key":"RECALL"},{"floor":10.0,"key":"REST"},{"data":"Conserve Battery","floor":15.0,"key":"SMITH"},{"floor":23,"key":"REST"}],"circlet_count":0,"master_deck":["Strike_B","Strike_B","Strike_B","Strike_B","Defend_B","Defend_B","Defend_B","Defend_B","Zap+1","Dualcast","expansioncontent:PrepareCrush+1","Defragment","Conserve Battery+1","hubris:Sloth","Streamline","Melter+1","Sweeping Beam+1","CommonCold"],"relics":["Cracked Core","hubris:Icosahedron","Replay:Antivirus Software","Ring of Misfortune","Ring of Greed","Golden Egg","Smiling Mask","hubris:SoftwareUpdate"],"acts_visited":["TheCity"],"potions_floor_usage":[22,22],"damage_taken":[{"damage":0.0,"enemies":"Cultist","floor":1.0,"turns":3.0},{"damage":0.0,"enemies":"2 Louse","floor":3.0,"turns":3.0},{"damage":0.0,"enemies":"Jaw Worm","floor":5.0,"turns":2.0},{"damage":21.0,"enemies":"Gremlin Nob","floor":6.0,"turns":4.0},{"damage":0.0,"enemies":"HollowMod:MossKnight","floor":13.0,"turns":4.0},{"damage":1.0,"enemies":"2 Fungi Beasts","floor":14.0,"turns":4.0},{"damage":21.0,"enemies":"Slime Boss","floor":16.0,"turns":10.0},{"damage":15,"enemies":"Chosen","floor":18,"turns":8},{"damage":15,"enemies":"2 Thieves","floor":20,"turns":4},{"damage":22,"enemies":"Centurion and Healer","floor":22,"turns":6},{"damage":43,"enemies":"Shelled Parasite and Fungi","floor":24,"turns":7},{"damage":9,"enemies":"3 Cultists","floor":25,"turns":2}],"seed_played":"-4717383868205820598","potions_obtained":[{"floor":3.0,"key":"Block Potion"},{"floor":13.0,"key":"Strength Potion"},{"floor":14.0,"key":"LifebloodPotion"},{"floor":16.0,"key":"SteroidPotion"},{"floor":18,"key":"Elixir"}],"is_trial":false,"path_per_floor":["M","$","M","?","M","E","R","?","T","R","$","?","E","M","R","B",null,"M","$","M","?","M","R","M","M"],"character_chosen":"DEFECT","items_purchased":["expansioncontent:PrepareCrush","Melter"],"campfire_rested":2,"item_purchase_floors":[2,19],"current_hp_per_floor":[75,75,75,75,75,54,54,54,54,75,75,75,75,74,74,53,75,60,60,45,45,23,45,2,0,0],"gold":126,"neow_bonus":"UPGRADE_CARD","is_daily":false,"chose_seed":false,"campfire_upgraded":1,"win_rate":0.0,"timestamp":1607979158,"path_taken":["M","$","?","?","M","E","R","?","T","R","$","?","E","M","R","BOSS","M","$","M","?","M","R","?","M"],"items_purchased_type":["Card","Card"],"build_version":"2020-12-13","purchased_purges":2,"victory":false,"max_hp_per_floor":[75,75,75,75,75,75,75,75,75,75,75,75,75,75,75,75,75,75,75,75,75,75,75,75,75,75],"card_choices":[{"not_picked":["Stack","Panic Button","Tempest"],"picked":"SKIP","floor":1.0},{"not_picked":["Self Repair","Stack"],"picked":"Defragment","floor":3.0},{"not_picked":["Hologram","hubris:PowerSurge","ReplayTheSpireMod:Calculation Training"],"picked":"SKIP","floor":5.0},{"not_picked":["Go for the Eyes","Panic Button"],"picked":"Conserve Battery","floor":6.0},{"not_picked":["Panic Button","Stack","Sweeping Beam"],"picked":"SKIP","floor":13.0},{"not_picked":["ReplayTheSpireMod:Repulse","ReplayTheSpireMod:GoodbyeWorld","ReplayGash"],"picked":"SKIP","floor":14.0},{"not_picked":["Gash","Compile Driver"],"picked":"Streamline","floor":18},{"not_picked":["Streamline","Steam","BasicCrystalCard"],"picked":"SKIP","floor":20},{"not_picked":["Gash","Cold Snap"],"picked":"Sweeping Beam+1","floor":22},{"not_picked":["Gash","Sweeping Beam","Barrage+1"],"picked":"SKIP","floor":24}],"player_experience":106148,"relics_obtained":[{"floor":6.0,"key":"Replay:Antivirus Software"},{"floor":8.0,"key":"Ring of Misfortune"},{"floor":8.0,"key":"Ring of Greed"},{"floor":8.0,"key":"Golden Egg"},{"floor":8.0,"key":"Smiling Mask"},{"floor":13.0,"key":"hubris:SoftwareUpdate"}],"event_choices":[{"damage_healed":0.0,"max_hp_gain":0.0,"max_hp_loss":0.0,"gold_gain":0.0,"event_name":"Living Wall","player_choice":"Grow","floor":12.0,"gold_loss":0.0,"damage_taken":0.0,"cards_upgraded":["expansioncontent:PrepareCrush"]},{"damage_healed":0,"gold_gain":0,"player_choice":"Ignored","damage_taken":0,"max_hp_gain":0,"max_hp_loss":0,"event_name":"NoteForYourself","floor":21,"gold_loss":0}],"is_beta":false,"boss_relics":[{"not_picked":["Busted Crown","hubris:TerracottaHorce","Cursed Key"]}],"items_purged_floors":[11,19],"is_endless":false,"potions_floor_spawned":[3,13,14,16,18],"killed_by":"3 Cultists","ascension_level":0}}