{"host":"xpedwhml4to70g3q","time":1607951153,"event":{"mods":["Act Like it!","BaseMod","Curses Come First","Hallownest","KomeijiMod","Minty Spire (QoL Compilation)","Spicy Shops","StSLib","The Bug Knight"],"gold_per_floor":[114,114,114,133,151,177,189,189,240,220,220,236,59,79,79,184,184,199,210,225,153,170,205,205,205,205,205,205],"floor_reached":27,"playtime":3639,"items_purged":[],"score":235,"play_id":"6ec197b6-4708-4264-a869-94b6f982985e","local_time":"20201214210553","is_ascension_mode":false,"campfire_choices":[{"data":"Dash_Komeiji","floor":8,"key":"SMITH"},{"data":"VampireKiss","floor":11,"key":"SMITH"},{"floor":15,"key":"RECALL"}],"circlet_count":0,"master_deck":["Dash_Komeiji+1","VampireKiss+1","NingyouOkisou+1","NingyouFukuhei+1","SatsujinDooru","NingyouKisou+1","Melting","GroundStardust+1","SuitokuNoKyoryu","NingyouOkisou+1","HelanNingyou","MissingPower","MiraiBunraku","NingyouMusou+1","WumiGaWareru","ArtfulChanter","HagoromoKu","KinbakuJin+1","SeekerDolls","NingyouSP+1","CS_Iku","HagoromoMizu","GasuOrimono","NingyouFukuhei+1"],"relics":["KomeijisEye","SpellCardsRule","MusicBox","NeowsBlessing","FaceOfCleric","Darkstone Periapt","CrystalOfMemory","ShirouKen","Pandora\u0027s Box","SpellExtend","Frozen Egg 2"],"acts_visited":["Exordium","TheCity"],"potions_floor_usage":[27,27],"damage_taken":[{"damage":0,"enemies":"Small Slimes","floor":1,"turns":1},{"damage":0,"enemies":"2 Louse","floor":4,"turns":1},{"damage":0,"enemies":"Cultist","floor":5,"turns":1},{"damage":19,"enemies":"Lagavulin","floor":6,"turns":16},{"damage":2,"enemies":"Large Slime","floor":7,"turns":66},{"damage":17,"enemies":"Gremlin Gang","floor":12,"turns":13},{"damage":6,"enemies":"Exordium Thugs","floor":14,"turns":9},{"damage":5,"enemies":"The Guardian","floor":16,"turns":12},{"damage":6,"enemies":"Shell Parasite","floor":18,"turns":8},{"damage":13,"enemies":"Centurion and Healer","floor":19,"turns":13},{"damage":0,"enemies":"Snecko","floor":20,"turns":18},{"damage":0,"enemies":"Shelled Parasite and Fungi","floor":22,"turns":9},{"damage":24,"enemies":"Gremlin Leader","floor":23,"turns":8},{"damage":41,"enemies":"Slavers","floor":27,"turns":3}],"seed_played":"-1149768254086675864","potions_obtained":[{"floor":1,"key":"Regen Potion"},{"floor":7,"key":"EssenceOfSteel"},{"floor":10,"key":"AttackPotion"},{"floor":14,"key":"Ancient Potion"}],"is_trial":false,"path_per_floor":["M","?","?","M","M","E","M","R","T","?","R","M","$","M","R","B",null,"M","M","M","$","M","E","?","?","T","E"],"character_chosen":"KomeijiSatori","items_purchased":["ShirouKen","GroundStardust+1","SuitokuNoKyoryu","GasuOrimono"],"campfire_rested":0,"item_purchase_floors":[13,13,13,21],"current_hp_per_floor":[50,40,40,41,42,35,53,53,53,53,53,48,48,56,56,56,57,55,43,52,52,61,38,38,38,38,0,0],"gold":205,"neow_bonus":"THREE_ENEMY_KILL","is_daily":false,"chose_seed":false,"campfire_upgraded":2,"win_rate":0.0,"timestamp":1607951153,"path_taken":["M","?","?","?","M","E","M","R","T","?","R","M","$","M","R","BOSS","M","?","M","$","M","E","?","?","T","E"],"items_purchased_type":["Relic","Card","Card","Card"],"build_version":"2020-12-13","purchased_purges":0,"victory":false,"max_hp_per_floor":[50,50,50,51,52,53,54,54,54,54,54,55,55,56,56,57,57,58,59,60,60,61,62,62,62,62,62,62],"card_choices":[{"not_picked":["JyouchiJin+1","SeekerDolls"],"picked":"VampireKiss","floor":1},{"not_picked":["NarrowSpark","DemonLordCradle"],"picked":"NingyouOkisou+1","floor":4},{"not_picked":["SeishiRoten+1","InscribeRedSoul"],"picked":"NingyouFukuhei+1","floor":5},{"not_picked":["JyouchiJin+1","OoedoNingyou+1"],"picked":"SatsujinDooru","floor":6},{"not_picked":["NingyouSousou+1","Mishyaguji+1"],"picked":"NingyouKisou+1","floor":7},{"not_picked":["Mishyaguji+1","MajikuruSanhai+1"],"picked":"Melting","floor":12},{"not_picked":["KouPou+1","SenyouGoraku+1"],"picked":"NingyouOkisou+1","floor":14},{"not_picked":["IceTornado","JigokuNoTaiyou"],"picked":"HelanNingyou","floor":16},{"not_picked":["SuitokuNoKyoryu","DochyakuKami+1"],"picked":"SeekerDolls","floor":18},{"not_picked":["KokorosuKi+1","SatsujinDooru"],"picked":"NingyouSP+1","floor":19},{"not_picked":["VampireKiss","NingyouFukuhei+1"],"picked":"HagoromoMizu","floor":20},{"not_picked":["DemonLordCradle","KeiseiJin+1","MajikuruSanhai+1"],"picked":"SKIP","floor":22},{"not_picked":["LittleLegion","MusouMyousyu"],"picked":"NingyouFukuhei+1","floor":23}],"player_experience":96063,"relics_obtained":[{"floor":6,"key":"Darkstone Periapt"},{"floor":6,"key":"CrystalOfMemory"},{"floor":23,"key":"SpellExtend"},{"floor":26,"key":"Frozen Egg 2"}],"event_choices":[{"damage_healed":0,"gold_gain":0,"player_choice":"Entered Light","damage_taken":10,"max_hp_gain":0,"max_hp_loss":0,"event_name":"Shining Light","floor":2,"gold_loss":0,"cards_upgraded":["Strike_Komeiji","Defend_Komeiji"]},{"damage_healed":0,"gold_gain":0,"player_choice":"Trade","damage_taken":0,"relics_obtained":["FaceOfCleric"],"max_hp_gain":0,"max_hp_loss":0,"event_name":"FaceTrader","floor":3,"gold_loss":0},{"damage_healed":0,"gold_gain":0,"player_choice":"Bought 1 Potion","damage_taken":0,"max_hp_gain":0,"max_hp_loss":0,"event_name":"The Woman in Blue","floor":10,"gold_loss":0},{"damage_healed":0,"gold_gain":0,"player_choice":"Ignored","damage_taken":0,"max_hp_gain":0,"max_hp_loss":0,"event_name":"Vampires","floor":24,"gold_loss":0},{"cards_removed":["KeiseiJin"],"damage_healed":0,"gold_gain":0,"player_choice":"Elegance","damage_taken":0,"max_hp_gain":0,"max_hp_loss":0,"event_name":"Back to Basics","floor":25,"gold_loss":0}],"is_beta":false,"boss_relics":[{"not_picked":["Fusion Hammer","SlaversCollar"],"picked":"Pandora\u0027s Box"}],"items_purged_floors":[],"is_endless":false,"potions_floor_spawned":[1,7,12,14,20,22],"killed_by":"Slavers","ascension_level":0}}