{"host":"ow9msrs9p2ctkx99","time":1607918714,"event":{"mods":["AchievementEnabler","BaseMod","Colored Map","Colored Powertips","Minty Spire (QoL Compilation)","Permanent Neow","Quick Restart","SuperFastMode"],"gold_per_floor":[119,119,129,144,219,247,258,276,303,9,22,22,297,297,297,297,297],"floor_reached":16,"playtime":239,"items_purged":["Pain"],"score":179,"play_id":"7b41af1f-3ffb-4790-a907-2bf19eef58f5","local_time":"20201214050514","is_ascension_mode":true,"campfire_choices":[{"floor":12,"key":"REST"},{"floor":15,"key":"REST"}],"circlet_count":0,"master_deck":["AscendersBane","Strike_G","Strike_G+1","Strike_G","Strike_G","Strike_G+1","Defend_G","Defend_G","Defend_G","Defend_G","Defend_G","Survivor","Neutralize","Predator","Poisoned Stab","Cloak And Dagger","Tactician","Footwork","Accuracy","Regret","Regret"],"relics":["Cursed Key","Ninja Scroll","Juzu Bracelet","Smiling Mask"],"acts_visited":["Exordium"],"potions_floor_usage":[6,11],"damage_taken":[{"damage":0,"enemies":"2 Louse","floor":1,"turns":3},{"damage":0,"enemies":"Small Slimes","floor":3,"turns":4},{"damage":0,"enemies":"Cultist","floor":4,"turns":3},{"damage":22,"enemies":"Lagavulin","floor":6,"turns":5},{"damage":0,"enemies":"Looter","floor":7,"turns":2},{"damage":2,"enemies":"Blue Slaver","floor":8,"turns":3},{"damage":0,"enemies":"Gremlin Gang","floor":11,"turns":3},{"damage":36,"enemies":"The Guardian","floor":16,"turns":5}],"seed_played":"2775519841375668207","potions_obtained":[{"floor":4,"key":"AttackPotion"},{"floor":7,"key":"Block Potion"},{"floor":8,"key":"ColorlessPotion"}],"is_trial":false,"path_per_floor":["M","?","M","M","?","E","M","M","T","$","M","R","?","?","R","B"],"character_chosen":"THE_SILENT","items_purchased":["Accuracy","Juzu Bracelet"],"campfire_rested":2,"item_purchase_floors":[10,10],"current_hp_per_floor":[59,39,39,39,28,6,6,4,4,4,4,23,23,23,42,6,6],"gold":297,"neow_bonus":"BOSS_RELIC","is_daily":false,"chose_seed":false,"campfire_upgraded":0,"win_rate":0.0,"timestamp":1607918714,"path_taken":["M","?","M","M","?","E","M","M","T","$","M","R","?","?","R","BOSS"],"items_purchased_type":["Card","Relic"],"build_version":"2020-12-13","purchased_purges":1,"victory":false,"max_hp_per_floor":[66,66,66,66,66,66,66,66,66,66,66,66,66,66,66,66,66],"card_choices":[{"not_picked":["Slice","Concentrate","Quick Slash"],"picked":"SKIP","floor":1},{"not_picked":["Bane","Dagger Throw"],"picked":"Predator","floor":3},{"not_picked":["PiercingWail","Prepared"],"picked":"Poisoned Stab","floor":4},{"not_picked":["Deadly Poison","Expertise"],"picked":"Cloak And Dagger","floor":6},{"not_picked":["Deflect","PiercingWail"],"picked":"Tactician","floor":7},{"not_picked":["Escape Plan","Dodge and Roll"],"picked":"Footwork","floor":8},{"not_picked":["Cloak And Dagger","Envenom","Dagger Spray"],"picked":"SKIP","floor":11}],"player_experience":1058810,"relics_obtained":[{"floor":6,"key":"Ninja Scroll"}],"event_choices":[{"damage_healed":0,"gold_gain":0,"player_choice":"Entered Light","damage_taken":20,"max_hp_gain":0,"max_hp_loss":0,"event_name":"Shining Light","floor":2,"gold_loss":0,"cards_upgraded":["Strike_G","Strike_G"]},{"damage_healed":0,"gold_gain":75,"player_choice":"Gather Gold","damage_taken":11,"max_hp_gain":0,"max_hp_loss":0,"event_name":"World of Goop","floor":5,"gold_loss":0},{"damage_healed":0,"gold_gain":275,"player_choice":"Desecrate","damage_taken":0,"max_hp_gain":0,"max_hp_loss":0,"event_name":"Golden Shrine","floor":13,"gold_loss":0,"cards_obtained":["Regret"]},{"damage_healed":0,"gold_gain":0,"player_choice":"Box","damage_taken":0,"relics_obtained":["Smiling Mask"],"max_hp_gain":0,"max_hp_loss":0,"event_name":"Big Fish","floor":14,"gold_loss":0,"cards_obtained":["Regret"]}],"is_beta":false,"boss_relics":[],"items_purged_floors":[10],"is_endless":false,"potions_floor_spawned":[4,7,8],"killed_by":"The Guardian","ascension_level":15}}