{"host":"9kesdg97wkrx2bva","time":1607926919,"event":{"mods":["AchievementEnabler","BaseMod","Colored Map","GifTheSpireLib","Infinite Spire","Minty Spire (QoL Compilation)","Replay The Spire","StSLib"],"gold_per_floor":[118,48,63,63,79,110,127,152,205,237,237,250,250,263,263,263,263],"floor_reached":16,"playtime":596,"items_purged":[],"score":207,"play_id":"001f9822-31eb-400f-804d-e626e590a56d","local_time":"20201214002159","is_ascension_mode":true,"campfire_choices":[{"data":"ReplayTheSpireMod:Scrap Shanks","floor":13,"key":"SMITH"},{"data":"Prepared","floor":15,"key":"SMITH"}],"circlet_count":0,"master_deck":["AscendersBane","Strike_G","Strike_G","Strike_G","Strike_G","Defend_G","Defend_G","Defend_G","Defend_G","Survivor","Neutralize","Endless Agony","Noxious Fumes","Bane","Noxious Fumes","Bane","ReplayTheSpireMod:Scrap Shanks+1","Backstab","Dagger Throw","Quick Slash","Dagger Throw","Parasite","Prepared+1","Blade Dance"],"relics":["Ring of the Snake","infinitespire:Lucky Rock","Replay:Bottled Snecko","Replay:Baseball","Blood Vial"],"acts_visited":["Exordium"],"potions_floor_usage":[8,10,10],"damage_taken":[{"damage":11,"enemies":"Cultist","floor":1,"turns":4},{"damage":7,"enemies":"Jaw Worm","floor":3,"turns":4},{"damage":0,"enemies":"Small Slimes","floor":5,"turns":3},{"damage":19,"enemies":"3 Sentries","floor":6,"turns":6},{"damage":4,"enemies":"Red Slaver","floor":7,"turns":4},{"damage":11,"enemies":"Gremlin Nob","floor":8,"turns":4},{"damage":5,"enemies":"3 Sentries","floor":10,"turns":5},{"damage":0,"enemies":"Gremlin Gang","floor":12,"turns":4},{"damage":0,"enemies":"2 Fungi Beasts","floor":14,"turns":1},{"damage":23,"enemies":"Hexaghost","floor":16,"turns":7}],"seed_played":"-4042917234944034721","potions_obtained":[{"floor":1,"key":"Explosive Potion"},{"floor":7,"key":"Block Potion"},{"floor":8,"key":"Explosive Potion"}],"is_trial":false,"path_per_floor":["M","$","M","$","M","E","M","E","T","E","?","M","R","M","R","B"],"character_chosen":"THE_SILENT","items_purchased":["Noxious Fumes"],"campfire_rested":0,"item_purchase_floors":[2],"current_hp_per_floor":[48,48,41,41,41,22,18,7,7,2,17,19,19,21,21,0,0],"gold":263,"neow_bonus":"TRANSFORM_TWO_CARDS","is_daily":false,"chose_seed":false,"campfire_upgraded":2,"win_rate":0.0,"timestamp":1607926919,"path_taken":["M","$","M","$","M","E","M","E","T","E","?","M","R","M","R","BOSS"],"items_purchased_type":["Card"],"build_version":"2020-12-13","purchased_purges":0,"victory":false,"max_hp_per_floor":[60,60,60,60,60,60,60,60,60,60,60,60,60,60,60,60,60],"card_choices":[{"not_picked":["Skewer","Acrobatics"],"picked":"Bane","floor":1},{"not_picked":["Outmaneuver","Slice"],"picked":"Bane","floor":3},{"not_picked":["Sneak Up","Concentrate"],"picked":"ReplayTheSpireMod:Scrap Shanks","floor":5},{"not_picked":["Malaise","ReplayTheSpireMod:Shiv Toss"],"picked":"Backstab","floor":6},{"not_picked":["Quick Slash","Slice"],"picked":"Dagger Throw","floor":7},{"not_picked":["Hidden Blade","Burst"],"picked":"Quick Slash","floor":8},{"not_picked":["Choke","Dagger Spray"],"picked":"Dagger Throw","floor":10},{"not_picked":["Bane","Sucker Punch"],"picked":"Prepared","floor":12},{"not_picked":["Flechettes","ReplayTheSpireMod:Tripwire"],"picked":"Blade Dance","floor":14}],"player_experience":890249,"relics_obtained":[{"floor":6,"key":"infinitespire:Lucky Rock"},{"floor":8,"key":"Replay:Bottled Snecko"},{"floor":9,"key":"Replay:Baseball"},{"floor":10,"key":"Blood Vial"}],"event_choices":[{"damage_healed":15,"gold_gain":0,"player_choice":"Healed and dodged fight","damage_taken":0,"max_hp_gain":0,"max_hp_loss":0,"event_name":"Mushrooms","floor":11,"gold_loss":0,"cards_obtained":["Parasite"]}],"is_beta":false,"boss_relics":[],"items_purged_floors":[],"is_endless":false,"potions_floor_spawned":[1,7,8],"killed_by":"Hexaghost","ascension_level":14}}