{"host":"rjmu5g8hpiele53d","time":1607975153,"event":{"mods":["2.2 Compatiblity","BaseMod","Downfall","GifTheSpireLib","Minty Spire (QoL Compilation)","StSLib"],"gold_per_floor":[99,113,213,233,158,169,194,25,25,52,37,37,56,56,73,73,73],"floor_reached":16,"playtime":771,"items_purged":[],"score":125,"play_id":"ad215219-f078-4ee7-a9d4-6379a5899c65","local_time":"20201214194553","is_ascension_mode":false,"campfire_choices":[{"floor":1,"key":"RECALL"},{"data":"sneckomod:SnekBite","floor":5,"key":"SMITH"}],"circlet_count":0,"master_deck":["sneckomod:Strike","sneckomod:Strike","sneckomod:Strike","sneckomod:Defend","sneckomod:Defend","sneckomod:Defend","sneckomod:TailWhip","sneckomod:SnekBite+1","sneckomod:Unknown","sneckomod:Unknown","sneckomod:CheapStock","sneckomod:UnknownUncommonPower","sneckomod:UnknownWeak","sneckomod:Unknown0Cost+1","sneckomod:CheapStock+1","sneckomod:UnknownVulnerable","sneckomod:SnakeSap+1","Regret","sneckomod:UnknownClassGUARDIAN","sneckomod:UnknownUncommonPower","sneckomod:UnknownRareSkill","sneckomod:SoulCleanse"],"relics":["sneckomod:SneckoSoul","downfall:HeartBlessingRed","Boot","Akabeko","Blue Candle"],"acts_visited":["Exordium"],"potions_floor_usage":[15,16],"damage_taken":[{"damage":8,"enemies":"Jaw Worm","floor":2,"turns":3},{"damage":10,"enemies":"Small Slimes","floor":4,"turns":3},{"damage":0,"enemies":"2 Louse","floor":6,"turns":2},{"damage":0,"enemies":"downfall:FleeingMerchant","floor":8,"turns":4},{"damage":14,"enemies":"Lagavulin","floor":10,"turns":4},{"damage":13,"enemies":"downfall:FleeingMerchant","floor":11,"turns":4},{"damage":2,"enemies":"Large Slime","floor":13,"turns":5},{"damage":7,"enemies":"Lots of Slimes","floor":15,"turns":4},{"damage":73,"enemies":"downfall:Defect","floor":16,"turns":6}],"seed_played":"8737651333880193455","potions_obtained":[{"floor":4,"key":"Dexterity Potion"},{"floor":13,"key":"Swift Potion"},{"floor":15,"key":"ColorlessPotion"}],"is_trial":false,"path_per_floor":["R","M","?","M","R","M","T","$","?","E","$","?","M","?","M","B"],"character_chosen":"THE_SNECKO","items_purchased":["sneckomod:CheapStock","sneckomod:UnknownVulnerable","sneckomod:SnakeSap"],"campfire_rested":0,"item_purchase_floors":[8,8,8],"current_hp_per_floor":[99,91,91,82,82,83,83,85,85,72,72,77,76,73,73,0,0],"gold":73,"neow_bonus":"TEN_PERCENT_HP_BONUS","is_daily":false,"chose_seed":false,"campfire_upgraded":1,"win_rate":0.0,"timestamp":1607975153,"path_taken":["R","M","?","M","R","M","T","$","?","E","$","?","M","?","M","BOSS"],"items_purchased_type":["Card","Card","Card"],"build_version":"2020-12-13","purchased_purges":0,"victory":false,"max_hp_per_floor":[99,99,99,100,100,101,101,103,103,104,105,110,111,111,111,111,111],"card_choices":[{"not_picked":["sneckomod:UnknownExhaust","sneckomod:Unknown1Cost"],"picked":"sneckomod:CheapStock","floor":2},{"not_picked":["sneckomod:MasterEye","sneckomod:QuickMove"],"picked":"sneckomod:UnknownUncommonPower","floor":4},{"not_picked":["sneckomod:DiceBlock","sneckomod:UnknownCommonAttack"],"picked":"sneckomod:UnknownWeak","floor":6},{"not_picked":["sneckomod:UnknownStrike","sneckomod:PureSnecko"],"picked":"sneckomod:Unknown0Cost","floor":8},{"not_picked":["sneckomod:SoulRoll","sneckomod:DiceBlock"],"picked":"sneckomod:UnknownClassGUARDIAN","floor":10},{"not_picked":["sneckomod:UnknownBlock","sneckomod:UnknownWeak"],"picked":"sneckomod:UnknownUncommonPower","floor":11},{"not_picked":["sneckomod:SoulDraw","sneckomod:SoulRoll"],"picked":"sneckomod:UnknownRareSkill","floor":13},{"not_picked":["sneckomod:UnknownCommonAttack","sneckomod:WideSting"],"picked":"sneckomod:SoulCleanse","floor":15}],"player_experience":1542952,"relics_obtained":[{"floor":7,"key":"Boot"},{"floor":10,"key":"Akabeko"}],"event_choices":[{"damage_healed":0,"gold_gain":0,"player_choice":"Donut","damage_taken":0,"max_hp_gain":5,"max_hp_loss":0,"event_name":"Big Fish","floor":12,"gold_loss":0},{"damage_healed":0,"gold_gain":0,"player_choice":"Success","damage_taken":3,"relics_obtained":["Blue Candle"],"max_hp_gain":0,"max_hp_loss":0,"event_name":"Scrap Ooze","floor":14,"gold_loss":0}],"is_beta":false,"boss_relics":[],"items_purged_floors":[],"is_endless":false,"potions_floor_spawned":[4,13,15],"killed_by":"downfall:Defect","ascension_level":0}}