{"host":"cyh4fejqtcjbfr7k","time":1607934502,"event":{"mods":["2.2 Compatiblity","AchievementEnabler","BaseMod","Colored Map","Colored Powertips","DeckTracker","Downfall","Googly Eyes","Hubris","Infinite Spire","Minty Spire (QoL Compilation)","Replay The Spire","Shop Mod","StSLib","SuperFastMode","The Disciple","Unceasing Turn Reminder"],"gold_per_floor":[114,132,132,132,132,132,164,164,164,164,183,197,215,245,245,340,340,355,270,280,296,153,183,183,183,210,237,237,248,248,259,259,259,259],"floor_reached":33,"playtime":1285,"items_purged":[],"score":350,"play_id":"ecd1c6ce-0065-459b-ae81-755855587b65","local_time":"20201214012822","is_ascension_mode":true,"campfire_choices":[{"floor":6,"key":"REST"},{"floor":10,"key":"REST"},{"floor":15,"key":"REST"},{"floor":24,"key":"REST"},{"floor":32,"key":"REST"}],"circlet_count":0,"master_deck":["Strike_R+1","Strike_R+1","Strike_R+1","Strike_R+1","Strike_R+1","Defend_R","Defend_R","Defend_R+1","Defend_R","Bash","Jack Of All Trades","Spot Weakness+1","Fire Breathing","Twin Strike+1","Armaments","Sword Boomerang","Berserk","Heavy Blade+1","Flame Barrier+1","Twin Strike+1","Pommel Strike+1","Thunderclap+1","Decay","Heavy Blade"],"relics":["Burning Blood","Vajra","Blood Vial","Gremlin Food","Bag of Marbles","SlaversCollar","Replay:Wax Seal","Lee\u0027s Waffle","ReplayTheSpireMod:Spearhead","Whetstone","Replay:Ringing Soul"],"acts_visited":["Exordium","TheCity"],"potions_floor_usage":[16,18,23,23,33],"damage_taken":[{"damage":0,"enemies":"Jaw Worm","floor":1,"turns":4},{"damage":0,"enemies":"Small Slimes","floor":2,"turns":3},{"damage":49,"enemies":"Lagavulin","floor":7,"turns":6},{"damage":1,"enemies":"2 Louse","floor":11,"turns":2},{"damage":3,"enemies":"Blue Slaver","floor":12,"turns":3},{"damage":6,"enemies":"Looter","floor":13,"turns":2},{"damage":22,"enemies":"Replay:BlueRogue","floor":14,"turns":7},{"damage":54,"enemies":"Hexaghost","floor":16,"turns":9},{"damage":11,"enemies":"Spheric Guardian","floor":18,"turns":3},{"damage":28,"enemies":"3 Byrds","floor":20,"turns":6},{"damage":27,"enemies":"Snecko","floor":21,"turns":3},{"damage":30,"enemies":"Gremlin Leader","floor":23,"turns":5},{"damage":36,"enemies":"Book of Stabbing","floor":27,"turns":5},{"damage":50,"enemies":"Sentry and Sphere","floor":29,"turns":6},{"damage":24,"enemies":"Snake Plant","floor":31,"turns":4},{"damage":65,"enemies":"Champ","floor":33,"turns":10}],"seed_played":"1270579390540071247","potions_obtained":[{"floor":7,"key":"Energy Potion"},{"floor":11,"key":"Toxic Potion"},{"floor":20,"key":"Explosive Potion"},{"floor":21,"key":"LiquidMemories"},{"floor":29,"key":"Adrenaline Potion"}],"is_trial":false,"path_per_floor":["M","M","?","?","$","R","E","?","T","R","M","M","M","E","R","B",null,"M","?","M","M","$","E","R","?","T","E","?","M","?","M","R","B"],"character_chosen":"IRONCLAD","items_purchased":["Lee\u0027s Waffle"],"campfire_rested":5,"item_purchase_floors":[22],"current_hp_per_floor":[80,80,64,64,64,80,37,30,30,54,61,66,68,54,78,32,80,75,75,55,36,87,63,87,87,87,60,60,21,24,11,40,0,0],"gold":259,"neow_bonus":"RANDOM_COLORLESS","is_daily":false,"chose_seed":false,"campfire_upgraded":0,"win_rate":0.0,"timestamp":1607934502,"path_taken":["M","M","?","?","$","R","E","?","T","R","M","M","M","E","R","BOSS","M","?","M","M","$","E","R","?","T","E","?","?","?","M","R","BOSS"],"items_purchased_type":["Relic"],"build_version":"2020-12-13","purchased_purges":0,"victory":false,"max_hp_per_floor":[80,80,80,80,80,80,80,80,80,80,80,80,80,80,80,80,80,80,80,80,80,87,87,87,87,87,90,90,93,96,99,99,99,99],"card_choices":[{"not_picked":["Flash of Steel","hubris:Ssssneak"],"picked":"Jack Of All Trades","floor":0},{"not_picked":["Warcry","Defy Death"],"picked":"Spot Weakness","floor":1},{"not_picked":["ReplayTheSpireMod:Limb From Limb","Headbutt","Clash"],"picked":"SKIP","floor":2},{"not_picked":["Reckless Charge","Wild Strike"],"picked":"Fire Breathing","floor":7},{"not_picked":["Clash","Hemokinesis","True Grit"],"picked":"SKIP","floor":11},{"not_picked":["Headbutt","Second Wind"],"picked":"Twin Strike","floor":12},{"not_picked":["Reckless Charge","Hemokinesis"],"picked":"Armaments","floor":13},{"not_picked":["Whirlwind","Immolate"],"picked":"Sword Boomerang","floor":14},{"not_picked":["Hemogenesis","Barricade"],"picked":"Berserk","floor":16},{"not_picked":["Whirlwind","Fire Breathing","Havoc"],"picked":"SKIP","floor":18},{"not_picked":["Twin Strike","Hemogenesis"],"picked":"Heavy Blade+1","floor":20},{"not_picked":["ReplayTheSpireMod:Corrosion Curse+1","Clash+1"],"picked":"Flame Barrier+1","floor":21},{"not_picked":["Exhume","Warcry"],"picked":"Twin Strike","floor":23},{"not_picked":["Rampage+1","Massacre"],"picked":"Pommel Strike+1","floor":27},{"not_picked":["Headbutt","Intimidate"],"picked":"Thunderclap+1","floor":29},{"not_picked":["Replay:Undeath\u0027s Touch","Body Slam"],"picked":"Heavy Blade","floor":31}],"player_experience":567332,"relics_obtained":[{"floor":7,"key":"Vajra"},{"floor":9,"key":"Gremlin Food"},{"floor":14,"key":"Bag of Marbles"},{"floor":23,"key":"ReplayTheSpireMod:Spearhead"},{"floor":26,"key":"Whetstone"},{"floor":27,"key":"Replay:Ringing Soul"}],"event_choices":[{"damage_healed":0,"gold_gain":0,"player_choice":"Entered Light","damage_taken":16,"max_hp_gain":0,"max_hp_loss":0,"event_name":"Shining Light","floor":3,"gold_loss":0,"cards_upgraded":["Strike_R","Strike_R"]},{"damage_healed":0,"gold_gain":0,"player_choice":"Success","damage_taken":7,"relics_obtained":["Blood Vial"],"max_hp_gain":0,"max_hp_loss":0,"event_name":"Scrap Ooze","floor":8,"gold_loss":0},{"damage_healed":0,"gold_gain":0,"player_choice":"Obtained Relic","damage_taken":0,"relics_obtained":["Replay:Wax Seal"],"max_hp_gain":0,"max_hp_loss":0,"event_name":"Addict","floor":19,"gold_loss":85},{"damage_healed":0,"gold_gain":0,"player_choice":"Upgraded","damage_taken":0,"max_hp_gain":0,"max_hp_loss":0,"event_name":"Upgrade Shrine","floor":28,"gold_loss":0,"cards_upgraded":["Spot Weakness"]},{"damage_healed":0,"gold_gain":0,"player_choice":"Smashed Altar","damage_taken":0,"max_hp_gain":0,"max_hp_loss":0,"event_name":"Forgotten Altar","floor":30,"gold_loss":0,"cards_obtained":["Decay"]}],"is_beta":false,"boss_relics":[{"not_picked":["Ooze Armor","Philosopher\u0027s Stone"],"picked":"SlaversCollar"}],"items_purged_floors":[],"is_endless":false,"potions_floor_spawned":[7,11,20,21,29],"killed_by":"Champ","ascension_level":2}}