{"host":"i0avyit1s6jb1siw","time":1607954127,"event":{"mods":["BaseMod","DeckTracker","Dota2Spire","Highlight Path","Minty Spire (QoL Compilation)","Quick Restart","Replay The Spire","StSLib","SuperFastMode"],"gold_per_floor":[15,29,29,49,62,62,91,91,116,144,144,10,36,50,50,124,124,144,64,77,97,22,22,32,32,32],"floor_reached":25,"playtime":740,"items_purged":["Strike_P"],"score":446,"play_id":"bbd5d42e-00ce-4e21-a256-5c392d5cce07","local_time":"20201214145527","is_ascension_mode":true,"campfire_choices":[{"data":"Eruption","floor":6.0,"key":"SMITH"},{"data":"Mayhem","floor":8.0,"key":"SMITH"},{"floor":11.0,"key":"REST"},{"data":"TalkToTheHand","floor":15.0,"key":"SMITH"},{"data":"Scrawl","floor":23,"key":"SMITH"}],"circlet_count":0,"master_deck":["AscendersBane","Strike_P","Strike_P","Defend_P","Defend_P","Defend_P","Eruption+1","Vigilance","Mayhem+1","EmptyFist","Evaluate","FollowUp","TalkToTheHand+1","Halt","Pray","SandsOfTime","Indignation","Scrawl+1"],"relics":["PureWater","Simple Rune","Dota2Spire:ArcaneBoots","Damaru","Dota2Spire:DrumOfEndurance","Replay:Wax Seal","Empty Cage"],"acts_visited":["Exordium","TheCity"],"potions_floor_usage":[25,25],"damage_taken":[{"damage":7.0,"enemies":"Cultist","floor":1.0,"turns":3.0},{"damage":7.0,"enemies":"Small Slimes","floor":2.0,"turns":4.0},{"damage":5.0,"enemies":"Jaw Worm","floor":4.0,"turns":5.0},{"damage":0.0,"enemies":"2 Fungi Beasts","floor":5.0,"turns":3.0},{"damage":15.0,"enemies":"Gremlin Nob","floor":7.0,"turns":3.0},{"damage":17.0,"enemies":"Replay:BlueRogue","floor":10.0,"turns":5.0},{"damage":4.0,"enemies":"Lagavulin","floor":13.0,"turns":6.0},{"damage":9.0,"enemies":"Looter","floor":14.0,"turns":4.0},{"damage":19.0,"enemies":"Fading Forest","floor":16.0,"turns":13.0},{"damage":24.0,"enemies":"Shell Parasite","floor":18.0,"turns":4.0},{"damage":2,"enemies":"2 Thieves","floor":20,"turns":4},{"damage":0,"enemies":"Sentry and Sphere","floor":21,"turns":3},{"damage":5,"enemies":"Snecko","floor":24,"turns":4},{"damage":37,"enemies":"Replay:Snechameleon","floor":25,"turns":6}],"seed_played":"-4418554263089480361","potions_obtained":[{"floor":1.0,"key":"Regen Potion"},{"floor":2.0,"key":"ColorlessPotion"},{"floor":4.0,"key":"SkillPotion"},{"floor":20,"key":"BottledMiracle"},{"floor":24,"key":"ColorlessPotion"}],"is_trial":false,"path_per_floor":["M","M","?","M","M","R","E","R","T","E","R","?","E","M","R","B",null,"M","?","M","M","$","R","M","E"],"character_chosen":"WATCHER","items_purchased":[],"campfire_rested":1,"item_purchase_floors":[],"current_hp_per_floor":[54,47,52,47,47,47,32,32,32,15,36,36,32,23,23,27,62,38,38,36,36,36,36,31,0,0],"gold":32,"neow_bonus":"RANDOM_COLORLESS_2","is_daily":false,"chose_seed":false,"campfire_upgraded":4,"win_rate":0.0,"timestamp":1607954127,"path_taken":["M","?","?","M","M","R","E","R","T","E","R","?","E","M","R","BOSS","M","?","M","M","$","R","M","E"],"items_purchased_type":[],"build_version":"2020-12-13","purchased_purges":1,"victory":false,"max_hp_per_floor":[68,68,73,73,73,73,73,73,73,73,73,73,73,73,73,73,73,73,73,73,73,73,73,73,73,73],"card_choices":[{"not_picked":["Violence","Master of Strategy"],"picked":"Mayhem","floor":0.0},{"not_picked":["WindmillStrike","Crescendo"],"picked":"EmptyFist","floor":1.0},{"not_picked":["EmptyFist","Prostrate"],"picked":"Evaluate","floor":2.0},{"not_picked":["EmptyBody","Crescendo"],"picked":"FollowUp","floor":4.0},{"not_picked":["ForeignInfluence","Study"],"picked":"TalkToTheHand","floor":5.0},{"not_picked":["SashWhip","Replay:DivineShield"],"picked":"Halt","floor":7.0},{"not_picked":["FollowUp","Sanctity"],"picked":"Pray","floor":10.0},{"not_picked":["EmptyFist","Replay:Battleflow"],"picked":"SandsOfTime","floor":13.0},{"not_picked":["BowlingBash","Consecrate"],"picked":"Indignation","floor":14.0},{"not_picked":["Blasphemy","MasterReality"],"picked":"Scrawl","floor":16.0},{"not_picked":["SignatureMove+1","Evaluate","Fasting2"],"picked":"SKIP","floor":18.0},{"not_picked":["Halt","Replay:Anticipation","FollowUp"],"picked":"SKIP","floor":20},{"not_picked":["FlurryOfBlows","Crescendo+1","Replay:BluntJabs"],"picked":"SKIP","floor":21},{"not_picked":["Vengeance","Replay:ManipulateFuture","Sanctity"],"picked":"SKIP","floor":24}],"player_experience":2071641,"relics_obtained":[{"floor":7.0,"key":"Simple Rune"},{"floor":9.0,"key":"Dota2Spire:ArcaneBoots"},{"floor":10.0,"key":"Damaru"},{"floor":13.0,"key":"Replay:Wax Seal"}],"event_choices":[{"damage_healed":0.0,"max_hp_gain":5.0,"max_hp_loss":0.0,"gold_gain":0.0,"event_name":"Big Fish","player_choice":"Donut","floor":3.0,"gold_loss":0.0,"damage_taken":0.0},{"damage_healed":0.0,"max_hp_gain":0.0,"max_hp_loss":0.0,"gold_gain":0.0,"event_name":"WeMeetAgain","player_choice":"Paid Gold","floor":12.0,"gold_loss":134.0,"damage_taken":0.0,"relics_obtained":["Dota2Spire:DrumOfEndurance"]}],"is_beta":false,"boss_relics":[{"not_picked":["Honey Jar","Black Star"],"picked":"Empty Cage"}],"items_purged_floors":[22],"is_endless":false,"potions_floor_spawned":[1,2,4,20,24],"killed_by":"Replay:Snechameleon","ascension_level":20}}