{"host":"hfvpa4llnnjpeawn","time":1607908064,"event":{"mods":["2.2 Compatiblity","Act Like it!","BaseMod","Better Skull","Better Third Choice","BetterRewards","CapriCore","Conspire","Downfall","Elementarium","Hermit","Hubris","Koishi","Lobotomy","Mad Scientist","Minty Spire (QoL Compilation)","Replay The Spire","Shade Mod","Somnambulant","StSLib","The Bladedancer","The Factory","The Jungle","Waifu the Spire"],"gold_per_floor":[117,143,156,54,70,97,109,109,109,124,149,125,142,158,158,259,259,275,292,518,375,394,423,423,443,443,457,457,472,192,306,306,405,405,425,437,448,102,121,121,132,132,157,157,169,25,25,25],"floor_reached":47,"playtime":3932,"items_purged":["Replay:Hysterical Blindness"],"score":538,"play_id":"ee1f172e-9058-46df-9d07-722a7af42a4d","local_time":"20201213200744","is_ascension_mode":false,"campfire_choices":[{"data":"Chill","floor":8.0,"key":"SMITH"},{"floor":15.0,"key":"REST"},{"floor":24.0,"key":"REST"},{"data":"hubris:SpecializedCircuitry","floor":32.0,"key":"SMITH"},{"floor":40,"key":"REST"},{"floor":44,"key":"REST"}],"circlet_count":0,"master_deck":["Strike_B","Strike_B","Strike_B","Defend_B","Defend_B","Defend_B","Defend_B","Zap","Dualcast","Steam","Ball Lightning","Heatsinks","Capacitor","Sweeping Beam+1","Leap","Chill+1","White Noise","Glacier","Electrodynamics","Genetic Algorithm","Self Repair","hubris:SpecializedCircuitry+1","Elementarium:StickyTar","Crystallizer+1","expansioncontent:Hexaburn","ReplaySolidLightProjector+1","Rebound+1","ReplayTheSpireMod:Dual Polarity","Amplify","Loop+1","Panic Button"],"relics":["Cracked Core","Lantern","Singing Bowl","hubris:MysteriousPyramids","Garlic","betterThird:SlimedRelic","Snecko Eye","ReplayFunnel","Strawberry","ReplayTheSpireMod:CursedCoin","ReplayTheSpireMod:TigerMarble","ReplayTheSpireMod:Shallot","Matryoshka","Geode","Elementarium:ElementariumTrophy","Painkiller Herb","Blood Vial","HandDrill","Darkstone Periapt","Pen Nib","PrismaticShard"],"acts_visited":["Exordium","Exordium","TheBeyond"],"potions_floor_usage":[47],"damage_taken":[{"damage":0.0,"enemies":"Cultist","floor":1.0,"turns":3.0},{"damage":0.0,"enemies":"conspire:RoseBush","floor":3.0,"turns":2.0},{"damage":0.0,"enemies":"Small Slimes","floor":5.0,"turns":2.0},{"damage":20.0,"enemies":"Gremlin Nob","floor":6.0,"turns":4.0},{"damage":15.0,"enemies":"Gremlin Gang","floor":7.0,"turns":4.0},{"damage":0.0,"enemies":"Blue Slaver","floor":10.0,"turns":3.0},{"damage":8.0,"enemies":"3 Sentries","floor":11.0,"turns":6.0},{"damage":10.0,"enemies":"Large Slime","floor":13.0,"turns":5.0},{"damage":0.0,"enemies":"2 Fungi Beasts","floor":14.0,"turns":4.0},{"damage":20.0,"enemies":"Fading Forest","floor":16.0,"turns":11.0},{"damage":9.0,"enemies":"Elementarium:Cyclone","floor":18.0,"turns":5.0},{"damage":0.0,"enemies":"Elementarium:2_ELEMENTALS","floor":19.0,"turns":3.0},{"damage":3.0,"enemies":"Elementarium:RubyGolem","floor":22.0,"turns":6.0},{"damage":26.0,"enemies":"Elementarium:ElementalPortal","floor":23.0,"turns":8.0},{"damage":2.0,"enemies":"Elementarium:VOID_CORRUPTION_AND_TAR_GOLEM","floor":25.0,"turns":5.0},{"damage":0.0,"enemies":"Elementarium:3_ELEMENTALS","floor":27.0,"turns":1.0},{"damage":28.0,"enemies":"Elementarium:VOID_CORRUPTION_AND_ORB_OF_FIRE","floor":29.0,"turns":6.0},{"damage":16.0,"enemies":"Elementarium:GoldenDragon","floor":33.0,"turns":7.0},{"damage":22.0,"enemies":"3 Shapes","floor":35.0,"turns":3.0},{"damage":6.0,"enemies":"Orb Walker","floor":36.0,"turns":2.0},{"damage":30.0,"enemies":"Spire Growth","floor":37.0,"turns":4.0},{"damage":38,"enemies":"Transient","floor":39,"turns":5},{"damage":18,"enemies":"Maw","floor":41,"turns":5},{"damage":5,"enemies":"Sphere and 2 Shapes","floor":45,"turns":5},{"damage":108,"enemies":"Giant Head","floor":47,"turns":9}],"seed_played":"5692013002481616177","potions_obtained":[{"floor":3.0,"key":"SteroidPotion"},{"floor":7.0,"key":"Explosive Potion"},{"floor":13.0,"key":"EssenceOfDarkness"},{"floor":14.0,"key":"Adrenaline Potion"},{"floor":23.0,"key":"Languid Potion"},{"floor":25.0,"key":"BlessingOfTheForge"},{"floor":27.0,"key":"conspire:TimeTravelPotion"},{"floor":31.0,"key":"champ:CounterPotion"},{"floor":31.0,"key":"CultistPotion"},{"floor":31.0,"key":"EssenceOfSteel"},{"floor":35.0,"key":"PowerPotion"},{"floor":45,"key":"Venom Potion"}],"is_trial":false,"path_per_floor":["M","T","M","$","M","E","M","R","T","M","E","?","M","M","R","B",null,"M","M","?","$","M","E","R","M","T","M","?","M","$","?","R","B",null,"?","?","?","T","?","T","?","?","T","T","?","T","E"],"character_chosen":"DEFECT","items_purchased":["Capacitor","Sweeping Beam+1","Strawberry","Self Repair","ReplayTheSpireMod:CursedCoin","Rebound+1","Matryoshka","Blood Vial","Loop+1","HandDrill","PrismaticShard"],"campfire_rested":4,"item_purchase_floors":[4,4,21,21,21,30,30,38,38,38,46],"current_hp_per_floor":[75,75,75,75,75,57,42,42,42,42,34,23,15,17,41,43,81,74,74,43,50,63,44,71,78,78,78,80,59,59,59,59,43,96,76,79,65,65,43,73,66,66,66,97,103,103,0,0],"gold":25,"neow_bonus":"TRANSFORM_CARD","is_daily":false,"chose_seed":false,"campfire_upgraded":2,"win_rate":0.0,"timestamp":1607908064,"path_taken":["M","?","M","$","M","E","?","R","T","M","E","?","M","M","R","BOSS","M","M","?","$","M","E","R","M","T","?","?","M","$","?","R","BOSS","?","?","?","T","?","T","?","?","T","T","?","T","E"],"items_purchased_type":["Card","Card","Relic","Card","Relic","Card","Relic","Relic","Card","Relic","Relic"],"build_version":"2020-12-13","purchased_purges":1,"victory":false,"max_hp_per_floor":[75,75,75,75,75,77,77,77,77,77,77,77,79,81,81,81,81,83,83,83,90,92,92,92,94,94,94,96,96,96,96,96,96,96,98,100,102,102,102,102,104,104,104,104,106,106,106,106],"card_choices":[{"not_picked":["Conserve Battery","Coolheaded"],"picked":"Ball Lightning","floor":1.0},{"not_picked":["Compile Driver","Coolheaded"],"picked":"Heatsinks","floor":3.0},{"not_picked":["hubris:Ukulele","Conserve Battery"],"picked":"Leap","floor":5.0},{"not_picked":["Steam","Redo","Stack"],"picked":"Singing Bowl","floor":6.0},{"not_picked":["Leap","Rebound"],"picked":"Chill","floor":7.0},{"not_picked":["Stack","Crystallizer"],"picked":"White Noise","floor":10.0},{"not_picked":["Heatsinks","Blizzard"],"picked":"Glacier","floor":11.0},{"not_picked":["Coolheaded","Redo","Doom and Gloom"],"picked":"Singing Bowl","floor":13.0},{"not_picked":["Leap","Undo","Hello World"],"picked":"Singing Bowl","floor":14.0},{"not_picked":["Thunder Strike","Seek"],"picked":"Electrodynamics","floor":16.0},{"not_picked":["Compile Driver","Steam","Gash+1"],"picked":"Singing Bowl","floor":18.0},{"not_picked":["Redo","Ball Lightning"],"picked":"Genetic Algorithm","floor":19.0},{"not_picked":["Coolheaded+1","Hologram+1","Rebound"],"picked":"Singing Bowl","floor":22.0},{"not_picked":["Static Discharge","Force Field"],"picked":"hubris:SpecializedCircuitry","floor":23.0},{"not_picked":["Sweeping Beam+1","ReplayGash+1","Stack+1"],"picked":"Singing Bowl","floor":25.0},{"not_picked":["Conserve Battery","Blizzard"],"picked":"Crystallizer+1","floor":27.0},{"not_picked":["ReplayTheSpireMod:Brewmster","Apotheosis","hubris:Ssssneak"],"picked":"Singing Bowl","floor":28.0},{"not_picked":["ReplayTheSpireMod:Brewmster","Bandage Up"],"picked":"expansioncontent:Hexaburn","floor":28.0},{"not_picked":["Barrage","Ball Lightning"],"picked":"ReplaySolidLightProjector+1","floor":29.0},{"not_picked":["ReplayTheSpireMod:Reroute Power","Cold Snap"],"picked":"ReplayTheSpireMod:Dual Polarity","floor":31.0},{"not_picked":["hubris:SpecializedCircuitry","hubris:DoWhile"],"picked":"Amplify","floor":33.0},{"not_picked":["Lockon","Steam+1","Cold Snap"],"picked":"Singing Bowl","floor":35.0},{"not_picked":["Rebound+1","Capacitor","Steam+1"],"picked":"Singing Bowl","floor":36.0},{"not_picked":["Ball Lightning","Beam Cell","Compile Driver"],"picked":"Singing Bowl","floor":37.0},{"not_picked":["Skim","Gash+1"],"picked":"Panic Button","floor":39},{"not_picked":["Leap","Capacitor","Sweeping Beam"],"picked":"Singing Bowl","floor":41},{"not_picked":["Compile Driver","Ball Lightning","Redo"],"picked":"Singing Bowl","floor":45}],"player_experience":196276,"relics_obtained":[{"floor":2.0,"key":"Lantern"},{"floor":6.0,"key":"Singing Bowl"},{"floor":9.0,"key":"hubris:MysteriousPyramids"},{"floor":11.0,"key":"Garlic"},{"floor":23.0,"key":"ReplayTheSpireMod:TigerMarble"},{"floor":26.0,"key":"ReplayTheSpireMod:Shallot"},{"floor":31.0,"key":"Geode"},{"floor":43,"key":"Darkstone Periapt"},{"floor":43,"key":"Pen Nib"}],"event_choices":[{"damage_healed":0.0,"max_hp_gain":0.0,"max_hp_loss":0.0,"gold_gain":0.0,"event_name":"betterThird:BetterGoop","player_choice":"Slimed","floor":12.0,"gold_loss":24.0,"damage_taken":11.0},{"damage_healed":0.0,"max_hp_gain":0.0,"max_hp_loss":0.0,"gold_gain":226.0,"event_name":"betterSkull:BetterSkull","player_choice":"GO GO RE ","floor":20.0,"gold_loss":0.0,"damage_taken":35.0,"cards_upgraded":[],"relics_obtained":["ReplayFunnel"]},{"damage_healed":0.0,"max_hp_gain":0.0,"max_hp_loss":0.0,"gold_gain":226.0,"event_name":"betterSkull:BetterSkull","player_choice":"GO GO RE ","floor":20.0,"gold_loss":0.0,"damage_taken":35.0,"cards_upgraded":[],"relics_obtained":["ReplayFunnel"]},{"damage_healed":0.0,"max_hp_gain":0.0,"max_hp_loss":0.0,"gold_gain":0.0,"event_name":"Elementarium:IncubationChamber","player_choice":"Machinery","floor":28.0,"gold_loss":0.0,"damage_taken":0.0},{"damage_healed":0,"gold_gain":0,"player_choice":"Leave","damage_taken":0,"max_hp_gain":0,"max_hp_loss":0,"event_name":"conspire:Investor","floor":42,"gold_loss":0}],"is_beta":false,"boss_relics":[{"not_picked":["hubris:CrackedHourglass","ReplayTheSpireMod:DimensionalGlitch"],"picked":"Snecko Eye"},{"not_picked":["Honey Jar","Velvet Choker"],"picked":"Painkiller Herb"}],"items_purged_floors":[21],"is_endless":false,"potions_floor_spawned":[3,7,13,14,23,25,27,35,45],"killed_by":"Giant Head","ascension_level":0}}