{"host":"0iey8v53xvwqxh5z","time":1607918818,"event":{"mods":["BaseMod","BetterRewards","Hermit","Hubris","Minty Spire (QoL Compilation)","Relic Stats","Replay The Spire","Shop Mod","StSLib","The Cursed"],"gold_per_floor":[124,124,124,150,500,500,520,567,567,619,643,686,686,686,686,781,781,811,390,424,462,495,542,542,542,542,595,632,632,663,663,663,762,862,890,421,447,497,497,497,554,554,554,569,606,653,698,729,729,743,743,743,1069,1125,1145],"floor_reached":56,"playtime":2884,"items_purged":["TheCursedMod:Defend_TheCursed"],"score":2690,"play_id":"3573d037-a635-42d8-a318-4335308689e0","local_time":"20201213230658","is_ascension_mode":true,"campfire_choices":[{"floor":6.0,"key":"REST"},{"data":"TheCursedMod:LuckyCharm","floor":13.0,"key":"SMITH"},{"data":"TheCursedMod:LuckyCharm","floor":15.0,"key":"SMITH"},{"data":"TheCursedMod:LuckyCharm","floor":24.0,"key":"SMITH"},{"data":"TheCursedMod:LuckyCharm","floor":32.0,"key":"SMITH"},{"floor":40.0,"key":"RECALL"},{"data":"TheCursedMod:ReleasedStrength","floor":42.0,"key":"SMITH"},{"data":"TheCursedMod:ReleasedStrength","floor":52,"key":"SMITH"}],"circlet_count":0,"master_deck":["AscendersBane","TheCursedMod:Strike_TheCursed","TheCursedMod:Strike_TheCursed","TheCursedMod:Strike_TheCursed","TheCursedMod:Strike_TheCursed","TheCursedMod:Defend_TheCursed","TheCursedMod:Defend_TheCursed","TheCursedMod:CursedWand","TheCursedMod:CleanUpWorkshop","TheCursedMod:Dregs","TheCursedMod:CursedBlade","TheCursedMod:HellfireBreathing+1","TheCursedMod:LuckyCharm+1","TheCursedMod:LuckyCharm+1","TheCursedMod:CursedBlade","TheCursedMod:SpitefulPlan","ReplayTheSpireMod:Restless Dread","TheCursedMod:CursedShiv","TheCursedMod:FleshFromBone","TheCursedMod:SmokeScreen","Normality","Writhe","TheCursedMod:CursedBoomerang","TheCursedMod:Wield","Writhe","TheCursedMod:CursedStaff","TheCursedMod:RapidMovement","TheCursedMod:LuckyCharm+1","Regret","TheCursedMod:AntiAging+1","TheCursedMod:RavingStaff+1","TheCursedMod:HellsGateOpen+1","TheCursedMod:BlessingInDisguise+1","TheCursedMod:ReleasedStrength+1","Hallucinations","TheCursedMod:HellsGateOpen","TheCursedMod:ReleasedStrength+1","Languid","TheCursedMod:LuckyCharm+1","Shame","Clumsy","Clumsy","TheCursedMod:CursedMace","TheCursedMod:HellsGateOpen+1","hubris:Envy","TheCursedMod:BlessingInDisguise","TheCursedMod:SpitefulPlan","Normality","Replay:Hysterical Blindness","Voices","hubris:Wrath","Parasite","Voices","TheCursedMod:RavingStaff","TheCursedMod:SpitefulStrike","Replay:Parry+1","Apotheosis","Spreading Infection","Pain","TheCursedMod:VoidForm"],"relics":["TheCursedMod:BlackMagic101","Medical Kit","hubris:CuriousFeather","hubris:TinFlute","Replay:Towering Pillar of Hats","DollysMirror","Onion Ring","Replay:Bandana","ReplayTheSpireMod:CursedCoin","Ice Cream","Happy Flower","Mummified Hand","Frozen Eye","Ring of Greed","Old Coin","Blue Doll","Ring of Panic","MealTicket","hubris:Reverence","Replay:Bottled Snecko","hubris:SphereOfDissonance","TheCursedMod:OminousMark","Replay:Rubber Ducky","hubris:SlimyHat","Toy Ornithopter","Replay:Ringing Soul","Bronze Scales","GremlinMask","Boot","Replay:Wanted Poster","Anchor","Garlic","Quantum Egg","War Paint","hubris:ToyBattleship","hubris:NiceRug","ReplayTheSpireMod:TigerMarble","Membership Card","Gremlin Horn"],"acts_visited":[],"potions_floor_usage":[],"damage_taken":[{"damage":4.0,"enemies":"Jaw Worm","floor":1.0,"turns":2.0},{"damage":0.0,"enemies":"Small Slimes","floor":4.0,"turns":2.0},{"damage":0.0,"enemies":"Cultist","floor":7.0,"turns":3.0},{"damage":16.0,"enemies":"Lagavulin","floor":8.0,"turns":5.0},{"damage":0.0,"enemies":"3 Sentries","floor":10.0,"turns":3.0},{"damage":3.0,"enemies":"Looter","floor":11.0,"turns":2.0},{"damage":0.0,"enemies":"Lagavulin","floor":12.0,"turns":5.0},{"damage":0.0,"enemies":"Hexaghost","floor":16.0,"turns":6.0},{"damage":8.0,"enemies":"2 Thieves","floor":18.0,"turns":3.0},{"damage":6.0,"enemies":"3 Byrds","floor":20.0,"turns":2.0},{"damage":0.0,"enemies":"3 Cultists","floor":21.0,"turns":4.0},{"damage":0.0,"enemies":"Cultist and Chosen","floor":22.0,"turns":3.0},{"damage":1.0,"enemies":"Book of Stabbing","floor":23.0,"turns":3.0},{"damage":10.0,"enemies":"Gremlin Leader","floor":27.0,"turns":3.0},{"damage":0.0,"enemies":"Sentry and Sphere","floor":28.0,"turns":3.0},{"damage":10.0,"enemies":"Centurion and Healer","floor":30.0,"turns":5.0},{"damage":17.0,"enemies":"Collector","floor":33.0,"turns":6.0},{"damage":3.0,"enemies":"Orb Walker","floor":35.0,"turns":2.0},{"damage":0.0,"enemies":"3 Shapes","floor":37.0,"turns":3.0},{"damage":0.0,"enemies":"Transient","floor":38.0,"turns":5.0},{"damage":0.0,"enemies":"R_Hoarder","floor":41.0,"turns":4.0},{"damage":8.0,"enemies":"Writhing Mass","floor":44.0,"turns":2.0},{"damage":0.0,"enemies":"Spire Growth","floor":45.0,"turns":4.0},{"damage":0.0,"enemies":"Giant Head","floor":46.0,"turns":4.0},{"damage":0.0,"enemies":"Maw","floor":47.0,"turns":4.0},{"damage":4.0,"enemies":"3 Darklings","floor":48.0,"turns":3.0},{"damage":13.0,"enemies":"Replay:Hell Engine","floor":50.0,"turns":7.0},{"damage":0,"enemies":"hubris:Merchant","floor":53,"turns":3},{"damage":0,"enemies":"Shield and Spear","floor":54,"turns":4},{"damage":14,"enemies":"The Heart","floor":55,"turns":5}],"seed_played":"-5867713765017114295","potions_obtained":[{"floor":1.0,"key":"Swift Potion"},{"floor":3.0,"key":"EntropicBrew"},{"floor":23.0,"key":"Elixir"},{"floor":28.0,"key":"Strength Potion"},{"floor":33.0,"key":"SkillPotion"},{"floor":38.0,"key":"Dexterity Potion"},{"floor":44.0,"key":"AttackPotion"},{"floor":53,"key":"SkillPotion"},{"floor":54,"key":"DuplicationPotion"}],"is_trial":false,"path_per_floor":["M","?","?","M","?","R","M","E","T","E","M","E","R","T","R","B",null,"M","$","M","M","M","E","R","?","T","E","M","?","M","?","R","B",null,"M","$","M","M","?","R","E","R","T","M","M","E","M","M","R","B",null,"R","$","E","B",null],"character_chosen":"THE_CURSED","items_purchased":["Medical Kit","TheCursedMod:CursedBlade","TheCursedMod:HellfireBreathing+1","hubris:TinFlute","TheCursedMod:LuckyCharm","DollysMirror","Onion Ring","TheCursedMod:CursedBlade","TheCursedMod:SpitefulPlan","Replay:Bandana","ReplayTheSpireMod:CursedCoin","Ice Cream","Happy Flower","TheCursedMod:CursedShiv","Mummified Hand","Frozen Eye","Replay:Rubber Ducky","hubris:SlimyHat","TheCursedMod:HellsGateOpen+1","TheCursedMod:BlessingInDisguise","Anchor","Garlic"],"campfire_rested":1,"item_purchase_floors":[0,0,0,0,0,0,0,0,0,0,0,0,0,0,0,0,19,19,19,19,36,36],"current_hp_per_floor":[18,18,18,18,18,39,39,23,23,23,20,20,20,20,20,20,58,50,65,59,61,63,64,64,64,64,67,69,69,64,67,67,55,85,85,98,101,106,106,106,108,108,108,103,109,112,118,120,120,115,130,130,138,141,130],"gold":1145,"neow_bonus":"","is_daily":false,"chose_seed":false,"campfire_upgraded":6,"win_rate":0.0,"timestamp":1607918818,"path_taken":["M","?","?","?","?","R","M","E","T","E","M","E","R","?","R","BOSS","M","$","M","M","M","E","R","?","T","E","M","?","?","?","R","BOSS","M","$","M","M","?","R","E","R","T","?","M","E","M","M","R","BOSS","R","$","E","BOSS"],"items_purchased_type":["Relic","Card","Card","Relic","Card","Relic","Relic","Card","Card","Relic","Relic","Relic","Relic","Card","Relic","Relic","Relic","Relic","Card","Card","Relic","Relic"],"build_version":"2020-12-13","purchased_purges":1,"victory":true,"max_hp_per_floor":[71,71,71,71,71,71,71,71,71,71,71,71,71,71,71,71,71,71,71,71,73,75,77,77,77,77,80,82,82,87,90,90,95,95,98,98,101,106,106,106,108,108,108,111,117,120,126,132,132,135,135,135,138,141,144],"relic_stats":{"Happy Flower":[36],"Gremlin Horn":[0,0],"counters":[307,1500],"Mummified Hand":[511],"Bronze Scales":[198],"MealTicket":33,"War Paint":["TheCursedMod:AntiAging","TheCursedMod:BlessingInDisguise"],"Medical Kit":[0],"Boot":[11],"obtain_stats":[{"Golden Egg":20,"Whetstone":44,"Ginger":0,"hubris:MysteriousPyramids":42,"Sling":53,"Boot":40,"Old Coin":5,"Blood Vial":25,"Replay:Wanted Poster":38,"Replay:Ringing Soul":53,"hubris:HerbalPaste":53,"hubris:AstralHammer":44,"TheCursedMod:CrystalBall":7,"hubris:DeckOfHolding":40,"MealTicket":28,"HandDrill":57,"Kunai":29,"Replay:Wax Seal":0,"hubris:TinFlute":28,"TheCursedMod:BlackMagic101":0,"Pear":58,"Counterbalance":0,"hubris:SphereOfDissonance":40,"Eternal Feather":23,"Pen Nib":31,"SlaversCollar":34,"Runic Dome":34,"Kintsugi":17,"Unceasing Top":0,"Abe\u0027s Treasure":17,"TheCursedMod:SoulVessel":46,"hubris:Reverence":54,"TheCursedMod:FourLeafCloverCharm":17,"Lantern":53,"Torii":0,"Blue Doll":27,"StoneCalendar":53,"GremlinMask":29,"Bag of Preparation":46,"Replay:Multitool":40,"hubris:EmptyBottle":0,"Cursed Key":17,"Ancient Tea Set":44,"Pet Ghost":10,"Replay:Rubber Ducky":0,"Ring of Peace":11,"Toolbox":3,"WingedGreaves":0,"hubris:CuriousFeather":0,"hubris:FunFungus":43,"Chemical X":0,"Ring of Panic":5,"hubris:GlazedTorus":0,"Potion Belt":45,"Lee\u0027s Waffle":0,"Golden Idol":3,"hubris:64BitClover":28,"Thread and Needle":0,"PreservedInsect":26,"Ring of Greed":5,"hubris:Towel":37,"Frozen Egg 2":0,"MawBank":13,"Replay:Arrowhead":0,"hubris:Spice":0,"Ornamental Fan":0,"Bloody Idol":27,"Orrery":0,"Garlic":26,"Durian":9,"ReplayTheSpireMod:Lightbulb":54,"Toy Ornithopter":9,"hubris:BottledRain":9,"Ice Cream":39,"Mark of the Bloom":49,"Calipers":0,"hubris:CrystalStatue":34,"Gremlin Horn":20,"Nilry\u0027s Codex":19,"TheCursedMod:Tack":54,"hubris:TerracottaHorce":19,"Centennial Puzzle":8,"Lizard Tail":25,"HornCleat":0,"DollysMirror":28,"Strawberry":46,"Honey Jar":0,"Philosopher\u0027s Stone":17,"Iron Hammer":0,"Toxic Egg 2":0,"Girya":26,"hubris:Teleporter":13,"hubris:DuctTape":57,"Happy Flower":53,"ReplayTheSpireMod:CursedCoin":0,"Oddly Smooth Stone":0,"Replay:Kaleidoscope":47,"Letter Opener":53,"War Paint":0,"WarpedTongs":2,"hubris:Zylophone":0,"OrangePellets":0,"Replay:Baseball":21,"Bottled Flame":9,"ReplayTheSpireMod:Shallot":9,"Shuriken":9,"Bronze Scales":27,"hubris:PeanutButter":9,"Simple Rune":23,"Onion Ring":54,"Molten Egg 2":21,"Black Star":34,"ReplayTheSpireMod:TigerMarble":39,"hubris:ToyBattleship":26,"Grinning Jar":11,"Mirror":38,"Meat on the Bone":15,"ReplayFunnel":21,"Darkstone Periapt":30,"TheCursedMod:BloodyHarpoon":54,"Replay:PocketPolymizer":0,"Mango":0,"Incense Burner":0,"hubris:SlimyHat":28,"Juzu Bracelet":42,"Empty Cage":34,"ClockworkSouvenir":22,"Frozen Eye":38,"Dream Catcher":6,"Replay:Bandana":7,"Nunchaku":53,"hubris:Icosahedron":9,"Mummified Hand":53,"Pantograph":22,"Gambling Chip":0,"Red Mask":21,"Replay:Bottled Snecko":28,"Gremlin Food":28,"hubris:DisguiseKit":14,"Replay:Towering Pillar of Hats":0,"Quantum Egg":0,"hubris:MedicalManual":42,"TheCursedMod:MagicCandle":0,"Medical Kit":0,"White Beast Statue":0,"Mercury Hourglass":0,"Peace Pipe":12,"Strange Spoon":0,"Cauldron":53,"Pondfish Scales":14,"CaptainsWheel":19,"Anchor":10,"TheCursedMod:OminousMark":34,"hubris:BundleOfHerbs":0,"Snack Pack":54,"Bag of Marbles":31,"Coffee Dripper":17,"Membership Card":0,"FossilizedHelix":6,"hubris:OldNail":0,"TungstenRod":44,"hubris:NiceRug":53,"ReplayTheSpireMod:ShopPack":45},{"Golden Egg":207,"Whetstone":20,"Ginger":86,"hubris:MysteriousPyramids":107,"Sling":221,"Boot":269,"Old Coin":279,"Blood Vial":12,"Replay:Wanted Poster":75,"Replay:Ringing Soul":144,"hubris:HerbalPaste":144,"hubris:AstralHammer":50,"TheCursedMod:CrystalBall":90,"hubris:DeckOfHolding":106,"MealTicket":233,"HandDrill":84,"Kunai":70,"Replay:Wax Seal":25,"hubris:TinFlute":183,"TheCursedMod:BlackMagic101":0,"Pear":85,"Counterbalance":25,"hubris:SphereOfDissonance":19,"Eternal Feather":11,"Pen Nib":13,"SlaversCollar":14,"Runic Dome":236,"Kintsugi":229,"Unceasing Top":146,"Abe\u0027s Treasure":154,"TheCursedMod:SoulVessel":52,"hubris:Reverence":197,"TheCursedMod:FourLeafCloverCharm":122,"Lantern":196,"Torii":198,"Blue Doll":127,"StoneCalendar":169,"GremlinMask":292,"Bag of Preparation":21,"Replay:Multitool":48,"hubris:EmptyBottle":25,"Cursed Key":35,"Ancient Tea Set":79,"Pet Ghost":61,"Replay:Rubber Ducky":25,"Ring of Peace":152,"Toolbox":1,"WingedGreaves":115,"hubris:CuriousFeather":171,"hubris:FunFungus":242,"Chemical X":25,"Ring of Panic":279,"hubris:GlazedTorus":86,"Potion Belt":20,"Lee\u0027s Waffle":115,"Golden Idol":59,"hubris:64BitClover":129,"Thread and Needle":198,"PreservedInsect":41,"Ring of Greed":279,"hubris:Towel":47,"Frozen Egg 2":198,"MawBank":94,"Replay:Arrowhead":25,"hubris:Spice":25,"Ornamental Fan":171,"Bloody Idol":182,"Orrery":25,"Garlic":12,"Durian":175,"ReplayTheSpireMod:Lightbulb":222,"Toy Ornithopter":251,"hubris:BottledRain":200,"Ice Cream":105,"Mark of the Bloom":80,"Calipers":57,"hubris:CrystalStatue":73,"Gremlin Horn":37,"Nilry\u0027s Codex":180,"TheCursedMod:Tack":170,"hubris:TerracottaHorce":65,"Centennial Puzzle":30,"Lizard Tail":126,"HornCleat":115,"DollysMirror":12,"Strawberry":166,"Honey Jar":0,"Philosopher\u0027s Stone":7,"Iron Hammer":57,"Toxic Egg 2":86,"Girya":69,"hubris:Teleporter":33,"hubris:DuctTape":83,"Happy Flower":196,"ReplayTheSpireMod:CursedCoin":246,"Oddly Smooth Stone":25,"Replay:Kaleidoscope":141,"Letter Opener":275,"War Paint":25,"WarpedTongs":87,"hubris:Zylophone":25,"OrangePellets":25,"Replay:Baseball":9,"Bottled Flame":151,"ReplayTheSpireMod:Shallot":119,"Shuriken":30,"Bronze Scales":291,"hubris:PeanutButter":4,"Simple Rune":98,"Onion Ring":114,"Molten Egg 2":124,"Black Star":46,"ReplayTheSpireMod:TigerMarble":105,"hubris:ToyBattleship":232,"Grinning Jar":5,"Mirror":47,"Meat on the Bone":63,"ReplayFunnel":258,"Darkstone Periapt":264,"TheCursedMod:BloodyHarpoon":276,"Replay:PocketPolymizer":223,"Mango":25,"Incense Burner":25,"hubris:SlimyHat":69,"Juzu Bracelet":270,"Empty Cage":213,"ClockworkSouvenir":180,"Frozen Eye":134,"Dream Catcher":3,"Replay:Bandana":119,"Nunchaku":169,"hubris:Icosahedron":60,"Mummified Hand":220,"Pantograph":97,"Gambling Chip":146,"Red Mask":97,"Replay:Bottled Snecko":129,"Gremlin Food":43,"hubris:DisguiseKit":94,"Replay:Towering Pillar of Hats":115,"Quantum Egg":223,"hubris:MedicalManual":138,"TheCursedMod:MagicCandle":25,"Medical Kit":277,"White Beast Statue":25,"Mercury Hourglass":25,"Peace Pipe":62,"Strange Spoon":86,"Cauldron":196,"Pondfish Scales":63,"CaptainsWheel":123,"Anchor":176,"TheCursedMod:OminousMark":161,"hubris:BundleOfHerbs":86,"Snack Pack":24,"Bag of Marbles":45,"Coffee Dripper":95,"Membership Card":25,"FossilizedHelix":29,"hubris:OldNail":57,"TungstenRod":243,"hubris:NiceRug":55,"ReplayTheSpireMod:ShopPack":243},{"Golden Egg":1076,"Whetstone":102,"Ginger":455,"hubris:MysteriousPyramids":566,"Sling":1169,"Boot":1351,"Old Coin":1396,"Blood Vial":62,"Replay:Wanted Poster":406,"Replay:Ringing Soul":727,"hubris:HerbalPaste":727,"hubris:AstralHammer":280,"TheCursedMod:CrystalBall":470,"hubris:DeckOfHolding":562,"MealTicket":1209,"HandDrill":443,"Kunai":384,"Replay:Wax Seal":130,"hubris:TinFlute":946,"TheCursedMod:BlackMagic101":0,"Pear":448,"Counterbalance":130,"hubris:SphereOfDissonance":95,"Eternal Feather":58,"Pen Nib":66,"SlaversCollar":79,"Runic Dome":1218,"Kintsugi":1197,"Unceasing Top":738,"Abe\u0027s Treasure":773,"TheCursedMod:SoulVessel":289,"hubris:Reverence":1023,"TheCursedMod:FourLeafCloverCharm":637,"Lantern":1017,"Torii":1030,"Blue Doll":659,"StoneCalendar":853,"GremlinMask":1440,"Bag of Preparation":107,"Replay:Multitool":266,"hubris:EmptyBottle":130,"Cursed Key":180,"Ancient Tea Set":424,"Pet Ghost":338,"Replay:Rubber Ducky":130,"Ring of Peace":758,"Toolbox":3,"WingedGreaves":616,"hubris:CuriousFeather":879,"hubris:FunFungus":1235,"Chemical X":130,"Ring of Panic":1396,"hubris:GlazedTorus":455,"Potion Belt":102,"Lee\u0027s Waffle":616,"Golden Idol":330,"hubris:64BitClover":664,"Thread and Needle":1030,"PreservedInsect":213,"Ring of Greed":1396,"hubris:Towel":252,"Frozen Egg 2":1030,"MawBank":487,"Replay:Arrowhead":130,"hubris:Spice":130,"Ornamental Fan":879,"Bloody Idol":943,"Orrery":130,"Garlic":62,"Durian":896,"ReplayTheSpireMod:Lightbulb":1173,"Toy Ornithopter":1275,"hubris:BottledRain":1037,"Ice Cream":557,"Mark of the Bloom":427,"Calipers":327,"hubris:CrystalStatue":397,"Gremlin Horn":188,"Nilry\u0027s Codex":930,"TheCursedMod:Tack":863,"hubris:TerracottaHorce":357,"Centennial Puzzle":151,"Lizard Tail":654,"HornCleat":616,"DollysMirror":62,"Strawberry":832,"Honey Jar":0,"Philosopher\u0027s Stone":32,"Iron Hammer":327,"Toxic Egg 2":455,"Girya":378,"hubris:Teleporter":163,"hubris:DuctTape":439,"Happy Flower":1017,"ReplayTheSpireMod:CursedCoin":1253,"Oddly Smooth Stone":130,"Replay:Kaleidoscope":712,"Letter Opener":1379,"War Paint":130,"WarpedTongs":459,"hubris:Zylophone":130,"OrangePellets":130,"Replay:Baseball":45,"Bottled Flame":753,"ReplayTheSpireMod:Shallot":625,"Shuriken":151,"Bronze Scales":1437,"hubris:PeanutButter":14,"Simple Rune":510,"Onion Ring":607,"Molten Egg 2":644,"Black Star":245,"ReplayTheSpireMod:TigerMarble":557,"hubris:ToyBattleship":1206,"Grinning Jar":21,"Mirror":252,"Meat on the Bone":347,"ReplayFunnel":1308,"Darkstone Periapt":1332,"TheCursedMod:BloodyHarpoon":1384,"Replay:PocketPolymizer":1179,"Mango":130,"Incense Burner":130,"hubris:SlimyHat":378,"Juzu Bracelet":1356,"Empty Cage":1127,"ClockworkSouvenir":930,"Frozen Eye":679,"Dream Catcher":13,"Replay:Bandana":625,"Nunchaku":853,"hubris:Icosahedron":331,"Mummified Hand":1161,"Pantograph":507,"Gambling Chip":738,"Red Mask":507,"Replay:Bottled Snecko":664,"Gremlin Food":227,"hubris:DisguiseKit":487,"Replay:Towering Pillar of Hats":616,"Quantum Egg":1179,"hubris:MedicalManual":700,"TheCursedMod:MagicCandle":130,"Medical Kit":1392,"White Beast Statue":130,"Mercury Hourglass":130,"Peace Pipe":342,"Strange Spoon":455,"Cauldron":1017,"Pondfish Scales":347,"CaptainsWheel":643,"Anchor":902,"TheCursedMod:OminousMark":811,"hubris:BundleOfHerbs":455,"Snack Pack":121,"Bag of Marbles":237,"Coffee Dripper":498,"Membership Card":130,"FossilizedHelix":143,"hubris:OldNail":327,"TungstenRod":1239,"hubris:NiceRug":311,"ReplayTheSpireMod:ShopPack":1239}],"Toy Ornithopter":25},"card_choices":[{"not_picked":["TheCursedMod:Stigma","TheCursedMod:FuryStrike"],"picked":"TheCursedMod:FleshFromBone","floor":1.0},{"not_picked":["TheCursedMod:SmokeScreen","TheCursedMod:CircleOfCorruption","TheCursedMod:CursedShiv"],"picked":"SKIP","floor":4.0},{"not_picked":["TheCursedMod:CircleOfCorruption","TheCursedMod:CursedShiv"],"picked":"TheCursedMod:SmokeScreen","floor":4.0},{"not_picked":["TheCursedMod:AbyssShockwave","TheCursedMod:BloodBarrier"],"picked":"TheCursedMod:CursedBoomerang","floor":7.0},{"not_picked":["TheCursedMod:CursedSpellbook","TheCursedMod:CircleOfWindfury"],"picked":"TheCursedMod:Wield","floor":8.0},{"not_picked":["TheCursedMod:OutForBlood","TheCursedMod:CursedBoomerang"],"picked":"TheCursedMod:CursedStaff","floor":10.0},{"not_picked":["TheCursedMod:Wield","TheCursedMod:CircleOfAmplification"],"picked":"TheCursedMod:RapidMovement","floor":11.0},{"not_picked":["TheCursedMod:SurpriseAttack","TheCursedMod:CursedShiv"],"picked":"TheCursedMod:LuckyCharm","floor":12.0},{"not_picked":["TheCursedMod:DarkBarrier","TheCursedMod:NeowsMight"],"picked":"TheCursedMod:AntiAging","floor":16.0},{"not_picked":["TheCursedMod:AshesToAshes","TheCursedMod:FleshFromBone"],"picked":"TheCursedMod:RavingStaff+1","floor":18.0},{"not_picked":["TheCursedMod:SmokeScreen","TheCursedMod:RavingStaff"],"picked":"TheCursedMod:ReleasedStrength","floor":20.0},{"not_picked":["TheCursedMod:Wield+1","TheCursedMod:AbyssShockwave","TheCursedMod:Obscuration"],"picked":"SKIP","floor":21.0},{"not_picked":["TheCursedMod:SpitefulPray","TheCursedMod:Grudge+1","TheCursedMod:CursedAmulet"],"picked":"SKIP","floor":22.0},{"not_picked":["TheCursedMod:AntiAging","TheCursedMod:Obscuration+1"],"picked":"TheCursedMod:HellsGateOpen","floor":23.0},{"not_picked":["TheCursedMod:VitalStrike","TheCursedMod:CircleOfBlood","TheCursedMod:Mangle"],"picked":"SKIP","floor":27.0},{"not_picked":["TheCursedMod:TacticalStrike","TheCursedMod:Stigma","TheCursedMod:CircleOfAmplification"],"picked":"SKIP","floor":28.0},{"not_picked":["TheCursedMod:TacticalStrike","TheCursedMod:Stigma","TheCursedMod:CircleOfAmplification"],"picked":"SKIP","floor":28.0},{"not_picked":["TheCursedMod:TacticalStrike","TheCursedMod:HellfireBreathing"],"picked":"TheCursedMod:LuckyCharm","floor":30.0},{"not_picked":["TheCursedMod:Wield","TheCursedMod:Torture","TheCursedMod:SpitefulStrike"],"picked":"SKIP","floor":35.0},{"not_picked":["TheCursedMod:TacticalStrike","TheCursedMod:SmokeScreen+1"],"picked":"TheCursedMod:CursedMace","floor":37.0},{"not_picked":["TheCursedMod:CircleOfFlame","TheCursedMod:SpitefulStrike"],"picked":"TheCursedMod:HellsGateOpen+1","floor":38.0},{"not_picked":["TheCursedMod:DarkBarrier","TheCursedMod:Evocation","TheCursedMod:CircleOfFlame"],"picked":"SKIP","floor":41.0},{"not_picked":["TheCursedMod:TacticalStrike","TheCursedMod:WearCloak+1","TheCursedMod:Torture+1"],"picked":"SKIP","floor":44.0},{"not_picked":["TheCursedMod:ReleasedStrength","TheCursedMod:Obscuration"],"picked":"TheCursedMod:BlessingInDisguise","floor":45.0},{"not_picked":["TheCursedMod:VitalStrike","TheCursedMod:CursedBlade","TheCursedMod:CircleOfWindfury+1"],"picked":"SKIP","floor":46.0},{"not_picked":["TheCursedMod:Obscuration","TheCursedMod:CircleOfFocus"],"picked":"TheCursedMod:SpitefulPlan","floor":47.0},{"not_picked":["TheCursedMod:Torture+1","TheCursedMod:CircleOfFlame","TheCursedMod:SurpriseAttack"],"picked":"SKIP","floor":48.0},{"not_picked":[],"picked":"TheCursedMod:RavingStaff","floor":53},{"not_picked":[],"picked":"TheCursedMod:SpitefulStrike","floor":53},{"not_picked":[],"picked":"Replay:Parry+1","floor":53},{"not_picked":[],"picked":"Apotheosis","floor":53},{"not_picked":["TheCursedMod:CircleOfBlood"],"picked":"SKIP","floor":53},{"not_picked":["TheCursedMod:Obscuration"],"picked":"SKIP","floor":53},{"not_picked":["TheCursedMod:Hemoplague"],"picked":"SKIP","floor":53},{"not_picked":["TheCursedMod:SurpriseAttack+1","TheCursedMod:SpitefulStrike+1"],"picked":"TheCursedMod:VoidForm","floor":54}],"player_experience":193033,"relics_obtained":[{"floor":5.0,"key":"Ring of Greed"},{"floor":5.0,"key":"Old Coin"},{"floor":5.0,"key":"Blue Doll"},{"floor":5.0,"key":"Ring of Panic"},{"floor":8.0,"key":"MealTicket"},{"floor":10.0,"key":"hubris:Reverence"},{"floor":12.0,"key":"Replay:Bottled Snecko"},{"floor":14.0,"key":"hubris:SphereOfDissonance"},{"floor":23.0,"key":"Toy Ornithopter"},{"floor":26.0,"key":"Replay:Ringing Soul"},{"floor":27.0,"key":"Bronze Scales"},{"floor":41.0,"key":"Quantum Egg"},{"floor":43.0,"key":"War Paint"},{"floor":46.0,"key":"hubris:ToyBattleship"},{"floor":53,"key":"ReplayTheSpireMod:TigerMarble"},{"floor":53,"key":"Membership Card"},{"floor":54,"key":"Gremlin Horn"}],"event_choices":[{"damage_healed":0.0,"max_hp_gain":0.0,"max_hp_loss":0.0,"gold_gain":0.0,"event_name":"Lab","player_choice":"Got Potions","floor":3.0,"gold_loss":0.0,"damage_taken":0.0},{"damage_healed":0.0,"max_hp_gain":0.0,"max_hp_loss":0.0,"gold_gain":0.0,"event_name":"FaceTrader","player_choice":"Trade","floor":29.0,"gold_loss":0.0,"damage_taken":0.0,"relics_obtained":["GremlinMask"]},{"damage_healed":0.0,"max_hp_gain":0.0,"max_hp_loss":0.0,"gold_gain":0.0,"event_name":"Addict","player_choice":"Stole Relic","floor":31.0,"gold_loss":0.0,"damage_taken":0.0,"relics_obtained":["Boot"],"cards_obtained":["Shame"]},{"damage_healed":0.0,"max_hp_gain":0.0,"max_hp_loss":0.0,"gold_gain":0.0,"event_name":"Fountain of Cleansing","player_choice":"Ignored","floor":39.0,"gold_loss":0.0,"damage_taken":0.0},{"damage_healed":0.0,"max_hp_gain":0.0,"max_hp_loss":0.0,"gold_gain":0.0,"event_name":"Tomb of Lord Red Mask","player_choice":"Ignored","floor":49.0,"gold_loss":0.0,"damage_taken":0.0}],"is_beta":false,"boss_relics":[{"not_picked":["ChewingGum","Runic Pyramid"],"picked":"TheCursedMod:OminousMark"},{"not_picked":["Black Star","Snecko Heart"],"picked":"Replay:Wanted Poster"}],"items_purged_floors":[36],"is_endless":false,"potions_floor_spawned":[1,7,12,16,23,28,33,35,38,44,45,46,54],"ascension_level":15}}