{"host":"7p9x7pjspzs3wva0","time":1607937317,"event":{"mods":["Aspiration","BaseMod","Better Skull","Better Third Choice","BetterRewards","Colored Map","Conspire","Dio Mod","Energized Spire","Infinite Spire","Minty Spire (QoL Compilation)","Replay The Spire","Small Relic Pack","StSLib","The Bug Knight","The Jungle"],"gold_per_floor":[114,134,154,168,186,186,186],"floor_reached":6,"playtime":349,"items_purged":[],"score":80,"play_id":"dae78727-a873-4e6c-a67f-62b4d337ce2e","local_time":"20201214111517","is_ascension_mode":true,"campfire_choices":[],"circlet_count":0,"master_deck":["AscendersBane","dioMod:Strike","dioMod:Strike","dioMod:Strike","dioMod:Strike","Bite","dioMod:Defend","dioMod:Defend","dioMod:Defend","dioMod:Defend","dioMod:DisarmingVoice","dioMod:BloodSplash","dioMod:DoubleTime","dioMod:SecretPlan"],"relics":["dioMod:VampireBlood","aspiration:Nostalgia","PureWater"],"acts_visited":["Exordium"],"potions_floor_usage":[],"damage_taken":[{"damage":14.0,"enemies":"conspire:RoseBush","floor":1.0,"turns":4.0},{"damage":12.0,"enemies":"Cultist","floor":2.0,"turns":5.0},{"damage":14.0,"enemies":"Jaw Worm","floor":3.0,"turns":6.0},{"damage":22.0,"enemies":"Exordium Thugs","floor":4.0,"turns":7.0},{"damage":33.0,"enemies":"Lots of Slimes","floor":5.0,"turns":8.0},{"damage":31,"enemies":"Gremlin Nob","floor":6,"turns":3}],"seed_played":"5802778536528131953","potions_obtained":[{"floor":3.0,"key":"SkillPotion"}],"is_trial":false,"path_per_floor":["M","M","M","M","M","E"],"character_chosen":"THE_DEFAULT","items_purchased":[],"campfire_rested":0,"item_purchase_floors":[],"current_hp_per_floor":[56,51,46,36,24,0,0],"gold":186,"neow_bonus":"NOSTALGIA","is_daily":false,"chose_seed":false,"campfire_upgraded":0,"win_rate":0.0,"timestamp":1607937317,"path_taken":["M","M","M","?","?","E"],"items_purchased_type":[],"build_version":"2020-12-13","purchased_purges":0,"victory":false,"max_hp_per_floor":[70,70,70,70,70,70,70],"card_choices":[{"not_picked":["dioMod:CautiousMuda","dioMod:WRYYY"],"picked":"dioMod:DisarmingVoice","floor":1.0},{"not_picked":["dioMod:HeavyLifting","dioMod:BloodTransfusion"],"picked":"dioMod:BloodSplash","floor":2.0},{"not_picked":["dioMod:DarkRebirth","dioMod:SecretPlan","dioMod:SlashThroughTime"],"picked":"SKIP","floor":3.0},{"not_picked":["dioMod:BlendIn","dioMod:BloodSuck"],"picked":"dioMod:DoubleTime","floor":4.0},{"not_picked":["dioMod:VengefulMuda","dioMod:Donut"],"picked":"dioMod:SecretPlan","floor":5.0}],"player_experience":278935,"relics_obtained":[],"event_choices":[],"is_beta":false,"boss_relics":[],"items_purged_floors":[],"is_endless":false,"potions_floor_spawned":[3],"killed_by":"Gremlin Nob","ascension_level":20}}