{"host":"hb254truj5uxpodn","time":1607910707,"event":{"mods":["2.2 Compatiblity","AchievementEnabler","Aspiration","Bartender","BaseMod","Bestiary","Better Altar","Better Match","Better Note","Better Sensory Stone","Better Skull","Better Third Choice","Better Vampires","BetterRewards","Colored Map","Colored Powertips","Conspire","Downfall","Energized Spire","Friendly Minions","GifTheSpireLib","Highlight Path","Hubris","Infinite Spire","Minty Spire (QoL Compilation)","Permanent Neow","Practice Mode","Quick Restart","Relic Stats","Replay The Spire","Shop Mod","Spicy Shops","StSLib","SuperFastMode","Uncapped","vexMod"],"gold_per_floor":[111,111,175,225,242,268,281,293,370,370,420,434,103,450,511,578,309,334,334,384,434,434,434,466,499,526,559,559,755,755,799,858,908,958,1075,1125,1125,1176,1176,1176,1203,1256,1306,1306,1420,1483,1483,1786,1786,1925,2124,2174,2013,1508,1508,1676,1676,1699,1918,1968,2018,2018,2174,2174,2249,2249,2249,2249,2469,2534],"floor_reached":71,"playtime":8229,"items_purged":["Defend_Bartender","Defend_Bartender","Strike_Bartender","Strike_Bartender","Strike_Bartender","Strike_Bartender","Somersault+1"],"score":2063,"play_id":"1724de82-52bc-4277-8a7b-756fa1cabca3","local_time":"20201213175147","is_ascension_mode":false,"campfire_choices":[{"floor":10.0,"key":"RECALL"},{"data":"Fight_Dirty","floor":19.0,"key":"SMITH"},{"data":"Center_Self","floor":23.0,"key":"SMITH"},{"floor":28.0,"key":"REST"},{"data":"Phantom_Blow","floor":37,"key":"SMITH"},{"floor":44,"key":"REST"},{"data":"Defend_Bartender","floor":47,"key":"PURGE"},{"data":"Center_Self","floor":55,"key":"SMITH"},{"floor":57,"key":"REST"},{"data":"Momentum","floor":64,"key":"SMITH"},{"data":"Dragonkick","floor":67,"key":"SMITH"}],"circlet_count":0,"master_deck":["conspire:Banana+1","With_A_Twist+1","Momentum+1","Phantom_Blow+1","Alacrity","With_A_Twist+1","Dragonkick+1","Center_Self+1","Fight_Dirty+1","Center_Self+1","AbeCurse","Alacrity","conspire:Banana+1","With_A_Twist+1","Bicycle_Kick+1","With_A_Twist+1"],"relics":["Sneakers","SsserpentHead","hubris:Towel","infinitespire:Lucky Rock","Cowboy_Hat","Turnip","infinitespire:CursedDice","aspiration:SeaSaltIceCream","Replay:Bandana","hubris:Icosahedron","Replay:Ringing Soul","Abe\u0027s Treasure","WarpedTongs","Gremlin Food","ReplayFunnel","infinitespire:EvilPickle","aspiration:DefectSkillbook","hubris:CuriousFeather","Cleaning_Rag","Pen Nib","Replay:WaspNest","hubris:MysteriousPyramids","Boot","hubris:TenFootPole","The Courier","hubris:SphereOfDissonance"],"acts_visited":["Exordium","Exordium","TheCity","TheBeyond","TheEnding"],"potions_floor_usage":[],"damage_taken":[{"damage":0.0,"enemies":"conspire:RoseBush","floor":1.0,"turns":3.0},{"damage":0.0,"enemies":"Cultist","floor":3.0,"turns":2.0},{"damage":5.0,"enemies":"infinitespire:Voidling","floor":5.0,"turns":4.0},{"damage":24.0,"enemies":"Gremlin Nob","floor":6.0,"turns":4.0},{"damage":24.0,"enemies":"Gremlin Gang","floor":7.0,"turns":5.0},{"damage":11.0,"enemies":"conspire:2 RoseBushes","floor":8.0,"turns":4.0},{"damage":15.0,"enemies":"Looter","floor":12.0,"turns":3.0},{"damage":0.0,"enemies":"Cultist","floor":14.0,"turns":2.0},{"damage":13.0,"enemies":"infinitespire:Voidling","floor":15.0,"turns":3.0},{"damage":0.0,"enemies":"conspire:RoseBush","floor":16.0,"turns":3.0},{"damage":5.0,"enemies":"3 Louse","floor":18.0,"turns":2.0},{"damage":3.0,"enemies":"Red Slaver","floor":24.0,"turns":3.0},{"damage":17.0,"enemies":"Large Slime","floor":25.0,"turns":3.0},{"damage":10.0,"enemies":"Looter","floor":26.0,"turns":3.0},{"damage":6.0,"enemies":"Lots of Slimes","floor":27.0,"turns":4.0},{"damage":28.0,"enemies":"Slime Boss","floor":29.0,"turns":8.0},{"damage":17.0,"enemies":"3 Byrds","floor":31.0,"turns":3.0},{"damage":3.0,"enemies":"Spheric Guardian","floor":32.0,"turns":4.0},{"damage":4.0,"enemies":"Centurion and Healer","floor":35.0,"turns":4.0},{"damage":7,"enemies":"conspire:HollyBat","floor":38,"turns":5},{"damage":20,"enemies":"Snecko","floor":42,"turns":4},{"damage":8,"enemies":"Shelled Parasite and Fungi","floor":45,"turns":4},{"damage":13,"enemies":"Book of Stabbing","floor":46,"turns":4},{"damage":6,"enemies":"Pondfish","floor":48,"turns":8},{"damage":0,"enemies":"3 Shapes","floor":50,"turns":4},{"damage":8,"enemies":"3 Darklings","floor":51,"turns":4},{"damage":8,"enemies":"R_Hoarder","floor":56,"turns":4},{"damage":0,"enemies":"Transient","floor":59,"turns":5},{"damage":0,"enemies":"4 Shapes","floor":63,"turns":3},{"damage":17,"enemies":"Donu and Deca","floor":65,"turns":5},{"damage":37,"enemies":"Shield and Spear","floor":69,"turns":4},{"damage":114,"enemies":"The Heart","floor":70,"turns":5}],"seed_played":"6889318247202711199","potions_obtained":[{"floor":1.0,"key":"EntropicBrew"},{"floor":5.0,"key":"EntropicBrew"},{"floor":6.0,"key":"FearPotion"},{"floor":8.0,"key":"EssenceOfSteel"},{"floor":56,"key":"PowerPotion"}],"is_trial":false,"path_per_floor":["M","?","M","?","M","E","M","M","T","R","?","M","M","M","M","M","$","M","R","?","T","T","R","M","M","M","M","R","B",null,"M","M","?","?","M","?","R","M","PTL","PTL","T","M","?","R","M","E","R_BF","B",null,"M","M","?","$","$","R","E","R","T","M","?","$","AVR","M","R_BF","B",null,"R","$","E","B",null],"character_chosen":"BARTENDER","items_purchased":["Turnip","Fight_Dirty","aspiration:SeaSaltIceCream","BargainBundle","Cleaning_Rag","Pen Nib","Replay:WaspNest","hubris:MysteriousPyramids"],"campfire_rested":3,"item_purchase_floors":[13,17,17,53,53,53,53,54],"current_hp_per_floor":[72,72,74,74,71,49,27,18,18,18,18,5,84,86,75,77,77,74,74,74,74,74,74,73,58,53,49,79,53,108,93,92,92,95,96,99,99,99,99,99,99,83,83,123,119,110,110,108,146,153,152,152,152,152,152,148,164,164,168,168,168,168,172,172,159,176,176,176,143,33],"gold":2534,"neow_bonus":"UPGRADE_CARD","is_daily":false,"chose_seed":false,"campfire_upgraded":6,"win_rate":0.0,"timestamp":1607910707,"path_taken":["M","?","?","?","M","E","M","M","T","R","?","M","M","M","?","?","$","M","R","?","?","T","R","M","M","M","M","R","BOSS","M","M","?","?","?","?","R","M","PTL","PTL","T","M","?","R","?","E","R_BF","BOSS","M","M","?","?","$","R","E","R","T","M","?","?","AVR","M","R_BF","BOSS","R","$","E","BOSS"],"items_purchased_type":["Relic","Card","Relic","Relic","Relic","Relic","Relic","Relic"],"build_version":"2020-12-13","purchased_purges":7,"victory":true,"max_hp_per_floor":[72,72,74,74,76,78,80,82,82,82,82,84,84,86,88,90,90,92,92,92,92,92,92,94,96,101,103,103,105,108,110,112,112,115,120,123,123,130,130,130,130,134,134,134,138,142,142,146,146,153,160,160,160,160,160,164,164,164,168,168,168,168,172,172,176,176,176,176,180,184],"relic_stats":{"SsserpentHead":1050,"counters":[88,307],"Turnip":[46],"Pen Nib":[13],"Boot":[5],"obtain_stats":[{"Calipers":135,"hubris:MysteriousPyramids":54,"sneckomod:SneckoSoul":0,"Boot":56,"sneckomod:SuperSneckoSoul":59,"Replay:Ringing Soul":22,"infinitespire:ShieldingShard":109,"sneckomod:ConfusingCodex":87,"Honey Jar":97,"Sneakers":0,"hubris:DuctTape":90,"hubris:SphereOfDissonance":69,"Pen Nib":109,"Letter Opener":9,"aspiration:SeaSaltIceCream":17,"WarpedTongs":34,"infinitespire:EvilPickle":59,"SlaversCollar":114,"OrangePellets":135,"Replay:Baseball":34,"Onion Ring":51,"infinitespire:EmpoweringShard":135,"hubris:TenFootPole":58,"aspiration:HatOfInfinitePower":111,"Abe\u0027s Treasure":30,"ReplayFunnel":46,"vexMod:PlasmaPancake":61,"aspiration:Lifesprig":85,"Snecko Heart":42,"aspiration:TomeofQuesting":48,"Mango":136,"Incense Burner":103,"conspire:TopHat":106,"Replay:Rubber Ducky":123,"Cowboy_Hat":0,"Cleaning_Rag":53,"SsserpentHead":107,"Replay:Bandana":54,"hubris:Icosahedron":83,"aspiration:DefectSkillbook":49,"aspiration:AnachronicSnailShell":84,"hubris:CuriousFeather":52,"sneckomod:RareBoosterPack":82,"hubris:GlazedTorus":93,"Gremlin Food":41,"vexMod:GildedClover":128,"BargainBundle":53,"aspiration:FetidBarrel":79,"infinitespire:CursedDice":13,"hubris:MedicalManual":68,"Replay:WaspNest":53,"The Courier":62,"infinitespire:Lucky Rock":0,"hubris:Towel":0,"Medical Kit":54,"Replay:Arrowhead":85,"Anchor":29,"vexMod:HeadHunter":11,"sneckomod:SleevedAce":23,"Turnip":13,"aspiration:RitualDagger":17,"Membership Card":82,"conspire:DeflatedDodgeball":89,"hubris:OldNail":2,"hubris:Potato":85},{"Calipers":61,"hubris:MysteriousPyramids":82,"sneckomod:SneckoSoul":0,"Boot":83,"sneckomod:SuperSneckoSoul":29,"Replay:Ringing Soul":67,"infinitespire:ShieldingShard":50,"sneckomod:ConfusingCodex":42,"Honey Jar":46,"Sneakers":0,"hubris:DuctTape":42,"hubris:SphereOfDissonance":87,"Pen Nib":50,"Letter Opener":3,"aspiration:SeaSaltIceCream":66,"WarpedTongs":74,"infinitespire:EvilPickle":29,"SlaversCollar":52,"OrangePellets":61,"Replay:Baseball":16,"Onion Ring":26,"infinitespire:EmpoweringShard":61,"hubris:TenFootPole":83,"aspiration:HatOfInfinitePower":51,"Abe\u0027s Treasure":72,"ReplayFunnel":79,"vexMod:PlasmaPancake":31,"aspiration:Lifesprig":41,"Snecko Heart":21,"aspiration:TomeofQuesting":25,"Mango":62,"Incense Burner":49,"conspire:TopHat":50,"Replay:Rubber Ducky":57,"Cowboy_Hat":0,"Cleaning_Rag":82,"SsserpentHead":50,"Replay:Bandana":27,"hubris:Icosahedron":41,"aspiration:DefectSkillbook":80,"aspiration:AnachronicSnailShell":41,"hubris:CuriousFeather":82,"sneckomod:RareBoosterPack":41,"hubris:GlazedTorus":44,"Gremlin Food":76,"vexMod:GildedClover":59,"BargainBundle":82,"aspiration:FetidBarrel":39,"infinitespire:CursedDice":63,"hubris:MedicalManual":34,"Replay:WaspNest":82,"The Courier":84,"infinitespire:Lucky Rock":0,"hubris:Towel":0,"Medical Kit":27,"Replay:Arrowhead":41,"Anchor":15,"vexMod:HeadHunter":4,"sneckomod:SleevedAce":12,"Turnip":63,"aspiration:RitualDagger":8,"Membership Card":41,"conspire:DeflatedDodgeball":42,"hubris:OldNail":1,"hubris:Potato":41},{"Calipers":220,"hubris:MysteriousPyramids":285,"sneckomod:SneckoSoul":0,"Boot":288,"sneckomod:SuperSneckoSoul":132,"Replay:Ringing Soul":233,"infinitespire:ShieldingShard":203,"sneckomod:ConfusingCodex":187,"Honey Jar":198,"Sneakers":0,"hubris:DuctTape":187,"hubris:SphereOfDissonance":302,"Pen Nib":203,"Letter Opener":11,"aspiration:SeaSaltIceCream":232,"WarpedTongs":255,"infinitespire:EvilPickle":132,"SlaversCollar":207,"OrangePellets":220,"Replay:Baseball":75,"Onion Ring":117,"infinitespire:EmpoweringShard":220,"hubris:TenFootPole":288,"aspiration:HatOfInfinitePower":204,"Abe\u0027s Treasure":250,"ReplayFunnel":272,"vexMod:PlasmaPancake":140,"aspiration:Lifesprig":185,"Snecko Heart":98,"aspiration:TomeofQuesting":111,"Mango":222,"Incense Burner":202,"conspire:TopHat":203,"Replay:Rubber Ducky":212,"Cowboy_Hat":0,"Cleaning_Rag":285,"SsserpentHead":203,"Replay:Bandana":122,"hubris:Icosahedron":185,"aspiration:DefectSkillbook":279,"aspiration:AnachronicSnailShell":185,"hubris:CuriousFeather":285,"sneckomod:RareBoosterPack":185,"hubris:GlazedTorus":191,"Gremlin Food":263,"vexMod:GildedClover":216,"BargainBundle":285,"aspiration:FetidBarrel":178,"infinitespire:CursedDice":225,"hubris:MedicalManual":150,"Replay:WaspNest":285,"The Courier":293,"infinitespire:Lucky Rock":0,"hubris:Towel":0,"Medical Kit":122,"Replay:Arrowhead":185,"Anchor":72,"vexMod:HeadHunter":20,"sneckomod:SleevedAce":63,"Turnip":225,"aspiration:RitualDagger":38,"Membership Card":185,"conspire:DeflatedDodgeball":187,"hubris:OldNail":3,"hubris:Potato":185}],"WarpedTongs":[51]},"card_choices":[{"not_picked":["Snap_Punch","Ball_Of_Ice"],"picked":"With_A_Twist","floor":1.0},{"not_picked":["Cross","Power_Up_Punch"],"picked":"Press_Forward","floor":3.0},{"not_picked":["Dart","Rope_A_Dope"],"picked":"Momentum","floor":5.0},{"not_picked":["Snap_Punch","Elbow_Slash"],"picked":"Phantom_Blow","floor":6.0},{"not_picked":["Step_Of_The_Wind","Scoop"],"picked":"Alacrity","floor":7.0},{"not_picked":["Raptor_Form","Waterkick"],"picked":"With_A_Twist","floor":8.0},{"not_picked":["Bitters","Step_Of_The_Wind"],"picked":"Dragonkick","floor":12.0},{"not_picked":["Perfect_Balance","Ball_Of_Ice","Power_Up_Punch"],"picked":"SKIP","floor":14.0},{"not_picked":["Power_Up_Punch","Raptor_Form","Insight_B"],"picked":"SKIP","floor":15.0},{"not_picked":["Mirage","OpoOpo_Form"],"picked":"Center_Self","floor":16.0},{"not_picked":["Dancing_Jab","Scoop","Cross"],"picked":"SKIP","floor":18.0},{"not_picked":["ThreeSidedStar","Scoop","Hook"],"picked":"SKIP","floor":24.0},{"not_picked":["Snap_Punch","On_The_Rocks","Fading_Blow"],"picked":"SKIP","floor":25.0},{"not_picked":["Meditate","Wall_of_Ice"],"picked":"Center_Self","floor":26.0},{"not_picked":["Glare","Feint","Fading_Blow"],"picked":"SKIP","floor":27.0},{"not_picked":["RockBreaker","Power_Up_Punch","Step_Of_The_Wind"],"picked":"SKIP","floor":31.0},{"not_picked":["Bitters","Scoop","Ball_Of_Ice+1"],"picked":"SKIP","floor":32.0},{"not_picked":["Step_Of_The_Wind","Vortex"],"picked":"Alacrity","floor":35},{"not_picked":["Perfect_Balance","Fading_Blow"],"picked":"With_A_Twist","floor":38},{"not_picked":["Wall_of_Ice","Meditate","Scowl+1"],"picked":"SKIP","floor":42},{"not_picked":["Fading_Blow","Phantom_Blow","Dancing_Jab"],"picked":"SKIP","floor":45},{"not_picked":["Form_Shift","Surge","Fading_Blow"],"picked":"SKIP","floor":46},{"not_picked":["hubris:SpecializedCircuitry","Fading_Blow","Conserve Battery+1"],"picked":"Bicycle_Kick+1","floor":50},{"not_picked":["Alacrity+1","Scowl+1","Well_Drinks"],"picked":"With_A_Twist","floor":51},{"not_picked":["Rainbow","Chaos","Coolheaded","Crystallizer+1"],"picked":"SKIP","floor":56},{"not_picked":["Bitters","Streamline","Redo+1","Conserve Battery+1"],"picked":"SKIP","floor":59},{"not_picked":["Step_Of_The_Wind","ReplayTheSpireMod:Omega Cannon","ReplayTheSpireMod:Dual Polarity","Gash"],"picked":"SKIP","floor":63},{"not_picked":["Chaos+1","Ball_Of_Ice","Steam+1","Stick_and_Move+1"],"picked":"SKIP","floor":69}],"player_experience":1071608,"relics_obtained":[{"floor":6.0,"key":"infinitespire:Lucky Rock"},{"floor":9.0,"key":"Cowboy_Hat"},{"floor":22.0,"key":"Replay:Ringing Soul"},{"floor":41,"key":"Gremlin Food"},{"floor":46,"key":"ReplayFunnel"},{"floor":56,"key":"Boot"},{"floor":58,"key":"hubris:TenFootPole"},{"floor":69,"key":"hubris:SphereOfDissonance"}],"event_choices":[{"damage_healed":0.0,"max_hp_gain":0.0,"max_hp_loss":0.0,"gold_gain":0.0,"event_name":"FaceTrader","player_choice":"Trade","floor":2.0,"gold_loss":0.0,"damage_taken":0.0,"relics_obtained":["SsserpentHead"]},{"damage_healed":0.0,"max_hp_gain":0.0,"max_hp_loss":0.0,"gold_gain":0.0,"event_name":"Upgrade Shrine","player_choice":"Upgraded","floor":11.0,"gold_loss":0.0,"damage_taken":0.0,"cards_upgraded":["With_A_Twist"]},{"cards_removed":["Defend_Bartender"],"damage_healed":0.0,"max_hp_gain":0.0,"max_hp_loss":0.0,"gold_gain":0.0,"event_name":"Bonfire Elementals","player_choice":"Offered Basic","floor":33.0,"gold_loss":0.0,"damage_taken":0.0},{"damage_healed":0.0,"max_hp_gain":0.0,"max_hp_loss":0.0,"gold_gain":0.0,"event_name":"Accursed Blacksmith","player_choice":"Rummage","floor":34.0,"gold_loss":0.0,"damage_taken":0.0,"relics_obtained":["WarpedTongs"],"cards_obtained":["Pain"]},{"cards_removed":["conspire:Banana"],"damage_healed":0,"gold_gain":0,"player_choice":"Take \u0026 Give","damage_taken":0,"max_hp_gain":0,"max_hp_loss":0,"event_name":"betterNote:BetterNote","floor":36,"gold_loss":0,"cards_obtained":["conspire:Banana"]},{"damage_healed":0,"gold_gain":0,"player_choice":"Ignored","damage_taken":0,"max_hp_gain":0,"max_hp_loss":0,"event_name":"Ghosts","floor":43,"gold_loss":0},{"damage_healed":0,"gold_gain":0,"player_choice":"Gave Potion","damage_taken":0,"relics_obtained":["hubris:CuriousFeather"],"max_hp_gain":0,"max_hp_loss":0,"event_name":"WeMeetAgain","floor":52,"gold_loss":0}],"is_beta":false,"boss_relics":[{"not_picked":["SacredBark","Empty Cage"],"picked":"Abe\u0027s Treasure"},{"not_picked":["Calling Bell","hubris:CrackedHourglass"],"picked":"aspiration:DefectSkillbook"}],"items_purged_floors":[13,17,53,53,54,54,62],"is_endless":false,"potions_floor_spawned":[1,5,6,8,14,26,29,35,38,45,48,50,56],"ascension_level":0}}