{"host":"mvcnjx88tm0foan8","time":1607928051,"event":{"mods":["BaseMod","Colored Map","DeckTracker","Highlight Path","Keyboard Shortcuts","Minty Spire (QoL Compilation)","Permanent Neow","Quick Restart","Relic Stats","StSLib","SuperFastMode","everything is the same but u backflip on backflip"],"gold_per_floor":[109,109,127,137,137,165,165,165,165],"floor_reached":8,"playtime":227,"items_purged":[],"score":64,"play_id":"b1f8a7e1-a4a5-4687-956f-9b40473b1409","local_time":"20201214154051","is_ascension_mode":true,"campfire_choices":[{"floor":7,"key":"REST"}],"circlet_count":0,"master_deck":["Strike_R","Strike_R","Strike_R","Strike_R","Strike_R","Defend_R","Defend_R","Defend_R","Defend_R","Bash","Pommel Strike","Berserk","Sever Soul","Spot Weakness"],"relics":["Sozu","WingedGreaves","Turnip"],"acts_visited":["Exordium"],"potions_floor_usage":[],"damage_taken":[{"damage":0,"enemies":"Small Slimes","floor":1,"turns":3},{"damage":3,"enemies":"Jaw Worm","floor":3,"turns":3},{"damage":5,"enemies":"2 Louse","floor":4,"turns":2},{"damage":45,"enemies":"3 Sentries","floor":6,"turns":7},{"damage":54,"enemies":"Gremlin Nob","floor":8,"turns":3}],"seed_played":"6372546959288881752","potions_obtained":[],"is_trial":false,"path_per_floor":["M","?","M","M","?","E","R","E"],"character_chosen":"IRONCLAD","items_purchased":[],"campfire_rested":1,"item_purchase_floors":[],"current_hp_per_floor":[80,80,77,72,65,20,44,0,0],"gold":165,"neow_bonus":"BOSS_RELIC","is_daily":false,"chose_seed":false,"campfire_upgraded":0,"win_rate":0.0,"timestamp":1607928051,"path_taken":["M","?","M","M","?","E","R","E"],"items_purchased_type":[],"build_version":"2020-12-13","purchased_purges":0,"victory":false,"max_hp_per_floor":[80,80,80,80,80,80,80,80,80],"relic_stats":{"Sozu":2,"counters":[5,18],"Turnip":[0],"obtain_stats":[{"Sozu":0,"WingedGreaves":2,"Turnip":6,"Burning Blood":0},{"Sozu":0,"WingedGreaves":1,"Turnip":4,"Burning Blood":0},{"Sozu":0,"WingedGreaves":3,"Turnip":15,"Burning Blood":0}]},"card_choices":[{"not_picked":["Warcry","Armaments"],"picked":"Pommel Strike","floor":1},{"not_picked":["Thunderclap","Pommel Strike"],"picked":"Berserk","floor":3},{"not_picked":["Metallicize","Thunderclap"],"picked":"Sever Soul","floor":4},{"not_picked":["Berserk","Pommel Strike"],"picked":"Spot Weakness","floor":6}],"player_experience":259364,"relics_obtained":[{"floor":6,"key":"Turnip"}],"event_choices":[{"damage_healed":0,"gold_gain":0,"player_choice":"Box","damage_taken":0,"relics_obtained":["WingedGreaves"],"max_hp_gain":0,"max_hp_loss":0,"event_name":"Big Fish","floor":2,"gold_loss":0,"cards_obtained":["Regret"]},{"cards_removed":["Regret"],"damage_healed":0,"gold_gain":0,"player_choice":"Card Removal","damage_taken":7,"max_hp_gain":0,"max_hp_loss":0,"event_name":"Golden Wing","floor":5,"gold_loss":0}],"is_beta":false,"boss_relics":[],"items_purged_floors":[],"is_endless":false,"potions_floor_spawned":[3,4],"killed_by":"Gremlin Nob","ascension_level":3}}