{"host":"z7byfb4bpt09dh7e","time":1607906950,"event":{"mods":["Aspiration","BaseMod","BetterRewards","Displayed Cursed Tome","Downfall","Infinite Spire","Minty Spire (QoL Compilation)","StSLib","The Blue Laboratory","Uncapped"],"gold_per_floor":[99,199,199,199,199,199,199,224,243,269,284,284,29,14,26,127,127,52,66,66,66,92,108,186,111,211,211,69,69,0,0,10,107,107,107,126,145,1144,1192,1204,1227,1227,1237,1237,1255,631,153,153,172,172],"floor_reached":51,"playtime":3816,"items_purged":["Normality"],"score":769,"play_id":"758ff8c0-af1c-45dd-8b18-dbdb590980e4","local_time":"20201213194910","is_ascension_mode":false,"campfire_choices":[{"data":"Slimebound:Split","floor":1,"key":"SMITH"},{"floor":3,"key":"RECALL"},{"data":"Slimebound:DuplicatedForm","floor":18,"key":"SMITH"},{"floor":25,"key":"REST"},{"floor":27,"key":"REST"},{"floor":35,"key":"REST"},{"floor":42,"key":"REST"},{"floor":44,"key":"REST"}],"circlet_count":0,"master_deck":["Slimebound:Tackle","Slimebound:Defend_Slimebound","Slimebound:Defend_Slimebound","Slimebound:Defend_Slimebound","Slimebound:Defend_Slimebound","Slimebound:Split+1","Slimebound:CorrosiveSpit","Injury","Slimebound:SplitAcid+1","Slimebound:SlimeTap+1","Slimebound:RollThrough","Slimebound:Replication+1","Slimebound:Overexert","Slimebound:Nibble","Flying Knee","Underhanded Strike","All Out Attack","Slimebound:SamplingLick+1","Slimebound:PrepareCrush+1","Slimebound:FinishingTackle","Slimebound:RainOfGoop+1","Slimebound:SamplingLick+1","Slimebound:DisruptingSlam","Slimebound:DuplicatedForm+1","Slimebound:SplitBruiser+1","RitualDagger","Slimebound:Prepare+1","Slimebound:Replication+1","Hologram+1","Leap+1","Slimebound:Repurpose+1","Slimebound:LivingWall+1","Hello World","Enlightenment+1","Ghostly+1","Ghostly+1","Ghostly+1","Ghostly+1","Ghostly+1","Self Repair+1","Slimebound:ForwardTackle","Slimebound:SplitMire+1","Slimebound:DouseInSlime+1","All For One","Slimebound:SplitBruiser+1","Stack+1","Steam+1","FTL+1","Turbo+1","Static Discharge","Slimebound:GrowthPunch","Rebound+1","Steam+1","Slimebound:Replication+1","Scrape","Enlightenment+1","The Bomb+1","Slimebound:SplitLeeching+1","Slimebound:Grow","infinitespire:DeathsTouch","infinitespire:Punishment","infinitespire:FutureSight+1","White Noise+1"],"relics":["Slimebound:AbsorbEndCombat","downfall:HeartsMalice","Toxic Egg 2","infinitespire:ShieldingShard","Omamori","aspiration:DefectSkillbook","downfall:HeartBlessingBlue","infinitespire:CursedDice","Dream Catcher","infinitespire:Eraser","downfall:HeartBlessingRed","TungstenRod","Mercury Hourglass","Dead Branch","Calling Bell","Centennial Puzzle","infinitespire:WardingShard","infinitespire:Joker Card","Ginger","Orichalcum","Membership Card","aspiration:FaultyCoupler","Sundial"],"acts_visited":["Exordium","TheCity","TheBeyond"],"potions_floor_usage":[16,16,28,28,32],"damage_taken":[{"damage":0,"enemies":"Small Slimes","floor":5,"turns":1},{"damage":0,"enemies":"2 Louse","floor":6,"turns":1},{"damage":0,"enemies":"3 Sentries","floor":8,"turns":1},{"damage":17,"enemies":"Jaw Worm","floor":9,"turns":4},{"damage":33,"enemies":"Lagavulin","floor":10,"turns":5},{"damage":29,"enemies":"Large Slime","floor":11,"turns":4},{"damage":9,"enemies":"downfall:FleeingMerchant","floor":13,"turns":4},{"damage":9,"enemies":"downfall:FleeingMerchant","floor":14,"turns":4},{"damage":9,"enemies":"3 Louse","floor":15,"turns":2},{"damage":61,"enemies":"downfall:Silent","floor":16,"turns":5},{"damage":1,"enemies":"Spheric Guardian","floor":19,"turns":2},{"damage":34,"enemies":"Book of Stabbing","floor":22,"turns":4},{"damage":32,"enemies":"Shell Parasite","floor":23,"turns":4},{"damage":44,"enemies":"downfall:Watcher","floor":26,"turns":5},{"damage":35,"enemies":"downfall:FleeingMerchant","floor":28,"turns":4},{"damage":10,"enemies":"downfall:FleeingMerchant","floor":30,"turns":3},{"damage":14,"enemies":"3 Cultists","floor":32,"turns":3},{"damage":9,"enemies":"downfall:Defect","floor":33,"turns":4},{"damage":0,"enemies":"3 Darklings","floor":36,"turns":3},{"damage":0,"enemies":"Orb Walker","floor":37,"turns":3},{"damage":30,"enemies":"2 Orb Walkers","floor":39,"turns":5},{"damage":0,"enemies":"Spire Growth","floor":40,"turns":4},{"damage":2,"enemies":"Jaw Worm Horde","floor":43,"turns":3},{"damage":9,"enemies":"Sphere and 2 Shapes","floor":45,"turns":4},{"damage":3,"enemies":"4 Shapes","floor":49,"turns":3},{"damage":34,"enemies":"downfall:Ironclad","floor":50,"turns":8}],"seed_played":"5794261402464569957","potions_obtained":[{"floor":11,"key":"SpeedPotion"},{"floor":15,"key":"blueLaboratory:BottleOfRum"},{"floor":16,"key":"blueLaboratory:TrueEctoplasm"},{"floor":19,"key":"blueLaboratory:SavagePotion"},{"floor":22,"key":"GamblersBrew"},{"floor":37,"key":"blueLaboratory:StoneskinPotion"},{"floor":39,"key":"blueLaboratory:PolymorphPotion"},{"floor":43,"key":"blueLaboratory:Moonshine"},{"floor":45,"key":"blueLaboratory:BubblePotion"}],"is_trial":false,"path_per_floor":["R","?","R","?","M","M","T","E","M","E","M","?","$","$","M","B",null,"R","M","?","?","E","M","T","R","?","R","$","?","$","?","M","B",null,"R","M","M","?","?","M","T","R","M","R","M","$","?","AVR","M","B",null],"character_chosen":"SLIMEBOUND","items_purchased":["Slimebound:PrepareCrush+1","Slimebound:FinishingTackle","Slimebound:RainOfGoop+1","Hello World","Enlightenment+1","Dead Branch","Slimebound:ForwardTackle","Slimebound:SplitMire+1","Membership Card","aspiration:FaultyCoupler","Slimebound:Replication+1","Scrape","Enlightenment+1","The Bomb+1","Slimebound:SplitLeeching+1","Slimebound:Grow","LiquidMemories"],"campfire_rested":5,"item_purchase_floors":[13,13,13,28,28,30,30,30,46,46,46,46,46,46,46,46,46],"current_hp_per_floor":[60,60,60,60,60,60,60,60,56,45,38,38,45,54,60,21,60,70,69,69,63,47,44,44,65,53,70,68,35,35,32,40,40,40,40,40,40,40,10,20,20,32,34,40,40,40,40,40,40,40],"gold":172,"neow_bonus":"THREE_ENEMY_KILL","is_daily":false,"chose_seed":false,"campfire_upgraded":2,"win_rate":0.0,"timestamp":1607906950,"path_taken":["R","?","R","?","M","M","T","E","M","E","M","?","$","$","M","BOSS","R","M","?","?","E","M","T","R","?","R","$","?","$","?","M","BOSS","R","M","M","?","?","M","T","R","M","R","M","$","?","AVR","M","BOSS"],"items_purchased_type":["Card","Card","Card","Card","Card","Relic","Card","Card","Relic","Relic","Card","Card","Card","Card","Card","Card","Potion"],"build_version":"2020-11-30","purchased_purges":1,"victory":true,"max_hp_per_floor":[60,60,60,60,60,60,60,60,60,60,60,60,60,60,60,60,60,70,70,70,70,70,70,70,70,70,70,70,35,35,40,40,40,40,40,40,40,40,40,40,40,40,40,40,40,40,40,40,40,40],"card_choices":[{"not_picked":["Slimebound:LeechEnergy","Slimebound:ViciousTackle"],"picked":"Slimebound:SplitAcid+1","floor":5},{"not_picked":["Slimebound:SlimeSpikes+1","Slimebound:SpikyOuterGoop"],"picked":"Slimebound:SlimeTap+1","floor":6},{"not_picked":["Slimebound:ComboTackle","Slimebound:BestDefense"],"picked":"Slimebound:RollThrough","floor":8},{"not_picked":["Slimebound:GoopTackle","Slimebound:FinishingTackle"],"picked":"Slimebound:Replication+1","floor":9},{"not_picked":["Slimebound:PressTheAttack","Slimebound:SplitMire+1"],"picked":"Slimebound:Overexert","floor":10},{"not_picked":["Slimebound:AcidTongue","Slimebound:HauntingLick+1"],"picked":"Slimebound:Nibble","floor":11},{"not_picked":["Slimebound:SplitMire+1","Slimebound:SplitAcid+1"],"picked":"Slimebound:SamplingLick+1","floor":13},{"not_picked":["Slimebound:LeechingTouch","Slimebound:RollThrough"],"picked":"Slimebound:SamplingLick+1","floor":14},{"not_picked":["Slimebound:ViciousTackle","Slimebound:ItLooksTasty"],"picked":"Slimebound:DisruptingSlam","floor":15},{"not_picked":["Slimebound:PrepareCrush+1","Slimebound:SelfFormingGoo"],"picked":"Slimebound:DuplicatedForm","floor":16},{"not_picked":["Defragment","Slimebound:LeechEnergy","Compile Driver"],"picked":"Slimebound:SplitBruiser+1","floor":19},{"not_picked":["Leap+1","Slimebound:RejuvenatingLick+1","Slimebound:GrowthPunch"],"picked":"Slimebound:Prepare+1","floor":22},{"not_picked":["Scrape","FTL","Slimebound:ItLooksTasty"],"picked":"Slimebound:Replication+1","floor":23},{"not_picked":["Slimebound:ItLooksTasty","Slimebound:RejuvenatingLick+1","Slimebound:RollThrough"],"picked":"Hologram+1","floor":25},{"not_picked":["Doom and Gloom","Slimebound:PrepareCrush+1","Lockon"],"picked":"Leap+1","floor":26},{"not_picked":["Go for the Eyes","Slimebound:Schlurp+1","Slimebound:PressTheAttack"],"picked":"Slimebound:Repurpose+1","floor":27},{"not_picked":["Heatsinks","Cold Snap","Slimebound:SamplingLick+1"],"picked":"Slimebound:LivingWall+1","floor":28},{"not_picked":["Redo+1","Rebound","Cold Snap"],"picked":"Self Repair+1","floor":30},{"not_picked":["Streamline","Self Repair","Doom and Gloom+1"],"picked":"Slimebound:DouseInSlime+1","floor":32},{"not_picked":["Amplify+1","Rainbow+1","Electrodynamics"],"picked":"All For One","floor":33},{"not_picked":["Slimebound:SplitMire+1","Slimebound:PressTheAttack+1","Gash"],"picked":"Slimebound:SplitBruiser+1","floor":35},{"not_picked":["Slimebound:DouseInSlime+1","Slimebound:Equalize+1","Darkness+1"],"picked":"Stack+1","floor":36},{"not_picked":["Slimebound:ViciousTackle","Slimebound:BestDefense","Reprogram+1"],"picked":"Steam+1","floor":37},{"not_picked":["Force Field+1","Go for the Eyes","Compile Driver"],"picked":"FTL+1","floor":39},{"not_picked":["Slimebound:SamplingLick+1","Doom and Gloom","Slimebound:FinishingTackle+1"],"picked":"Turbo+1","floor":40},{"not_picked":["Self Repair+1","Ball Lightning+1","Slimebound:SlimeTap+1"],"picked":"Static Discharge","floor":42},{"not_picked":["Stack+1","Reprogram+1","Slimebound:ForwardTackle+1"],"picked":"Slimebound:GrowthPunch","floor":43},{"not_picked":["Recycle+1","Slimebound:SlimeSpikes+1","Go for the Eyes+1"],"picked":"Rebound+1","floor":44},{"not_picked":["Slimebound:SelfFormingGoo","Stack+1","Auto Shields+1"],"picked":"Steam+1","floor":45},{"not_picked":["infinitespire:NeuralNetwork","infinitespire:Fortify"],"picked":"infinitespire:DeathsTouch","floor":47},{"not_picked":["Reinforced Body+1","Slimebound:SplitBruiser+1","Slimebound:RainOfGoop+1"],"picked":"White Noise+1","floor":49}],"player_experience":244569,"relics_obtained":[{"floor":8,"key":"infinitespire:ShieldingShard"},{"floor":10,"key":"Omamori"},{"floor":22,"key":"Dream Catcher"},{"floor":24,"key":"infinitespire:Eraser"},{"floor":26,"key":"TungstenRod"},{"floor":26,"key":"Mercury Hourglass"},{"floor":34,"key":"Centennial Puzzle"},{"floor":34,"key":"infinitespire:WardingShard"},{"floor":34,"key":"infinitespire:Joker Card"},{"floor":39,"key":"Ginger"},{"floor":41,"key":"Orichalcum"}],"event_choices":[{"damage_healed":0,"gold_gain":0,"player_choice":"Became a Ghost","damage_taken":0,"max_hp_gain":0,"max_hp_loss":35,"event_name":"Ghosts","floor":29,"gold_loss":0,"cards_obtained":["Ghostly","Ghostly","Ghostly","Ghostly","Ghostly"]},{"damage_healed":0,"gold_gain":0,"player_choice":"Fight","damage_taken":0,"max_hp_gain":0,"max_hp_loss":0,"event_name":"Mysterious Sphere","floor":39,"gold_loss":0}],"is_beta":false,"boss_relics":[{"not_picked":["aspiration:PoetsPen_weak","Slimebound:AbsorbEndCombatUpgraded"],"picked":"aspiration:DefectSkillbook"},{"not_picked":["Slimebound:TarBlob","Coffee Dripper"],"picked":"Calling Bell"}],"items_purged_floors":[46],"is_endless":false,"potions_floor_spawned":[11,15,16,19,22,26,37,39,43,45],"ascension_level":0}}