{"host":"8h3glbk9j4k4ylc4","time":1607942464,"event":{"mods":["AchievementEnabler","Act Like it!","BaseMod","Colored Map","Colored Powertips","Energized Spire","Gensokyo","Hallownest","Hermit","Hubris","Infinite Spire","Jorbs\u0027s Wanderer Trilogy","Lobotomy","Marisa????????","Minty Spire (QoL Compilation)","Replay The Spire","Somnambulant","StSLib","Td1madao Mod","The Bug Knight","The Judge","The Senshi"],"gold_per_floor":[113,113,113,132,148,148,176,189,214,241,241,23,23,23,23,124,124,136,136,136,136,136,136,342,342,367,381,381,331,342,353,353,454,454,454,454],"floor_reached":35,"playtime":1808,"items_purged":["Defend_G","Strike_G","Defend_G","Strike_G"],"score":450,"play_id":"c147872d-bd3c-4b23-bd75-e7802346de9e","local_time":"20201214124104","is_ascension_mode":true,"campfire_choices":[{"data":"Bouncing Flask","floor":6,"key":"SMITH"},{"data":"Catalyst","floor":13,"key":"SMITH"},{"data":"Bane","floor":15,"key":"SMITH"},{"floor":23,"key":"REST"},{"data":"Madness","floor":23,"key":"SMITH"},{"floor":28,"key":"REST"},{"data":"Distraction","floor":28,"key":"SMITH"},{"data":"Secret Technique","floor":32,"key":"SMITH"}],"circlet_count":0,"master_deck":["Strike_G","Defend_G","Defend_G","Survivor","Neutralize+1","VoidDream","Quick Slash+1","CherryBlossoms","Bane+1","Woodsman","Bouncing Flask+1","BlackArmy","Poisoned Stab+1","Catalyst+1","ShyLook","Escape Plan","Replay:Bag of Tricks","Well Laid Plans","Dramatic Entrance","Madness+1","Secret Technique+1","Heel Hook+1","SilentOrchestra","Distraction+1","BodiesMountain","Noxious Fumes+1","Die Die Die","ReplayTheSpireMod:Necrosis"],"relics":["Ring of the Snake","CogitoBucket","infinitespire:PuzzleCube","Toy Ornithopter","ReplayTheSpireMod:Ninjato","Lee\u0027s Waffle","energizedSpire:NeverEndingSparkler","ChangeAnything","hubris:Towel","Pear","ReplayTheSpireMod:ShopPack","MealTicket","infinitespire:Magic Flask","Empty Cage","Bronze Scales","hubris:ToyBattleship","hubris:TerracottaHorce"],"acts_visited":["Exordium","TheCity","TheBeyond"],"potions_floor_usage":[10,10,35,35],"damage_taken":[{"damage":0,"enemies":"Cultist","floor":1,"turns":5},{"damage":0,"enemies":"Small Slimes","floor":4,"turns":3},{"damage":1,"enemies":"Jaw Worm","floor":5,"turns":4},{"damage":8,"enemies":"Lagavulin","floor":7,"turns":5},{"damage":11,"enemies":"Exordium Thugs","floor":8,"turns":4},{"damage":14,"enemies":"3 Sentries","floor":10,"turns":7},{"damage":12,"enemies":"The Guardian","floor":16,"turns":6},{"damage":12,"enemies":"Shell Parasite","floor":18,"turns":6},{"damage":0,"enemies":"3 Byrds","floor":27,"turns":2},{"damage":5,"enemies":"Snake Plant","floor":30,"turns":3},{"damage":0,"enemies":"Chosen and Byrds","floor":31,"turns":3},{"damage":53,"enemies":"hubris:MusketHawk","floor":33,"turns":4},{"damage":109,"enemies":"3 Darklings","floor":35,"turns":6}],"seed_played":"-7487263332252436564","potions_obtained":[{"floor":1,"key":"Poison Potion"},{"floor":5,"key":"SpeedPotion"},{"floor":16,"key":"ColorlessPotion"},{"floor":30,"key":"SpeedPotion"},{"floor":33,"key":"Swift Potion"}],"is_trial":false,"path_per_floor":["M","?","?","M","M","R","E","M","T","E","?","$","R","$","R","B",null,"M","?","?","$","AVR","R","?","$","T","M","R","?","M","M","R","B",null,"M"],"character_chosen":"THE_SILENT","items_purchased":["Lee\u0027s Waffle","Pear","ReplayTheSpireMod:ShopPack","MealTicket","infinitespire:Magic Flask"],"campfire_rested":2,"item_purchase_floors":[12,21,21,21,21],"current_hp_per_floor":[70,63,63,63,62,62,60,63,63,70,56,77,77,77,77,71,77,75,75,75,20,20,46,25,25,25,43,69,69,70,87,87,51,78,0,0],"gold":454,"neow_bonus":"","is_daily":false,"chose_seed":false,"campfire_upgraded":6,"win_rate":0.0,"timestamp":1607942464,"path_taken":["M","?","?","M","?","R","E","M","T","E","?","$","R","?","R","BOSS","M","?","?","?","AVR","R","?","?","T","M","R","?","M","?","R","BOSS","M"],"items_purchased_type":["Relic","Relic","Relic","Relic","Relic"],"build_version":"2020-12-13","purchased_purges":4,"victory":false,"max_hp_per_floor":[70,70,70,70,70,70,70,70,70,70,70,77,77,77,77,77,77,77,77,77,87,87,87,87,87,87,87,87,87,87,87,87,87,87,87,87],"card_choices":[{"not_picked":["Rudolta","WhitesApple"],"picked":"VoidDream","floor":1},{"not_picked":["Dagger Throw","ReplayTheSpireMod:Tripwire"],"picked":"Quick Slash","floor":1},{"not_picked":["LongBird","Freischutz"],"picked":"CherryBlossoms","floor":4},{"not_picked":["Deflect","Blade Dance"],"picked":"Bane","floor":4},{"not_picked":["MHz","OldLady"],"picked":"Woodsman","floor":5},{"not_picked":["Flying Knee","Distraction"],"picked":"Bouncing Flask","floor":5},{"not_picked":["Scorched","NakedNest"],"picked":"BlackArmy","floor":7},{"not_picked":["Dagger Spray","Hidden Blade"],"picked":"Poisoned Stab","floor":7},{"not_picked":["Crippling Poison","Grand Finale"],"picked":"Catalyst","floor":8},{"not_picked":["OldLady","FairyFestival"],"picked":"ShyLook","floor":10},{"not_picked":["Dagger Throw","Endless Agony"],"picked":"Escape Plan","floor":10},{"not_picked":["Night Terror","Grand Finale"],"picked":"Replay:Bag of Tricks","floor":16},{"not_picked":["Backflip","Deflect"],"picked":"Well Laid Plans","floor":18},{"not_picked":["hubris:Ssssneak","Flash of Steel"],"picked":"Dramatic Entrance","floor":21},{"not_picked":["Purity","Specialist"],"picked":"Madness","floor":21},{"not_picked":["Poisoned Strike","Crow Ritual"],"picked":"Secret Technique","floor":21},{"not_picked":["PiercingWail","Prepared"],"picked":"Heel Hook+1","floor":24},{"not_picked":["MHz","CrumblingArmor"],"picked":"SilentOrchestra","floor":27},{"not_picked":["After Image","Dash"],"picked":"Distraction","floor":27},{"not_picked":["WallGazer","MeatLantern"],"picked":"BodiesMountain","floor":30},{"not_picked":["Dagger Throw+1","Acrobatics"],"picked":"Noxious Fumes+1","floor":30},{"not_picked":["Backflip+1","Deadly Poison"],"picked":"Die Die Die","floor":31},{"not_picked":["Tools of the Trade","Unload"],"picked":"ReplayTheSpireMod:Necrosis","floor":33}],"player_experience":291502,"relics_obtained":[{"floor":7,"key":"infinitespire:PuzzleCube"},{"floor":9,"key":"Toy Ornithopter"},{"floor":10,"key":"ReplayTheSpireMod:Ninjato"},{"floor":26,"key":"hubris:ToyBattleship"}],"event_choices":[{"cards_removed":["Strike_G"],"damage_healed":0,"gold_gain":0,"player_choice":"Card Removal","damage_taken":7,"max_hp_gain":0,"max_hp_loss":0,"event_name":"Golden Wing","floor":2,"gold_loss":0},{"damage_healed":0,"gold_gain":0,"player_choice":"Forge","damage_taken":0,"max_hp_gain":0,"max_hp_loss":0,"event_name":"Accursed Blacksmith","floor":3,"gold_loss":0,"cards_upgraded":["Neutralize"]},{"damage_healed":0,"gold_gain":0,"player_choice":"Entered Light","damage_taken":14,"max_hp_gain":0,"max_hp_loss":0,"event_name":"Shining Light","floor":11,"gold_loss":0,"cards_upgraded":["Poisoned Stab","Quick Slash"]},{"damage_healed":0,"gold_gain":0,"player_choice":"Ignored","damage_taken":0,"max_hp_gain":0,"max_hp_loss":0,"event_name":"Vampires","floor":19,"gold_loss":0},{"damage_healed":0,"gold_gain":0,"player_choice":"Bet on Murderer","damage_taken":0,"max_hp_gain":0,"max_hp_loss":0,"event_name":"The Joust","floor":29,"gold_loss":50}],"is_beta":false,"boss_relics":[{"not_picked":["Ring of Chaos","hubris:CrackedHourglass"],"picked":"energizedSpire:NeverEndingSparkler"},{"not_picked":["ReplayTheSpireMod:SealedPack","Replay:Wanted Poster"],"picked":"hubris:TerracottaHorce"}],"items_purged_floors":[12,21,21,22],"is_endless":false,"potions_floor_spawned":[1,5,16,30,33],"killed_by":"3 Darklings","ascension_level":2}}