{"host":"4jkxfxw6g7t9vgog","time":1607947223,"event":{"mods":["BaseMod","Colored Map","Minty Spire (QoL Compilation)"],"gold_per_floor":[118,128,33,49,49,78,78,153,153,153,164,197,197,230,230,329,379,396,396,396,410,44,64,83,83,157,190,212,259,370,382,394,406,406],"floor_reached":33,"playtime":2079,"items_purged":[],"score":380,"play_id":"d026e703-87dd-440e-a1b7-f860cf05854f","local_time":"20201214150023","is_ascension_mode":false,"campfire_choices":[{"data":"WindmillStrike","floor":7,"key":"SMITH"},{"data":"Eruption","floor":10,"key":"SMITH"},{"data":"Dramatic Entrance","floor":13,"key":"SMITH"},{"data":"CrushJoints","floor":15,"key":"SMITH"},{"data":"ConjureBlade","floor":32,"key":"SMITH"}],"circlet_count":0,"master_deck":["Defend_P+1","Defend_P+1","Defend_P+1","Defend_P+1","Eruption+1","Vigilance+1","Bandage Up","CrushJoints+1","EmptyBody","Dramatic Entrance+1","WindmillStrike+1","Tantrum","Meditate","WheelKick","LessonLearned","FlurryOfBlows+1","DeceiveReality+1","WaveOfTheHand+1","Crescendo+1","Vengeance+1","Ragnarok","EmptyBody","FlurryOfBlows+1","ConjureBlade+1","WindmillStrike+1","Bite","Bite","Bite","Bite","Bite"],"relics":["PureWater","The Courier","Anchor","Kunai","Mummified Hand","Tiny House","Prayer Wheel","Tiny Chest","Meat on the Bone","MawBank","Letter Opener"],"acts_visited":["Exordium","TheCity"],"potions_floor_usage":[6,16,16,27,27,27,33],"damage_taken":[{"damage":0,"enemies":"Cultist","floor":1,"turns":2},{"damage":4,"enemies":"2 Louse","floor":2,"turns":3},{"damage":2,"enemies":"Jaw Worm","floor":4,"turns":3},{"damage":22,"enemies":"3 Sentries","floor":6,"turns":5},{"damage":0,"enemies":"3 Louse","floor":11,"turns":2},{"damage":0,"enemies":"Lagavulin","floor":12,"turns":4},{"damage":0,"enemies":"3 Sentries","floor":14,"turns":2},{"damage":36,"enemies":"Hexaghost","floor":16,"turns":6},{"damage":0,"enemies":"Chosen","floor":18,"turns":3},{"damage":0,"enemies":"Spheric Guardian","floor":20,"turns":2},{"damage":22,"enemies":"3 Cultists","floor":21,"turns":4},{"damage":11,"enemies":"Snake Plant","floor":23,"turns":3},{"damage":12,"enemies":"Cultist and Chosen","floor":24,"turns":3},{"damage":14,"enemies":"Slavers","floor":27,"turns":4},{"damage":20,"enemies":"Sentry and Sphere","floor":28,"turns":3},{"damage":2,"enemies":"Book of Stabbing","floor":29,"turns":2},{"damage":80,"enemies":"Collector","floor":33,"turns":5}],"seed_played":"-3523417520054319021","potions_obtained":[{"floor":1,"key":"EssenceOfSteel"},{"floor":4,"key":"BottledMiracle"},{"floor":14,"key":"BottledMiracle"},{"floor":17,"key":"Weak Potion"},{"floor":21,"key":"Energy Potion"},{"floor":23,"key":"Block Potion"},{"floor":24,"key":"LiquidMemories"},{"floor":28,"key":"SpeedPotion"}],"is_trial":false,"path_per_floor":["M","M","$","M","?","E","R","?","T","R","M","E","R","E","R","B",null,"M","?","M","M","$","M","M","?","T","E","M","E","?","?","R","B"],"character_chosen":"WATCHER","items_purchased":["Dramatic Entrance","Prayer Wheel","Tiny Chest"],"campfire_rested":0,"item_purchase_floors":[3,22,22],"current_hp_per_floor":[72,68,68,70,75,56,56,45,45,45,49,53,53,53,53,21,82,82,82,82,64,64,53,41,41,41,39,35,45,45,45,45,0,0],"gold":406,"neow_bonus":"RANDOM_COLORLESS","is_daily":false,"chose_seed":false,"campfire_upgraded":5,"win_rate":0.0,"timestamp":1607947223,"path_taken":["M","M","$","?","?","E","R","?","T","R","M","E","R","E","R","BOSS","M","?","M","M","$","M","M","?","T","E","M","E","?","?","R","BOSS"],"items_purchased_type":["Card","Relic","Relic"],"build_version":"2020-12-13","purchased_purges":0,"victory":false,"max_hp_per_floor":[72,72,72,72,77,77,77,77,77,77,77,77,77,77,77,77,82,82,82,82,82,82,82,82,82,82,82,82,82,82,57,57,57,57],"card_choices":[{"not_picked":["Madness","PanicButton"],"picked":"Bandage Up","floor":0},{"not_picked":["Worship","Halt"],"picked":"CrushJoints","floor":1},{"not_picked":["Evaluate","FlyingSleeves"],"picked":"EmptyBody","floor":2},{"not_picked":["TalkToTheHand","Worship"],"picked":"WindmillStrike","floor":4},{"not_picked":["SandsOfTime","Prostrate"],"picked":"Tantrum","floor":6},{"not_picked":["DeusExMachina","CarveReality"],"picked":"Meditate","floor":11},{"not_picked":["Establishment","Prostrate"],"picked":"WheelKick","floor":12},{"not_picked":["WreathOfFlame","Consecrate","Judgement"],"picked":"SKIP","floor":14},{"not_picked":["Omniscience","Blasphemy"],"picked":"LessonLearned","floor":16},{"not_picked":["Halt","Prostrate"],"picked":"FlurryOfBlows","floor":17},{"not_picked":["JustLucky","Consecrate"],"picked":"DeceiveReality+1","floor":18},{"not_picked":["Weave+1","Vengeance","InnerPeace"],"picked":"SKIP","floor":20},{"not_picked":["PathToVictory","CutThroughFate"],"picked":"Crescendo+1","floor":21},{"not_picked":["SandsOfTime","Consecrate"],"picked":"Vengeance+1","floor":23},{"not_picked":["FlyingSleeves","Crescendo","Consecrate"],"picked":"SKIP","floor":23},{"not_picked":["CutThroughFate","Perseverance"],"picked":"Ragnarok","floor":24},{"not_picked":["DeceiveReality","Vengeance","FlurryOfBlows"],"picked":"SKIP","floor":24},{"not_picked":["Wallop","Study"],"picked":"EmptyBody","floor":27},{"not_picked":["Evaluate+1","Conclude"],"picked":"FlurryOfBlows+1","floor":28},{"not_picked":["Consecrate","SashWhip"],"picked":"ConjureBlade","floor":28},{"not_picked":["EmptyFist","WaveOfTheHand"],"picked":"WindmillStrike+1","floor":29}],"player_experience":282687,"relics_obtained":[{"floor":6,"key":"The Courier"},{"floor":9,"key":"Anchor"},{"floor":12,"key":"Kunai"},{"floor":14,"key":"Mummified Hand"},{"floor":26,"key":"Meat on the Bone"},{"floor":27,"key":"MawBank"},{"floor":29,"key":"Letter Opener"}],"event_choices":[{"damage_healed":0,"gold_gain":0,"player_choice":"Donut","damage_taken":0,"max_hp_gain":5,"max_hp_loss":0,"event_name":"Big Fish","floor":5,"gold_loss":0},{"damage_healed":0,"gold_gain":75,"player_choice":"Gather Gold","damage_taken":11,"max_hp_gain":0,"max_hp_loss":0,"event_name":"World of Goop","floor":8,"gold_loss":0},{"damage_healed":0,"gold_gain":0,"player_choice":"Read","damage_taken":0,"max_hp_gain":0,"max_hp_loss":0,"event_name":"The Library","floor":19,"gold_loss":0,"cards_obtained":["WaveOfTheHand"]},{"damage_healed":0,"gold_gain":0,"player_choice":"Simplicity","damage_taken":0,"max_hp_gain":0,"max_hp_loss":0,"event_name":"Back to Basics","floor":25,"gold_loss":0,"cards_upgraded":["Strike_P","Strike_P","Strike_P","Defend_P","Defend_P","Defend_P","Defend_P"]},{"damage_healed":0,"gold_gain":99,"player_choice":"Stole From Cult","damage_taken":0,"max_hp_gain":0,"max_hp_loss":0,"event_name":"Nest","floor":30,"gold_loss":0},{"damage_healed":0,"gold_gain":0,"player_choice":"Became a vampire","damage_taken":0,"max_hp_gain":0,"max_hp_loss":25,"event_name":"Vampires","floor":31,"gold_loss":0,"cards_obtained":["Bite","Bite","Bite","Bite","Bite"]}],"is_beta":false,"boss_relics":[{"not_picked":["Philosopher\u0027s Stone","VioletLotus"],"picked":"Tiny House"}],"items_purged_floors":[],"is_endless":false,"potions_floor_spawned":[1,4,14,21,23,24,28],"killed_by":"Collector","ascension_level":0}}