{"host":"ds28d883r3sz42zs","time":1607975088,"event":{"mods":["2.2 Compatiblity","AchievementEnabler","Act Like it!","BaseMod","Bestiary","Better Match","Better Sensory Stone","Better Third Choice","Better-Laid Plans","BetterRewards","Block Reminder","Challenge The Spire","Colored Map","Colored Powertips","Defuse TimeMaze Blight","Disable Question Mark Monsters","Displayed Cursed Tome","Emptier Cage","GifTheSpireLib","Gold Saver","Minty Spire (QoL Compilation)","Permanent Neow","Practice Mode","Quick Restart","Random Character Button","Rare Cards Sparkle","Relic Filter","Relic Stats","SacredBarkPlus","StSLib","SuperFastMode","Uncapped","Unknown Chances"],"gold_per_floor":[345,190,200,7,27,52,52,70,97,97,125,125,154,154,154],"floor_reached":14,"playtime":431,"items_purged":["Strike_B","Defend_B"],"score":157,"play_id":"7538129c-d5a0-4654-9bcc-8559f567cc0d","local_time":"20201214144448","is_ascension_mode":true,"campfire_choices":[{"data":"Cold Snap","floor":7.0,"key":"SMITH"},{"data":"FTL","floor":10,"key":"SMITH"},{"data":"Zap","floor":12,"key":"SMITH"}],"circlet_count":0,"master_deck":["Strike_B","Strike_B","Strike_B","Defend_B","Defend_B","Zap+1","Dualcast","Glacier","FTL+1","Capacitor","Cold Snap+1","Genetic Algorithm","All For One","Steam"],"relics":["Cracked Core","Membership Card","Singing Bowl","Nunchaku","WingedGreaves","Toy Ornithopter"],"acts_visited":["Exordium"],"potions_floor_usage":[11,13],"damage_taken":[{"damage":0.0,"enemies":"Small Slimes","floor":1.0,"turns":3.0},{"damage":0.0,"enemies":"Cultist","floor":3.0,"turns":3.0},{"damage":0.0,"enemies":"2 Louse","floor":5.0,"turns":3.0},{"damage":11.0,"enemies":"3 Sentries","floor":6.0,"turns":7.0},{"damage":18,"enemies":"Exordium Thugs","floor":8,"turns":5},{"damage":20,"enemies":"Gremlin Nob","floor":11,"turns":4},{"damage":9,"enemies":"Lagavulin","floor":13,"turns":7},{"damage":15,"enemies":"3 Sentries","floor":14,"turns":2}],"seed_played":"613818125453672896","potions_obtained":[{"floor":5.0,"key":"DistilledChaos"},{"floor":6.0,"key":"FocusPotion"},{"floor":11,"key":"Block Potion"}],"is_trial":false,"path_per_floor":["M","$","M","$","M","E","R","M","T","R","E","R","E","E"],"character_chosen":"DEFECT","items_purchased":["FTL","Membership Card"],"campfire_rested":0,"item_purchase_floors":[2,4],"current_hp_per_floor":[68,68,68,68,68,57,57,39,39,39,19,19,10,0,0],"gold":154,"neow_bonus":"REMOVE_CARD","is_daily":false,"chose_seed":false,"campfire_upgraded":3,"win_rate":0.0,"timestamp":1607975088,"path_taken":["M","$","M","$","M","E","R","M","T","R","E","R","E","E"],"items_purchased_type":["Card","Relic"],"build_version":"2020-12-13","purchased_purges":2,"victory":false,"max_hp_per_floor":[75,75,75,75,75,75,75,75,75,75,75,75,75,75,75],"relic_stats":{"Nunchaku":[2],"Singing Bowl":0,"counters":[8,34],"obtain_stats":[{"Nunchaku":9,"Singing Bowl":6,"WingedGreaves":11,"Membership Card":4,"Cracked Core":0,"Toy Ornithopter":13},{"Nunchaku":5,"Singing Bowl":4,"WingedGreaves":6,"Membership Card":2,"Cracked Core":0,"Toy Ornithopter":7},{"Nunchaku":21,"Singing Bowl":16,"WingedGreaves":25,"Membership Card":6,"Cracked Core":0,"Toy Ornithopter":32}],"Toy Ornithopter":0},"card_choices":[{"not_picked":["Gash","Go for the Eyes"],"picked":"Glacier","floor":1.0},{"not_picked":["Fusion","Beam Cell"],"picked":"Capacitor","floor":3.0},{"not_picked":["Turbo","Leap","Stack"],"picked":"SKIP","floor":5.0},{"not_picked":["Meteor Strike","Reprogram"],"picked":"Cold Snap","floor":6.0},{"not_picked":["Gash","Cold Snap"],"picked":"Genetic Algorithm","floor":8},{"not_picked":["Capacitor","Skim"],"picked":"All For One","floor":11},{"not_picked":["Glacier","Meteor Strike"],"picked":"Steam","floor":13}],"player_experience":650055,"relics_obtained":[{"floor":6.0,"key":"Singing Bowl"},{"floor":9,"key":"Nunchaku"},{"floor":11,"key":"WingedGreaves"},{"floor":13,"key":"Toy Ornithopter"}],"event_choices":[],"is_beta":false,"boss_relics":[],"items_purged_floors":[2,4],"is_endless":false,"potions_floor_spawned":[5,6,11],"killed_by":"3 Sentries","ascension_level":9}}