{"host":"x5ow3h9y3elojghk","time":1607913854,"event":{"mods":["BaseMod","Downfall","Duelist Mod","KinomotoSakuraMod(ƒæ÷Æ±æ”£)","KomeijiMod","Marisa£®ÏF”Í°°ƒß¿Ì…≥£©","Minty Spire (QoL Compilation)","Reimu£®≤©¿ˆ¡È√Œ£©","Remilia£®¿Ÿ√◊¿Ú—«£©","StSLib","The Administrix","The Bug Knight","The Construct","The Cursed","The Hierophant","The Poker Player","The Runesmith","The Senshi","The Servant 0.9.4","Youmu£®ªÍ∆«—˝√Œ£©","[IsaacMod]“‘»ˆº‚À˛"],"gold_per_floor":[180,195,210,224,236,265,265,265,265,279,291,323,323,375,375,555,555,583,622,66,100,100,161,227,307,353,353,103,160,8,42,42,84,84],"floor_reached":33,"playtime":3340,"items_purged":["Regret","BloodCollect"],"score":347,"play_id":"674b32c0-026e-4177-8526-fb5d7bc06ed3","local_time":"20201214104414","is_ascension_mode":false,"campfire_choices":[{"data":"CruelSlaughter","floor":7,"key":"SMITH"},{"data":"Paradox","floor":8,"key":"SMITH"},{"data":"BloodyMagicSquare","floor":15,"key":"SMITH"},{"data":"MillenniumVampire","floor":32,"key":"SMITH"}],"circlet_count":0,"master_deck":["Absorbed","Scratch","CruelSlaughter+1","Paradox+1","StigmaNizer","DoubleEdge","BloodyMagicSquare+1","RedMagic","BodyStrengthen","SealingFear","HeartBreak_Remiria","RemiliaStretch_Remiria","FateCollect","MillenniumVampire+1","CombatMeter","BloodyMagicSquare","BathedInBlood","BloodPact+1","BloodSurge","Exsanguinate","ScarletDestiny","YoungDemonLord"],"relics":["ThirstyCrossSpe","HushsDoor","Leech","NeowsBlessing","WingedGreaves","Unceasing Top","SalivaCoin","TungstenRod","Regal Pillow","Pandora\u0027s Box","Bag of Marbles","NineVolt","CaptainsWheel","Calipers","TheBean","Sling","Vajra","Toolbox"],"acts_visited":["Exordium","TheCity"],"potions_floor_usage":[4,12,14,16,16,21,21,31,33],"damage_taken":[{"damage":0,"enemies":"2 Louse","floor":1,"turns":1},{"damage":0,"enemies":"Jaw Worm","floor":2,"turns":1},{"damage":0,"enemies":"Small Slimes","floor":3,"turns":1},{"damage":6,"enemies":"3 Louse","floor":4,"turns":2},{"damage":0,"enemies":"Gremlin Gang","floor":5,"turns":1},{"damage":21,"enemies":"3 Sentries","floor":6,"turns":4},{"damage":0,"enemies":"Blue Slaver","floor":10,"turns":2},{"damage":1,"enemies":"3 Louse","floor":11,"turns":2},{"damage":14,"enemies":"Lagavulin","floor":12,"turns":5},{"damage":7,"enemies":"Gremlin Nob","floor":14,"turns":3},{"damage":37,"enemies":"The Guardian","floor":16,"turns":7},{"damage":10,"enemies":"3 Byrds","floor":18,"turns":3},{"damage":11,"enemies":"Chosen","floor":19,"turns":4},{"damage":15,"enemies":"3 Cultists","floor":21,"turns":3},{"damage":43,"enemies":"HollowMod:Nosk","floor":23,"turns":6},{"damage":33,"enemies":"Gremlin Leader","floor":24,"turns":5},{"damage":63,"enemies":"Slavers","floor":25,"turns":5},{"damage":14,"enemies":"theDuelist:KaibaA2","floor":29,"turns":4},{"damage":18,"enemies":"Snake Plant","floor":31,"turns":4},{"damage":39,"enemies":"Automaton","floor":33,"turns":4}],"seed_played":"5680835555932864313","potions_obtained":[{"floor":2,"key":"Fire Potion"},{"floor":3,"key":"CultistPotion"},{"floor":10,"key":"Ancient Potion"},{"floor":12,"key":"ColorlessPotion"},{"floor":14,"key":"Weak Potion"},{"floor":25,"key":"SteroidPotion"},{"floor":29,"key":"Swift Potion"}],"is_trial":false,"path_per_floor":["M","M","M","M","M","E","R","R","T","M","M","E","?","E","R","B",null,"M","M","$","M","?","E","E","E","T","?","$","E","$","M","R","B"],"character_chosen":"RemiriaScarlet","items_purchased":["Bag of Marbles","NineVolt","BathedInBlood","Explosive Potion","Energy Potion","Sling","Toolbox"],"campfire_rested":0,"item_purchase_floors":[20,20,20,20,20,28,30],"current_hp_per_floor":[100,100,100,95,96,78,78,78,78,80,80,70,70,66,66,41,100,100,94,94,84,84,60,66,36,36,36,36,36,36,27,27,0,0],"gold":84,"neow_bonus":"THREE_ENEMY_KILL","is_daily":false,"chose_seed":false,"campfire_upgraded":4,"win_rate":0.0,"timestamp":1607913854,"path_taken":["M","M","M","M","M","E","R","R","T","M","M","E","?","E","R","BOSS","M","M","$","M","?","E","E","E","T","?","$","E","$","M","R","BOSS"],"items_purchased_type":["Relic","Relic","Card","Potion","Potion","Relic","Relic"],"build_version":"2020-12-13","purchased_purges":2,"victory":false,"max_hp_per_floor":[100,100,100,100,100,100,100,100,100,100,100,100,100,100,100,100,100,100,100,100,100,100,100,100,100,100,100,100,100,100,100,100,100,100],"card_choices":[{"not_picked":[],"picked":"ChaosCard","floor":0},{"not_picked":["FierceSweep","ServantFlier"],"picked":"FastHealing","floor":1},{"not_picked":["BloodySuit","RocketKickup"],"picked":"CruelSlaughter","floor":2},{"not_picked":["BloodySuit","DemonsDinnerFork_Remiria","DamonLordCradle_Remiria"],"picked":"SKIP","floor":3},{"not_picked":["TricksterDevil","FateCollect","ServantFlier"],"picked":"SKIP","floor":4},{"not_picked":["Culling","PainBurst","LifeBreak"],"picked":"SKIP","floor":5},{"not_picked":["BloodySuit","NaturallyHealing"],"picked":"Paradox","floor":6},{"not_picked":["SeparateFleshBlood","DemonsDinnerFork_Remiria"],"picked":"StigmaNizer","floor":10},{"not_picked":["Impregnable","Bomb"],"picked":"DoubleEdge","floor":11},{"not_picked":["DemonsDinnerFork_Remiria","StigmaNizer","Cripple"],"picked":"SKIP","floor":12},{"not_picked":["BloodySuit","StarOfDavid"],"picked":"BloodyMagicSquare","floor":14},{"not_picked":["BadLadyScramble","AllTheWorldInNightmare"],"picked":"RedMagic","floor":16},{"not_picked":["BloodySuit","Warpath+1"],"picked":"BloodyMagicSquare","floor":18},{"not_picked":["StigmaNizer","DoubleEdge","TricksterDevil"],"picked":"SKIP","floor":19},{"not_picked":["RocketKickup","Warpath+1"],"picked":"BloodPact+1","floor":21},{"not_picked":["Feint","FastHealing"],"picked":"BloodSurge","floor":23},{"not_picked":["Cripple","FastHealing+1"],"picked":"Exsanguinate","floor":24},{"not_picked":["TrickFate","Warpath"],"picked":"ScarletDestiny","floor":25},{"not_picked":["FierceSweep","BloodySuit+1"],"picked":"YoungDemonLord","floor":29},{"not_picked":["StigmaNizer","ServantFlier","BloodySuit"],"picked":"SKIP","floor":31}],"player_experience":290694,"relics_obtained":[{"floor":6,"key":"WingedGreaves"},{"floor":9,"key":"Unceasing Top"},{"floor":12,"key":"SalivaCoin"},{"floor":14,"key":"Regal Pillow"},{"floor":23,"key":"CaptainsWheel"},{"floor":24,"key":"Calipers"},{"floor":26,"key":"TheBean"},{"floor":29,"key":"Vajra"}],"event_choices":[{"damage_healed":0,"gold_gain":0,"player_choice":"Box","damage_taken":0,"relics_obtained":["TungstenRod"],"max_hp_gain":0,"max_hp_loss":0,"event_name":"Big Fish","floor":13,"gold_loss":0,"cards_obtained":["Regret"]},{"cards_removed":["FastHealing"],"damage_healed":0,"gold_gain":0,"player_choice":"Elegance","damage_taken":0,"max_hp_gain":0,"max_hp_loss":0,"event_name":"Back to Basics","floor":22,"gold_loss":0}],"is_beta":false,"boss_relics":[{"not_picked":["construct:WeddingRing","Cursed Key"],"picked":"Pandora\u0027s Box"},{"not_picked":[]}],"items_purged_floors":[20,28],"is_endless":false,"potions_floor_spawned":[2,3,10,12,14,25,29],"killed_by":"Automaton","ascension_level":0}}