{"host":"r6jigiblrojhp6xe","time":1607912655,"event":{"mods":["AchievementEnabler","BaseMod","DeckTracker","Minty Spire (QoL Compilation)","Quick Restart","Rare Cards Sparkle","Relic Stats","StSLib","SuperFastMode","everything is the same but u backflip on backflip"],"gold_per_floor":[112,131,56,31,31,62,82,113,113,113,140,140,158,29,29,106,106,117,131,142,152,169,169,179,179,179,179,279,304,320,320,320,399,399,418,63,82,97,122,122,148,148,148,160,174,174,204,216,216,216,216],"floor_reached":52,"playtime":1773,"items_purged":["Strike_R"],"score":2158,"play_id":"ab1c39d7-75c9-4ef6-9515-9e985324571f","local_time":"20201214112415","is_ascension_mode":true,"campfire_choices":[{"data":"Inflame","floor":10.0,"key":"SMITH"},{"data":"Second Wind","floor":12.0,"key":"SMITH"},{"floor":15.0,"key":"REST"},{"data":"Burning Pact","floor":23.0,"key":"SMITH"},{"data":"Fiend Fire","floor":25.0,"key":"SMITH"},{"data":"Shrug It Off","floor":27.0,"key":"SMITH"},{"data":"Body Slam","floor":32,"key":"SMITH"},{"data":"Feel No Pain","floor":40,"key":"SMITH"},{"data":"Evolve","floor":49,"key":"SMITH"}],"circlet_count":0,"master_deck":["AscendersBane","Strike_R","Strike_R","Strike_R","Defend_R","Defend_R","Defend_R","Defend_R","Bash+1","Cleave","Pummel","Inflame+1","Second Wind+1","Ghostly Armor","Shrug It Off+1","Fiend Fire+1","CurseOfTheBell","Flame Barrier+1","Burning Pact+1","True Grit+1","Body Slam+1","Offering","Disarm+1","Feed","Feel No Pain+1","Shrug It Off+1","Shrug It Off+1","Evolve+1"],"relics":["Burning Blood","NeowsBlessing","Dead Branch","Torii","Pocketwatch","Gremlin Horn","Calling Bell","Dream Catcher","Eternal Feather","Unceasing Top","Pantograph","TungstenRod","Kunai","StoneCalendar","Nilry\u0027s Codex","Coffee Dripper","Charon\u0027s Ashes","Mango","Red Skull","StrikeDummy","Bag of Preparation"],"acts_visited":["Exordium","TheCity","TheBeyond"],"potions_floor_usage":[45],"damage_taken":[{"damage":0.0,"enemies":"2 Louse","floor":1.0,"turns":1.0},{"damage":0.0,"enemies":"Jaw Worm","floor":2.0,"turns":1.0},{"damage":0.0,"enemies":"Lagavulin","floor":6.0,"turns":1.0},{"damage":5.0,"enemies":"Small Slimes","floor":7.0,"turns":4.0},{"damage":25.0,"enemies":"3 Sentries","floor":8.0,"turns":5.0},{"damage":25.0,"enemies":"Lagavulin","floor":11.0,"turns":6.0},{"damage":6.0,"enemies":"Gremlin Gang","floor":13.0,"turns":2.0},{"damage":14.0,"enemies":"Slime Boss","floor":16.0,"turns":7.0},{"damage":8.0,"enemies":"3 Byrds","floor":18.0,"turns":4.0},{"damage":0.0,"enemies":"Spheric Guardian","floor":19.0,"turns":3.0},{"damage":9.0,"enemies":"Cultist and Chosen","floor":20.0,"turns":5.0},{"damage":4.0,"enemies":"Centurion and Healer","floor":21.0,"turns":5.0},{"damage":24.0,"enemies":"Snake Plant","floor":22.0,"turns":4.0},{"damage":0.0,"enemies":"Snecko","floor":24.0,"turns":2.0},{"damage":6.0,"enemies":"Colosseum Slavers","floor":28.0,"turns":5.0},{"damage":30.0,"enemies":"Colosseum Nobs","floor":28.0,"turns":5.0},{"damage":0,"enemies":"Gremlin Leader","floor":29,"turns":1},{"damage":0,"enemies":"3 Cultists","floor":30,"turns":5},{"damage":65,"enemies":"Champ","floor":33,"turns":7},{"damage":29,"enemies":"3 Darklings","floor":35,"turns":5},{"damage":0,"enemies":"3 Shapes","floor":37,"turns":2},{"damage":16,"enemies":"Jaw Worm Horde","floor":38,"turns":2},{"damage":0,"enemies":"Mind Bloom Boss Battle","floor":39,"turns":3},{"damage":38,"enemies":"Nemesis","floor":41,"turns":5},{"damage":5,"enemies":"4 Shapes","floor":44,"turns":1},{"damage":15,"enemies":"Transient","floor":45,"turns":3},{"damage":11,"enemies":"Reptomancer","floor":47,"turns":3},{"damage":7,"enemies":"3 Darklings","floor":48,"turns":4},{"damage":0,"enemies":"Time Eater","floor":50,"turns":1},{"damage":40,"enemies":"Awakened One","floor":51,"turns":6}],"seed_played":"-1036174963820061325","potions_obtained":[{"floor":1.0,"key":"SpeedPotion"},{"floor":7.0,"key":"Swift Potion"},{"floor":18.0,"key":"DistilledChaos"},{"floor":22.0,"key":"Energy Potion"},{"floor":29,"key":"DuplicationPotion"},{"floor":33,"key":"Energy Potion"},{"floor":47,"key":"LiquidBronze"}],"is_trial":false,"path_per_floor":["M","M","?","$","?","E","M","E","T","R","E","R","M","$","R","B",null,"M","M","M","M","M","R","M","R","T","R","?","E","M","?","R","B",null,"M","$","M","M","?","R","E","?","T","M","M","?","E","M","R","B","B",null],"character_chosen":"IRONCLAD","items_purchased":["Cleave","Shrug It Off","Charon\u0027s Ashes","Feel No Pain"],"campfire_rested":1,"item_purchase_floors":[4,14,36,36],"current_hp_per_floor":[74,75,75,75,75,75,75,56,56,56,37,37,37,37,59,51,69,67,73,70,72,54,63,69,75,75,75,51,57,63,46,58,16,60,37,37,43,33,78,89,57,57,57,58,49,49,47,46,61,88,54],"gold":216,"neow_bonus":"THREE_ENEMY_KILL","is_daily":false,"chose_seed":false,"campfire_upgraded":8,"win_rate":0.0,"timestamp":1607912655,"path_taken":["M","M","?","?","?","E","M","E","T","R","E","R","M","$","R","BOSS","M","M","M","M","M","R","?","R","T","R","?","E","M","?","R","BOSS","M","$","M","M","?","R","E","?","T","M","M","?","E","M","R","BOSS","BOSS"],"items_purchased_type":["Card","Card","Relic","Card"],"build_version":"2020-12-13","purchased_purges":1,"victory":true,"max_hp_per_floor":[75,75,75,75,75,75,75,75,75,75,75,75,75,75,75,75,75,75,75,75,75,75,75,75,75,75,75,75,75,75,75,75,75,75,75,75,75,75,89,89,89,89,89,89,89,85,88,88,88,88,88],"relic_stats":{"Torii":26,"Gremlin Horn":[29,30],"counters":[30,108],"Dead Branch":[401],"Eternal Feather":53,"StoneCalendar":[0],"Charon\u0027s Ashes":[997],"Bag of Preparation":[6],"Burning Blood":164,"Dream Catcher":0,"Pantograph":67,"Kunai":[11],"obtain_stats":[{"NeowsBlessing":0,"Torii":8,"Gremlin Horn":11,"Nilry\u0027s Codex":31,"Dead Branch":6,"Eternal Feather":17,"StoneCalendar":29,"Mango":39,"Charon\u0027s Ashes":36,"Bag of Preparation":47,"Burning Blood":0,"Calling Bell":17,"Dream Catcher":17,"Pantograph":26,"Coffee Dripper":34,"Kunai":28,"StrikeDummy":43,"Unceasing Top":17,"TungstenRod":28,"Red Skull":41,"Pocketwatch":9},{"NeowsBlessing":0,"Torii":5,"Gremlin Horn":6,"Nilry\u0027s Codex":18,"Dead Branch":3,"Eternal Feather":8,"StoneCalendar":17,"Mango":23,"Charon\u0027s Ashes":20,"Bag of Preparation":27,"Burning Blood":0,"Calling Bell":8,"Dream Catcher":8,"Pantograph":14,"Coffee Dripper":19,"Kunai":16,"StrikeDummy":24,"Unceasing Top":8,"TungstenRod":16,"Red Skull":24,"Pocketwatch":5},{"NeowsBlessing":0,"Torii":12,"Gremlin Horn":18,"Nilry\u0027s Codex":66,"Dead Branch":3,"Eternal Feather":27,"StoneCalendar":61,"Mango":85,"Charon\u0027s Ashes":78,"Bag of Preparation":97,"Burning Blood":0,"Calling Bell":27,"Dream Catcher":27,"Pantograph":50,"Coffee Dripper":73,"Kunai":60,"StrikeDummy":90,"Unceasing Top":27,"TungstenRod":60,"Red Skull":90,"Pocketwatch":12}],"Unceasing Top":[0],"TungstenRod":35,"Pocketwatch":[105]},"card_choices":[{"not_picked":["Evolve","Sword Boomerang","Sever Soul"],"picked":"SKIP","floor":1.0},{"not_picked":["Dual Wield","Twin Strike","Power Through"],"picked":"SKIP","floor":2.0},{"not_picked":["Cleave","Iron Wave"],"picked":"Pummel","floor":6.0},{"not_picked":["Feel No Pain","Reckless Charge"],"picked":"Inflame","floor":7.0},{"not_picked":["Anger","Rampage","Body Slam"],"picked":"SKIP","floor":8.0},{"not_picked":["Clash","Headbutt"],"picked":"Second Wind","floor":11.0},{"not_picked":["Iron Wave","Armaments"],"picked":"Ghostly Armor","floor":13.0},{"not_picked":["Impervious","Limit Break"],"picked":"Fiend Fire","floor":16.0},{"not_picked":["Clothesline","Dropkick"],"picked":"Flame Barrier+1","floor":18.0},{"not_picked":["Pommel Strike","Havoc","Wild Strike"],"picked":"SKIP","floor":19.0},{"not_picked":["Flex","Uppercut","Pommel Strike"],"picked":"SKIP","floor":20.0},{"not_picked":["Clothesline","Heavy Blade"],"picked":"Burning Pact","floor":21.0},{"not_picked":["Inflame","Juggernaut","Armaments"],"picked":"SKIP","floor":22.0},{"not_picked":["Intimidate+1","Heavy Blade+1"],"picked":"True Grit+1","floor":24.0},{"not_picked":["Inflame","Flex"],"picked":"Body Slam","floor":28.0},{"not_picked":["Combust","Anger+1"],"picked":"Offering","floor":29},{"not_picked":["Perfected Strike","Hemokinesis"],"picked":"Disarm+1","floor":30},{"not_picked":["Bludgeon","Demon Form"],"picked":"Feed","floor":33},{"not_picked":["Infernal Blade","Iron Wave","Anger"],"picked":"SKIP","floor":35},{"not_picked":["Headbutt","Cleave"],"picked":"Shrug It Off+1","floor":37},{"not_picked":["Sword Boomerang","Clothesline","Anger"],"picked":"SKIP","floor":38},{"not_picked":["Sword Boomerang","Flex"],"picked":"Shrug It Off+1","floor":41},{"not_picked":["Pommel Strike","Reckless Charge+1","Perfected Strike"],"picked":"SKIP","floor":44},{"not_picked":["Thunderclap","Ghostly Armor"],"picked":"Evolve","floor":45},{"not_picked":["Bloodletting","Iron Wave","Seeing Red"],"picked":"SKIP","floor":47},{"not_picked":["Clothesline+1","Pummel","Evolve+1"],"picked":"SKIP","floor":48}],"player_experience":495920,"relics_obtained":[{"floor":6.0,"key":"Dead Branch"},{"floor":8.0,"key":"Torii"},{"floor":9.0,"key":"Pocketwatch"},{"floor":11.0,"key":"Gremlin Horn"},{"floor":17.0,"key":"Dream Catcher"},{"floor":17.0,"key":"Eternal Feather"},{"floor":17.0,"key":"Unceasing Top"},{"floor":26.0,"key":"Pantograph"},{"floor":28.0,"key":"TungstenRod"},{"floor":28.0,"key":"Kunai"},{"floor":29,"key":"StoneCalendar"},{"floor":31,"key":"Nilry\u0027s Codex"},{"floor":39,"key":"Mango"},{"floor":41,"key":"Red Skull"},{"floor":43,"key":"StrikeDummy"},{"floor":47,"key":"Bag of Preparation"}],"event_choices":[{"cards_removed":["Strike_R"],"damage_healed":0.0,"max_hp_gain":0.0,"max_hp_loss":0.0,"gold_gain":0.0,"event_name":"The Cleric","player_choice":"Card Removal","floor":3.0,"gold_loss":75.0,"damage_taken":0.0},{"damage_healed":0.0,"max_hp_gain":0.0,"max_hp_loss":0.0,"gold_gain":0.0,"event_name":"Accursed Blacksmith","player_choice":"Forge","floor":5.0,"gold_loss":0.0,"damage_taken":0.0,"cards_upgraded":["Bash"]},{"damage_healed":0.0,"max_hp_gain":0.0,"max_hp_loss":0.0,"gold_gain":0.0,"event_name":"Colosseum","player_choice":"Fight","floor":28.0,"gold_loss":0.0,"damage_taken":0.0},{"damage_healed":0.0,"max_hp_gain":0.0,"max_hp_loss":0.0,"gold_gain":0.0,"event_name":"Colosseum","player_choice":"Fought Nobs","floor":28.0,"gold_loss":0.0,"damage_taken":0.0},{"damage_healed":0,"gold_gain":0,"player_choice":"Obtained Book","damage_taken":21,"max_hp_gain":0,"max_hp_loss":0,"event_name":"Cursed Tome","floor":31,"gold_loss":0},{"damage_healed":0,"gold_gain":0,"player_choice":"Fight","damage_taken":0,"max_hp_gain":0,"max_hp_loss":0,"event_name":"MindBloom","floor":39,"gold_loss":0},{"damage_healed":0,"gold_gain":0,"player_choice":"Ignored","damage_taken":0,"max_hp_gain":0,"max_hp_loss":0,"event_name":"Mysterious Sphere","floor":42,"gold_loss":0},{"damage_healed":0,"gold_gain":0,"player_choice":"Max HP","damage_taken":0,"max_hp_gain":0,"max_hp_loss":4,"event_name":"Winding Halls","floor":46,"gold_loss":0}],"is_beta":false,"boss_relics":[{"not_picked":["Runic Pyramid","Ectoplasm"],"picked":"Calling Bell"},{"not_picked":["Cursed Key","Philosopher\u0027s Stone"],"picked":"Coffee Dripper"}],"items_purged_floors":[14],"is_endless":false,"potions_floor_spawned":[1,7,11,18,20,21,22,29,33,37,38,47],"ascension_level":20}}