{"host":"o2evyl5sbrgotc3u","time":1607960751,"event":{"mods":["AchievementEnabler","BaseMod","Colored Map","DeckTracker","Faster Ascension Climbing","Keyboard Shortcuts","Minty Spire (QoL Compilation)","Permanent Neow","Quick Restart","Relic Stats","StSLib","SuperFastMode","everything is the same but u backflip on backflip"],"gold_per_floor":[115,115,133,58,58,58,73,92,118,118,156,173,209,228,228,334,334,358,457,476,38,38,38,52,52,105,134,143,171,196,235,235,334,634,655,675,751,778,383,383,383],"floor_reached":40,"playtime":1229,"items_purged":["Defend_B","Strike_B","Defend_B"],"score":505,"play_id":"20d61cdd-416a-4388-9eb0-66769a15a4da","local_time":"20201215004551","is_ascension_mode":true,"campfire_choices":[{"data":"Zap","floor":6.0,"key":"SMITH"},{"data":"Dualcast","floor":10.0,"key":"SMITH"},{"floor":15.0,"key":"REST"},{"data":"1","floor":23.0,"key":"LIFT"},{"data":"2","floor":25.0,"key":"LIFT"},{"data":"Defragment","floor":32,"key":"SMITH"}],"circlet_count":0,"master_deck":["Defend_B","Defend_B","Zap+1","Dualcast+1","Scrape","Cold Snap","Go for the Eyes","Gash","Rebound","Undo","Coolheaded","All For One","Gash","Go for the Eyes+1","Steam","Steam","Barrage","BootSequence+1","Beam Cell","Defragment+1","Steam+1","Beam Cell+1","Turbo+1","Flash of Steel","Cold Snap"],"relics":["Cracked Core","Omamori","CeramicFish","Torii","Philosopher\u0027s Stone","Girya","Tiny Chest","Red Mask","Calling Bell","Strawberry","StrikeDummy","Old Coin","Toxic Egg 2","Runic Capacitor"],"acts_visited":["TheCity","TheBeyond"],"potions_floor_usage":[31,33,36],"damage_taken":[{"damage":4.0,"enemies":"Jaw Worm","floor":1.0,"turns":3.0},{"damage":0.0,"enemies":"Small Slimes","floor":3.0,"turns":3.0},{"damage":0.0,"enemies":"Cultist","floor":7.0,"turns":2.0},{"damage":6.0,"enemies":"Large Slime","floor":8.0,"turns":3.0},{"damage":12.0,"enemies":"Lagavulin","floor":11.0,"turns":5.0},{"damage":9.0,"enemies":"3 Louse","floor":12.0,"turns":2.0},{"damage":19.0,"enemies":"3 Sentries","floor":13.0,"turns":6.0},{"damage":7.0,"enemies":"Red Slaver","floor":14.0,"turns":2.0},{"damage":18.0,"enemies":"The Guardian","floor":16.0,"turns":11.0},{"damage":14.0,"enemies":"Spheric Guardian","floor":18.0,"turns":4.0},{"damage":8.0,"enemies":"Chosen","floor":20.0,"turns":3.0},{"damage":10.0,"enemies":"Shelled Parasite and Fungi","floor":24.0,"turns":4.0},{"damage":15.0,"enemies":"Snecko","floor":27.0,"turns":6.0},{"damage":10.0,"enemies":"Snake Plant","floor":29.0,"turns":3.0},{"damage":0.0,"enemies":"Centurion and Healer","floor":30.0,"turns":4.0},{"damage":39,"enemies":"Masked Bandits","floor":31,"turns":6},{"damage":18,"enemies":"Collector","floor":33,"turns":8},{"damage":9,"enemies":"Orb Walker","floor":35,"turns":3},{"damage":28,"enemies":"3 Darklings","floor":36,"turns":6},{"damage":0,"enemies":"Writhing Mass","floor":38,"turns":6},{"damage":52,"enemies":"Reptomancer","floor":40,"turns":6}],"seed_played":"-6352383046046132737","potions_obtained":[{"floor":11.0,"key":"FairyPotion"},{"floor":13.0,"key":"Ancient Potion"},{"floor":14.0,"key":"BlessingOfTheForge"},{"floor":16.0,"key":"EntropicBrew"},{"floor":33,"key":"FocusPotion"},{"floor":35,"key":"GamblersBrew"}],"is_trial":false,"path_per_floor":["M","?","M","$","?","R","M","M","T","R","E","M","E","M","R","B",null,"M","?","M","$","?","R","M","R","T","M","?","M","M","?","R","B",null,"M","M","T","M","$","E"],"character_chosen":"DEFECT","items_purchased":["Steam","Girya","Runic Capacitor","Flash of Steel","Cold Snap"],"campfire_rested":1,"item_purchase_floors":[21,21,39,39,39],"current_hp_per_floor":[71,71,71,71,71,71,71,65,65,65,53,44,25,18,40,22,75,61,61,53,53,39,39,29,29,29,14,14,4,4,23,23,5,87,78,50,50,50,50,0,0],"gold":383,"neow_bonus":"TRANSFORM_CARD","is_daily":false,"chose_seed":false,"campfire_upgraded":3,"win_rate":0.0,"timestamp":1607960751,"path_taken":["M","?","M","$","?","R","M","M","T","R","E","M","E","M","R","BOSS","M","?","M","$","?","R","M","R","T","M","?","M","?","?","R","BOSS","M","M","?","M","$","E"],"items_purchased_type":["Card","Relic","Relic","Card","Card"],"build_version":"2020-12-13","purchased_purges":3,"victory":false,"max_hp_per_floor":[75,75,75,75,75,75,75,75,75,75,75,75,75,75,75,75,75,75,75,75,75,80,80,80,80,80,80,80,80,80,80,80,80,87,87,87,87,87,87,87,87],"relic_stats":{"Torii":26,"counters":[21,96],"CeramicFish":144,"Tiny Chest":1,"obtain_stats":[{"Girya":21,"Torii":13,"CeramicFish":11,"Omamori":9,"Runic Capacitor":39,"Old Coin":34,"Calling Bell":34,"Strawberry":34,"Philosopher\u0027s Stone":17,"Tiny Chest":26,"Red Mask":31,"Toxic Egg 2":37,"Cracked Core":0,"StrikeDummy":34},{"Girya":11,"Torii":7,"CeramicFish":5,"Omamori":4,"Runic Capacitor":20,"Old Coin":17,"Calling Bell":17,"Strawberry":17,"Philosopher\u0027s Stone":9,"Tiny Chest":12,"Red Mask":16,"Toxic Egg 2":19,"Cracked Core":0,"StrikeDummy":17},{"Girya":44,"Torii":24,"CeramicFish":16,"Omamori":11,"Runic Capacitor":90,"Old Coin":75,"Calling Bell":75,"Strawberry":75,"Philosopher\u0027s Stone":37,"Tiny Chest":48,"Red Mask":67,"Toxic Egg 2":84,"Cracked Core":0,"StrikeDummy":75}]},"card_choices":[{"not_picked":["Hologram","Lockon"],"picked":"Cold Snap","floor":1.0},{"not_picked":["Stack","Cold Snap"],"picked":"Go for the Eyes","floor":3.0},{"not_picked":["Double Energy","Self Repair"],"picked":"Gash","floor":7.0},{"not_picked":["Turbo","White Noise"],"picked":"Rebound","floor":8.0},{"not_picked":["Turbo","Hologram"],"picked":"Undo","floor":11.0},{"not_picked":["Compile Driver","Stack","Fusion"],"picked":"SKIP","floor":12.0},{"not_picked":["Amplify","Sunder"],"picked":"Coolheaded","floor":13.0},{"not_picked":["Leap","Scrape","Streamline"],"picked":"SKIP","floor":14.0},{"not_picked":["Machine Learning","Thunder Strike"],"picked":"All For One","floor":16.0},{"not_picked":["Undo","Auto Shields"],"picked":"Gash","floor":18.0},{"not_picked":["Recycle","Chill+1"],"picked":"Go for the Eyes+1","floor":20.0},{"not_picked":["Doom and Gloom+1","Go for the Eyes+1","Rebound"],"picked":"SKIP","floor":24.0},{"not_picked":["Rebound","Sweeping Beam"],"picked":"Steam","floor":27.0},{"not_picked":["Redo","Go for the Eyes"],"picked":"BootSequence+1","floor":29.0},{"not_picked":["Sweeping Beam+1","Leap"],"picked":"Beam Cell","floor":30.0},{"not_picked":["Cold Snap","Aggregate"],"picked":"Defragment","floor":31},{"not_picked":["Defragment","Sunder+1"],"picked":"Steam+1","floor":35},{"not_picked":["White Noise","Stack+1"],"picked":"Beam Cell+1","floor":36},{"not_picked":["Redo+1","Compile Driver+1"],"picked":"Turbo+1","floor":38}],"player_experience":281774,"relics_obtained":[{"floor":9.0,"key":"Omamori"},{"floor":11.0,"key":"CeramicFish"},{"floor":13.0,"key":"Torii"},{"floor":26.0,"key":"Tiny Chest"},{"floor":31,"key":"Red Mask"},{"floor":34,"key":"Strawberry"},{"floor":34,"key":"StrikeDummy"},{"floor":34,"key":"Old Coin"},{"floor":37,"key":"Toxic Egg 2"}],"event_choices":[{"cards_removed":["Strike_B"],"damage_healed":0.0,"max_hp_gain":0.0,"max_hp_loss":0.0,"gold_gain":0.0,"event_name":"Living Wall","player_choice":"Forget","floor":2.0,"gold_loss":0.0,"damage_taken":0.0},{"damage_healed":0.0,"max_hp_gain":0.0,"max_hp_loss":0.0,"gold_gain":0.0,"event_name":"Liars Game","player_choice":"Ignored","floor":5.0,"gold_loss":0.0,"damage_taken":0.0},{"damage_healed":0.0,"max_hp_gain":0.0,"max_hp_loss":0.0,"gold_gain":99.0,"event_name":"Nest","player_choice":"Stole From Cult","floor":19.0,"gold_loss":0.0,"damage_taken":0.0},{"damage_healed":0.0,"max_hp_gain":5.0,"max_hp_loss":0.0,"gold_gain":0.0,"event_name":"Forgotten Altar","player_choice":"Shed Blood","floor":22.0,"gold_loss":0.0,"damage_taken":19.0},{"damage_healed":0.0,"max_hp_gain":0.0,"max_hp_loss":0.0,"gold_gain":0.0,"cards_transformed":["Strike_B"],"event_name":"Transmorgrifier","player_choice":"Transformed","floor":28.0,"gold_loss":0.0,"damage_taken":0.0,"cards_obtained":["Barrage"]},{"damage_healed":0,"gold_gain":0,"player_choice":"Fought Bandits","damage_taken":0,"max_hp_gain":0,"max_hp_loss":0,"event_name":"Masked Bandits","floor":31,"gold_loss":0}],"is_beta":false,"boss_relics":[{"not_picked":["SlaversCollar","Busted Crown"],"picked":"Philosopher\u0027s Stone"},{"not_picked":["Tiny House","Fusion Hammer"],"picked":"Calling Bell"}],"items_purged_floors":[4,21,39],"is_endless":false,"potions_floor_spawned":[11,13,14,16,20,27,33,35],"killed_by":"Reptomancer","ascension_level":4}}