{"host":"mrc3cf8wjlkkqes7","time":1607936346,"event":{"mods":["BaseMod","Downfall","Hermit","Infinite Spire","Minty Spire (QoL Compilation)","Replay The Spire","StSLib","The Cursed","The Servant 0.9.4"],"gold_per_floor":[114,114,39,39,39,39,68,85,130,162,162,176,211,222,222,325,325,339,404,423,423,423,423,11,28,106,134,167,184,30,65,65,163,163,180,198,178,53,72,72,106,118,142,107,107,123,156,173,173,173],"floor_reached":51,"playtime":2685,"items_purged":["Strike_S","Strike_S","Strike_S","Defend_S+1","Defend_S+1"],"score":1052,"play_id":"b7b72b84-5d90-4a64-9d9f-898840c2b7ee","local_time":"20201214025906","is_ascension_mode":true,"campfire_choices":[{"data":"SilverBlades","floor":6.0,"key":"SMITH"},{"data":"Starlight","floor":11.0,"key":"SMITH"},{"floor":15.0,"key":"DIG"},{"floor":23.0,"key":"REST"},{"data":"infinitespire:Collect","floor":32,"key":"SMITH"}],"circlet_count":0,"master_deck":["Defend_S","KidneyShot","Exchange","SpecialFormula+1","Moondial+1","SilverBlades+1","Starlight","SurpressingFire","Starlight+1","FastForward","Ricochet","Starlight","Dilation","Rearm+1","Ricochet","infinitespire:FutureSight","infinitespire:Collect+1","Starlight","Rearm","SurpressingFire","GearUp","Starlight+1","SilverBlades+1","SurpressingFire+1","BottledTime","KillingDoll","StarChef+1","Ricochet","GearUp+1","Contraction","BottledTime","SilverBlades+1","Comet"],"relics":["Uniform","NeowsBlessing","Potion Belt","Boot","War Paint","MealTicket","InkBottle","ChewingGum","Bottled Tornado","Replay:Towering Pillar of Hats","Gremlin Horn","Sundial","Mercury Hourglass","Red Mask","Regal Pillow","Replay:Bronze Core","Calipers","Pantograph","Pen Nib","Replay:Kaleidoscope"],"acts_visited":["Exordium","TheCity","TheBeyond"],"potions_floor_usage":[39,42,50,50],"damage_taken":[{"damage":0.0,"enemies":"Small Slimes","floor":1.0,"turns":1.0},{"damage":0.0,"enemies":"Gremlin Nob","floor":7.0,"turns":1.0},{"damage":0.0,"enemies":"Jaw Worm","floor":8.0,"turns":1.0},{"damage":0.0,"enemies":"Lagavulin","floor":10.0,"turns":7.0},{"damage":0.0,"enemies":"Cultist","floor":12.0,"turns":3.0},{"damage":12.0,"enemies":"Gremlin Nob","floor":13.0,"turns":4.0},{"damage":0.0,"enemies":"Looter","floor":14.0,"turns":2.0},{"damage":0.0,"enemies":"Slime Boss","floor":16.0,"turns":5.0},{"damage":19.0,"enemies":"2 Thieves","floor":18.0,"turns":3.0},{"damage":0.0,"enemies":"Chosen","floor":20.0,"turns":3.0},{"damage":12.0,"enemies":"Shelled Parasite and Fungi","floor":25.0,"turns":3.0},{"damage":25.0,"enemies":"Slavers","floor":27.0,"turns":2.0},{"damage":0,"enemies":"Masked Bandits","floor":28,"turns":2},{"damage":0,"enemies":"Chosen and Byrds","floor":29,"turns":2},{"damage":0,"enemies":"Gremlin Leader","floor":31,"turns":2},{"damage":0,"enemies":"Automaton","floor":33,"turns":5},{"damage":1,"enemies":"3 Darklings","floor":35,"turns":2},{"damage":5,"enemies":"Orb Walker","floor":36,"turns":2},{"damage":0,"enemies":"Maw","floor":39,"turns":4},{"damage":10,"enemies":"R_Hoarder","floor":41,"turns":4},{"damage":0,"enemies":"Sphere and 2 Shapes","floor":42,"turns":2},{"damage":0,"enemies":"Transient","floor":46,"turns":5},{"damage":6,"enemies":"Nemesis","floor":47,"turns":3},{"damage":0,"enemies":"Writhing Mass","floor":48,"turns":3},{"damage":15,"enemies":"Time Eater","floor":50,"turns":5}],"seed_played":"722214752570953606","potions_obtained":[{"floor":10.0,"key":"sneckomod:MuddlingPotion"},{"floor":12.0,"key":"Strength Potion"},{"floor":14.0,"key":"Fruit Juice"},{"floor":18.0,"key":"Swift Potion"},{"floor":19.0,"key":"Milkshake"},{"floor":20.0,"key":"Weak Potion"},{"floor":27.0,"key":"Dexterity Potion"},{"floor":33,"key":"ColorlessPotion"},{"floor":37,"key":"Explosive Potion"},{"floor":46,"key":"Explosive Potion"},{"floor":48,"key":"BlessingOfTheForge"}],"is_trial":false,"path_per_floor":["M","?","$","?","$","R","E","M","T","E","R","M","E","M","R","B",null,"M","?","M","?","AVR","R","$","M","T","E","?","M","$","E","R","B",null,"M","M","?","$","M","AVR","E","M","T","$","?","M","E","M","R","B",null],"character_chosen":"THE_SERVANT","items_purchased":["SilverBlades","Starlight","Gremlin Horn","Rearm","SurpressingFire+1","Contraction"],"campfire_rested":1,"item_purchase_floors":[3,24,24,24,30,44],"current_hp_per_floor":[65,65,65,52,52,52,52,52,52,57,57,65,53,58,58,66,70,59,42,50,33,33,54,69,65,65,40,40,48,63,63,63,70,70,70,70,70,70,70,70,60,68,68,70,70,70,70,70,70,63],"gold":173,"neow_bonus":"THREE_ENEMY_KILL","is_daily":false,"chose_seed":false,"campfire_upgraded":3,"win_rate":0.0,"timestamp":1607936346,"path_taken":["M","?","$","?","?","R","E","M","T","E","R","M","E","M","R","BOSS","M","?","?","?","AVR","R","$","M","T","E","?","M","?","E","R","BOSS","M","M","?","$","M","AVR","E","M","T","?","?","M","E","M","R","BOSS"],"items_purchased_type":["Card","Card","Relic","Card","Card","Card"],"build_version":"2020-12-13","purchased_purges":5,"victory":true,"max_hp_per_floor":[65,65,65,65,65,65,65,65,65,65,65,65,65,70,70,70,70,70,70,70,70,70,70,70,70,70,70,70,70,70,70,70,70,70,70,70,70,70,70,70,70,70,70,70,70,70,70,70,70,70],"card_choices":[{"not_picked":["Deadline","Replace"],"picked":"SpecialFormula","floor":1.0},{"not_picked":["ShiftingGears","ShatteredReality"],"picked":"Starlight","floor":7.0},{"not_picked":["Desolation","TimeWarp"],"picked":"SurpressingFire","floor":8.0},{"not_picked":["Rewind","Luminosity"],"picked":"Starlight","floor":10.0},{"not_picked":["Gouge","Rewind"],"picked":"FastForward","floor":12.0},{"not_picked":["FloweringNight","Rewind"],"picked":"Ricochet","floor":13.0},{"not_picked":["Replace","DoubleEdge"],"picked":"Starlight","floor":14.0},{"not_picked":["ForgedInTime","Initiator"],"picked":"Dilation","floor":16.0},{"not_picked":["Defy","Foresight"],"picked":"Rearm+1","floor":18.0},{"not_picked":["DoubleEdge","Spin"],"picked":"Ricochet","floor":19.0},{"not_picked":["Unruled","Spin+1","Rewind+1"],"picked":"SKIP","floor":20.0},{"not_picked":["ReplayTheSpireMod:Black Plague","infinitespire:Oblivion"],"picked":"infinitespire:FutureSight","floor":21.0},{"not_picked":["Deadline","TimeWarp"],"picked":"SurpressingFire","floor":25.0},{"not_picked":["Unruled","PendulumOfEternity"],"picked":"GearUp","floor":27.0},{"not_picked":["TimeWarp","Spin+1"],"picked":"Starlight+1","floor":28},{"not_picked":["FastForward","DoubleEdge"],"picked":"SilverBlades+1","floor":29},{"not_picked":["Sabotage","Alleviate"],"picked":"BottledTime","floor":31},{"not_picked":["FlawlessForm","Embodiment"],"picked":"KillingDoll","floor":33},{"not_picked":["Rewind","RealityMarble"],"picked":"StarChef+1","floor":35},{"not_picked":["Replace","FastForward","DoubleEdge+1"],"picked":"SKIP","floor":36},{"not_picked":["ShiftingGears","Replace+1"],"picked":"Ricochet","floor":39},{"not_picked":["Potential+1","FastForward+1"],"picked":"GearUp+1","floor":41},{"not_picked":["Rearm+1","TimeWarp","Rewind+1"],"picked":"SKIP","floor":42},{"not_picked":["Deadline+1","Starlight+1"],"picked":"BottledTime","floor":46},{"not_picked":["KillingDoll","BottledTime+1"],"picked":"SilverBlades+1","floor":47},{"not_picked":["BottledTime","FanOfKnives","Manipulate+1"],"picked":"SKIP","floor":48}],"player_experience":197448,"relics_obtained":[{"floor":7.0,"key":"Potion Belt"},{"floor":9.0,"key":"Boot"},{"floor":10.0,"key":"War Paint"},{"floor":13.0,"key":"MealTicket"},{"floor":15.0,"key":"InkBottle"},{"floor":19.0,"key":"Bottled Tornado"},{"floor":26.0,"key":"Sundial"},{"floor":27.0,"key":"Mercury Hourglass"},{"floor":28,"key":"Red Mask"},{"floor":31,"key":"Regal Pillow"},{"floor":41,"key":"Pantograph"},{"floor":43,"key":"Pen Nib"},{"floor":47,"key":"Replay:Kaleidoscope"}],"event_choices":[{"damage_healed":0.0,"max_hp_gain":0.0,"max_hp_loss":0.0,"gold_gain":0.0,"cards_transformed":["Strike_S"],"event_name":"Living Wall","player_choice":"Change","floor":2.0,"gold_loss":0.0,"damage_taken":0.0,"cards_obtained":["Moondial"]},{"damage_healed":0.0,"max_hp_gain":0.0,"max_hp_loss":0.0,"gold_gain":0.0,"event_name":"Shining Light","player_choice":"Entered Light","floor":4.0,"gold_loss":0.0,"damage_taken":13.0,"cards_upgraded":["Moondial","Defend_S"]},{"damage_healed":0,"gold_gain":0,"player_choice":"Fought Bandits","damage_taken":0,"max_hp_gain":0,"max_hp_loss":0,"event_name":"Masked Bandits","floor":28,"gold_loss":0},{"damage_healed":0,"gold_gain":0,"player_choice":"Bought 1 Potion","damage_taken":0,"max_hp_gain":0,"max_hp_loss":0,"event_name":"The Woman in Blue","floor":37,"gold_loss":0}],"is_beta":false,"boss_relics":[{"not_picked":["Fusion Hammer","Replay:Grab Bag"],"picked":"ChewingGum"},{"not_picked":["Black Star","Abe\u0027s Treasure"],"picked":"Replay:Bronze Core"}],"items_purged_floors":[22,24,30,38,40],"is_endless":false,"potions_floor_spawned":[10,12,14,18,20,27,33,46,48],"ascension_level":2}}