{"host":"kntpungskobv1jqb","time":1607957958,"event":{"mods":["BaseMod","Minty Spire (QoL Compilation)","Replay The Spire","StSLib","SuperFastMode"],"gold_per_floor":[110,35,35,88,88,88,120,131,131,131,131,184,109,109,109,198,198,212,172,185,200,115,115,115,115],"floor_reached":24,"playtime":552,"items_purged":["Injury"],"score":323,"play_id":"f87bfbc5-4dc0-4bd3-9189-8713f80a1d2d","local_time":"20201214225918","is_ascension_mode":true,"campfire_choices":[{"data":"Demon Form","floor":6,"key":"SMITH"},{"floor":15,"key":"REST"},{"floor":23,"key":"REST"}],"circlet_count":0,"master_deck":["AscendersBane","Strike_R","Strike_R","Strike_R+1","Strike_R","Strike_R","Defend_R","Defend_R","Defend_R","Bash","Cleave","ReplayTheSpireMod:Limb From Limb","Clash+1","Massacre","Demon Form+1","Cleave","Inflame+1","Bludgeon","ReplayTheSpireMod:Splinters","CommonCold","ReplayTheSpireMod:Splinters","Battle Trance","Clothesline"],"relics":["Burning Blood","Nunchaku","Self Forming Clay","Replay:Mystery Machine","Replay:Bottled Flurry","Golden Idol","Matryoshka","Replay:Ancient Bell","Regal Pillow","ReplayTheSpireMod:Shallot","Ginger","MealTicket"],"acts_visited":["Exordium","TheCity"],"potions_floor_usage":[7,16,24,24],"damage_taken":[{"damage":3,"enemies":"2 Louse","floor":1,"turns":4},{"damage":30,"enemies":"3 Sentries","floor":7,"turns":5},{"damage":6,"enemies":"Cultist","floor":8,"turns":3},{"damage":38,"enemies":"The Guardian","floor":16,"turns":7},{"damage":19,"enemies":"Chosen","floor":18,"turns":4},{"damage":42,"enemies":"3 Byrds","floor":20,"turns":6},{"damage":2,"enemies":"Centurion and Healer","floor":21,"turns":3},{"damage":62,"enemies":"Slavers","floor":24,"turns":5}],"seed_played":"-1958623932096637284","potions_obtained":[{"floor":1,"key":"Dexterity Potion"},{"floor":7,"key":"ColorlessPotion"},{"floor":8,"key":"Explosive Potion"},{"floor":21,"key":"Weak Potion"}],"is_trial":false,"path_per_floor":["M","$","?","?","?","R","E","M","T","$","?","?","$","T","R","B",null,"M","?","M","M","?","R","E"],"character_chosen":"IRONCLAD","items_purchased":["ReplayTheSpireMod:Limb From Limb"],"campfire_rested":2,"item_purchase_floors":[2],"current_hp_per_floor":[71,71,71,71,71,71,47,47,47,47,47,47,47,47,69,37,66,53,53,17,21,21,58,0,0],"gold":115,"neow_bonus":"RANDOM_COMMON_RELIC","is_daily":false,"chose_seed":false,"campfire_upgraded":1,"win_rate":0.0,"timestamp":1607957958,"path_taken":["M","$","?","?","?","R","E","?","T","$","?","?","?","?","R","BOSS","M","?","?","?","?","R","E"],"items_purchased_type":["Card"],"build_version":"2020-11-30","purchased_purges":1,"victory":false,"max_hp_per_floor":[75,75,75,75,75,75,75,75,75,75,75,75,75,75,75,75,75,75,75,75,75,75,75,75,75],"card_choices":[{"not_picked":["Seeing Red","Clash"],"picked":"Cleave","floor":1},{"not_picked":["Combust","Run Through"],"picked":"Massacre","floor":4},{"not_picked":["Armaments","Abandon"],"picked":"Cleave","floor":7},{"not_picked":["Ghostly Armor","Combust"],"picked":"Inflame","floor":8},{"not_picked":["Impervious","Demonic Infusion"],"picked":"Bludgeon","floor":16},{"not_picked":["ReplayTheSpireMod:Faulty Equipment","ReplayTheSpireMod:Doomed"],"picked":"ReplayTheSpireMod:Splinters","floor":17},{"not_picked":["Amnesia","Shame"],"picked":"CommonCold","floor":17},{"not_picked":["Regret","Languid"],"picked":"ReplayTheSpireMod:Splinters","floor":17},{"not_picked":["Armaments","Metallicize","Body Slam"],"picked":"SKIP","floor":18},{"not_picked":["Wild Strike","Combust"],"picked":"Battle Trance","floor":20},{"not_picked":["Body Slam","Abandon"],"picked":"Clothesline","floor":21}],"player_experience":461569,"relics_obtained":[{"floor":4,"key":"Self Forming Clay"},{"floor":7,"key":"Replay:Mystery Machine"},{"floor":9,"key":"Replay:Bottled Flurry"},{"floor":14,"key":"Matryoshka"}],"event_choices":[{"damage_healed":0,"gold_gain":0,"player_choice":"1 cards matched","damage_taken":0,"max_hp_gain":0,"max_hp_loss":0,"event_name":"Match and Keep!","floor":5,"gold_loss":0,"cards_obtained":["Demon Form"]},{"damage_healed":0,"gold_gain":0,"player_choice":"Take Wound","damage_taken":0,"relics_obtained":["Golden Idol"],"max_hp_gain":0,"max_hp_loss":0,"event_name":"Golden Idol","floor":11,"gold_loss":0,"cards_obtained":["Injury"]},{"damage_healed":0,"gold_gain":53,"player_choice":"Gained Gold","damage_taken":0,"max_hp_gain":0,"max_hp_loss":0,"event_name":"Golden Wing","floor":12,"gold_loss":0},{"damage_healed":0,"gold_gain":0,"player_choice":"Upgraded Two","damage_taken":0,"max_hp_gain":0,"max_hp_loss":0,"event_name":"Designer","floor":19,"gold_loss":40,"cards_upgraded":["Inflame","Strike_R"]},{"damage_healed":0,"gold_gain":0,"player_choice":"Obtained Relic","damage_taken":0,"relics_obtained":["MealTicket"],"max_hp_gain":0,"max_hp_loss":0,"event_name":"Addict","floor":22,"gold_loss":85}],"is_beta":false,"boss_relics":[{"not_picked":["Philosopher\u0027s Stone","Calling Bell"],"picked":"Replay:Ancient Bell"},{"not_picked":["Juzu Bracelet","ReplayFunnel"],"picked":"Regal Pillow"},{"not_picked":["Chameleon Ring","Mummified Hand"],"picked":"ReplayTheSpireMod:Shallot"},{"not_picked":["Charon\u0027s Ashes","Turnip"],"picked":"Ginger"}],"items_purged_floors":[13],"is_endless":false,"potions_floor_spawned":[1,7,8,21],"killed_by":"Slavers","ascension_level":14}}