{"host":"Á¤±Û¸µ","time":1607969146,"event":{"mods":["AchievementEnabler","BaseMod","Colored Map","DeckTracker","Highlight Path","Keyboard Shortcuts","Minty Spire (QoL Compilation)","Permanent Neow","Quick Restart","Rare Cards Sparkle","StSLib","SuperFastMode","everything is the same but u backflip on backflip"],"gold_per_floor":[99,99,99,99,99,127,145,145,145,145,145,145,145,145,145,145,145,145],"floor_reached":19,"playtime":853,"items_purged":[],"score":574,"play_id":"3125576c-7232-4b12-b80d-66e7be16c4a0","local_time":"20201215030546","is_ascension_mode":false,"campfire_choices":[{"floor":8,"key":"RECALL"}],"circlet_count":0,"master_deck":[],"relics":["Cracked Core","DataDisk","DataDisk","DataDisk","DataDisk","DataDisk","DataDisk","DataDisk","DataDisk","DataDisk","DataDisk","DataDisk","DataDisk","DataDisk","DataDisk","DataDisk","DataDisk","DataDisk","DataDisk","DataDisk","DataDisk","DataDisk","DataDisk","DataDisk","DataDisk","DataDisk","Unceasing Top","Philosopher\u0027s Stone","Philosopher\u0027s Stone"],"acts_visited":["Exordium","TheEnding","TheBeyond"],"potions_floor_usage":[],"damage_taken":[{"damage":0,"enemies":"Small Slimes","floor":1,"turns":1},{"damage":0,"enemies":"Jaw Worm","floor":2,"turns":1},{"damage":0,"enemies":"Cultist","floor":4,"turns":1},{"damage":0,"enemies":"Lagavulin","floor":6,"turns":1},{"damage":0,"enemies":"Exordium Wildlife","floor":7,"turns":1},{"damage":0,"enemies":"Looter","floor":10,"turns":1},{"damage":0,"enemies":"3 Darklings","floor":11,"turns":1},{"damage":0,"enemies":"Maw","floor":14,"turns":1},{"damage":0,"enemies":"Nemesis","floor":16,"turns":1},{"damage":0,"enemies":"Donu and Deca","floor":18,"turns":1}],"seed_played":"1256996331119011516","potions_obtained":[{"floor":7,"key":"Block Potion"}],"is_trial":false,"path_per_floor":["M","M","?","M","?","E","M","R","T","M","M","?","?","M","$","E","M","B",null],"character_chosen":"DEFECT","items_purchased":[],"campfire_rested":0,"item_purchase_floors":[],"current_hp_per_floor":[75,75,75,75,75,75,75,75,75,75,75,71,71,71,71,71,71,71],"gold":145,"neow_bonus":"REMOVE_CARD","is_daily":false,"chose_seed":false,"campfire_upgraded":0,"win_rate":0.0,"timestamp":1607969146,"path_taken":["M","M","?","M","?","E","M","R","T","M","M","?","?","M","$","E","?","BOSS"],"items_purchased_type":[],"build_version":"2020-12-07","purchased_purges":0,"victory":true,"max_hp_per_floor":[75,75,75,75,75,75,75,75,75,75,75,71,71,71,71,71,71,71],"card_choices":[{"not_picked":["Heatsinks","Rebound","Go for the Eyes"],"picked":"SKIP","floor":1},{"not_picked":["Tempest","Barrage","BootSequence"],"picked":"SKIP","floor":2},{"not_picked":["Self Repair","Turbo","Stack"],"picked":"SKIP","floor":4},{"not_picked":["Cold Snap","Reprogram","Reboot"],"picked":"SKIP","floor":6},{"not_picked":["Streamline","Glacier","Doom and Gloom"],"picked":"SKIP","floor":7},{"not_picked":["Fusion","Sunder+1","Leap+1"],"picked":"SKIP","floor":11},{"not_picked":["Sweeping Beam+1","Leap+1","Steam Power+1"],"picked":"SKIP","floor":14},{"not_picked":["Cold Snap+1","Conserve Battery","Steam"],"picked":"SKIP","floor":16}],"player_experience":468773,"relics_obtained":[],"event_choices":[{"damage_healed":0,"gold_gain":0,"player_choice":"Leave","damage_taken":0,"max_hp_gain":0,"max_hp_loss":0,"event_name":"The Cleric","floor":5,"gold_loss":0},{"damage_healed":0,"gold_gain":0,"player_choice":"Max HP","damage_taken":0,"max_hp_gain":0,"max_hp_loss":4,"event_name":"Winding Halls","floor":12,"gold_loss":0},{"damage_healed":0,"gold_gain":0,"player_choice":"Ignored","damage_taken":0,"max_hp_gain":0,"max_hp_loss":0,"event_name":"Golden Shrine","floor":13,"gold_loss":0},{"damage_healed":0,"gold_gain":0,"player_choice":"Took Portal","damage_taken":0,"max_hp_gain":0,"max_hp_loss":0,"event_name":"SecretPortal","floor":17,"gold_loss":0}],"is_beta":true,"boss_relics":[],"items_purged_floors":[],"is_endless":false,"potions_floor_spawned":[1,4,7,10,16],"ascension_level":0}}