{"host":"6qo42zgaknezulyg","time":1607960759,"event":{"mods":["2.2 Compatiblity","BaseMod","Keyboard Shortcuts","Minty Spire (QoL Compilation)","Permanent Neow","Quick Restart","StSLib","SuperFastMode","The Cursed"],"gold_per_floor":[17,33,44,44,24,24,50,50,98,23,51,51,67,67,67,140,140,155,155,175,100,114,114,114,140,140,140,159,172,185,214,214,288,288,303,328,328,348,360,360,360,360,436,450,500,527,527,559,559,559,559],"floor_reached":52,"playtime":3561,"items_purged":["TheCursedMod:Strike_TheCursed"],"score":1970,"play_id":"1c32bd27-a158-43bd-9a80-715967385247","local_time":"20201215004559","is_ascension_mode":true,"campfire_choices":[{"data":"Apotheosis","floor":6.0,"key":"SMITH"},{"floor":8.0,"key":"REST"},{"data":"TheCursedMod:SpitefulPlan","floor":12.0,"key":"SMITH"},{"data":"TheCursedMod:DoubleShield","floor":15.0,"key":"SMITH"},{"floor":23.0,"key":"REST"},{"floor":27.0,"key":"REST"},{"floor":32.0,"key":"REST"},{"floor":40.0,"key":"REST"},{"data":"TheCursedMod:CursedMace","floor":42.0,"key":"SMITH"},{"floor":47.0,"key":"REST"},{"data":"TheCursedMod:HellsGateOpen","floor":49.0,"key":"SMITH"}],"circlet_count":0,"master_deck":["AscendersBane","TheCursedMod:Strike_TheCursed","TheCursedMod:Defend_TheCursed","TheCursedMod:Defend_TheCursed","TheCursedMod:Defend_TheCursed","TheCursedMod:Defend_TheCursed","TheCursedMod:CursedWand","TheCursedMod:CleanUpWorkshop","TheCursedMod:Dregs","Apotheosis+1","TheCursedMod:RavingStaff","TheCursedMod:WearCloak","TheCursedMod:CursedMace+1","TheCursedMod:AntiAging","TheCursedMod:DoubleShield+1","TheCursedMod:FleshFromBone","TheCursedMod:SpitefulPlan+1","TheCursedMod:ShockAndAwe","TheCursedMod:WearCloak","TheCursedMod:Obscuration","TheCursedMod:AbyssShockwave","TheCursedMod:CircleOfAbyss","TheCursedMod:AshesToAshes","TheCursedMod:CursedStaff","TheCursedMod:CircleOfAbyss","TheCursedMod:RavingStaff+1","TheCursedMod:SpitefulStrike+1","TheCursedMod:HellsGateOpen+1"],"relics":["TheCursedMod:BlackMagic101","TheCursedMod:DemonicMark","Pen Nib","Omamori","TheCursedMod:OminousMark","Bottled Tornado","Sundial","Lizard Tail","Busted Crown","TheCursedMod:CrystalBall","Gremlin Horn","TungstenRod","StrikeDummy","Mummified Hand"],"acts_visited":["Exordium","TheCity","TheBeyond"],"potions_floor_usage":[],"damage_taken":[{"damage":1.0,"enemies":"Jaw Worm","floor":1.0,"turns":5.0},{"damage":11.0,"enemies":"2 Louse","floor":2.0,"turns":2.0},{"damage":0.0,"enemies":"Small Slimes","floor":3.0,"turns":3.0},{"damage":11.0,"enemies":"Exordium Thugs","floor":5.0,"turns":4.0},{"damage":13.0,"enemies":"Gremlin Nob","floor":7.0,"turns":4.0},{"damage":28.0,"enemies":"3 Sentries","floor":11.0,"turns":10.0},{"damage":10.0,"enemies":"Lots of Slimes","floor":13.0,"turns":11.0},{"damage":12.0,"enemies":"Hexaghost","floor":16.0,"turns":9.0},{"damage":2.0,"enemies":"Shell Parasite","floor":18.0,"turns":6.0},{"damage":0.0,"enemies":"Chosen","floor":20.0,"turns":3.0},{"damage":8.0,"enemies":"Sentry and Sphere","floor":22.0,"turns":6.0},{"damage":42.0,"enemies":"Gremlin Leader","floor":25.0,"turns":5.0},{"damage":1.0,"enemies":"Snecko","floor":28.0,"turns":4.0},{"damage":4.0,"enemies":"Snake Plant","floor":29.0,"turns":5.0},{"damage":1.0,"enemies":"Centurion and Healer","floor":30.0,"turns":12.0},{"damage":17.0,"enemies":"Book of Stabbing","floor":31.0,"turns":5.0},{"damage":54.0,"enemies":"Collector","floor":33.0,"turns":9.0},{"damage":28.0,"enemies":"3 Shapes","floor":35.0,"turns":6.0},{"damage":0.0,"enemies":"Mind Bloom Boss Battle","floor":36.0,"turns":3.0},{"damage":8.0,"enemies":"3 Darklings","floor":38.0,"turns":4.0},{"damage":6.0,"enemies":"Jaw Worm Horde","floor":39.0,"turns":4.0},{"damage":7.0,"enemies":"4 Shapes","floor":44.0,"turns":4.0},{"damage":7.0,"enemies":"2 Orb Walkers","floor":45.0,"turns":3.0},{"damage":11.0,"enemies":"Giant Head","floor":46.0,"turns":6.0},{"damage":0.0,"enemies":"Nemesis","floor":48.0,"turns":5.0},{"damage":38.0,"enemies":"Time Eater","floor":50.0,"turns":7.0},{"damage":10,"enemies":"Donu and Deca","floor":51,"turns":10}],"seed_played":"737137695858804318","potions_obtained":[{"floor":3.0,"key":"ColorlessPotion"},{"floor":7.0,"key":"Strength Potion"},{"floor":11.0,"key":"SpeedPotion"},{"floor":20.0,"key":"ColorlessPotion"},{"floor":22.0,"key":"AttackPotion"},{"floor":29.0,"key":"Regen Potion"},{"floor":35.0,"key":"PowerPotion"},{"floor":36.0,"key":"DuplicationPotion"},{"floor":45.0,"key":"Weak Potion"}],"is_trial":false,"path_per_floor":["M","M","M","?","M","R","E","R","T","$","E","R","M","?","R","B",null,"M","?","M","?","M","R","?","E","T","R","M","M","M","E","R","B",null,"M","?","?","M","M","R","?","R","T","M","?","E","R","E","R","B","B",null],"character_chosen":"THE_CURSED","items_purchased":[],"campfire_rested":6,"item_purchase_floors":[],"current_hp_per_floor":[63,52,52,52,43,43,30,51,51,51,25,25,18,18,18,9,63,61,61,61,61,53,77,77,35,35,59,60,56,58,44,70,16,71,58,58,58,50,46,73,91,91,91,84,77,69,94,96,96,58,48],"gold":559,"neow_bonus":"RANDOM_COLORLESS_2","is_daily":false,"chose_seed":false,"campfire_upgraded":5,"win_rate":0.0,"timestamp":1607960759,"path_taken":["M","M","M","?","M","R","E","R","T","$","E","R","M","?","R","BOSS","M","?","M","?","M","R","?","E","T","R","?","M","?","E","R","BOSS","M","?","?","M","M","R","?","R","T","M","?","E","R","E","R","BOSS","BOSS"],"items_purchased_type":[],"build_version":"2020-12-13","purchased_purges":1,"victory":true,"max_hp_per_floor":[71,71,71,71,73,73,73,73,73,73,75,75,78,78,78,81,81,81,81,81,81,81,81,81,81,81,81,83,83,86,89,89,89,89,89,89,89,89,91,91,91,91,91,91,91,94,94,96,96,96,96],"card_choices":[{"not_picked":["Mayhem","Magnetism"],"picked":"Apotheosis","floor":0.0},{"not_picked":["TheCursedMod:Stigma","TheCursedMod:CircleOfFlame"],"picked":"TheCursedMod:RavingStaff","floor":1.0},{"not_picked":["TheCursedMod:CircleOfFlame","TheCursedMod:CircleOfAmplification"],"picked":"TheCursedMod:WearCloak","floor":2.0},{"not_picked":["TheCursedMod:LuckyCharm","TheCursedMod:CircleOfWindfury"],"picked":"TheCursedMod:CursedMace","floor":3.0},{"not_picked":["TheCursedMod:CursedBlade","TheCursedMod:Wield"],"picked":"TheCursedMod:DoubleShield","floor":5.0},{"not_picked":["TheCursedMod:StingEye","TheCursedMod:VitalStrike"],"picked":"TheCursedMod:FleshFromBone","floor":7.0},{"not_picked":["TheCursedMod:SmokeScreen","TheCursedMod:CircleOfWindfury"],"picked":"TheCursedMod:SpitefulPlan","floor":11.0},{"not_picked":["TheCursedMod:UltimatePain","TheCursedMod:CursedMace","TheCursedMod:RavingStaff"],"picked":"SKIP","floor":13.0},{"not_picked":["TheCursedMod:UltimatePain","TheCursedMod:CursedMace","TheCursedMod:RavingStaff"],"picked":"SKIP","floor":13.0},{"not_picked":["TheCursedMod:CircleOfAbyss","TheCursedMod:ParallelWorld"],"picked":"TheCursedMod:ShockAndAwe","floor":16.0},{"not_picked":["TheCursedMod:CircleOfCorruption","TheCursedMod:CircleOfFlame"],"picked":"TheCursedMod:WearCloak","floor":18.0},{"not_picked":["TheCursedMod:CircleOfAmplification","TheCursedMod:HellfireBreathing"],"picked":"TheCursedMod:Obscuration","floor":20.0},{"not_picked":["TheCursedMod:CursedShiv","TheCursedMod:CursedBoomerang","TheCursedMod:CircleOfWindfury"],"picked":"SKIP","floor":22.0},{"not_picked":["TheCursedMod:SoulReap","TheCursedMod:SpitefulStrike"],"picked":"TheCursedMod:CircleOfAbyss","floor":25.0},{"not_picked":["TheCursedMod:Obscuration+1","TheCursedMod:FleshFromBone"],"picked":"TheCursedMod:AshesToAshes","floor":28.0},{"not_picked":["TheCursedMod:CursedBlade","TheCursedMod:Stretching","TheCursedMod:Wield"],"picked":"SKIP","floor":29.0},{"not_picked":["TheCursedMod:CursedBlade","TheCursedMod:Stretching","TheCursedMod:Wield"],"picked":"SKIP","floor":29.0},{"not_picked":["TheCursedMod:CursedBlade","TheCursedMod:Stretching","TheCursedMod:Wield"],"picked":"SKIP","floor":29.0},{"not_picked":["TheCursedMod:CursedAmulet","TheCursedMod:BloodBarrier"],"picked":"TheCursedMod:CursedStaff","floor":30.0},{"not_picked":["TheCursedMod:StingEye","TheCursedMod:FuryStrike"],"picked":"TheCursedMod:HellfireBreathing","floor":31.0},{"not_picked":["TheCursedMod:ShockAndAwe","TheCursedMod:Neurasthenia"],"picked":"TheCursedMod:CircleOfAbyss","floor":33.0},{"not_picked":["TheCursedMod:Stigma"],"picked":"SKIP","floor":35.0},{"not_picked":[],"picked":"TheCursedMod:RavingStaff+1","floor":36.0},{"not_picked":["TheCursedMod:Hemoplague"],"picked":"SKIP","floor":38.0},{"not_picked":[],"picked":"TheCursedMod:SpitefulStrike+1","floor":39.0},{"not_picked":["TheCursedMod:RavingStaff"],"picked":"SKIP","floor":44.0},{"not_picked":[],"picked":"TheCursedMod:HellsGateOpen","floor":45.0},{"not_picked":["TheCursedMod:CursedMace"],"picked":"SKIP","floor":46.0},{"not_picked":["TheCursedMod:CursedArmor"],"picked":"SKIP","floor":48.0}],"player_experience":788246,"relics_obtained":[{"floor":7.0,"key":"TheCursedMod:DemonicMark"},{"floor":9.0,"key":"Pen Nib"},{"floor":11.0,"key":"Omamori"},{"floor":25.0,"key":"Bottled Tornado"},{"floor":26.0,"key":"Sundial"},{"floor":31.0,"key":"Lizard Tail"},{"floor":36.0,"key":"TheCursedMod:CrystalBall"},{"floor":43.0,"key":"Gremlin Horn"},{"floor":45.0,"key":"TungstenRod"},{"floor":46.0,"key":"StrikeDummy"},{"floor":48.0,"key":"Mummified Hand"}],"event_choices":[{"damage_healed":0.0,"max_hp_gain":0.0,"max_hp_loss":0.0,"gold_gain":0.0,"cards_transformed":["TheCursedMod:Strike_TheCursed"],"event_name":"Living Wall","player_choice":"Change","floor":4.0,"gold_loss":0.0,"damage_taken":0.0,"cards_obtained":["TheCursedMod:AntiAging"]},{"damage_healed":0.0,"max_hp_gain":0.0,"max_hp_loss":0.0,"gold_gain":0.0,"event_name":"Scrap Ooze","player_choice":"Fled","floor":14.0,"gold_loss":0.0,"damage_taken":0.0},{"damage_healed":0.0,"max_hp_gain":0.0,"max_hp_loss":0.0,"gold_gain":0.0,"event_name":"Ghosts","player_choice":"Ignored","floor":19.0,"gold_loss":0.0,"damage_taken":0.0},{"cards_removed":["TheCursedMod:Strike_TheCursed"],"damage_healed":0.0,"max_hp_gain":0.0,"max_hp_loss":0.0,"gold_gain":0.0,"event_name":"Beggar","player_choice":"Gave Gold","floor":21.0,"gold_loss":75.0,"damage_taken":0.0},{"damage_healed":0.0,"max_hp_gain":0.0,"max_hp_loss":0.0,"gold_gain":0.0,"event_name":"The Library","player_choice":"Read","floor":24.0,"gold_loss":0.0,"damage_taken":0.0,"cards_obtained":["TheCursedMod:AbyssShockwave"]},{"damage_healed":0.0,"max_hp_gain":0.0,"max_hp_loss":0.0,"gold_gain":0.0,"event_name":"MindBloom","player_choice":"Fight","floor":36.0,"gold_loss":0.0,"damage_taken":0.0},{"cards_removed":["TheCursedMod:HellfireBreathing"],"damage_healed":0.0,"max_hp_gain":0.0,"max_hp_loss":0.0,"gold_gain":0.0,"event_name":"Falling","player_choice":"Removed Power","floor":37.0,"gold_loss":0.0,"damage_taken":0.0},{"damage_healed":18.0,"max_hp_gain":0.0,"max_hp_loss":0.0,"gold_gain":0.0,"event_name":"Winding Halls","player_choice":"Writhe","floor":41.0,"gold_loss":0.0,"damage_taken":0.0,"cards_obtained":["Writhe"]},{"damage_healed":0.0,"max_hp_gain":0.0,"max_hp_loss":0.0,"gold_gain":0.0,"event_name":"Mysterious Sphere","player_choice":"Fight","floor":45.0,"gold_loss":0.0,"damage_taken":0.0}],"is_beta":false,"boss_relics":[{"not_picked":["SacredBark","Philosopher\u0027s Stone"],"picked":"TheCursedMod:OminousMark"},{"not_picked":["TheCursedMod:FourLeafCloverCharm","Black Star"],"picked":"Busted Crown"}],"items_purged_floors":[10],"is_endless":false,"potions_floor_spawned":[3,7,11,13,20,22,29,35,36,45,48],"ascension_level":20}}