{"host":"hszimsrtxxc2k25w","time":1607978716,"event":{"mods":["AchievementEnabler","BaseMod","Colored Map","DeckTracker","Minty Spire (QoL Compilation)","Rare Cards Sparkle","SuperFastMode"],"gold_per_floor":[119,119,119,119,69,102,102,116,188,211,227,252,270,300,300,419,419,435,534,554,479,502,502,520,193,216,234,265,288,288,303,303,426,426,449,512,512,580,596,596,620,644,644,658,677,677,691,707,707,707],"floor_reached":51,"playtime":2104,"items_purged":["Strike_P","Defend_P"],"score":1125,"play_id":"7e2077dc-2d9e-4149-9bfe-b8d87b003645","local_time":"20201215054516","is_ascension_mode":true,"campfire_choices":[{"data":"Eruption","floor":7.0,"key":"SMITH"},{"data":"Adaptation","floor":15.0,"key":"SMITH"},{"floor":23.0,"key":"REST"},{"floor":30.0,"key":"REST"},{"data":"Scrawl","floor":32.0,"key":"SMITH"},{"floor":40.0,"key":"REST"},{"floor":49,"key":"REST"}],"circlet_count":0,"master_deck":["AscendersBane","Strike_P","Strike_P+1","Defend_P","Defend_P","Eruption+1","Vigilance","FlurryOfBlows","WheelKick","Adaptation+1","FearNoEvil","Scrawl+1","CrushJoints","EmptyFist+1","Tantrum+1","EmptyMind+1","TalkToTheHand","Vault","MentalFortress","MentalFortress"],"relics":["PureWater","NeowsBlessing","Golden Idol","Matryoshka","Pocketwatch","Lantern","Pantograph","Odd Mushroom","Runic Pyramid","Lee\u0027s Waffle","Strawberry","Whetstone","Happy Flower","Regal Pillow","Cursed Key","CaptainsWheel","Shovel"],"acts_visited":["Exordium","TheCity","TheBeyond"],"potions_floor_usage":[50,50],"damage_taken":[{"damage":0.0,"enemies":"Jaw Worm","floor":1.0,"turns":1.0},{"damage":0.0,"enemies":"Gremlin Nob","floor":6.0,"turns":1.0},{"damage":0.0,"enemies":"2 Louse","floor":8.0,"turns":1.0},{"damage":0.0,"enemies":"Small Slimes","floor":10.0,"turns":1.0},{"damage":14.0,"enemies":"Exordium Wildlife","floor":11.0,"turns":2.0},{"damage":0.0,"enemies":"Large Slime","floor":12.0,"turns":4.0},{"damage":8.0,"enemies":"Blue Slaver","floor":13.0,"turns":3.0},{"damage":10.0,"enemies":"The Mushroom Lair","floor":14.0,"turns":2.0},{"damage":12.0,"enemies":"The Guardian","floor":16.0,"turns":7.0},{"damage":0.0,"enemies":"Chosen","floor":18.0,"turns":3.0},{"damage":28.0,"enemies":"2 Thieves","floor":20.0,"turns":3.0},{"damage":12.0,"enemies":"Cultist and Chosen","floor":22.0,"turns":3.0},{"damage":4.0,"enemies":"3 Cultists","floor":24.0,"turns":3.0},{"damage":4.0,"enemies":"Snake Plant","floor":27.0,"turns":3.0},{"damage":53.0,"enemies":"Slavers","floor":28.0,"turns":4.0},{"damage":0.0,"enemies":"Cultist and Chosen","floor":31.0,"turns":2.0},{"damage":0.0,"enemies":"Collector","floor":33.0,"turns":4.0},{"damage":3.0,"enemies":"3 Darklings","floor":35.0,"turns":3.0},{"damage":0.0,"enemies":"Mind Bloom Boss Battle","floor":36.0,"turns":2.0},{"damage":15.0,"enemies":"2 Orb Walkers","floor":38.0,"turns":3.0},{"damage":26.0,"enemies":"3 Shapes","floor":39.0,"turns":3.0},{"damage":11.0,"enemies":"Maw","floor":41.0,"turns":6.0},{"damage":0.0,"enemies":"Jaw Worm Horde","floor":42.0,"turns":4.0},{"damage":0.0,"enemies":"3 Darklings","floor":44.0,"turns":3.0},{"damage":0.0,"enemies":"Transient","floor":45.0,"turns":5.0},{"damage":15.0,"enemies":"Sphere and 2 Shapes","floor":47.0,"turns":4.0},{"damage":32,"enemies":"Jaw Worm Horde","floor":48,"turns":4},{"damage":9,"enemies":"Awakened One","floor":50,"turns":7}],"seed_played":"-2014171160414427981","potions_obtained":[{"floor":6.0,"key":"FairyPotion"},{"floor":8.0,"key":"Strength Potion"},{"floor":12.0,"key":"Explosive Potion"},{"floor":16.0,"key":"FearPotion"},{"floor":18.0,"key":"Swift Potion"},{"floor":27.0,"key":"Ancient Potion"},{"floor":28.0,"key":"FearPotion"},{"floor":33.0,"key":"Regen Potion"},{"floor":48,"key":"StancePotion"}],"is_trial":false,"path_per_floor":["M","?","?","T","?","E","R","M","T","M","M","M","M","?","R","B",null,"M","?","M","$","M","R","M","$","T","M","E","T","R","M","R","B",null,"M","?","?","?","M","R","M","M","T","M","M","T","M","M","R","B",null],"character_chosen":"WATCHER","items_purchased":["Lee\u0027s Waffle","TalkToTheHand"],"campfire_rested":4,"item_purchase_floors":[25,25],"current_hp_per_floor":[65,47,47,47,47,47,47,47,47,47,33,33,25,15,15,28,61,61,61,33,33,21,42,38,79,86,82,29,29,69,69,69,86,86,83,86,86,71,45,85,74,74,74,74,74,74,59,27,67,81],"gold":707,"neow_bonus":"THREE_ENEMY_KILL","is_daily":false,"chose_seed":false,"campfire_upgraded":3,"win_rate":0.0,"timestamp":1607978716,"path_taken":["M","?","?","?","?","E","R","M","T","?","M","M","M","?","R","BOSS","M","?","M","$","M","R","M","$","T","M","E","?","R","M","R","BOSS","M","?","?","?","?","R","M","M","T","M","M","?","M","M","R","BOSS"],"items_purchased_type":["Relic","Card"],"build_version":"2020-12-13","purchased_purges":2,"victory":true,"max_hp_per_floor":[72,72,72,72,72,72,72,72,72,72,72,72,72,72,72,72,72,72,72,72,72,72,72,72,79,86,86,86,86,86,86,86,86,86,86,86,86,86,86,86,86,86,86,86,86,86,86,86,86,86],"card_choices":[{"not_picked":["Prostrate","EmptyBody"],"picked":"FlurryOfBlows","floor":1.0},{"not_picked":["Protect","WaveOfTheHand","Crescendo"],"picked":"SKIP","floor":6.0},{"not_picked":["ClearTheMind","Protect"],"picked":"WheelKick","floor":8.0},{"not_picked":["Crescendo","SashWhip"],"picked":"Adaptation","floor":10.0},{"not_picked":["Fasting2","FlurryOfBlows","Consecrate"],"picked":"SKIP","floor":11.0},{"not_picked":["SashWhip","FollowUp","FlurryOfBlows"],"picked":"SKIP","floor":12.0},{"not_picked":["JustLucky","Consecrate"],"picked":"FearNoEvil","floor":13.0},{"not_picked":["Blasphemy","Establishment"],"picked":"Scrawl","floor":16.0},{"not_picked":["PathToVictory","Crescendo"],"picked":"CrushJoints","floor":18.0},{"not_picked":["ForeignInfluence+1","Collect"],"picked":"EmptyFist+1","floor":20.0},{"not_picked":["Brilliance","FlyingSleeves"],"picked":"Tantrum","floor":22.0},{"not_picked":["CutThroughFate+1","SashWhip"],"picked":"EmptyMind+1","floor":24.0},{"not_picked":["BattleHymn","Pray+1","PathToVictory"],"picked":"SKIP","floor":27.0},{"not_picked":["BowlingBash","FlurryOfBlows","CrushJoints"],"picked":"SKIP","floor":28.0},{"not_picked":["EmptyBody","Tantrum+1","JustLucky"],"picked":"SKIP","floor":31.0},{"not_picked":["Conclude+1","DeceiveReality","ClearTheMind+1"],"picked":"SKIP","floor":35.0},{"not_picked":["FlurryOfBlows","CrushJoints+1"],"picked":"Vault","floor":39.0},{"not_picked":["ForeignInfluence+1","EmptyFist+1","WaveOfTheHand+1"],"picked":"SKIP","floor":41.0},{"not_picked":["Study+1","Crescendo+1","Consecrate"],"picked":"SKIP","floor":42.0},{"not_picked":["Nirvana+1","WheelKick+1","Blasphemy"],"picked":"SKIP","floor":44.0},{"not_picked":["Nirvana+1","WheelKick"],"picked":"MentalFortress","floor":45.0},{"not_picked":["DeceiveReality+1","Swivel+1","EmptyFist"],"picked":"SKIP","floor":47.0},{"not_picked":["FearNoEvil+1","SignatureMove+1"],"picked":"MentalFortress","floor":48}],"player_experience":585111,"relics_obtained":[{"floor":4.0,"key":"Matryoshka"},{"floor":6.0,"key":"Pocketwatch"},{"floor":9.0,"key":"Lantern"},{"floor":9.0,"key":"Pantograph"},{"floor":14.0,"key":"Odd Mushroom"},{"floor":26.0,"key":"Strawberry"},{"floor":26.0,"key":"Whetstone"},{"floor":28.0,"key":"Happy Flower"},{"floor":29.0,"key":"Regal Pillow"},{"floor":36.0,"key":"CaptainsWheel"},{"floor":38.0,"key":"Shovel"}],"event_choices":[{"damage_healed":0.0,"max_hp_gain":0.0,"max_hp_loss":0.0,"gold_gain":0.0,"event_name":"Golden Idol","player_choice":"Take Damage","floor":2.0,"gold_loss":0.0,"damage_taken":18.0,"relics_obtained":["Golden Idol"]},{"cards_removed":["Strike_P"],"damage_healed":0.0,"max_hp_gain":0.0,"max_hp_loss":0.0,"gold_gain":0.0,"event_name":"Living Wall","player_choice":"Forget","floor":3.0,"gold_loss":0.0,"damage_taken":0.0},{"cards_removed":["Defend_P"],"damage_healed":0.0,"max_hp_gain":0.0,"max_hp_loss":0.0,"gold_gain":0.0,"event_name":"The Cleric","player_choice":"Card Removal","floor":5.0,"gold_loss":50.0,"damage_taken":0.0},{"damage_healed":0.0,"max_hp_gain":0.0,"max_hp_loss":0.0,"gold_gain":0.0,"event_name":"Mushrooms","player_choice":"Fought Mushrooms","floor":14.0,"gold_loss":0.0,"damage_taken":0.0},{"damage_healed":0.0,"max_hp_gain":0.0,"max_hp_loss":0.0,"gold_gain":99.0,"event_name":"Nest","player_choice":"Stole From Cult","floor":19.0,"gold_loss":0.0,"damage_taken":0.0},{"damage_healed":0.0,"max_hp_gain":0.0,"max_hp_loss":0.0,"gold_gain":0.0,"event_name":"MindBloom","player_choice":"Fight","floor":36.0,"gold_loss":0.0,"damage_taken":0.0},{"damage_healed":0.0,"max_hp_gain":0.0,"max_hp_loss":0.0,"gold_gain":0.0,"event_name":"Tomb of Lord Red Mask","player_choice":"Ignored","floor":37.0,"gold_loss":0.0,"damage_taken":0.0},{"damage_healed":0.0,"max_hp_gain":0.0,"max_hp_loss":0.0,"gold_gain":0.0,"event_name":"Mysterious Sphere","player_choice":"Fight","floor":38.0,"gold_loss":0.0,"damage_taken":0.0}],"is_beta":false,"boss_relics":[{"not_picked":["VioletLotus","SlaversCollar"],"picked":"Runic Pyramid"},{"not_picked":["HolyWater","Fusion Hammer"],"picked":"Cursed Key"}],"items_purged_floors":[21,25],"is_endless":false,"potions_floor_spawned":[6,8,12,16,18,27,28,33,36,38,39,41,48],"ascension_level":10}}