{"host":"2ejh8pm4r3nhfji7","time":1607987471,"event":{"mods":["2.2 Compatiblity","AchievementEnabler","BaseMod","Better Third Choice","Better Vampires","Block Reminder","Colored Map","Colored Powertips","Hermit","Minty Spire (QoL Compilation)","Rare Cards Sparkle","StSLib"],"gold_per_floor":[119,133,133,133,88,109,124,167,167,167,190,190,204,224,224,344,344,357,42,42,60,60,60],"floor_reached":22,"playtime":2294,"items_purged":[],"score":188,"play_id":"58e1ab76-6a39-49c8-bd01-4b0bc28ba18b","local_time":"20201214211111","is_ascension_mode":false,"campfire_choices":[{"floor":12,"key":"REST"},{"floor":15,"key":"REST"}],"circlet_count":0,"master_deck":["hermit:Strike_Hermit","hermit:Strike_Hermit","hermit:Strike_Hermit","hermit:Strike_Hermit","hermit:Defend_Hermit","hermit:Defend_Hermit","hermit:Defend_Hermit","hermit:Defend_Hermit","hermit:Snapshot","hermit:Covet","hermit:HighCaliber","hermit:Midnight","Apotheosis+1","hermit:TrackingShot","hermit:CalledShot","hermit:GoldenBullet","hermit:Snipe","hermit:Vantage","hermit:Snipe","hermit:TakeCover","hermit:Dissolve","hermit:Showdown","Violence","hermit:FlashPowder+1"],"relics":["hermit:ClaspedLocket","Golden Idol","Potion Belt","Pen Nib","CultistMask","Bag of Marbles"],"acts_visited":["Exordium","TheCity"],"potions_floor_usage":[7,16,16],"damage_taken":[{"damage":10,"enemies":"Cultist","floor":1,"turns":7},{"damage":0,"enemies":"2 Louse","floor":2,"turns":2},{"damage":2,"enemies":"Small Slimes","floor":6,"turns":3},{"damage":18,"enemies":"3 Louse","floor":7,"turns":3},{"damage":14,"enemies":"3 Sentries","floor":8,"turns":4},{"damage":6,"enemies":"Red Slaver","floor":11,"turns":4},{"damage":9,"enemies":"Lots of Slimes","floor":13,"turns":2},{"damage":0,"enemies":"3 Louse","floor":14,"turns":3},{"damage":72,"enemies":"Hexaghost","floor":16,"turns":10},{"damage":16,"enemies":"Chosen","floor":18,"turns":6},{"damage":15,"enemies":"Shell Parasite","floor":21,"turns":4},{"damage":48,"enemies":"Centurion and Healer","floor":22,"turns":8}],"seed_played":"7384277128680511033","potions_obtained":[{"floor":1,"key":"Weak Potion"},{"floor":7,"key":"Fruit Juice"},{"floor":8,"key":"CultistPotion"},{"floor":11,"key":"Regen Potion"},{"floor":18,"key":"Weak Potion"}],"is_trial":false,"path_per_floor":["M","M","?","?","$","M","M","E","T","?","M","R","M","M","R","B",null,"M","$","?","M","M"],"character_chosen":"HERMIT","items_purchased":["hermit:TrackingShot","Violence","Bag of Marbles"],"campfire_rested":2,"item_purchase_floors":[5,19,19],"current_hp_per_floor":[72,72,72,72,72,70,57,43,43,43,37,61,52,52,76,19,81,65,65,57,42,0,0],"gold":60,"neow_bonus":"TEN_PERCENT_HP_BONUS","is_daily":false,"chose_seed":false,"campfire_upgraded":0,"win_rate":0.0,"timestamp":1607987471,"path_taken":["M","?","?","?","$","M","M","E","T","?","M","R","M","M","R","BOSS","M","$","?","M","M"],"items_purchased_type":["Card","Card","Relic"],"build_version":"2020-12-13","purchased_purges":0,"victory":false,"max_hp_per_floor":[82,82,82,76,76,76,81,81,81,81,81,81,81,81,81,81,81,81,81,81,81,81,81],"card_choices":[{"not_picked":["hermit:Brawl","hermit:Ricochet"],"picked":"hermit:HighCaliber","floor":1},{"not_picked":["hermit:Quickdraw","hermit:Ricochet"],"picked":"hermit:Midnight","floor":2},{"not_picked":["hermit:Roulette","hermit:LowProfile"],"picked":"hermit:CalledShot","floor":6},{"not_picked":["hermit:Feint","hermit:Ricochet"],"picked":"hermit:GoldenBullet","floor":7},{"not_picked":["hermit:RoundhouseKick","hermit:CalledShot"],"picked":"hermit:Snipe","floor":8},{"not_picked":["hermit:CalledShot","hermit:DeadMansHand"],"picked":"hermit:Vantage","floor":11},{"not_picked":["hermit:BodyArmor","hermit:HighCaliber"],"picked":"hermit:Snipe","floor":13},{"not_picked":["hermit:Roughhouse","hermit:Deadeye"],"picked":"hermit:TakeCover","floor":14},{"not_picked":["hermit:Purgatory","hermit:Adapt"],"picked":"hermit:Dissolve","floor":16},{"not_picked":["hermit:BodyArmor","hermit:WideOpen"],"picked":"hermit:Showdown","floor":18},{"not_picked":["hermit:HoleUp","hermit:WideOpen"],"picked":"hermit:FlashPowder+1","floor":21}],"player_experience":1244,"relics_obtained":[{"floor":8,"key":"Potion Belt"},{"floor":9,"key":"Pen Nib"}],"event_choices":[{"damage_healed":72,"gold_gain":0,"player_choice":"Embrace","damage_taken":0,"max_hp_gain":0,"max_hp_loss":82,"event_name":"betterThird:BetterShining","floor":3,"gold_loss":0},{"damage_healed":0,"gold_gain":0,"player_choice":"Lose Max HP","damage_taken":0,"relics_obtained":["Golden Idol"],"max_hp_gain":0,"max_hp_loss":6,"event_name":"Golden Idol","floor":4,"gold_loss":0},{"damage_healed":0,"gold_gain":0,"player_choice":"Trade","damage_taken":0,"relics_obtained":["CultistMask"],"max_hp_gain":0,"max_hp_loss":0,"event_name":"FaceTrader","floor":10,"gold_loss":0},{"damage_healed":0,"gold_gain":0,"player_choice":"Damaged","damage_taken":8,"max_hp_gain":0,"max_hp_loss":0,"event_name":"Wheel of Change","floor":20,"gold_loss":0}],"is_beta":false,"boss_relics":[{"not_picked":["SacredBark","hermit:DentedPlate"],"picked":"hermit:ClaspedLocket"}],"items_purged_floors":[],"is_endless":false,"potions_floor_spawned":[1,7,8,11,18],"killed_by":"Centurion and Healer","ascension_level":0}}