{"host":"xt8a2gaayqxupton","time":1607935784,"event":{"mods":["2.2 Compatiblity","Abigail Mod","AchievementEnabler","Act Like it!","Arknights The Spire","BaseMod","CapriCore","Chen","Colored Map","Dota2Spire","Gensokyo","GungeonMod","Hallownest","Koishi","KomeijiMod","Lobotomy","Marisa£¨Ùöéë¡¡Øª×âÞÞ£©","Minty Spire (QoL Compilation)","Reimu£¨ÚÏ???£©","StSLib","The Administrix","The Animator","The Bug Knight","The Immortal","Yuyuko","¡¼?Û°ì£ó­?íÂ¡½ø¢éöí¹mod"],"gold_per_floor":[114,127,142,159,173,203,203,236,261,273,273,286,315,332,332,332,332],"floor_reached":16,"playtime":1588,"items_purged":[],"score":166,"play_id":"2305896b-2703-4662-9095-b055395a49a5","local_time":"20201214174944","is_ascension_mode":false,"campfire_choices":[{"data":"ats:Overload","floor":7,"key":"SMITH"},{"floor":11,"key":"REST"},{"data":"ats:Assault Order","floor":15,"key":"SMITH"}],"circlet_count":0,"master_deck":["ats:Powerful Strike","ats:Powerful Strike","ats:Powerful Strike","ats:Armor Crushing Shot","ats:Defend Up","ats:Defend Up","ats:Defend Up","ats:Defend Up","ats:Emotion Absorption","ats:Emotion Absorption","ats:Red Shift","ats:Overload+1","ats:Chain Hook","ats:Explosion Area Strengthen","ats:Thermite Blade","ats:Just Like an Apocalypse","ats:Very Hot Blade","ats:Assault Order+1","ats:Ignite"],"relics":["ats:Sanity","DemoMod:ClearGuonStone","Dota2Spire:BladeMail","Happy Flower","Pen Nib","Odd Mushroom"],"acts_visited":["Exordium"],"potions_floor_usage":[13,16,16,16],"damage_taken":[{"damage":0,"enemies":"2 Louse","floor":1,"turns":4},{"damage":0,"enemies":"Jaw Worm","floor":2,"turns":3},{"damage":1,"enemies":"Small Slimes","floor":3,"turns":3},{"damage":0,"enemies":"Blue Slaver","floor":4,"turns":2},{"damage":9,"enemies":"3 Louse","floor":5,"turns":2},{"damage":22,"enemies":"Lagavulin","floor":6,"turns":5},{"damage":17,"enemies":"Gremlin Nob","floor":8,"turns":4},{"damage":4,"enemies":"Blue Slaver","floor":10,"turns":3},{"damage":8,"enemies":"Looter","floor":12,"turns":2},{"damage":3,"enemies":"The Mushroom Lair","floor":13,"turns":5},{"damage":9,"enemies":"Large Slime","floor":14,"turns":3}],"seed_played":"1161990401989257101","potions_obtained":[{"floor":5,"key":"SkillPotion"},{"floor":6,"key":"ZuzhouPotion:ReiMu"},{"floor":8,"key":"PowerPotion"},{"floor":10,"key":"Block Potion"},{"floor":12,"key":"Dota2Spire:HealingSalve"},{"floor":14,"key":"Strength Potion"}],"is_trial":false,"path_per_floor":["M","M","M","M","M","E","R","E","T","M","R","M","?","M","R","B"],"character_chosen":"DOCTOR_CLASS","items_purchased":[],"campfire_rested":1,"item_purchase_floors":[],"current_hp_per_floor":[72,72,71,71,62,40,40,23,23,21,42,34,45,38,38,0,0],"gold":332,"neow_bonus":"RANDOM_COMMON_RELIC","is_daily":false,"chose_seed":false,"campfire_upgraded":2,"win_rate":0.0,"timestamp":1607935784,"path_taken":["M","M","M","M","M","E","R","E","T","M","R","M","?","M","R","BOSS"],"items_purchased_type":[],"build_version":"2020-12-13","purchased_purges":0,"victory":false,"max_hp_per_floor":[72,72,72,72,72,72,72,72,72,72,72,72,72,72,72,72,72],"card_choices":[{"not_picked":["ats:Flexible Camouflage","ats:Revitalization"],"picked":"ats:Red Shift","floor":1},{"not_picked":["ats:Red Shift","ats:Automatic Cover"],"picked":"ats:Overload","floor":2},{"not_picked":["ats:Assault Order","ats:Attack Strengthen"],"picked":"ats:Chain Hook","floor":3},{"not_picked":["ats:Assault Order","ats:Hook Shot"],"picked":"ats:Explosion Area Strengthen","floor":4},{"not_picked":["ats:Consecutive Shot: Auto","ats:Attack Strengthen"],"picked":"ats:Thermite Blade","floor":5},{"not_picked":["ats:Overload","ats:Flexible Camouflage"],"picked":"ats:Just Like an Apocalypse","floor":6},{"not_picked":["ats:Cat Scratch","ats:Curse Doll","ats:Counter Healing Mode"],"picked":"SKIP","floor":8},{"not_picked":["ats:Flexible Camouflage","ats:Curse Doll"],"picked":"ats:Very Hot Blade","floor":10},{"not_picked":["ats:Automatic Cover","ats:Shell Defense"],"picked":"ats:Assault Order","floor":12},{"not_picked":["ats:Chain Hook","ats:Shell Defense"],"picked":"ats:Ignite","floor":13},{"not_picked":["ats:Automatic Cover","ats:Attack Strengthen","ats:Cat Scratch"],"picked":"SKIP","floor":14}],"player_experience":581445,"relics_obtained":[{"floor":6,"key":"Dota2Spire:BladeMail"},{"floor":8,"key":"Happy Flower"},{"floor":9,"key":"Pen Nib"},{"floor":13,"key":"Odd Mushroom"}],"event_choices":[{"damage_healed":0,"gold_gain":0,"player_choice":"Fought Mushrooms","damage_taken":0,"max_hp_gain":0,"max_hp_loss":0,"event_name":"Mushrooms","floor":13,"gold_loss":0}],"is_beta":false,"boss_relics":[],"items_purged_floors":[],"is_endless":false,"potions_floor_spawned":[5,6,8,10,12,14],"killed_by":"The Guardian","ascension_level":0}}