{"host":"detovitglhtzaqdj","time":1607984929,"event":{"mods":["AchievementEnabler","Aspiration","BaseMod","Better Altar","Better Match","Better Note","Better Sensory Stone","Better Skull","Better Third Choice","Colored Map","Colored Powertips","Current Relic Mod","Curses Come First","Custom Start","Downfall","Emptier Cage","Friendly Minions","Highlight Path","Minty Spire (QoL Compilation)","Practice Mode","Quick Restart","Remove Card Discount Mod","Replay The Spire","Shop Mod","Somnambulant","StSLib","The Jungle","Transform Curses"],"gold_per_floor":[112,127,144,144,144,144,144,144,144,169,169,169,40,40,58,83,83,206,206,227,247,270,270,15,15,29,29,29,29,49,89,89,102,102,231,231,251,61,85,85,108,141,141,159,205,205,260,92,113,133,133,133,133],"floor_reached":52,"playtime":3867,"items_purged":["Regret","Injury","ReplayTheSpireMod:Splinters","Parasite"],"score":571,"play_id":"8f75954e-3da0-480d-80a3-60548a57fcf1","local_time":"20201215092849","is_ascension_mode":false,"campfire_choices":[{"floor":8.0,"key":"REST"},{"floor":17.0,"key":"REST"},{"floor":25.0,"key":"REST"},{"floor":29.0,"key":"REST"},{"floor":34.0,"key":"REST"},{"floor":43.0,"key":"REST"},{"floor":51.0,"key":"REST"}],"circlet_count":0,"master_deck":["Strike_G+1","Strike_G+1","Strike_G+1","Strike_G+1","Strike_G+1","Defend_G+1","Defend_G+1","Defend_G+1","Defend_G+1","Defend_G+1","Survivor+1","Neutralize+1","Flying Knee+1","Slice+1","Poisoned Stab+1","Venomology+1","Dodge and Roll+1","Bane+1","Atom Bomb+1","Choke+1","PiercingWail+1","Dagger Throw+1","expansioncontent:DashGenerateEvil+1","Blur+1","Outmaneuver+1","Infinite Blades+1","Blade Dance+1","Prepared+1","aspiration:Lunge+1","Backflip+1","ReplayTheSpireMod:Scrap Shanks+1","Draining Mist+1","Dramatic Entrance+1","PanicButton+1","Distraction+1","Blade Dance+1","Catalyst+1","PiercingWail+1","Flechettes+1","PiercingWail+1","Caltrops+1","Deflect","Hidden Blade"],"relics":["Ring of the Snake","Golden Idol","Vampiric Spirits","Vajra","MerchantsRug","Replay:Fungal Core","Ninja Scroll","HornCleat","Golden Egg","Fusion Hammer","SacredBark","Black Star","Orichalcum","Basket Of Snakes","Replay:Ringing Soul","Pantograph","Simple Rune","Mark of the Bloom","aspiration:HummingbirdHeart","ReplayTheSpireMod:TigerMarble"],"acts_visited":["Exordium","TheCity","TheBeyond"],"potions_floor_usage":[52,52,52],"damage_taken":[{"damage":0.0,"enemies":"Jaw Worm","floor":1.0,"turns":5.0},{"damage":0.0,"enemies":"2 Louse","floor":2.0,"turns":2.0},{"damage":7.0,"enemies":"Small Slimes","floor":3.0,"turns":3.0},{"damage":7.0,"enemies":"Looter","floor":10.0,"turns":3.0},{"damage":13.0,"enemies":"2 Fungi Beasts","floor":15.0,"turns":3.0},{"damage":12.0,"enemies":"Blue Slaver","floor":16.0,"turns":2.0},{"damage":59.0,"enemies":"Slime Boss","floor":18.0,"turns":15.0},{"damage":16.0,"enemies":"Chosen","floor":20.0,"turns":3.0},{"damage":25.0,"enemies":"2 Thieves","floor":21.0,"turns":4.0},{"damage":34.0,"enemies":"Sentry and Sphere","floor":22.0,"turns":4.0},{"damage":10.0,"enemies":"Snecko","floor":26.0,"turns":3.0},{"damage":6.0,"enemies":"Snake Plant","floor":30.0,"turns":4.0},{"damage":24.0,"enemies":"Gremlin Leader","floor":31.0,"turns":4.0},{"damage":10.0,"enemies":"Cultist and Chosen","floor":33.0,"turns":4.0},{"damage":31.0,"enemies":"Collector","floor":35.0,"turns":5.0},{"damage":0.0,"enemies":"3 Shapes","floor":37.0,"turns":3.0},{"damage":7.0,"enemies":"3 Darklings","floor":39.0,"turns":4.0},{"damage":4.0,"enemies":"Writhing Mass","floor":41.0,"turns":5.0},{"damage":67.0,"enemies":"Reptomancer","floor":42.0,"turns":6.0},{"damage":0.0,"enemies":"Transient","floor":44.0,"turns":5.0},{"damage":4.0,"enemies":"Spire Growth","floor":49.0,"turns":2.0},{"damage":11.0,"enemies":"Maw","floor":50.0,"turns":6.0},{"damage":44,"enemies":"Awakened One","floor":52,"turns":10}],"seed_played":"1686508732092243263","potions_obtained":[{"floor":3.0,"key":"LifebloodPotion"},{"floor":15.0,"key":"Elixir"},{"floor":30.0,"key":"FearPotion"},{"floor":35.0,"key":"Dexterity Potion"},{"floor":41.0,"key":"LiquidBronze"},{"floor":50.0,"key":"Guardian:BlockOnCardUsePotion"}],"is_trial":false,"path_per_floor":["M","M","M","?","?","PTL","PTL","R","?","M","T","?","$","?","M","M","R","B",null,"M","M","M","?","$","R","M","?","T","R","M","E","?","M","R","B",null,"M","$","M","?","M","E","R","M","T","?","?","$","M","M","R","B"],"character_chosen":"THE_SILENT","items_purchased":["MerchantsRug","Ninja Scroll","Blur","Orichalcum","Basket Of Snakes","ReplayTheSpireMod:Scrap Shanks","ReplayTheSpireMod:TigerMarble","PiercingWail","Caltrops"],"campfire_rested":7,"item_purchase_floors":[13,24,24,38,38,38,48,48,48],"current_hp_per_floor":[77,77,70,70,55,55,55,77,77,70,70,70,70,70,62,53,76,18,77,61,51,22,22,22,45,55,55,55,77,74,53,53,50,73,46,77,77,77,72,72,73,13,37,57,57,57,57,57,53,42,42,0,0],"gold":133,"neow_bonus":"TEN_PERCENT_HP_BONUS","is_daily":false,"chose_seed":false,"campfire_upgraded":0,"win_rate":0.0,"timestamp":1607984929,"path_taken":["M","M","M","?","?","PTL","PTL","R","?","M","T","?","?","?","M","?","R","BOSS","M","?","M","?","$","R","M","?","T","R","M","E","?","M","R","BOSS","M","$","M","?","M","E","R","M","T","?","?","$","M","M","R","BOSS"],"items_purchased_type":["Relic","Relic","Card","Relic","Relic","Card","Relic","Card","Card"],"build_version":"2020-12-13","purchased_purges":4,"victory":false,"max_hp_per_floor":[77,77,77,77,77,77,77,77,77,77,77,77,77,77,77,77,77,77,77,77,77,77,77,77,77,77,77,77,77,77,77,77,77,77,77,77,77,77,77,77,77,80,80,83,83,83,86,86,89,92,92,92,92],"card_choices":[{"not_picked":["ReplayTheSpireMod:Exploit Weakness","Flechettes"],"picked":"Flying Knee","floor":1.0},{"not_picked":["Quick Slash","Flechettes"],"picked":"Slice","floor":2.0},{"not_picked":["Prepared","Dagger Throw"],"picked":"Poisoned Stab","floor":3.0},{"not_picked":["Sucker Punch","Fluid Movement"],"picked":"Venomology","floor":10.0},{"not_picked":["ReplayTheSpireMod:Scrap Shanks","Tactician"],"picked":"Dodge and Roll","floor":15.0},{"not_picked":["Backflip","Quick Slash"],"picked":"Bane","floor":16.0},{"not_picked":["Unload","Glass Knife"],"picked":"Atom Bomb","floor":18.0},{"not_picked":["Underhanded Strike","Fluid Movement"],"picked":"Choke","floor":20.0},{"not_picked":["Slice","ReplayTheSpireMod:Exploit Weakness"],"picked":"PiercingWail","floor":21.0},{"not_picked":["Poisoned Stab","Acrobatics"],"picked":"Dagger Throw","floor":22.0},{"not_picked":["ReplayTheSpireMod:Speed Training+1","Bouncing Flask"],"picked":"Outmaneuver","floor":26.0},{"not_picked":["Prepared","Choke"],"picked":"Infinite Blades","floor":30.0},{"not_picked":["Poison Darts","Outmaneuver+1"],"picked":"Blade Dance+1","floor":31.0},{"not_picked":["Masterful Stab","Dodge and Roll"],"picked":"Prepared","floor":33.0},{"not_picked":["Glass Knife","Burst"],"picked":"aspiration:Lunge","floor":35.0},{"not_picked":["PiercingWail","Prepared"],"picked":"Backflip+1","floor":37.0},{"not_picked":["Dagger Spray","Endless Agony"],"picked":"Draining Mist+1","floor":39.0},{"not_picked":["Secret Weapon","Replay:SS_fish_2"],"picked":"Dramatic Entrance","floor":40.0},{"not_picked":["Violence","Discovery"],"picked":"PanicButton","floor":40.0},{"not_picked":["ReplayTheSpireMod:Speed Training+1","Sucker Punch+1"],"picked":"Distraction+1","floor":41.0},{"not_picked":["Doppelganger","Deadly Poison"],"picked":"Blade Dance+1","floor":42.0},{"not_picked":["Expertise","Slice"],"picked":"Catalyst+1","floor":44.0},{"not_picked":["Blur+1","Catalyst+1"],"picked":"PiercingWail+1","floor":47.0},{"not_picked":["PiercingWail","ReplayTheSpireMod:Tripwire+1"],"picked":"Flechettes+1","floor":47.0},{"not_picked":["Dagger Throw+1","Poisoned Stab+1"],"picked":"Deflect","floor":49.0},{"not_picked":["Outmaneuver","Choke"],"picked":"Hidden Blade","floor":50.0}],"player_experience":24815,"relics_obtained":[{"floor":11.0,"key":"Vajra"},{"floor":28.0,"key":"HornCleat"},{"floor":31.0,"key":"Golden Egg"},{"floor":42.0,"key":"Replay:Ringing Soul"},{"floor":42.0,"key":"Pantograph"},{"floor":45.0,"key":"Simple Rune"},{"floor":47.0,"key":"aspiration:HummingbirdHeart"}],"event_choices":[{"damage_healed":0.0,"max_hp_gain":0.0,"max_hp_loss":0.0,"gold_gain":0.0,"event_name":"Golden Idol","player_choice":"Take Wound","floor":4.0,"gold_loss":0.0,"damage_taken":0.0,"relics_obtained":["Golden Idol"],"cards_obtained":["Injury"]},{"damage_healed":70.0,"max_hp_gain":0.0,"max_hp_loss":77.0,"gold_gain":0.0,"event_name":"betterThird:BetterShining","player_choice":"Upgrade","floor":5.0,"gold_loss":0.0,"damage_taken":15.0,"cards_upgraded":["Strike_G","Strike_G"]},{"damage_healed":0.0,"max_hp_gain":0.0,"max_hp_loss":0.0,"gold_gain":0.0,"event_name":"Big Fish","player_choice":"Box","floor":9.0,"gold_loss":0.0,"damage_taken":0.0,"relics_obtained":["Vampiric Spirits"],"cards_obtained":["Regret"]},{"damage_healed":0.0,"max_hp_gain":0.0,"max_hp_loss":0.0,"gold_gain":0.0,"event_name":"The Cleric","player_choice":"Leave","floor":12.0,"gold_loss":0.0,"damage_taken":0.0},{"damage_healed":0.0,"max_hp_gain":0.0,"max_hp_loss":0.0,"gold_gain":0.0,"event_name":"betterNote:BetterNote","player_choice":"Take","floor":23.0,"gold_loss":0.0,"damage_taken":0.0,"cards_obtained":["expansioncontent:DashGenerateEvil"]},{"damage_healed":0.0,"max_hp_gain":0.0,"max_hp_loss":0.0,"gold_gain":0.0,"event_name":"Beggar","player_choice":"Ignored","floor":32.0,"gold_loss":0.0,"damage_taken":0.0},{"damage_healed":0.0,"max_hp_gain":0.0,"max_hp_loss":0.0,"gold_gain":3.0,"event_name":"betterStone:BetterStone","player_choice":"1","floor":40.0,"gold_loss":0.0,"damage_taken":0.0},{"damage_healed":0.0,"max_hp_gain":0.0,"max_hp_loss":0.0,"gold_gain":0.0,"event_name":"MindBloom","player_choice":"Upgrade","floor":46.0,"gold_loss":0.0,"damage_taken":0.0,"cards_upgraded":["Strike_G","Strike_G","Strike_G","Strike_G","Strike_G","Defend_G","Defend_G","Defend_G","Defend_G","Defend_G","Survivor","Neutralize","Flying Knee","Slice","Poisoned Stab","Venomology","Dodge and Roll","Bane","Atom Bomb","Choke","PiercingWail","Dagger Throw","expansioncontent:DashGenerateEvil","Blur","Outmaneuver","Infinite Blades","Prepared","Dramatic Entrance","PanicButton"],"relics_obtained":["Mark of the Bloom"]}],"is_beta":false,"boss_relics":[{"not_picked":["Kintsugi","WristBlade"],"picked":"Replay:Fungal Core"},{"not_picked":["Replay:Drink Me","aspiration:RitualDagger"],"picked":"Replay:Grab Bag"},{"not_picked":["Runic Dome","aspiration:FutureDiary"],"picked":"ReplayTheSpireMod:Onyx Gauntlets"},{"not_picked":["Velvet Choker","ChewingGum"],"picked":"Fusion Hammer"},{"not_picked":["Empty Cage","Snecko Eye"],"picked":"SacredBark"},{"not_picked":["aspiration:DefectSkillbook","aspiration:WatcherSkillbook"],"picked":"Black Star"}],"items_purged_floors":[13,13,48,48],"is_endless":false,"potions_floor_spawned":[3,15,16,30,35,41,42,50],"killed_by":"Awakened One","ascension_level":0}}