{"host":"4t0jwv2xqla89y5e","time":1607950635,"event":{"mods":["AchievementEnabler","Act Like it!","Aspiration","BaseMod","Better Skull","BetterRewards","Colored Map","Colored Powertips","Downfall","Friendly Minions","Hallownest","Hermit","Highlight Path","Hubris","Infinite Spire","Minty Spire (QoL Compilation)","Quick Restart","Rare Cards Sparkle","Relic Stats","Replay The Spire","Shop Mod","Spicy Shops","StSLib","The Construct","The Disciple","The Hierophant","The Runesmith"],"gold_per_floor":[112,122,136,136,136,136,149,149,176,194,194,205,222,249,249,349,349,362,362,277,277,293,277,327,352,400,443,443,71,71,93,93,200,200,236,296,296,296,500,520,170,194,194,194,242,262,262,281,281,287],"floor_reached":51,"playtime":3239,"items_purged":["Looming Evil"],"score":892,"play_id":"c5a11c25-f019-4bb8-ace2-7566bf358f24","local_time":"20201214135715","is_ascension_mode":false,"campfire_choices":[{"data":"Chaos","floor":6,"key":"SMITH"},{"data":"Blizzard","floor":8,"key":"SMITH"},{"floor":15,"key":"REST"},{"floor":28,"key":"REST"},{"floor":32,"key":"REST"},{"floor":44,"key":"REST"},{"data":"Electrodynamics","floor":49,"key":"SMITH"}],"circlet_count":0,"master_deck":["Strike_B","Strike_B","Strike_B","Strike_B","Defend_B","Defend_B","Defend_B","Defend_B","Zap","Dualcast","Sweeping Beam","Blizzard+1","Chaos+1","Electrodynamics+1","Leap","Capacitor+1","Coolheaded","Coolheaded","Cold Snap","Rainbow","Self Repair","Rebound+1","CommonCold","Blizzard+1","Sickly","White Noise+1","Replay:SS_forest_6","expansioncontent:DashGenerateEvil","Sweeping Beam","Seek","hubris:Lust","FIFO Queue+1","hubris:PowerSurge+1","Hallownest:curseDreamersLament","White Noise+1","hubris:PowerSurge","hubris:PowerSurge","expansioncontent:DashGenerateEvil","Parasite","Leap+1","Loop+1","BasicCrystalCard+1"],"relics":["Cracked Core","aspiration:DSix","Dream Catcher","hubris:TenFootPole","hubris:Towel","Lantern","Sozu","Du-Vu Doll","infinitespire:BottledMercury","Thread and Needle","Ring of Greed","Tiny Chest","Replay:Bandana","Bronze Scales","Bottled Tornado","ReplayTheSpireMod:ShopPack","hubris:BallOfYels","Blue Doll","Nloth\u0027s Gift","infinitespire:Cupcake","TungstenRod","Gremlin Food","Quantum Egg","Replay:Rubber Ducky","Cables","Runesmith:AutoHammer","infinitespire:Bottled Soul"],"acts_visited":["Exordium","TheCity","TheBeyond"],"potions_floor_usage":[16,23],"damage_taken":[{"damage":3,"enemies":"2 Louse","floor":1,"turns":2},{"damage":1,"enemies":"Cultist","floor":2,"turns":3},{"damage":0,"enemies":"Small Slimes","floor":3,"turns":2},{"damage":1,"enemies":"3 Louse","floor":7,"turns":2},{"damage":9,"enemies":"Blue Slaver","floor":10,"turns":4},{"damage":11,"enemies":"Looter","floor":12,"turns":3},{"damage":0,"enemies":"3 Louse","floor":13,"turns":1},{"damage":11,"enemies":"3 Sentries","floor":14,"turns":3},{"damage":0,"enemies":"Fading Forest","floor":16,"turns":11},{"damage":13,"enemies":"Chosen","floor":18,"turns":5},{"damage":27,"enemies":"2 Thieves","floor":22,"turns":4},{"damage":22,"enemies":"Slavers","floor":23,"turns":4},{"damage":10,"enemies":"Snake Plant","floor":25,"turns":5},{"damage":16,"enemies":"Gremlin Leader","floor":27,"turns":7},{"damage":4,"enemies":"Centurion and Healer","floor":31,"turns":2},{"damage":38,"enemies":"Automaton","floor":33,"turns":9},{"damage":0,"enemies":"3 Darklings","floor":35,"turns":2},{"damage":9,"enemies":"Mind Bloom Boss Battle","floor":36,"turns":3},{"damage":0,"enemies":"Orb Walker","floor":40,"turns":2},{"damage":0,"enemies":"Writhing Mass","floor":42,"turns":4},{"damage":2,"enemies":"Reptomancer","floor":45,"turns":5},{"damage":0,"enemies":"Maw","floor":46,"turns":5},{"damage":3,"enemies":"Jaw Worm Horde","floor":48,"turns":2},{"damage":14,"enemies":"Time Eater","floor":50,"turns":7}],"seed_played":"1577811369616149598","potions_obtained":[{"floor":1,"key":"BlessingOfTheForge"},{"floor":7,"key":"sneckomod:MuddlingPotion"},{"floor":10,"key":"sneckomod:MuddlingPotion"},{"floor":14,"key":"Block Potion"}],"is_trial":false,"path_per_floor":["M","M","M","?","T","R","M","R","T","M","?","M","M","E","R","B",null,"M","?","?","T","M","E","?","M","T","E","R","$","?","M","R","B",null,"M","?","T","T","?","M","$","M","T","R","E","M","T","M","R","B",null],"character_chosen":"DEFECT","items_purchased":["ReplayTheSpireMod:ShopPack","hubris:BallOfYels","Blue Doll","hubris:PowerSurge","expansioncontent:DashGenerateEvil","Replay:Rubber Ducky"],"campfire_rested":4,"item_purchase_floors":[29,29,29,41,41,41],"current_hp_per_floor":[72,71,71,68,68,68,67,67,67,58,58,47,47,36,58,58,75,62,62,62,62,42,27,27,24,24,15,37,37,37,33,55,24,75,75,66,66,66,52,52,52,59,59,75,73,75,75,72,72,58],"gold":287,"neow_bonus":"DSIX","is_daily":false,"chose_seed":false,"campfire_upgraded":3,"win_rate":0.0,"timestamp":1607950635,"path_taken":["M","M","M","?","?","R","?","R","T","M","?","M","M","E","R","BOSS","M","?","?","?","M","E","?","M","T","E","R","$","?","?","R","BOSS","M","?","?","?","?","?","$","M","T","R","E","M","?","M","R","BOSS"],"items_purchased_type":["Relic","Relic","Relic","Card","Card","Relic"],"build_version":"2020-12-13","purchased_purges":1,"victory":true,"max_hp_per_floor":[75,75,75,75,75,75,75,75,75,75,75,75,75,75,75,75,75,75,75,75,75,75,75,75,75,75,75,75,75,75,75,75,75,75,75,75,75,75,75,75,75,75,75,75,75,75,75,75,75,75],"relic_stats":{"Sozu":7,"Dream Catcher":4,"counters":[24,97],"Bronze Scales":[117],"Tiny Chest":2,"Nloth\u0027s Gift":3,"obtain_stats":[{"infinitespire:BottledMercury":21,"hubris:BallOfYels":29,"Lantern":14,"Blue Doll":29,"Bottled Tornado":27,"Replay:Rubber Ducky":41,"Sozu":17,"Dream Catcher":4,"Replay:Bandana":24,"hubris:Icosahedron":19,"infinitespire:Bottled Soul":47,"Tiny Chest":24,"Cracked Core":0,"aspiration:DSix":0,"Gremlin Food":37,"Quantum Egg":38,"Thread and Needle":23,"Ring of Greed":24,"hubris:Towel":11,"Cables":43,"Du-Vu Doll":20,"Bronze Scales":26,"hubris:TenFootPole":9,"Nloth\u0027s Gift":30,"Runesmith:AutoHammer":45,"TungstenRod":36,"ReplayTheSpireMod:ShopPack":29,"infinitespire:Cupcake":34},{"infinitespire:BottledMercury":10,"hubris:BallOfYels":14,"Lantern":8,"Blue Doll":14,"Bottled Tornado":14,"Replay:Rubber Ducky":19,"Sozu":9,"Dream Catcher":3,"Replay:Bandana":12,"hubris:Icosahedron":10,"infinitespire:Bottled Soul":22,"Tiny Chest":12,"Cracked Core":0,"aspiration:DSix":0,"Gremlin Food":18,"Quantum Egg":18,"Thread and Needle":12,"Ring of Greed":12,"hubris:Towel":5,"Cables":20,"Du-Vu Doll":10,"Bronze Scales":13,"hubris:TenFootPole":4,"Nloth\u0027s Gift":14,"Runesmith:AutoHammer":21,"TungstenRod":18,"ReplayTheSpireMod:ShopPack":14,"infinitespire:Cupcake":16},{"infinitespire:BottledMercury":36,"hubris:BallOfYels":56,"Lantern":20,"Blue Doll":56,"Bottled Tornado":56,"Replay:Rubber Ducky":74,"Sozu":31,"Dream Catcher":7,"Replay:Bandana":44,"hubris:Icosahedron":36,"infinitespire:Bottled Soul":88,"Tiny Chest":44,"Cracked Core":0,"aspiration:DSix":0,"Gremlin Food":72,"Quantum Egg":72,"Thread and Needle":44,"Ring of Greed":44,"hubris:Towel":13,"Cables":78,"Du-Vu Doll":36,"Bronze Scales":49,"hubris:TenFootPole":9,"Nloth\u0027s Gift":56,"Runesmith:AutoHammer":83,"TungstenRod":72,"ReplayTheSpireMod:ShopPack":56,"infinitespire:Cupcake":67}],"TungstenRod":8,"Cables":[17,12,5,0,0]},"card_choices":[{"not_picked":["Conserve Battery","Stack"],"picked":"Sweeping Beam","floor":1},{"not_picked":["Aggregate","ReplayTheSpireMod:System Scan"],"picked":"Blizzard","floor":2},{"not_picked":["Reprogram","Hologram"],"picked":"Chaos","floor":3},{"not_picked":["Doom and Gloom","Hologram"],"picked":"Electrodynamics","floor":7},{"not_picked":["Hologram","Redo"],"picked":"Leap","floor":10},{"not_picked":["Reinforced Body","Double Energy"],"picked":"Capacitor","floor":12},{"not_picked":["Sunder","Beam Cell"],"picked":"Coolheaded","floor":13},{"not_picked":["Redo","Reinforced Body"],"picked":"Coolheaded","floor":14},{"not_picked":["Gash","Static Discharge"],"picked":"Cold Snap","floor":15},{"not_picked":["Hyperbeam","Reboot"],"picked":"Rainbow","floor":16},{"not_picked":["Turbo+1","Gash"],"picked":"Self Repair","floor":18},{"not_picked":["Turbo","Recycle","Barrage+1"],"picked":"SKIP","floor":22},{"not_picked":["Ball Lightning","Turbo"],"picked":"Rebound+1","floor":23},{"not_picked":["ReplayRNGCard","Sweeping Beam"],"picked":"Blizzard+1","floor":25},{"not_picked":["FIFO Queue","Rebound","ReplaySort"],"picked":"SKIP","floor":27},{"not_picked":["Go for the Eyes","Stack+1"],"picked":"White Noise+1","floor":28},{"not_picked":["Replay:Bootleg Shield Generator","expansioncontent:CaCaw"],"picked":"Replay:SS_forest_6","floor":29},{"not_picked":["Replay:Sssssssssstrike","Specialist"],"picked":"expansioncontent:DashGenerateEvil","floor":29},{"not_picked":["Panic Button","Rip and Tear","Steam"],"picked":"SKIP","floor":31},{"not_picked":["Recycle+1","Hello World"],"picked":"Sweeping Beam","floor":32},{"not_picked":["hubris:DoWhile","ReplayTheSpireMod:Omega Cannon"],"picked":"Seek","floor":33},{"not_picked":["Steam+1","Gash+1","Leap"],"picked":"SKIP","floor":35},{"not_picked":["Hologram+1","Steam Power"],"picked":"FIFO Queue+1","floor":36},{"not_picked":["BootSequence","Panic Button+1"],"picked":"hubris:PowerSurge+1","floor":39},{"not_picked":["Time Bomb+1","Barrage"],"picked":"White Noise+1","floor":40},{"not_picked":["Hyperbeam","Hologram"],"picked":"Leap+1","floor":42},{"not_picked":["Darkness","Go for the Eyes"],"picked":"Loop+1","floor":44},{"not_picked":["Steam","Lockon"],"picked":"BasicCrystalCard+1","floor":45},{"not_picked":["BasicCrystalCard","Rebound+1","Streamline+1"],"picked":"SKIP","floor":46},{"not_picked":["ReplayTheSpireMod:GoodbyeWorld","Barrage","Lockon"],"picked":"SKIP","floor":48}],"player_experience":243555,"relics_obtained":[{"floor":9,"key":"hubris:TenFootPole"},{"floor":14,"key":"Lantern"},{"floor":21,"key":"infinitespire:BottledMercury"},{"floor":23,"key":"Thread and Needle"},{"floor":24,"key":"Ring of Greed"},{"floor":24,"key":"Tiny Chest"},{"floor":24,"key":"Replay:Bandana"},{"floor":26,"key":"Bronze Scales"},{"floor":27,"key":"Bottled Tornado"},{"floor":36,"key":"TungstenRod"},{"floor":37,"key":"Gremlin Food"},{"floor":38,"key":"Quantum Egg"},{"floor":43,"key":"Cables"},{"floor":45,"key":"Runesmith:AutoHammer"},{"floor":47,"key":"infinitespire:Bottled Soul"}],"event_choices":[{"damage_healed":0,"gold_gain":0,"player_choice":"Success","damage_taken":3,"relics_obtained":["Dream Catcher"],"max_hp_gain":0,"max_hp_loss":0,"event_name":"Scrap Ooze","floor":4,"gold_loss":0},{"damage_healed":0,"gold_gain":0,"player_choice":"Obtained Relic","damage_taken":0,"relics_obtained":["Du-Vu Doll"],"max_hp_gain":0,"max_hp_loss":0,"event_name":"Addict","floor":20,"gold_loss":85},{"damage_healed":0,"gold_gain":0,"player_choice":"Traded Relic","damage_taken":0,"relics_obtained":["Nloth\u0027s Gift"],"max_hp_gain":0,"max_hp_loss":0,"event_name":"N\u0027loth","floor":30,"relics_lost":["hubris:Icosahedron"],"gold_loss":0},{"damage_healed":0,"gold_gain":0,"player_choice":"Fight","damage_taken":0,"max_hp_gain":0,"max_hp_loss":0,"event_name":"MindBloom","floor":36,"gold_loss":0}],"is_beta":false,"boss_relics":[{"not_picked":["Replay:Grab Bag","Busted Crown"],"picked":"Sozu"},{"not_picked":["Pandora\u0027s Box","Snecko Eye"],"picked":"infinitespire:Cupcake"}],"items_purged_floors":[41],"is_endless":false,"potions_floor_spawned":[1,7,10,14,18,27,36,40,42,46],"ascension_level":0}}