{"host":"xuxmsn6olavvgi6l","time":1607913410,"event":{"mods":["AchievementEnabler","Act Like it!","BaseMod","Better Third Choice","BetterRewards","Colored Map","Colored Powertips","Hermit","Highlight Path","Hubris","Infinite Spire","Marisa????????","Minty Spire (QoL Compilation)","Rare Cards Sparkle","Replay The Spire","Shop Mod","StSLib","The Animator","The Bug Knight","The Construct","The Cursed","The Runesmith","The Servant 0.9.4"],"gold_per_floor":[116,133,148,148,4,4,38,38,64,64,83,83,140,90,90,240,240,284,284,329,329,329,329,376,412,445,445],"floor_reached":26,"playtime":821,"items_purged":["Defend_MRS"],"score":226,"play_id":"34621ccd-841f-4b20-adf0-64562e20629a","local_time":"20201213203650","is_ascension_mode":false,"campfire_choices":[{"data":"DC","floor":6,"key":"SMITH"},{"data":"MysteriousBeam","floor":8,"key":"SMITH"},{"data":"WitchOfGreed","floor":10,"key":"SMITH"},{"data":"MasterSpark","floor":15,"key":"SMITH"}],"circlet_count":0,"master_deck":["Strike_MRS","Strike_MRS","Strike_MRS","Defend_MRS","Defend_MRS","Defend_MRS","MasterSpark+1","UpSweep","DC+1","MysteriousBeam+1","MachineGunSpark","WitchOfGreed+1","Robbery","CollectingQuirk"],"relics":["MiniHakkero","NeowsBlessing","CultistMask","Chemical X","Akabeko","Replay:Baseball","construct:WeddingRing","Black Star","Replay:Bandana","MutagenicStrength"],"acts_visited":["Exordium","TheCity"],"potions_floor_usage":[18,20,24,25,25],"damage_taken":[{"damage":0,"enemies":"infinitespire:Voidling","floor":1,"turns":1},{"damage":0,"enemies":"2 Louse","floor":2,"turns":1},{"damage":0,"enemies":"Cultist","floor":3,"turns":1},{"damage":14,"enemies":"Gremlin Nob","floor":7,"turns":3},{"damage":0,"enemies":"Blue Slaver","floor":11,"turns":1},{"damage":6,"enemies":"Exordium Wildlife","floor":13,"turns":3},{"damage":39,"enemies":"Fading Forest","floor":16,"turns":11},{"damage":18,"enemies":"3 Byrds","floor":18,"turns":5},{"damage":0,"enemies":"Shell Parasite","floor":20,"turns":1},{"damage":21,"enemies":"Snake Plant","floor":24,"turns":2},{"damage":31,"enemies":"Nightmare","floor":25,"turns":4},{"damage":6,"enemies":"3 Cultists","floor":26,"turns":3}],"seed_played":"6598232367885007385","potions_obtained":[{"floor":7,"key":"BottledSpark"},{"floor":13,"key":"SmokeBomb"},{"floor":16,"key":"LiquidBronze"},{"floor":18,"key":"Adrenaline Potion"},{"floor":20,"key":"BottledSpark"},{"floor":24,"key":"Milkshake"}],"is_trial":false,"path_per_floor":["M","M","M","?","$","R","E","R","T","R","M","$","M","?","R","B",null,"M","AVR","M","?","PTL","PTL","M","NM","M"],"character_chosen":"MARISA","items_purchased":["Chemical X"],"campfire_rested":0,"item_purchase_floors":[5],"current_hp_per_floor":[75,75,75,75,75,75,61,61,61,61,61,61,55,55,55,32,75,57,57,57,57,57,57,36,5,0,0],"gold":445,"neow_bonus":"THREE_ENEMY_KILL","is_daily":false,"chose_seed":false,"campfire_upgraded":4,"win_rate":0.0,"timestamp":1607913410,"path_taken":["M","?","M","?","?","R","E","R","T","R","M","?","M","?","R","BOSS","M","AVR","M","?","PTL","PTL","M","NM","M"],"items_purchased_type":["Relic"],"build_version":"2020-12-13","purchased_purges":1,"victory":false,"max_hp_per_floor":[75,75,75,75,75,75,75,75,75,75,75,75,75,75,75,75,75,75,75,75,75,75,75,75,75,75,75],"card_choices":[{"not_picked":["PulseMagic","GalacticHalo"],"picked":"DC","floor":1},{"not_picked":["GravityBeat","DoubleSpark"],"picked":"MysteriousBeam","floor":2},{"not_picked":["GravityBeat","ShootTheMoon"],"picked":"MachineGunSpark","floor":3},{"not_picked":["IllusionStar","MysteriousBeam"],"picked":"WitchOfGreed","floor":7},{"not_picked":["DarkSpark","CasketOfStar"],"picked":"Robbery","floor":11},{"not_picked":["LuminesStrike","StarlightTyphoon","OneTimeOff"],"picked":"SKIP","floor":13},{"not_picked":["AbsoluteMagnitude","BlazingStar"],"picked":"CollectingQuirk","floor":16},{"not_picked":["LuminesStrike","AsteroidBelt","SporeBomb"],"picked":"SKIP","floor":18},{"not_picked":["AsteroidBelt","LuminesStrike","SporeBomb"],"picked":"SKIP","floor":20},{"not_picked":["EarthLightRay","DoubleSpark","6A"],"picked":"SKIP","floor":24}],"player_experience":1287371,"relics_obtained":[{"floor":7,"key":"Akabeko"},{"floor":9,"key":"Replay:Baseball"}],"event_choices":[{"damage_healed":0,"gold_gain":0,"player_choice":"Trade","damage_taken":0,"relics_obtained":["CultistMask"],"max_hp_gain":0,"max_hp_loss":0,"event_name":"FaceTrader","floor":4,"gold_loss":0},{"cards_removed":["Strike_MRS"],"damage_healed":0,"gold_gain":0,"player_choice":"Card Removal","damage_taken":0,"max_hp_gain":0,"max_hp_loss":0,"event_name":"The Cleric","floor":14,"gold_loss":50},{"damage_healed":0,"gold_gain":0,"player_choice":"Inject Mutagens","damage_taken":0,"relics_obtained":["MutagenicStrength"],"max_hp_gain":0,"max_hp_loss":0,"event_name":"Drug Dealer","floor":21,"gold_loss":0}],"is_beta":false,"boss_relics":[{"not_picked":["Ectoplasm","SacredBark"],"picked":"construct:WeddingRing"}],"items_purged_floors":[19],"is_endless":false,"potions_floor_spawned":[7,16,18,20,24],"killed_by":"3 Cultists","ascension_level":0}}