{"host":"51c4v1joeoke7wi1","time":1607984738,"event":{"mods":["BaseMod","BetterRewards","Block Reminder","Colored Map","Colored Powertips","Curses Come First","Custom Start","Displayed Cursed Tome","Downfall","Energized Spire","Highlight Path","Infinite Spire","KinomotoSakuraMod(????)","Marisa????????","Minty Spire (QoL Compilation)","Potion Indicator Mod","Prisma Mod","Random Character Button","Rare Cards Sparkle","Relic Sorter","SIMod","StSLib","The Administrix","The Senshi","The Servant 0.9.4","TheVelvet","Unceasing Turn Reminder","everything is the same but u backflip on backflip"],"gold_per_floor":[119,132,152,152,164,198,198,212,283,9,84,84,113,48,48,166,166,192,41,70,20,20,20,53,53,53,53,97,97,134,173,173,299,299,335,373,410,96,96,96,46,46,69,69,69,128,169,204,204,204,204,204,0,54,54],"floor_reached":56,"playtime":5113,"items_purged":["Strike_MRS","Strike_MRS","Strike_MRS","Strike_MRS","Defend_MRS","Defend_MRS","Defend_MRS","Defend_MRS"],"score":1259,"play_id":"4cb7bf87-e09d-452e-88ce-08b44ae8f4c1","local_time":"20201214162538","is_ascension_mode":true,"campfire_choices":[{"data":"PulseMagic","floor":7.0,"key":"SMITH"},{"floor":12.0,"key":"REST"},{"data":"EnergyRecoil","floor":15.0,"key":"SMITH"},{"data":"MasterSpark","floor":23.0,"key":"SMITH"},{"data":"WitchOfGreed","floor":25.0,"key":"SMITH"},{"data":"NonDirectionalLaser","floor":32.0,"key":"SMITH"},{"floor":40.0,"key":"RECALL"},{"data":"Apotheosis","floor":44.0,"key":"SMITH"},{"floor":49,"key":"REST"},{"data":"OortCloud","floor":52,"key":"SMITH"}],"circlet_count":0,"master_deck":["MasterSpark+1","EnergyRecoil+1","PulseMagic+1","PowerUp","PowerUp","MilkyWay","AsteroidBelt","UltimateShortwave","WitchOfGreed+1","UltimateShortwave","MilkyWay+1","EarthLightRay","GalacticHalo","Parasite","Parasite","NonDirectionalLaser+1","AsteroidBelt","GalacticHalo+1","OortCloud+1","Apotheosis+1","infinitespire:FutureSight","MilkyWay+1"],"relics":["MiniHakkero","WingedGreaves","Smiling Mask","Letter Opener","Frozen Eye","Thread and Needle","MagicBroom","energizedSpire:NeverEndingSparkler","DollysMirror","ShroomBag","SproutingBranch","Turnip","Philosopher\u0027s Stone","Regal Pillow","Bottled Lightning","Strange Spoon","Bronze Scales"],"acts_visited":["Exordium","TheCity","TheBeyond","TheEnding"],"potions_floor_usage":[50,50,54,55,55,55],"damage_taken":[{"damage":2.0,"enemies":"2 Louse","floor":1.0,"turns":3.0},{"damage":3.0,"enemies":"Jaw Worm","floor":2.0,"turns":3.0},{"damage":0.0,"enemies":"Cultist","floor":3.0,"turns":4.0},{"damage":2.0,"enemies":"Blue Slaver","floor":5.0,"turns":4.0},{"damage":1.0,"enemies":"3 Sentries","floor":6.0,"turns":7.0},{"damage":7.0,"enemies":"Looter","floor":8.0,"turns":4.0},{"damage":0.0,"enemies":"Gremlin Nob","floor":13.0,"turns":2.0},{"damage":20.0,"enemies":"Hexaghost","floor":16.0,"turns":11.0},{"damage":0.0,"enemies":"Shell Parasite","floor":18.0,"turns":5.0},{"damage":2.0,"enemies":"Spheric Guardian","floor":20.0,"turns":4.0},{"damage":4.0,"enemies":"3 Cultists","floor":24.0,"turns":6.0},{"damage":13.0,"enemies":"Snake Plant","floor":28.0,"turns":5.0},{"damage":10.0,"enemies":"Snecko","floor":30.0,"turns":6.0},{"damage":13.0,"enemies":"Cultist and Chosen","floor":31.0,"turns":6.0},{"damage":1.0,"enemies":"Automaton","floor":33.0,"turns":7.0},{"damage":12.0,"enemies":"3 Shapes","floor":35.0,"turns":6.0},{"damage":17.0,"enemies":"3 Darklings","floor":36.0,"turns":6.0},{"damage":6.0,"enemies":"Transient","floor":37.0,"turns":5.0},{"damage":51,"enemies":"Reptomancer","floor":46,"turns":4},{"damage":0,"enemies":"Maw","floor":47,"turns":6},{"damage":0,"enemies":"Spire Growth","floor":48,"turns":5},{"damage":7,"enemies":"Awakened One","floor":50,"turns":8},{"damage":0,"enemies":"Shield and Spear","floor":54,"turns":5},{"damage":83,"enemies":"The Heart","floor":55,"turns":11}],"seed_played":"-3136813971951631000","potions_obtained":[{"floor":1.0,"key":"ColorlessPotion"},{"floor":3.0,"key":"Strength Potion"},{"floor":8.0,"key":"AttackPotion"},{"floor":16.0,"key":"Ancient Potion"},{"floor":18.0,"key":"EssenceOfSteel"},{"floor":18.0,"key":"SpeedPotion"},{"floor":20.0,"key":"Fruit Juice"},{"floor":20.0,"key":"Fire Potion"},{"floor":24.0,"key":"Swift Potion"},{"floor":28.0,"key":"FearPotion"},{"floor":30.0,"key":"Energy Potion"},{"floor":30.0,"key":"Block Potion"},{"floor":31.0,"key":"Ancient Potion"},{"floor":36.0,"key":"sneckomod:MuddlingPotion"},{"floor":46,"key":"DuplicationPotion"},{"floor":48,"key":"Block Potion"},{"floor":54,"key":"Block Potion"}],"is_trial":false,"path_per_floor":["M","M","M","?","M","E","R","M","T","$","?","R","E","$","R","B",null,"M","$","M","$","?","R","M","R","T","?","M","AVR","M","M","R","B",null,"M","M","M","$","?","R","$","?","T","R","?","E","M","M","R","B",null,"R","$","E","B",null],"character_chosen":"MARISA","items_purchased":["MilkyWay","AsteroidBelt","Frozen Eye","MagicBroom","WitchOfGreed","DollysMirror","EarthLightRay","GalacticHalo","OortCloud","Apotheosis","Strange Spoon","Block Potion"],"campfire_rested":2,"item_purchase_floors":[10,10,10,14,14,19,21,21,38,38,53,53],"current_hp_per_floor":[66,63,63,63,61,60,60,53,53,53,42,62,62,62,62,42,68,68,68,71,71,71,71,71,71,71,71,73,73,64,63,63,73,73,71,68,72,72,72,72,72,72,72,72,55,24,49,73,73,73,73,73,73,73,15],"gold":54,"neow_bonus":"ONE_RARE_RELIC","is_daily":false,"chose_seed":false,"campfire_upgraded":7,"win_rate":0.0,"timestamp":1607984738,"path_taken":["M","M","M","?","M","E","R","M","T","$","?","R","E","?","R","BOSS","M","$","M","$","?","R","M","R","T","?","M","AVR","M","M","R","BOSS","M","M","M","$","?","R","$","?","T","R","?","E","?","M","R","BOSS","R","$","E","BOSS"],"items_purchased_type":["Card","Card","Relic","Relic","Card","Relic","Card","Card","Card","Card","Relic","Potion"],"build_version":"2020-12-13","purchased_purges":8,"victory":true,"max_hp_per_floor":[68,68,68,68,68,68,68,68,68,68,68,68,68,68,68,68,68,68,68,73,73,73,73,73,73,73,73,73,73,73,73,73,73,73,73,73,73,73,73,73,73,73,73,73,73,73,73,73,73,73,73,73,73,73,73],"card_choices":[{"not_picked":["OpenUniverse","DoubleSpark","IllusionStar"],"picked":"SKIP","floor":1.0},{"not_picked":["IllusionStar","GravityBeat","UnstableBomb"],"picked":"SKIP","floor":2.0},{"not_picked":["GrandCross","DC"],"picked":"EnergyRecoil","floor":3.0},{"not_picked":["EnergyRecoil","GravityBeat"],"picked":"PulseMagic","floor":5.0},{"not_picked":["ShootingEcho","UnstableBomb"],"picked":"PowerUp","floor":6.0},{"not_picked":["CasketOfStar","MachineGunSpark"],"picked":"PowerUp","floor":8.0},{"not_picked":["NonDirectionalLaser","MysteriousBeam"],"picked":"UltimateShortwave","floor":13.0},{"not_picked":["BlazeAway+1","DeepEcoloBomb+1","GrandCross"],"picked":"SKIP","floor":18.0},{"not_picked":["Acceleration+1","OrrerysSun+1"],"picked":"MilkyWay+1","floor":20.0},{"not_picked":["DoubleSpark","IllusionStar+1","DC"],"picked":"SKIP","floor":24.0},{"not_picked":["SporeBomb","EnergyRecoil","OpenUniverse"],"picked":"SKIP","floor":28.0},{"not_picked":["UnstableBomb","WitchOfGreed","ShootTheMoon"],"picked":"SKIP","floor":30.0},{"not_picked":["UnstableBomb+1","BlazeAway"],"picked":"NonDirectionalLaser","floor":31.0},{"not_picked":["6A","MilkyWay+1"],"picked":"AsteroidBelt","floor":35.0},{"not_picked":["DC+1","AsteroidBelt","SporeBomb+1"],"picked":"SKIP","floor":36.0},{"not_picked":["BlazeAway+1","WitchOfGreed"],"picked":"GalacticHalo+1","floor":37.0},{"not_picked":["infinitespire:Menacing","infinitespire:SealOfDarkness+"],"picked":"infinitespire:FutureSight","floor":45},{"not_picked":["StarlightTyphoon","DragonMeteor"],"picked":"MilkyWay+1","floor":46},{"not_picked":["AsteroidBelt","MilkyWay","DC+1"],"picked":"SKIP","floor":47},{"not_picked":["ShootTheMoon+1","DoubleSpark","UnstableBomb+1"],"picked":"SKIP","floor":48},{"not_picked":["EventHorizon","MysteriousBeam+1","MeteoricShower+1"],"picked":"SKIP","floor":54}],"player_experience":445749,"relics_obtained":[{"floor":6.0,"key":"Smiling Mask"},{"floor":9.0,"key":"Letter Opener"},{"floor":13.0,"key":"Thread and Needle"},{"floor":26.0,"key":"SproutingBranch"},{"floor":46,"key":"Bottled Lightning"},{"floor":54,"key":"Bronze Scales"}],"event_choices":[{"damage_healed":0.0,"max_hp_gain":0.0,"max_hp_loss":0.0,"gold_gain":75.0,"event_name":"World of Goop","player_choice":"Gather Gold","floor":11.0,"gold_loss":0.0,"damage_taken":11.0},{"damage_healed":0.0,"max_hp_gain":0.0,"max_hp_loss":0.0,"gold_gain":0.0,"event_name":"The Mausoleum","player_choice":"Opened","floor":22.0,"gold_loss":0.0,"damage_taken":0.0,"relics_obtained":["ShroomBag"]},{"cards_removed":["UpSweep"],"damage_healed":0.0,"max_hp_gain":0.0,"max_hp_loss":0.0,"gold_gain":0.0,"event_name":"Purifier","player_choice":"Purged","floor":27.0,"gold_loss":0.0,"damage_taken":0.0},{"damage_healed":0.0,"max_hp_gain":0.0,"max_hp_loss":0.0,"gold_gain":0.0,"event_name":"WeMeetAgain","player_choice":"Gave Potion","floor":42.0,"gold_loss":0.0,"damage_taken":0.0,"relics_obtained":["Regal Pillow"]}],"is_beta":false,"boss_relics":[{"not_picked":["energizedSpire:MagnifyingGlass","energizedSpire:DeadBattery"],"picked":"energizedSpire:NeverEndingSparkler"},{"not_picked":["RampagingMagicTools","Black Star"],"picked":"Philosopher\u0027s Stone"}],"items_purged_floors":[10,14,19,21,29,38,41,53],"is_endless":false,"potions_floor_spawned":[1,3,8,18,20,30,37,47,48],"ascension_level":1}}