{"host":"turdyikuxcak11ni","time":1607944792,"event":{"mods":["AchievementEnabler","BaseMod","Better Altar","Better Match","Better Note","Better Sensory Stone","Better Skull","Better Third Choice","Better Vampires","Colored Map","Conspire","Downfall","Hubris","Minty Spire (QoL Compilation)","Quick Restart","Relic Stats","Replay The Spire","Spicy Shops","StSLib","SuperFastMode"],"gold_per_floor":[109,109,128,147,160,160,192,192,192,192,221,240,251,47,47,142,142,156,3,15,33,48,48,64,95,95,115,147,159,186,220,220,220,220],"floor_reached":33,"playtime":1185,"items_purged":["Strike_R"],"score":401,"play_id":"78ba8b35-23b3-4392-95e6-d61f3bb7f135","local_time":"20201214031952","is_ascension_mode":true,"campfire_choices":[{"data":"Shrug It Off","floor":6,"key":"SMITH"},{"floor":8,"key":"REST"},{"data":"Flex","floor":10,"key":"SMITH"},{"data":"ReplayTheSpireMod:Muscle Training","floor":15,"key":"SMITH"},{"floor":23,"key":"REST"},{"data":"Searing Blow","floor":32,"key":"SMITH"}],"circlet_count":0,"master_deck":["Strike_R","Strike_R","Strike_R","Strike_R","Defend_R+1","Defend_R","Defend_R","Defend_R","Bash","Flex+1","Shrug It Off+1","Cleave","Seeing Red","Defy Death","ReplayTheSpireMod:Muscle Training+1","Feel No Pain","hubris:CleavingFinish","Demonic Infusion+1","Shrug It Off","Combust","Iron Wave","ReplayTheSpireMod:Limb From Limb","Flex","Sword Boomerang","Flex","Inflame","Iron Wave+1","Searing Blow+1","Barricade","Rage"],"relics":["Burning Blood","CaptainsWheel","Mercury Hourglass","hubris:MysteriousPyramids","BargainBundle","hubris:BlackHole","Charon\u0027s Ashes","ReplayTheSpireMod:TigerMarble","Smiling Mask","War Paint","Replay:Bottled Flurry"],"acts_visited":["Exordium","TheCity"],"potions_floor_usage":[7,7,16,16,18,22,33,33],"damage_taken":[{"damage":24,"enemies":"Jaw Worm","floor":1,"turns":5},{"damage":1,"enemies":"Cultist","floor":3,"turns":3},{"damage":2,"enemies":"2 Louse","floor":4,"turns":4},{"damage":16,"enemies":"Blue Slaver","floor":5,"turns":4},{"damage":34,"enemies":"Lagavulin","floor":7,"turns":11},{"damage":10,"enemies":"Gremlin Nob","floor":11,"turns":4},{"damage":6,"enemies":"Looter","floor":12,"turns":2},{"damage":0,"enemies":"3 Louse","floor":13,"turns":1},{"damage":13,"enemies":"Slime Boss","floor":16,"turns":3},{"damage":1,"enemies":"3 Byrds","floor":18,"turns":4},{"damage":18,"enemies":"2 Thieves","floor":20,"turns":2},{"damage":5,"enemies":"Centurion and Healer","floor":21,"turns":2},{"damage":40,"enemies":"conspire:HollyBat","floor":22,"turns":8},{"damage":0,"enemies":"Snake Plant","floor":24,"turns":2},{"damage":20,"enemies":"Slavers","floor":25,"turns":2},{"damage":14,"enemies":"Centurion and Healer","floor":27,"turns":2},{"damage":2,"enemies":"Book of Stabbing","floor":28,"turns":3},{"damage":1,"enemies":"Chosen and Byrds","floor":29,"turns":2},{"damage":11,"enemies":"conspire:SneckoGhost","floor":30,"turns":3},{"damage":0,"enemies":"conspire:MimicChest","floor":31,"turns":4},{"damage":95,"enemies":"Champ","floor":33,"turns":9}],"seed_played":"5634618570211597318","potions_obtained":[{"floor":3,"key":"Regen Potion"},{"floor":4,"key":"HeartOfIron"},{"floor":11,"key":"Death Potion"},{"floor":13,"key":"SteroidPotion"},{"floor":16,"key":"Adrenaline Potion"},{"floor":18,"key":"BloodPotion"},{"floor":21,"key":"Energy Potion"},{"floor":24,"key":"GamblersBrew"},{"floor":27,"key":"Death Potion"},{"floor":28,"key":"Adrenaline Potion"}],"is_trial":false,"path_per_floor":["M","?","M","M","M","R","E","R","T","R","E","M","M","$","R","B",null,"M","$","M","M","M","R","M","E","T","M","E","M","E","?","R","B"],"character_chosen":"IRONCLAD","items_purchased":["BargainBundle","Feel No Pain","hubris:CleavingFinish","Combust","Charon\u0027s Ashes"],"campfire_rested":2,"item_purchase_floors":[14,14,14,19,19],"current_hp_per_floor":[70,70,75,79,69,69,56,82,82,82,78,78,84,84,84,77,85,88,88,76,77,60,86,88,74,74,66,78,83,78,88,88,0,0],"gold":220,"neow_bonus":"TEN_PERCENT_HP_BONUS","is_daily":false,"chose_seed":false,"campfire_upgraded":4,"win_rate":0.0,"timestamp":1607944792,"path_taken":["M","?","M","M","M","R","E","R","T","R","E","M","M","$","R","BOSS","M","$","M","M","M","R","M","E","T","M","E","M","E","?","R","BOSS"],"items_purchased_type":["Relic","Card","Card","Card","Relic"],"build_version":"2020-12-13","purchased_purges":1,"victory":false,"max_hp_per_floor":[88,88,88,88,88,88,88,88,88,88,88,88,88,88,88,88,88,88,88,88,88,88,88,88,88,88,88,88,88,88,88,88,88,88],"relic_stats":{"counters":[21,78],"Charon\u0027s Ashes":[558],"War Paint":["Demonic Infusion","Defend_R"],"Smiling Mask":0,"obtain_stats":[{"hubris:BlackHole":17,"CaptainsWheel":7,"BargainBundle":14,"Charon\u0027s Ashes":19,"ReplayTheSpireMod:TigerMarble":25,"Replay:Bottled Flurry":31,"hubris:MysteriousPyramids":11,"War Paint":30,"Smiling Mask":28,"Burning Blood":0,"Mercury Hourglass":9},{"hubris:BlackHole":9,"CaptainsWheel":5,"BargainBundle":8,"Charon\u0027s Ashes":10,"ReplayTheSpireMod:TigerMarble":15,"Replay:Bottled Flurry":20,"hubris:MysteriousPyramids":6,"War Paint":19,"Smiling Mask":17,"Burning Blood":0,"Mercury Hourglass":5},{"hubris:BlackHole":37,"CaptainsWheel":27,"BargainBundle":34,"Charon\u0027s Ashes":40,"ReplayTheSpireMod:TigerMarble":55,"Replay:Bottled Flurry":69,"hubris:MysteriousPyramids":31,"War Paint":65,"Smiling Mask":60,"Burning Blood":0,"Mercury Hourglass":27}],"Burning Blood":108,"Mercury Hourglass":[190]},"card_choices":[{"not_picked":["Twin Strike","Sever Soul"],"picked":"Flex","floor":1},{"not_picked":["True Grit","Wild Strike"],"picked":"Shrug It Off","floor":3},{"not_picked":["Entrench","Dropkick","Perfected Strike"],"picked":"SKIP","floor":4},{"not_picked":["Shrug It Off","ReplayTheSpireMod:Corrosion Curse","Reckless Charge"],"picked":"SKIP","floor":5},{"not_picked":["Cleave","Exhume","ReplayTheSpireMod:Corrosion Curse"],"picked":"SKIP","floor":7},{"not_picked":["Exhume","ReplayTheSpireMod:Corrosion Curse"],"picked":"Cleave","floor":7},{"not_picked":["Perfected Strike","hubris:ReadiedAction"],"picked":"Seeing Red","floor":11},{"not_picked":["Run Through","Iron Wave"],"picked":"Defy Death","floor":12},{"not_picked":["hubris:ReadiedAction","True Grit"],"picked":"ReplayTheSpireMod:Muscle Training","floor":13},{"not_picked":["Reaper","Barricade"],"picked":"Demonic Infusion","floor":16},{"not_picked":["Iron Wave","Disarm"],"picked":"Shrug It Off","floor":18},{"not_picked":["Second Wind","Run Through+1"],"picked":"Iron Wave","floor":20},{"not_picked":["Warcry","True Grit"],"picked":"ReplayTheSpireMod:Limb From Limb","floor":21},{"not_picked":["Body Slam+1","conspire:ExplosiveBarrier"],"picked":"Flex","floor":22},{"not_picked":["Blood for Blood","Armaments"],"picked":"Sword Boomerang","floor":24},{"not_picked":["Shrug It Off","hubris:ReadiedAction"],"picked":"Flex","floor":25},{"not_picked":["Sever Soul+1","hubris:SharpeningStone"],"picked":"Inflame","floor":27},{"not_picked":["Battle Trance","Demonic Infusion"],"picked":"Iron Wave+1","floor":28},{"not_picked":["Havoc","Entrench"],"picked":"Searing Blow","floor":29},{"not_picked":["Replay:Undeath\u0027s Touch+1","Havoc+1"],"picked":"Barricade","floor":30},{"not_picked":["Twin Strike","Body Slam"],"picked":"Rage","floor":31}],"player_experience":241253,"relics_obtained":[{"floor":7,"key":"CaptainsWheel"},{"floor":9,"key":"Mercury Hourglass"},{"floor":11,"key":"hubris:MysteriousPyramids"},{"floor":25,"key":"ReplayTheSpireMod:TigerMarble"},{"floor":28,"key":"Smiling Mask"},{"floor":30,"key":"War Paint"},{"floor":31,"key":"Replay:Bottled Flurry"}],"event_choices":[{"damage_healed":0,"gold_gain":0,"player_choice":"Bought 0 Potions","damage_taken":0,"max_hp_gain":0,"max_hp_loss":0,"event_name":"The Woman in Blue","floor":2,"gold_loss":0}],"is_beta":false,"boss_relics":[{"not_picked":["Coffee Dripper","hubris:Stopwatch"],"picked":"hubris:BlackHole"}],"items_purged_floors":[14],"is_endless":false,"potions_floor_spawned":[3,4,11,13,16,18,21,24,27,28,30],"killed_by":"Champ","ascension_level":5}}