{"host":"ds3v42j7tpaaz1mg","time":1607970299,"event":{"mods":["AchievementEnabler","Aspiration","BaseMod","Bestiary","Better Altar","Better Note","Better Sensory Stone","BetterRewards","Block Reminder","Colored Powertips","Conspire","Downfall","Energized Spire","Halation","Hermit","Highlight Path","Hubris","Infinite Spire","Jorbs\u0027s Wanderer Trilogy","Minty Spire (QoL Compilation)","Relic Stats","Replay The Spire","StSLib","The Elementalist","The Servant 0.9.4","vexMod"],"gold_per_floor":[109,109,134,134,151,151,161,161,161],"floor_reached":8,"playtime":1693,"items_purged":[],"score":64,"play_id":"26b179a7-4b48-4081-b854-0042e7d52333","local_time":"20201214132459","is_ascension_mode":true,"campfire_choices":[{"data":"Apotheosis","floor":6.0,"key":"SMITH"}],"circlet_count":0,"master_deck":["Strike_B","Strike_B","Strike_B","Strike_B","Defend_B","Defend_B","Defend_B","Defend_B","Zap","Dualcast","hexamod:Strike","sneckomod:Defend","Apotheosis+1","Panic Button","Blizzard","Reboot"],"relics":["Cracked Core","Replay:Wax Seal","infinitespire:Beetle Shell"],"acts_visited":["Exordium"],"potions_floor_usage":[8],"damage_taken":[{"damage":5.0,"enemies":"Jaw Worm","floor":1.0,"turns":4.0},{"damage":8.0,"enemies":"conspire:MimicChest","floor":3.0,"turns":5.0},{"damage":1.0,"enemies":"2 Louse","floor":5.0,"turns":2.0},{"damage":4.0,"enemies":"Small Slimes","floor":7.0,"turns":3.0},{"damage":64,"enemies":"Gremlin Nob","floor":8,"turns":5}],"seed_played":"7469619145796887004","potions_obtained":[{"floor":5.0,"key":"Block Potion"}],"is_trial":false,"path_per_floor":["M","?","?","?","M","R","M","E"],"character_chosen":"DEFECT","items_purchased":[],"campfire_rested":0,"item_purchase_floors":[],"current_hp_per_floor":[63,63,55,43,42,42,38,0,0],"gold":161,"neow_bonus":"RANDOM_COLORLESS_2","is_daily":false,"chose_seed":false,"campfire_upgraded":1,"win_rate":0.0,"timestamp":1607970299,"path_taken":["M","?","?","?","M","R","M","E"],"items_purchased_type":[],"build_version":"2020-12-13","purchased_purges":0,"victory":false,"max_hp_per_floor":[75,75,75,75,75,75,75,75,75],"relic_stats":{"counters":[5,19],"obtain_stats":[{"infinitespire:Beetle Shell":4,"Replay:Wax Seal":3,"Cracked Core":0},{"infinitespire:Beetle Shell":2,"Replay:Wax Seal":2,"Cracked Core":0},{"infinitespire:Beetle Shell":9,"Replay:Wax Seal":9,"Cracked Core":0}]},"card_choices":[{"not_picked":["HandOfGreed","Master of Strategy"],"picked":"Apotheosis","floor":0.0},{"not_picked":["Compile Driver","Hello World"],"picked":"Panic Button","floor":1.0},{"not_picked":["Hologram","BootSequence"],"picked":"Blizzard","floor":3.0},{"not_picked":["Compile Driver","Reprogram"],"picked":"Reboot","floor":5.0},{"not_picked":["Streamline","ReplayTheSpireMod:Dual Polarity","FTL"],"picked":"SKIP","floor":7.0}],"player_experience":544687,"relics_obtained":[{"floor":3.0,"key":"Replay:Wax Seal"}],"event_choices":[{"damage_healed":0.0,"max_hp_gain":0.0,"max_hp_loss":0.0,"gold_gain":0.0,"event_name":"conspire:Investor","player_choice":"Leave","floor":2.0,"gold_loss":0.0,"damage_taken":0.0},{"damage_healed":0.0,"max_hp_gain":0.0,"max_hp_loss":0.0,"gold_gain":0.0,"event_name":"Scrap Ooze","player_choice":"Success","floor":4.0,"gold_loss":0.0,"damage_taken":12.0,"relics_obtained":["infinitespire:Beetle Shell"]}],"is_beta":false,"boss_relics":[],"items_purged_floors":[],"is_endless":false,"potions_floor_spawned":[5],"killed_by":"Gremlin Nob","ascension_level":8}}