{"host":"rjmu5g8hpiele53d","time":1607966536,"event":{"mods":["2.2 Compatiblity","BaseMod","Downfall","GifTheSpireLib","Minty Spire (QoL Compilation)","StSLib"],"gold_per_floor":[0,0,11,22,22,40,40,53,86,11,27,202,302,302,321,423,423,423,439,459,469,469,469],"floor_reached":22,"playtime":2185,"items_purged":[],"score":188,"play_id":"ae67b4f6-2725-4a08-8d2c-d55af43f4aff","local_time":"20201214172216","is_ascension_mode":false,"campfire_choices":[{"data":"hexamod:SearingWound","floor":1.0,"key":"SMITH"},{"data":"hexamod:Float","floor":5.0,"key":"SMITH"},{"floor":10.0,"key":"REST"},{"data":"hexamod:RainOfEmbers","floor":18.0,"key":"SMITH"}],"circlet_count":0,"master_deck":["hexamod:Strike","hexamod:Strike","hexamod:Strike+1","hexamod:Defend","hexamod:Defend","hexamod:Defend+1","hexamod:Defend","hexamod:Sear","hexamod:Float+1","hexamod:SearingWound+1","hexamod:RecurringNightmare+1","hexamod:AdvancingGuard","hexamod:RainOfEmbers+1","hexamod:StepThrough","hexamod:EmpoweredFlame","hexamod:ExtraCrispy","hexamod:HeatShield","Doubt","Regret","hexamod:WildfireWeapon","hexamod:RadiantFlame","hexamod:FlamesFromBeyond"],"relics":["hexamod:SpiritBrand","The Courier","Gremlin Horn","downfall:HeartBlessingGreen","Black Star"],"acts_visited":["Exordium","TheCity"],"potions_floor_usage":[22],"damage_taken":[{"damage":0.0,"enemies":"Small Slimes","floor":3.0,"turns":3.0},{"damage":0.0,"enemies":"Cultist","floor":4.0,"turns":3.0},{"damage":0.0,"enemies":"2 Louse","floor":6.0,"turns":3.0},{"damage":0.0,"enemies":"Blue Slaver","floor":8.0,"turns":4.0},{"damage":49.0,"enemies":"Gremlin Nob","floor":9.0,"turns":5.0},{"damage":0.0,"enemies":"Large Slime","floor":11.0,"turns":5.0},{"damage":5.0,"enemies":"Exordium Wildlife","floor":15.0,"turns":3.0},{"damage":36.0,"enemies":"downfall:Watcher","floor":16.0,"turns":13.0},{"damage":13.0,"enemies":"Shell Parasite","floor":19.0,"turns":9.0},{"damage":14.0,"enemies":"Chosen","floor":20.0,"turns":8.0},{"damage":31.0,"enemies":"Snecko","floor":21.0,"turns":7.0},{"damage":21,"enemies":"Chosen and Byrds","floor":22,"turns":5}],"seed_played":"-8434249815745304197","potions_obtained":[{"floor":6.0,"key":"Fire Potion"},{"floor":9.0,"key":"LiquidBronze"},{"floor":21.0,"key":"Weak Potion"}],"is_trial":false,"path_per_floor":["R","?","M","M","R","M","T","M","E","R","M","?","?","?","M","B",null,"R","M","M","M","M"],"character_chosen":"THE_SPIRIT","items_purchased":[],"campfire_rested":1,"item_purchase_floors":[],"current_hp_per_floor":[70,70,70,70,70,70,70,70,21,42,42,42,42,42,37,1,70,70,57,43,12,0,0],"gold":469,"neow_bonus":"THREE_RARE_CARDS","is_daily":false,"chose_seed":false,"campfire_upgraded":3,"win_rate":0.0,"timestamp":1607966536,"path_taken":["R","?","M","M","R","M","T","M","E","R","?","?","?","?","M","BOSS","R","M","M","M","M"],"items_purchased_type":[],"build_version":"2020-12-13","purchased_purges":0,"victory":false,"max_hp_per_floor":[70,70,70,70,70,70,70,70,70,70,70,70,70,70,70,70,70,70,70,70,70,70,70],"card_choices":[{"not_picked":["hexamod:UnleashSpirits","hexamod:CrushingStance"],"picked":"hexamod:SearingWound","floor":0.0},{"not_picked":["hexamod:Again","hexamod:InspiringFlames"],"picked":"hexamod:AdvancingGuard","floor":3.0},{"not_picked":["hexamod:InspiringFlames","hexamod:GhostShield"],"picked":"hexamod:RainOfEmbers","floor":4.0},{"not_picked":["hexamod:ShieldOfDarkness","hexamod:SwordOfDarkness"],"picked":"hexamod:StepThrough","floor":6.0},{"not_picked":["hexamod:BacktrackSmack","hexamod:TimeOfNeed"],"picked":"hexamod:EmpoweredFlame","floor":8.0},{"not_picked":["hexamod:FastForward","hexamod:Firestarter"],"picked":"hexamod:ExtraCrispy","floor":9.0},{"not_picked":["hexamod:ThermalTransfer","hexamod:GhostLash"],"picked":"hexamod:HeatShield","floor":11.0},{"not_picked":["hexamod:InspiringFlames","hexamod:ShieldOfDarkness","hexamod:EtherealExpedition"],"picked":"SKIP","floor":15.0},{"not_picked":["hexamod:ParanormalForm","hexamod:EmpoweringStance"],"picked":"hexamod:WildfireWeapon","floor":16.0},{"not_picked":["hexamod:ThermalTransfer+1","hexamod:HauntingEcho+1","hexamod:NightmareStrike+1"],"picked":"SKIP","floor":19.0},{"not_picked":["hexamod:FirstSeal","hexamod:GhostOfSpirePast"],"picked":"hexamod:RadiantFlame","floor":20.0},{"not_picked":["hexamod:HauntingEcho","hexamod:HeatCrush"],"picked":"hexamod:FlamesFromBeyond","floor":21.0}],"player_experience":1533198,"relics_obtained":[{"floor":7.0,"key":"The Courier"},{"floor":9.0,"key":"Gremlin Horn"}],"event_choices":[{"damage_healed":0.0,"max_hp_gain":0.0,"max_hp_loss":0.0,"gold_gain":0.0,"cards_transformed":["hexamod:Strike"],"event_name":"Transmorgrifier","player_choice":"Transformed","floor":2.0,"gold_loss":0.0,"damage_taken":0.0,"cards_obtained":["hexamod:RecurringNightmare"]}],"is_beta":false,"boss_relics":[{"not_picked":["Velvet Choker","Runic Dome"],"picked":"Black Star"}],"items_purged_floors":[],"is_endless":false,"potions_floor_spawned":[6,9,21],"killed_by":"Chosen and Byrds","ascension_level":0}}