{"host":"h5acbxt0wmjo1kpm","time":1607904553,"event":{"mods":["2.2 Compatiblity","Act Like it!","AlwaysNeverKeys","Aspiration","Bartender","BaseMod","Better Third Choice","Colored Map","Elementarium","Gensokyo","GifTheSpireLib","Hallownest","Marisa????????","Minty Spire (QoL Compilation)","Permanent Neow","Potionbrewer","Relic Filter","Replay The Spire","Robot Space Explorer","RumiaBox-????????","Shade Mod","Spicy Shops","StSLib","The Blackbeard","The Dragon Tamer","The Forsaken","The Gatherer","The Problem Sleuth","The Servant 0.9.4","Wandering Minibosses","vexMod"],"gold_per_floor":[113,113,130,61,72,72,84,84,110,0,20,20,36,66,66,165,165,177,177,188,205,205,205,205,455,586,586,605,616,635,735,735,840,840,854,879,38,78,156,223,239,239,290,290,290,84,128,128,128,241,241,241,4,69,101],"floor_reached":56,"playtime":3362,"items_purged":["DTMod:Strike","Pride"],"score":1487,"play_id":"fa4cdf9c-b9d5-4c5f-b077-fb262a9b872a","local_time":"20201213160913","is_ascension_mode":true,"metric_token":2003,"campfire_choices":[{"data":"DTMod:QuickFly","floor":6.0,"key":"SMITH"},{"data":"DTMod:FlameSlash","floor":12.0,"key":"SMITH"},{"data":"DTMod:BreakAttack","floor":15.0,"key":"SMITH"},{"data":"DTMod:EchoTactic","floor":23.0,"key":"SMITH"},{"data":"DTMod:SwitchingTactic","floor":27.0,"key":"SMITH"},{"floor":32.0,"key":"REST"},{"data":"DTMod:HeadStart","floor":42,"key":"SMITH"},{"data":"DTMod:CleansingStrike","floor":45,"key":"SMITH"},{"data":"DTMod:DoubleHit","floor":49,"key":"SMITH"},{"data":"DTMod:MasterPlan","floor":52,"key":"SMITH"}],"dtmod_dragon_data":[58,58,1,0,8,0],"circlet_count":0,"master_deck":["DTMod:Strike","DTMod:Strike","DTMod:Strike","DTMod:DoubleHit+1","DTMod:TargetDefense+1","DTMod:TargetDefense+1","DTMod:TargetDefense+1","DTMod:TargetDefense+1","DTMod:SwitchingTactic+1","DTMod:ShieldDrain","DTMod:BreakAttack+1","DTMod:QuickFly+1","DTMod:WarmUp","DTMod:FlameSlash+1","DTMod:Cover+1","DTMod:ExcessFootwork","DTMod:EchoTactic+1","DTMod:InvisibleFlame+1","DTMod:MasterPlan+1","DTMod:HeadStart+1","DTMod:CleansingStrike+1","DTMod:MasterPlan+1","HandOfGreed","DTMod:BalancedStrike+1","DTMod:Observe+1","DTMod:Inferno","DTMod:Overwhelm"],"relics":["DTMod:PactStone","NeowsBlessing","Hallownest:DreamNailRelic","Hallownest:BankAccountRelic","Nunchaku","potionbrewer:BhaskarasWheel","Gensokyo:MosesMiracle","Gensokyo:ConquerorOfFear","Tiny House","DTMod:SolidMemories","vexMod:PlasmaPancake","wanderingMiniBosses:OtherGremlinHorn","vexMod:MysteryBossChallenge","Philosopher\u0027s Stone","potionbrewer:DrinkingBird","theForsaken:ScaryMask","Replay:Bandana","PreservedInsect","aspiration:ChemicalBlood","Replay:Bottled Eggs","Vajra","Akabeko"],"acts_visited":["Hallownest:Greenpath","Gensokyo:Gensokyoer","Hallownest:KingdomsEdge","TheEnding"],"potions_floor_usage":[36,47,55,55,55,55,55],"damage_taken":[{"damage":0.0,"enemies":"Hallownest:2_Baldur","floor":1.0,"turns":1.0},{"damage":0.0,"enemies":"Hallownest:monsterHuskWarrior","floor":3.0,"turns":1.0},{"damage":0.0,"enemies":"Hallownest:monsterHuskGuard","floor":5.0,"turns":1.0},{"damage":0.0,"enemies":"Hallownest:monsterMossCharger","floor":7.0,"turns":1.0},{"damage":0.0,"enemies":"Hallownest:1_Baldur_1_Crawlid_1_Warrior","floor":11.0,"turns":4.0},{"damage":3.0,"enemies":"Hallownest:Guard_and_Warrior","floor":13.0,"turns":3.0},{"damage":0.0,"enemies":"Hallownest:eliteMossKnight","floor":14.0,"turns":3.0},{"damage":27.0,"enemies":"Hallownest:BossFalseKnight","floor":16.0,"turns":10.0},{"damage":0.0,"enemies":"Gensokyo:CosmicMonolith","floor":18.0,"turns":2.0},{"damage":14.0,"enemies":"Gensokyo:3_Dogs","floor":20.0,"turns":7.0},{"damage":0.0,"enemies":"Gensokyo:Slime_Group","floor":21.0,"turns":4.0},{"damage":26.0,"enemies":"Gensokyo:Wraith","floor":28.0,"turns":4.0},{"damage":0.0,"enemies":"Gensokyo:Chomper_and_Gloop","floor":29.0,"turns":4.0},{"damage":0.0,"enemies":"Gensokyo:Monolith_and_Dog","floor":30.0,"turns":4.0},{"damage":14.0,"enemies":"Gensokyo:Monolith_and_Dog","floor":31.0,"turns":10.0},{"damage":28.0,"enemies":"Gensokyo:Kaguya","floor":33.0,"turns":12.0},{"damage":0,"enemies":"Hallownest:Shield_Heavy","floor":35,"turns":2},{"damage":0,"enemies":"Hallownest:3_Siblings","floor":36,"turns":2},{"damage":0,"enemies":"Hallownest:StalkingDevout","floor":40,"turns":4},{"damage":0,"enemies":"Hallownest:2_Soldiers_and_1_Guardian","floor":47,"turns":1},{"damage":0,"enemies":"Hallownest:Radiance","floor":50,"turns":10},{"damage":0,"enemies":"Shield and Spear","floor":54,"turns":4},{"damage":14,"enemies":"The Heart","floor":55,"turns":9}],"seed_played":"8481812471509103754","potions_obtained":[{"floor":1.0,"key":"potionbrewer:AcidPotion"},{"floor":7.0,"key":"Swift Potion"},{"floor":14.0,"key":"Energy Potion"},{"floor":16.0,"key":"Block Potion"},{"floor":21.0,"key":"Fire Potion"},{"floor":35,"key":"potionbrewer:MidasPotion"},{"floor":39,"key":"potionbrewer:NoxiousPotion"},{"floor":39,"key":"Elixir"},{"floor":50,"key":"Swift Potion"}],"is_trial":false,"path_per_floor":["M","?","M","$","M","R","M","?","T","?","M","R","M","E","R","B",null,"M","?","M","M","?","R","?","?","T","R","M","M","M","?","R","B",null,"M","M","$","$","?","E","?","R","T","?","R","$","M","?","R","B",null,"R","$","E","B",null],"character_chosen":"THE_DT","items_purchased":["DTMod:QuickFly","HandOfGreed","potionbrewer:DrinkingBird","theForsaken:ScaryMask","Replay:Bottled Eggs","DTMod:Overwhelm","Vajra"],"campfire_rested":1,"item_purchase_floors":[4,37,37,37,46,53,53],"current_hp_per_floor":[45,45,45,45,45,45,45,45,45,45,45,45,42,42,42,15,45,45,45,31,43,43,43,43,43,48,48,22,22,22,14,30,2,56,56,56,56,56,42,42,42,42,42,42,42,42,42,42,42,42,56,56,56,56,42],"gold":101,"neow_bonus":"THREE_ENEMY_KILL","is_daily":false,"chose_seed":false,"campfire_upgraded":9,"win_rate":0.0,"timestamp":1607904553,"path_taken":["M","?","?","$","M","R","?","?","T","?","?","R","M","E","R","BOSS","M","?","?","M","?","R","?","?","T","R","?","M","M","?","R","BOSS","M","M","?","$","?","E","?","R","T","?","R","?","M","?","R","BOSS","R","$","E","BOSS"],"items_purchased_type":["Card","Card","Relic","Relic","Relic","Card","Relic"],"build_version":"2020-12-13","purchased_purges":2,"victory":true,"max_hp_per_floor":[45,45,45,45,45,45,45,45,45,45,45,45,45,45,45,45,45,45,45,45,45,45,45,45,45,50,50,50,50,50,56,56,56,56,56,56,56,56,56,56,56,56,56,56,56,56,56,56,56,56,56,56,56,56,56],"card_choices":[{"not_picked":["DTMod:Coolant","DTMod:LastStand"],"picked":"DTMod:ShieldDrain","floor":1.0},{"not_picked":["DTMod:Astonish","DTMod:BurningEnergy"],"picked":"DTMod:BreakAttack","floor":3.0},{"not_picked":["DTMod:Weaken","DTMod:DeepFocus"],"picked":"DTMod:WarmUp","floor":5.0},{"not_picked":["DTMod:Coolant","DTMod:QuickFly"],"picked":"DTMod:FlameSlash","floor":7.0},{"not_picked":["DTMod:MagicField","DTMod:BlazingStrike","DTMod:SneakAttack"],"picked":"SKIP","floor":11.0},{"not_picked":["DTMod:BlazingStrike","DTMod:Punisher"],"picked":"DTMod:Cover","floor":13.0},{"not_picked":["DTMod:StarRain","DTMod:Punisher"],"picked":"DTMod:ExcessFootwork","floor":14.0},{"not_picked":["DTMod:StunTrap","DTMod:Safeguard"],"picked":"DTMod:EchoTactic","floor":16.0},{"not_picked":["DTMod:Punisher","DTMod:FlameSlash"],"picked":"DTMod:InvisibleFlame+1","floor":18.0},{"not_picked":["DTMod:MagicField+1","DTMod:BurningEnergy","DTMod:Feint+1"],"picked":"SKIP","floor":20.0},{"not_picked":["DTMod:BreakAttack","DTMod:Overwhelm","DTMod:BuildUp"],"picked":"SKIP","floor":21.0},{"not_picked":["DTMod:DragonDance","DTMod:BlazingStrike+1"],"picked":"DTMod:MasterPlan","floor":28.0},{"not_picked":["DTMod:Astonish","DTMod:BizarreTactic","DTMod:Threaten"],"picked":"SKIP","floor":29.0},{"not_picked":["DTMod:Observe","DTMod:MasterPlan","DTMod:LastStand"],"picked":"SKIP","floor":30.0},{"not_picked":["DTMod:StunTrap","DTMod:Inferno"],"picked":"DTMod:HeadStart","floor":33.0},{"not_picked":["DTMod:StarRain+1","DTMod:Adaptation"],"picked":"DTMod:CleansingStrike","floor":35},{"not_picked":["DTMod:MaximumCharge","DTMod:Feint+1"],"picked":"DTMod:MasterPlan+1","floor":36},{"not_picked":["DTMod:BuildUp+1","DTMod:Hide+1"],"picked":"DTMod:BalancedStrike+1","floor":39},{"not_picked":["DTMod:LastStand+1","DTMod:CalculatedDefense"],"picked":"DTMod:Observe+1","floor":40},{"not_picked":["DTMod:QuickFly","DTMod:BreakAttack","DTMod:Hide+1"],"picked":"SKIP","floor":47},{"not_picked":["DTMod:FierySynthesis","DTMod:Multitask"],"picked":"DTMod:Inferno","floor":50},{"not_picked":["DTMod:Dissolve","DTMod:SneakAttack+1","DTMod:BlazingStrike+1"],"picked":"SKIP","floor":54}],"player_experience":1906530,"relics_obtained":[{"floor":9.0,"key":"Replay:Baseball"},{"floor":14.0,"key":"Nunchaku"},{"floor":26.0,"key":"Tiny House"},{"floor":28.0,"key":"Gensokyo:MosesMiracle"},{"floor":28.0,"key":"Gensokyo:ConquerorOfFear"},{"floor":31.0,"key":"DTMod:SolidMemories"},{"floor":31.0,"key":"vexMod:PlasmaPancake"},{"floor":31.0,"key":"wanderingMiniBosses:OtherGremlinHorn"},{"floor":39,"key":"Replay:Bandana"},{"floor":40,"key":"PreservedInsect"},{"floor":43,"key":"aspiration:ChemicalBlood"},{"floor":54,"key":"Akabeko"}],"event_choices":[],"is_beta":false,"boss_relics":[{"not_picked":["SoulBox","aspiration:SecretTechniqueScroll"],"picked":"potionbrewer:BhaskarasWheel"},{"not_picked":["vexMod:CursedCompass","vexMod:TanglingVine"],"picked":"vexMod:MysteryBossChallenge"}],"items_purged_floors":[37,53],"is_endless":false,"potions_floor_spawned":[1,7,11,14,16,21,35,40,50],"ascension_level":4}}