{"host":"75dm291x99j0clh1","time":1607929067,"event":{"mods":["BaseMod","Friendly Minions","Lobotomy","Marisa£¨Ùöéë¡¡Øª×âÞÞ£©","Minty Spire (QoL Compilation)","StSLib"],"gold_per_floor":[118,118,133,208,208,208,220,220,220,75,93,93,93,106,106,203,203,213,233,83,83,98,125,139,156,156,173,154,174,174,174,186,198,198,198,198],"floor_reached":33,"playtime":2025,"items_purged":[],"score":336,"play_id":"42a183bc-95cb-49c1-8a63-7e1ee1f60027","local_time":"20201214155747","is_ascension_mode":false,"campfire_choices":[{"data":"MasterSpark","floor":6,"key":"SMITH"},{"data":"BinaryStars","floor":8,"key":"SMITH"},{"floor":13,"key":"REST"},{"floor":15,"key":"REST"},{"data":"UpSweep","floor":30,"key":"SMITH"},{"data":"SprinkleStarSeal","floor":32,"key":"SMITH"}],"circlet_count":0,"master_deck":["Strike_MRS","Strike_MRS","Strike_MRS","Strike_MRS+1","Defend_MRS","Defend_MRS","Defend_MRS","Defend_MRS+1","MasterSpark+1","UpSweep+1","BigBadWolf","PropBag","Freischutz","RedShoes","BinaryStars+1","MagicAbsorber","SprinkleStarSeal+1","MeatLantern","GreedKing","Mercenary","FinalSpark","SpiderBud","PropBag+1","BlackArmy","DoubleSpark","QueenOfHatred","WhitesApple","CENSORED","DreamingCurrent","Parasite","GalaxyChild","VoidDream","AsteroidBelt+1"],"relics":["MiniHakkero","CogitoBucket","Mango","ExperimentalFamiliar","AspirationHeart","Tiny Chest","MutagenicStrength","Nunchaku","ResearcherNote","MawBank","Letter Opener"],"acts_visited":[],"potions_floor_usage":[23],"damage_taken":[{"damage":1,"enemies":"Cultist","floor":1,"turns":3},{"damage":0,"enemies":"Small Slimes","floor":3,"turns":3},{"damage":0,"enemies":"2 Louse","floor":7,"turns":2},{"damage":10,"enemies":"Red Slaver","floor":11,"turns":4},{"damage":50,"enemies":"Exordium Thugs","floor":14,"turns":4},{"damage":20,"enemies":"Slime Boss","floor":16,"turns":7},{"damage":61,"enemies":"Spheric Guardian","floor":18,"turns":3},{"damage":4,"enemies":"3 Byrds","floor":19,"turns":3},{"damage":12,"enemies":"Shelled Parasite and Fungi","floor":22,"turns":4},{"damage":2,"enemies":"Gremlin Leader","floor":23,"turns":2},{"damage":0,"enemies":"Centurion and Healer","floor":24,"turns":2},{"damage":27,"enemies":"3 Cultists","floor":25,"turns":3},{"damage":11,"enemies":"Snake Plant","floor":27,"turns":2},{"damage":26,"enemies":"Shelled Parasite and Fungi","floor":28,"turns":3},{"damage":4,"enemies":"Centurion and Healer","floor":29,"turns":3},{"damage":48,"enemies":"Collector","floor":33,"turns":2},{"damage":75,"enemies":"Collector","floor":33,"turns":2}],"seed_played":"-6788820969705007723","potions_obtained":[{"floor":3,"key":"Fire Potion"},{"floor":16,"key":"GamblersBrew"},{"floor":23,"key":"Fruit Juice"},{"floor":27,"key":"EntropicBrew"}],"is_trial":false,"path_per_floor":["M","?","M","?","?","R","M","R","T","$","M","$","R","M","R","B",null,"M","M","$","?","M","E","M","M","T","M","M","M","R","?","R","B"],"character_chosen":"MARISA","items_purchased":["MagicAbsorber","SprinkleStarSeal","Tiny Chest"],"campfire_rested":2,"item_purchase_floors":[10,10,20],"current_hp_per_floor":[74,59,59,48,48,48,48,48,62,62,52,52,78,28,54,34,89,38,46,46,46,34,44,50,29,29,20,25,45,45,45,45,26,26,0,0],"gold":198,"neow_bonus":"","is_daily":false,"chose_seed":false,"campfire_upgraded":4,"win_rate":0.0,"timestamp":1607929067,"path_taken":["M","?","M","?","?","R","?","R","T","$","M","?","R","M","R","BOSS","M","M","?","?","M","E","M","M","T","?","M","M","R","?","R","BOSS"],"items_purchased_type":["Card","Card","Relic"],"build_version":"2020-12-13","purchased_purges":0,"victory":false,"max_hp_per_floor":[75,75,75,75,75,75,75,75,89,89,89,89,89,89,89,89,89,99,99,99,99,99,104,104,104,104,104,104,104,104,104,104,104,104,104,104],"card_choices":[{"not_picked":["PunishingBird","UniverseFragment","WallGazer"],"picked":"Singing Bowl","floor":1},{"not_picked":["Scorched","Mercenary"],"picked":"BigBadWolf","floor":1},{"not_picked":["WitchLeyline","StarBarrage"],"picked":"PropBag","floor":1},{"not_picked":["Wellcheers","OSAHOGD"],"picked":"Freischutz","floor":3},{"not_picked":["6A","BigCrunch","ShootingEcho"],"picked":"SKIP","floor":3},{"not_picked":["Alriune","CrumblingArmor"],"picked":"RedShoes","floor":7},{"not_picked":["GrandCross","UnstableBomb"],"picked":"BinaryStars","floor":7},{"not_picked":["PunishingBird","VoidDream"],"picked":"MeatLantern","floor":11},{"not_picked":["WitchLeyline","Acceleration","MagicChant"],"picked":"SKIP","floor":11},{"not_picked":["WallGazer","CrumblingArmor"],"picked":"GreedKing","floor":14},{"not_picked":["6A","MilkyWay","WitchOfGreed"],"picked":"SKIP","floor":14},{"not_picked":["6A","MilkyWay","WitchOfGreed"],"picked":"SKIP","floor":14},{"not_picked":["FairyFestival","SpiderBud"],"picked":"Mercenary","floor":16},{"not_picked":["SuperNova","ManaRampage"],"picked":"FinalSpark","floor":16},{"not_picked":["BlackArmy","BeautyBeast"],"picked":"SpiderBud","floor":18},{"not_picked":["DC+1","WitchOfGreed"],"picked":"PropBag+1","floor":18},{"not_picked":["MeltingLove","BlackSwan"],"picked":"BlackArmy","floor":19},{"not_picked":["PulseMagic","Orbital+1"],"picked":"DoubleSpark","floor":19},{"not_picked":["Rudolta","FieryBird"],"picked":"QueenOfHatred","floor":22},{"not_picked":["StarBarrage","UnstableBomb","MagicChant"],"picked":"SKIP","floor":22},{"not_picked":["StarBarrage","UnstableBomb","MagicChant"],"picked":"SKIP","floor":22},{"not_picked":["StarBarrage","UnstableBomb","MagicChant"],"picked":"SKIP","floor":22},{"not_picked":["PowerUp","DarkSpark","MilkyWay+1"],"picked":"SKIP","floor":23},{"not_picked":["Variant","OldLady"],"picked":"WhitesApple","floor":24},{"not_picked":["MysteriousBeam","6A","PowerUp"],"picked":"SKIP","floor":24},{"not_picked":["MysteriousBeam","6A","PowerUp"],"picked":"SKIP","floor":24},{"not_picked":["OSAHOGD","FairyFestival"],"picked":"CENSORED","floor":25},{"not_picked":["Robbery","PowerUp","MysteriousBeam"],"picked":"SKIP","floor":25},{"not_picked":["BigBird","FairyFestival"],"picked":"DreamingCurrent","floor":27},{"not_picked":["GrandCross","StarDustReverie","MachineGunSpark"],"picked":"SKIP","floor":27},{"not_picked":["BlackSwan","ShyLook"],"picked":"GalaxyChild","floor":28},{"not_picked":["BlazeAway","LuminesStrike","IllusionStar"],"picked":"SKIP","floor":28},{"not_picked":["BlazeAway","LuminesStrike","IllusionStar"],"picked":"SKIP","floor":28},{"not_picked":["BlackSwan","Bloodbath"],"picked":"VoidDream","floor":29},{"not_picked":["GalacticHalo","MagicAbsorber"],"picked":"AsteroidBelt+1","floor":29}],"player_experience":557343,"relics_obtained":[{"floor":9,"key":"Mango"},{"floor":23,"key":"Nunchaku"}],"event_choices":[{"damage_healed":0,"gold_gain":0,"player_choice":"Entered Light","damage_taken":15,"max_hp_gain":0,"max_hp_loss":0,"event_name":"Shining Light","floor":2,"gold_loss":0,"cards_upgraded":["Defend_MRS","Strike_MRS"]},{"damage_healed":0,"gold_gain":75,"player_choice":"Gather Gold","damage_taken":11,"max_hp_gain":0,"max_hp_loss":0,"event_name":"World of Goop","floor":4,"gold_loss":0},{"damage_healed":0,"gold_gain":0,"player_choice":"Ignored","damage_taken":0,"max_hp_gain":0,"max_hp_loss":0,"event_name":"NoteForYourself","floor":5,"gold_loss":0},{"damage_healed":0,"gold_gain":0,"player_choice":"Inject Mutagens","damage_taken":0,"relics_obtained":["MutagenicStrength"],"max_hp_gain":0,"max_hp_loss":0,"event_name":"Drug Dealer","floor":21,"gold_loss":0},{"damage_healed":0,"gold_gain":0,"player_choice":"Opened","damage_taken":0,"relics_obtained":["MawBank"],"max_hp_gain":0,"max_hp_loss":0,"event_name":"The Mausoleum","floor":31,"gold_loss":0}],"is_beta":false,"boss_relics":[{"not_picked":["Philosopher\u0027s Stone","Cursed Key"],"picked":"ExperimentalFamiliar"}],"items_purged_floors":[],"is_endless":false,"potions_floor_spawned":[3,16,23,27,28],"killed_by":"Collector","ascension_level":0}}