{"host":"88sw61cmk1203zgj","time":1607908116,"event":{"mods":["BaseMod","Minty Spire (QoL Compilation)"],"gold_per_floor":[114,114,114,129,148,189,189,220,255,282,294,327,362,397,409,550,625,658,690,702,444,444,444,478,498,525,440,450,450,450,450,450],"floor_reached":31,"playtime":1936,"items_purged":["Strike_B"],"score":387,"play_id":"0d2e126b-cda9-4acf-9b0d-bc071af6d19a","local_time":"20201213200836","is_ascension_mode":true,"campfire_choices":[{"data":"Rip and Tear","floor":7.0,"key":"SMITH"},{"data":"Consume","floor":11.0,"key":"SMITH"},{"floor":15.0,"key":"REST"},{"data":"Capacitor","floor":23.0,"key":"SMITH"},{"data":"Creative AI","floor":29.0,"key":"SMITH"}],"circlet_count":0,"master_deck":["Strike_B","Strike_B","Strike_B","Defend_B","Defend_B","Defend_B","Defend_B","Zap+1","Dualcast","Cold Snap","Rip and Tear+1","Cold Snap","Sweeping Beam","Consume+1","Conserve Battery","Coolheaded","Electrodynamics","Turbo","Ball Lightning+1","Capacitor+1","Fission","Fusion","Creative AI+1"],"relics":["Cracked Core","Bloody Idol","Blood Vial","Smiling Mask","MawBank","MealTicket","Tiny House","OrangePellets","Pen Nib","Art of War"],"acts_visited":["Exordium","TheCity"],"potions_floor_usage":[31,31,31],"damage_taken":[{"damage":1.0,"enemies":"2 Louse","floor":1.0,"turns":2.0},{"damage":0.0,"enemies":"Jaw Worm","floor":4.0,"turns":4.0},{"damage":0.0,"enemies":"Cultist","floor":5.0,"turns":3.0},{"damage":8.0,"enemies":"3 Sentries","floor":6.0,"turns":7.0},{"damage":20.0,"enemies":"Lagavulin","floor":8.0,"turns":5.0},{"damage":8.0,"enemies":"2 Fungi Beasts","floor":10.0,"turns":3.0},{"damage":8.0,"enemies":"Blue Slaver","floor":12.0,"turns":2.0},{"damage":8.0,"enemies":"3 Louse","floor":13.0,"turns":3.0},{"damage":0.0,"enemies":"Exordium Thugs","floor":14.0,"turns":5.0},{"damage":8.0,"enemies":"Slime Boss","floor":16.0,"turns":12.0},{"damage":6.0,"enemies":"3 Byrds","floor":18.0,"turns":5.0},{"damage":30.0,"enemies":"Shell Parasite","floor":19.0,"turns":9.0},{"damage":23.0,"enemies":"Gremlin Leader","floor":24.0,"turns":6.0},{"damage":36.0,"enemies":"3 Cultists","floor":25.0,"turns":4.0},{"damage":8.0,"enemies":"Chosen and Byrds","floor":28.0,"turns":3.0},{"damage":19,"enemies":"Snake Plant","floor":31,"turns":1}],"seed_played":"-5906282531900407675","potions_obtained":[{"floor":0.0,"key":"Energy Potion"},{"floor":0.0,"key":"Energy Potion"},{"floor":0.0,"key":"Ancient Potion"},{"floor":4.0,"key":"FocusPotion"},{"floor":5.0,"key":"SkillPotion"},{"floor":12.0,"key":"Ancient Potion"},{"floor":13.0,"key":"SpeedPotion"},{"floor":14.0,"key":"Explosive Potion"},{"floor":17.0,"key":"CultistPotion"},{"floor":30.0,"key":"BlessingOfTheForge"},{"floor":30.0,"key":"CultistPotion"},{"floor":30.0,"key":"Swift Potion"}],"is_trial":false,"path_per_floor":["M","?","T","M","M","E","R","E","T","M","R","M","M","M","R","B",null,"M","M","?","$","?","R","E","M","T","?","M","R","?","M"],"character_chosen":"DEFECT","items_purchased":["Capacitor","OrangePellets"],"campfire_rested":1,"item_purchase_floors":[21,21],"current_hp_per_floor":[67,49,49,51,53,47,47,29,29,23,23,17,11,13,35,29,69,65,37,37,57,57,57,41,12,17,17,16,16,16,0,0],"gold":450,"neow_bonus":"THREE_SMALL_POTIONS","is_daily":false,"chose_seed":false,"campfire_upgraded":4,"win_rate":0.0,"timestamp":1607908116,"path_taken":["M","?","?","M","M","E","R","E","T","M","R","M","M","M","R","BOSS","M","M","?","$","?","R","E","M","T","?","M","R","?","M"],"items_purchased_type":["Card","Relic"],"build_version":"2020-12-13","purchased_purges":1,"victory":false,"max_hp_per_floor":[75,75,75,75,75,75,75,75,75,75,75,75,75,75,75,75,80,80,80,80,80,80,80,80,80,80,80,80,80,80,80,80],"card_choices":[{"not_picked":["Go for the Eyes","Steam"],"picked":"Cold Snap","floor":1.0},{"not_picked":["Glacier","Compile Driver"],"picked":"Rip and Tear","floor":4.0},{"not_picked":["Redo","Steam Power"],"picked":"Cold Snap","floor":5.0},{"not_picked":["Hologram","Leap"],"picked":"Sweeping Beam","floor":6.0},{"not_picked":["Ball Lightning","Meteor Strike"],"picked":"Consume","floor":8.0},{"not_picked":["Redo","Compile Driver"],"picked":"Conserve Battery","floor":10.0},{"not_picked":["Storm","Beam Cell"],"picked":"Coolheaded","floor":12.0},{"not_picked":["Hologram","Go for the Eyes","Sweeping Beam"],"picked":"SKIP","floor":13.0},{"not_picked":["Hologram","Go for the Eyes","Sweeping Beam"],"picked":"SKIP","floor":13.0},{"not_picked":["Streamline","Compile Driver","Force Field"],"picked":"SKIP","floor":14.0},{"not_picked":["Creative AI","Hyperbeam"],"picked":"Electrodynamics","floor":16.0},{"not_picked":["Stack","Blizzard"],"picked":"Turbo","floor":18.0},{"not_picked":["Sweeping Beam","Steam+1"],"picked":"Ball Lightning+1","floor":19.0},{"not_picked":["Static Discharge","Turbo"],"picked":"Fusion","floor":24.0},{"not_picked":["Steam","Streamline"],"picked":"Creative AI","floor":25.0},{"not_picked":["Beam Cell","Hologram","Cold Snap"],"picked":"SKIP","floor":28.0}],"player_experience":1414392,"relics_obtained":[{"floor":3.0,"key":"Blood Vial"},{"floor":6.0,"key":"Smiling Mask"},{"floor":8.0,"key":"MawBank"},{"floor":9.0,"key":"MealTicket"},{"floor":24.0,"key":"Pen Nib"}],"event_choices":[{"damage_healed":0.0,"max_hp_gain":0.0,"max_hp_loss":0.0,"gold_gain":0.0,"event_name":"Golden Idol","player_choice":"Take Damage","floor":2.0,"gold_loss":0.0,"damage_taken":18.0,"relics_obtained":["Golden Idol"]},{"damage_healed":0.0,"max_hp_gain":0.0,"max_hp_loss":0.0,"gold_gain":0.0,"event_name":"Forgotten Altar","player_choice":"Gave Idol","floor":20.0,"relics_lost":["Golden Idol"],"gold_loss":0.0,"damage_taken":0.0,"relics_obtained":["Bloody Idol"]},{"damage_healed":0.0,"max_hp_gain":0.0,"max_hp_loss":0.0,"gold_gain":0.0,"event_name":"The Library","player_choice":"Read","floor":22.0,"gold_loss":0.0,"damage_taken":0.0,"cards_obtained":["Fission"]},{"damage_healed":0.0,"max_hp_gain":0.0,"max_hp_loss":0.0,"gold_gain":0.0,"event_name":"Addict","player_choice":"Obtained Relic","floor":27.0,"gold_loss":85.0,"damage_taken":0.0,"relics_obtained":["Art of War"]},{"damage_healed":0.0,"max_hp_gain":0.0,"max_hp_loss":0.0,"gold_gain":0.0,"event_name":"Lab","player_choice":"Got Potions","floor":30.0,"gold_loss":0.0,"damage_taken":0.0}],"is_beta":false,"boss_relics":[{"not_picked":["Nuclear Battery","Runic Pyramid"],"picked":"Tiny House"}],"items_purged_floors":[21],"is_endless":false,"potions_floor_spawned":[4,5,12,13,14],"killed_by":"Snake Plant","ascension_level":9}}