{"host":"090wkw39xkpx65eq","time":1607974778,"event":{"mods":["AchievementEnabler","Aspiration","Bard","BaseMod","Beaked The Cultist","Better Altar","Better Match","Better Note","Better Sensory Stone","Better Skull","Better Third Choice","BetterRewards","CCEM","Clawfect","Colored Map","Conspire","Downfall","GifTheSpireLib","Halation","Hermit","Highlight Path","Hubris","Hunter ??","Infinite Spire","Jorbs\u0027s Wanderer Trilogy","Mad Scientist","Marisa????????","Mimic Mod","Minty Spire (QoL Compilation)","Permanent Neow","Replay The Spire","Shade Mod","Shop Mod","Spicy Shops","StSLib","Stuff the Spire","The Administrix","The Blackbeard","The Construct","The Disciple","The Gatherer","The IronCluck","The Jungle","The Mystic","The Problem Sleuth","The Runesmith","The Servant 0.9.4","The Spell Scribe","The Witch","Unceasing Turn Reminder","everything is the same but u backflip on backflip","slay the spire mod where everything is the same but ironclad has a cowboy hat"],"gold_per_floor":[99,119,219,237,337,364,401,430,430,430,447,297,297,319,319,338,350,472,472,472,493,493,513,513,513,536,554,145,181,196,196,88,112,126,227,227,152,152,170,170,190,190,190,202,220,252,264,275,299,51,68,72,72,105,5,5,16],"floor_reached":58,"playtime":5255,"items_purged":["Pride","Parasite"],"score":1075,"play_id":"7c77613d-4591-4423-96da-aaa96232d51e","local_time":"20201214203938","is_ascension_mode":false,"campfire_choices":[{"floor":1,"key":"RECALL"},{"floor":12,"key":"REST"},{"data":"Guardian:RefractedBeam","floor":20,"key":"SMITH"},{"data":"Guardian:MultiBeam","floor":22,"key":"SMITH"},{"data":"Guardian:Repulse","floor":25,"key":"SMITH"},{"data":"Guardian:PrismaticBeam","floor":37,"key":"SMITH"},{"data":"Guardian:MultiBeam","floor":40,"key":"SMITH"},{"data":"Guardian:RefractedBeam+1","floor":42,"key":"SMITH"},{"data":"Guardian:Recover","floor":56,"key":"SMITH"}],"circlet_count":0,"master_deck":["Guardian:Strike_Guardian","Guardian:Strike_Guardian","Guardian:Strike_Guardian","Guardian:Defend_Guardian","Guardian:Defend_Guardian","Guardian:Defend_Guardian","Guardian:Defend_Guardian","Guardian:CurlUp","Guardian:TwinSlam+1","Guardian:PrimingBeam","Guardian:BronzeOrb","Guardian:TemporalStrike","Guardian:MultiBeam+1","Guardian:BronzeOrb","Guardian:PrismaticBeam+1","Guardian:Recover+1","Guardian:Planning","Guardian:StasisField","Guardian:Repulse+1","Guardian:MultiBeam+1","Guardian:RefractedBeam+2","Guardian:TimeCapacitor","hubris:Fate","Guardian:ShieldCharger","Guardian:TemporalStrike+1","Guardian:CrystalBeam+1","Guardian:PrimingBeam+1","Guardian:PrimingBeam","Guardian:TemporalStrike+1","Guardian:BronzeOrb+1","Guardian:BronzeOrb","Guardian:SentryBeam"],"relics":["Guardian:ModeShifter","halation:IllGainedPizza","Oddly Smooth Stone","StuffTheSpire:HeavyRock","downfall:HeartBlessingRed","downfall:HeartBlessingGreen","hubris:HollowSoul","CCEMRelics:WrappedPresent","StuffTheSpire:Gunfinga","StuffTheSpire:Mouthbags","Incense Burner","CCEMRelics:FryingPan","HandDrill","aspiration:PoetsPen_weak","downfall:HeartBlessingBlue","PreservedInsect","CCEMRelics:TechnogenicHelmet","Letter Opener","Guardian:BottledStasis","HandDrill","halation:PromiseList"],"acts_visited":["Exordium","TheCity","TheBeyond","TheEnding"],"potions_floor_usage":[8,8,18,18,35,54],"damage_taken":[{"damage":11,"enemies":"Jaw Worm","floor":2,"turns":4},{"damage":0,"enemies":"2 Louse","floor":4,"turns":3},{"damage":32,"enemies":"downfall:Heads","floor":5,"turns":8},{"damage":32,"enemies":"Gremlin Nob","floor":6,"turns":5},{"damage":0,"enemies":"Cultist","floor":7,"turns":8},{"damage":10,"enemies":"3 Sentries","floor":8,"turns":6},{"damage":0,"enemies":"Cultist","floor":11,"turns":3},{"damage":0,"enemies":"3 Louse","floor":14,"turns":2},{"damage":0,"enemies":"Blue Slaver","floor":16,"turns":3},{"damage":0,"enemies":"2 Fungi Beasts","floor":17,"turns":2},{"damage":41,"enemies":"downfall:Defect","floor":18,"turns":9},{"damage":3,"enemies":"conspire:FuzzyDice","floor":21,"turns":5},{"damage":8,"enemies":"Spheric Guardian","floor":23,"turns":6},{"damage":0,"enemies":"Centurion and Healer","floor":27,"turns":5},{"damage":0,"enemies":"downfall:FleeingMerchant","floor":28,"turns":4},{"damage":26,"enemies":"Gremlin Leader","floor":29,"turns":6},{"damage":2,"enemies":"Snake Plant","floor":30,"turns":4},{"damage":5,"enemies":"downfall:FleeingMerchant","floor":32,"turns":4},{"damage":0,"enemies":"Cultist and Chosen","floor":33,"turns":5},{"damage":0,"enemies":"conspire:HollyBat","floor":34,"turns":6},{"damage":12,"enemies":"downfall:Ironclad","floor":35,"turns":2},{"damage":0,"enemies":"3 Darklings","floor":39,"turns":3},{"damage":0,"enemies":"Orb Walker","floor":41,"turns":2},{"damage":0,"enemies":"Jaw Worm Horde","floor":44,"turns":2},{"damage":0,"enemies":"3 Darklings","floor":45,"turns":4},{"damage":0,"enemies":"Reptomancer","floor":46,"turns":3},{"damage":10,"enemies":"Sphere and 2 Shapes","floor":47,"turns":3},{"damage":12,"enemies":"Writhing Mass","floor":48,"turns":3},{"damage":12,"enemies":"Transient","floor":49,"turns":5},{"damage":0,"enemies":"downfall:FleeingMerchant","floor":50,"turns":3},{"damage":0,"enemies":"Spire Growth","floor":51,"turns":2},{"damage":2,"enemies":"downfall:Watcher","floor":52,"turns":4},{"damage":0,"enemies":"downfall:CharBossMerchant","floor":54,"turns":3},{"damage":38,"enemies":"downfall:NeowBoss","floor":57,"turns":18}],"seed_played":"506031389111654564","potions_obtained":[{"floor":4,"key":"Adrenaline Potion"},{"floor":6,"key":"ColorlessPotion"},{"floor":8,"key":"conspire:TimeTravelPotion"},{"floor":16,"key":"LifebloodPotion"},{"floor":17,"key":"Reflective Coating"},{"floor":18,"key":"AttackPotion"},{"floor":23,"key":"Death Potion"},{"floor":35,"key":"SkillPotion"},{"floor":54,"key":"BlessingOfTheForge"}],"is_trial":false,"path_per_floor":["R_BF","M","?","M","?","E","MIM","E","PTL","PTL","M","R","$","M","?","M","M","B",null,"R","M","R","M","?","R","T","M","$","E","M","AVR","$","M","M","B",null,"R","?","M","R","M","R","T","M","M","E","M","M","M","$","M","B",null,"E","$","R","B",null],"character_chosen":"GUARDIAN","items_purchased":["CCEMRelics:WrappedPresent","StuffTheSpire:Gunfinga","StuffTheSpire:Mouthbags","FairyPotion","Letter Opener","Guardian:BottledStasis","Guardian:BronzeOrb","Guardian:SentryBeam"],"campfire_rested":1,"item_purchase_floors":[28,28,28,32,50,50,50,50],"current_hp_per_floor":[88,77,77,77,45,13,13,3,3,3,3,29,29,29,58,58,58,17,88,88,85,85,77,77,77,77,77,87,61,59,59,54,54,54,42,93,103,103,103,103,103,103,103,103,103,103,93,81,84,89,89,87,103,103,100,100,77],"gold":16,"neow_bonus":"TEN_PERCENT_HP_BONUS","is_daily":false,"chose_seed":false,"campfire_upgraded":7,"win_rate":0.0,"timestamp":1607974778,"path_taken":["R_BF","M","?","M","?","E","MIM","E","PTL","PTL","M","R","?","M","?","?","M","BOSS","R","M","R","M","?","R","T","?","$","E","M","AVR","?","?","M","BOSS","R","?","?","R","M","R","T","M","M","E","M","M","M","$","M","BOSS","E","$","R","BOSS"],"items_purchased_type":["Relic","Relic","Relic","Potion","Relic","Relic","Card","Card"],"build_version":"2020-12-13","purchased_purges":2,"victory":true,"max_hp_per_floor":[88,88,88,88,88,88,88,88,88,88,88,88,88,88,88,88,88,88,88,88,88,88,88,88,88,88,88,93,93,93,93,93,93,93,93,93,103,103,103,103,103,103,103,103,103,103,103,103,103,103,103,103,103,103,100,100,100],"card_choices":[{"not_picked":["Guardian:WalkerClaw","Guardian:VentSteam"],"picked":"Guardian:Reroute","floor":2},{"not_picked":["Guardian:Planning","Guardian:TemporalShield"],"picked":"Guardian:PrimingBeam","floor":4},{"not_picked":["Guardian:Gem_White","Guardian:RollAttack"],"picked":"Guardian:BronzeOrb","floor":5},{"not_picked":["Guardian:BronzeArmor","Guardian:Gem_Lightblue"],"picked":"Guardian:TemporalStrike","floor":6},{"not_picked":["Guardian:Incinerate","Guardian:Gem_Purple"],"picked":"Guardian:RefractedBeam","floor":7},{"not_picked":["Guardian:VentSteam","Guardian:PrismaticBeam"],"picked":"Guardian:MultiBeam","floor":8},{"not_picked":["Guardian:TemporalShield","Guardian:FloatingOrbs"],"picked":"Guardian:BronzeOrb","floor":11},{"not_picked":["Guardian:Gem_Lightblue","Guardian:Clone"],"picked":"Guardian:PrismaticBeam","floor":14},{"not_picked":["Guardian:ShieldSpikes","Guardian:ChargeCore"],"picked":"Guardian:Recover","floor":16},{"not_picked":["Guardian:PrismaticBeam","Guardian:TemporalStrike"],"picked":"Guardian:Planning","floor":17},{"not_picked":["Guardian:HyperBeam_Guardian","Guardian:TimeSifter"],"picked":"Guardian:StasisField","floor":18},{"not_picked":["Guardian:TimeBomb","Guardian:VentSteam","Guardian:TimeCapacitor"],"picked":"SKIP","floor":21},{"not_picked":["Guardian:ChargeCore","Guardian:RefractedBeam+1"],"picked":"Guardian:Repulse","floor":23},{"not_picked":["Guardian:ShieldSpikes","Guardian:VentSteam"],"picked":"Guardian:Gem_Cyan","floor":27},{"not_picked":["Guardian:Harden+1","Guardian:Gem_Lightblue"],"picked":"Guardian:MultiBeam","floor":28},{"not_picked":["Guardian:ChargeCore","Guardian:TemporalShield"],"picked":"Guardian:TimeCapacitor","floor":29},{"not_picked":["Guardian:TimeCapacitor+1","Guardian:Gem_Blue","Guardian:ChargeCore"],"picked":"SKIP","floor":30},{"not_picked":["Guardian:Gem_Green","Guardian:Gem_White","Guardian:Reroute"],"picked":"SKIP","floor":32},{"not_picked":["Guardian:Gem_Lightblue","Guardian:Suspension"],"picked":"Guardian:ShieldCharger","floor":33},{"not_picked":["Guardian:Recover","Guardian:WalkerClaw","Guardian:Gem_Cyan"],"picked":"SKIP","floor":34},{"not_picked":["Guardian:TimeSifter","Guardian:AncientConstruct"],"picked":"Guardian:Gem_Orange","floor":35},{"not_picked":["Guardian:Gem_Cyan","Guardian:TimeBomb+1"],"picked":"Guardian:TemporalStrike+1","floor":39},{"not_picked":["Guardian:Gem_Green","Guardian:TemporalShield"],"picked":"Guardian:CrystalBeam+1","floor":41},{"not_picked":["Guardian:Harden","Guardian:TemporalShield","Guardian:WalkerClaw"],"picked":"SKIP","floor":44},{"not_picked":["Guardian:Gem_Green","Guardian:WalkerClaw+1"],"picked":"Guardian:PrimingBeam+1","floor":45},{"not_picked":["Guardian:ChargeUp+1","Guardian:Gem_Synthetic"],"picked":"Guardian:Gem_Cyan","floor":46},{"not_picked":["Guardian:VentSteam","Guardian:RollAttack+1"],"picked":"Guardian:PrimingBeam","floor":47},{"not_picked":["Guardian:VentSteam","Guardian:ShieldCharger"],"picked":"Guardian:TemporalStrike+1","floor":48},{"not_picked":["Guardian:PiercingHide+1","Guardian:Planning"],"picked":"Guardian:BronzeOrb+1","floor":49},{"not_picked":["Guardian:DecasProtection+1","Guardian:TimeCapacitor","Guardian:TemporalShield+1"],"picked":"SKIP","floor":50},{"not_picked":["Guardian:TemporalStrike","Guardian:ExploitGems","Guardian:Gem_Lightblue"],"picked":"SKIP","floor":51},{"not_picked":["Guardian:PrismaticBarrier+1","Guardian:Emergency","Guardian:PrismaticBeam"],"picked":"SKIP","floor":54}],"player_experience":35340,"relics_obtained":[{"floor":6,"key":"halation:IllGainedPizza"},{"floor":7,"key":"Oddly Smooth Stone"},{"floor":8,"key":"StuffTheSpire:HeavyRock"},{"floor":28,"key":"Incense Burner"},{"floor":29,"key":"CCEMRelics:FryingPan"},{"floor":43,"key":"PreservedInsect"},{"floor":46,"key":"CCEMRelics:TechnogenicHelmet"},{"floor":54,"key":"HandDrill"},{"floor":54,"key":"halation:PromiseList"}],"event_choices":[{"damage_healed":29,"gold_gain":0,"player_choice":"Banana","damage_taken":0,"max_hp_gain":0,"max_hp_loss":0,"event_name":"Big Fish","floor":15,"gold_loss":0}],"is_beta":false,"boss_relics":[{"not_picked":["hubris:BlackHole","Ectoplasm"],"picked":"hubris:HollowSoul"},{"not_picked":["halation:PinkAlligatorPlush","aspiration:ScribeSkillbook"],"picked":"aspiration:PoetsPen_weak"}],"items_purged_floors":[28,55],"is_endless":false,"potions_floor_spawned":[4,6,8,16,17,18,23,27,30,33,35,41,44,45,48,51,54],"ascension_level":0}}