{"host":"nmjik3bzoelmmajy","time":1607942585,"event":{"mods":["BaseMod","Better Third Choice","Colored Map","DeckTracker","Minty Spire (QoL Compilation)","Quick Restart","Say the Spire","StSLib","SuperFastMode"],"gold_per_floor":[114,114,132,142,39,39,68,68,92,92,110,110,144,144,144,144,144],"floor_reached":16,"playtime":415,"items_purged":["Strike_G"],"score":194,"play_id":"74ce9c4e-9712-47c7-be33-b3d57b595e50","local_time":"20201214194305","is_ascension_mode":true,"campfire_choices":[{"data":"Bouncing Flask","floor":6.0,"key":"SMITH"},{"floor":10.0,"key":"REST"},{"data":"Adrenaline","floor":12.0,"key":"SMITH"},{"data":"Apotheosis","floor":15.0,"key":"SMITH"}],"circlet_count":0,"master_deck":["AscendersBane","Strike_G","Strike_G","Strike_G","Defend_G+1","Defend_G","Defend_G+1","Defend_G","Defend_G","Survivor","Neutralize","After Image","Bouncing Flask+1","Dagger Spray","Acrobatics","Infinite Blades","Adrenaline+1","Prepared","Apotheosis+1"],"relics":["Ring of the Snake","Bag of Preparation","War Paint"],"acts_visited":["Exordium"],"potions_floor_usage":[],"damage_taken":[{"damage":3.0,"enemies":"2 Louse","floor":1.0,"turns":4.0},{"damage":13.0,"enemies":"Jaw Worm","floor":3.0,"turns":8.0},{"damage":3.0,"enemies":"Small Slimes","floor":4.0,"turns":4.0},{"damage":23.0,"enemies":"Gremlin Nob","floor":7.0,"turns":5.0},{"damage":5.0,"enemies":"Exordium Thugs","floor":11.0,"turns":4.0},{"damage":4.0,"enemies":"Lagavulin","floor":13.0,"turns":7.0},{"damage":23,"enemies":"The Guardian","floor":16,"turns":2}],"seed_played":"7757166897076903915","potions_obtained":[{"floor":1.0,"key":"LiquidMemories"},{"floor":3.0,"key":"BlessingOfTheForge"}],"is_trial":false,"path_per_floor":["M","?","M","M","$","R","E","?","T","R","M","R","E","?","R","B"],"character_chosen":"THE_SILENT","items_purchased":["Acrobatics"],"campfire_rested":1,"item_purchase_floors":[5],"current_hp_per_floor":[56,56,43,40,40,40,17,10,10,29,24,24,20,20,20,0,0],"gold":144,"neow_bonus":"THREE_RARE_CARDS","is_daily":false,"chose_seed":false,"campfire_upgraded":3,"win_rate":0.0,"timestamp":1607942585,"path_taken":["M","?","M","M","$","R","E","?","T","R","M","R","E","?","R","BOSS"],"items_purchased_type":["Card"],"build_version":"2020-12-13","purchased_purges":1,"victory":false,"max_hp_per_floor":[66,66,66,66,66,66,66,66,66,66,66,66,66,66,66,66,66],"card_choices":[{"not_picked":["Venomology","A Thousand Cuts"],"picked":"After Image","floor":0.0},{"not_picked":["Outmaneuver","Setup"],"picked":"Bouncing Flask","floor":1.0},{"not_picked":["Outmaneuver","PiercingWail"],"picked":"Dagger Spray","floor":3.0},{"not_picked":["Deadly Poison","Quick Slash","Underhanded Strike"],"picked":"SKIP","floor":4.0},{"not_picked":["Tactician","Dodge and Roll"],"picked":"Infinite Blades","floor":7.0},{"not_picked":["PiercingWail","Masterful Stab"],"picked":"Adrenaline","floor":11.0},{"not_picked":["Dagger Spray","Malaise"],"picked":"Prepared","floor":13.0}],"player_experience":805513,"relics_obtained":[{"floor":7.0,"key":"Bag of Preparation"},{"floor":9.0,"key":"War Paint"},{"floor":13.0,"key":"Dream Catcher"}],"event_choices":[{"cards_removed":["Pain"],"damage_healed":0.0,"max_hp_gain":0.0,"max_hp_loss":0.0,"gold_gain":0.0,"event_name":"Living Wall","player_choice":"Forget","floor":2.0,"gold_loss":0.0,"damage_taken":0.0},{"cards_removed":["Strike_G"],"damage_healed":0.0,"max_hp_gain":0.0,"max_hp_loss":0.0,"gold_gain":0.0,"event_name":"Golden Wing","player_choice":"Card Removal","floor":8.0,"gold_loss":0.0,"damage_taken":7.0},{"damage_healed":20.0,"max_hp_gain":0.0,"max_hp_loss":66.0,"gold_gain":0.0,"event_name":"betterThird:BetterShining","player_choice":"Protect","floor":14.0,"gold_loss":1.0,"damage_taken":0.0}],"is_beta":false,"boss_relics":[],"items_purged_floors":[5],"is_endless":false,"potions_floor_spawned":[1,3,4],"killed_by":"The Guardian","ascension_level":16}}