{"host":"wxm9nhpxzwflah6x","time":1607988822,"event":{"mods":["2.2 Compatiblity","AchievementEnabler","BaseMod","Minty Spire (QoL Compilation)","Quick Restart","Rare Cards Sparkle","Replay The Spire","StSLib"],"gold_per_floor":[115,115,130,150,160,188,188,223,246,246,246,262,312,312,312,409,409,427,352,363,274,285,285,320,320,320,48,74,92,92,29,29,129,129,147,163,135,115,115,115,126,126,126,156,166,166,166,166,196,210,210,210],"floor_reached":53,"playtime":13875,"items_purged":["Regret","Delirium"],"score":1222,"play_id":"0120674f-7d7b-4f77-af22-4a6638702e12","local_time":"20201214153342","is_ascension_mode":true,"campfire_choices":[{"floor":7.0,"key":"REST"},{"floor":10.0,"key":"REST"},{"floor":23.0,"key":"REST"},{"floor":30.0,"key":"REST"},{"data":"Double Energy","floor":32.0,"key":"SMITH"},{"data":"Capacitor","floor":40.0,"key":"SMITH"},{"data":"Defragment","floor":42.0,"key":"SMITH"},{"floor":48.0,"key":"REST"},{"floor":51.0,"key":"REST"}],"circlet_count":0,"master_deck":["Strike_B","Strike_B+1","Defend_B","Defend_B+1","Defend_B","Zap","Dualcast+1","Cold Snap","ReplayTheSpireMod:Calculation Training","Defragment+1","ReplayTheSpireMod:System Scan","Amplify","Storm","Zap","Chill","Enlightenment","Echo Form+1","AbeCurse","Melter+1","Doom and Gloom+1","ReplaySolidLightProjector+1","Parasite","Injury","Biased Cognition+1","Seek+1","Double Energy+1","Capacitor+1","Panic Button+1","ReplayTheSpireMod:Restless Dread","Mirror Shield+1","Normality","Static Discharge+1","FIFO Queue+1","Spreading Infection","ReplayTheSpireMod:Faulty Equipment","ReplaySort+1"],"relics":["Inserter","Ring of Shattering","ReplayTheSpireMod:Ring of Collecting","Unceasing Top","Dream Catcher","Ring of Peace","MealTicket","Happy Flower","Ring of Greed","Golden Egg","Membership Card","Replay:Grab Bag","Busted Crown","Abe\u0027s Treasure","Astrolabe","SlaversCollar","Replay:Ringing Soul","Strawberry","ReplayTheSpireMod:Ring of Exchange","Replay:Bottled Steam","Lee\u0027s Waffle","Cables","Simple Rune","SacredBark","Ring of Hypnosis","Du-Vu Doll","Toxic Egg 2","Prayer Wheel","Prayer Wheel","ReplayTheSpireMod:Lightbulb"],"acts_visited":["Exordium","TheCity","TheBeyond"],"potions_floor_usage":[52,52],"damage_taken":[{"damage":4.0,"enemies":"Jaw Worm","floor":1.0,"turns":4.0},{"damage":0.0,"enemies":"Cultist","floor":3.0,"turns":4.0},{"damage":3.0,"enemies":"2 Louse","floor":4.0,"turns":3.0},{"damage":3.0,"enemies":"Looter","floor":5.0,"turns":4.0},{"damage":9.0,"enemies":"Lagavulin","floor":6.0,"turns":10.0},{"damage":38.0,"enemies":"3 Sentries","floor":8.0,"turns":9.0},{"damage":0.0,"enemies":"Exordium Wildlife","floor":12.0,"turns":6.0},{"damage":0.0,"enemies":"Fading Forest","floor":16.0,"turns":11.0},{"damage":0.0,"enemies":"Spheric Guardian","floor":18.0,"turns":3.0},{"damage":4.0,"enemies":"Shell Parasite","floor":20.0,"turns":7.0},{"damage":9.0,"enemies":"Snecko","floor":21.0,"turns":5.0},{"damage":0.0,"enemies":"3 Cultists","floor":22.0,"turns":5.0},{"damage":33.0,"enemies":"Gremlin Leader","floor":24.0,"turns":6.0},{"damage":13.0,"enemies":"Book of Stabbing","floor":28.0,"turns":4.0},{"damage":19.0,"enemies":"Shelled Parasite and Fungi","floor":29.0,"turns":4.0},{"damage":5.0,"enemies":"Pondfish","floor":33.0,"turns":9.0},{"damage":12.0,"enemies":"3 Darklings","floor":35.0,"turns":4.0},{"damage":10.0,"enemies":"Orb Walker","floor":36.0,"turns":3.0},{"damage":25.0,"enemies":"Transient","floor":41.0,"turns":5.0},{"damage":3.0,"enemies":"R_Hoarder","floor":44.0,"turns":8.0},{"damage":0.0,"enemies":"Sphere and 2 Shapes","floor":45.0,"turns":3.0},{"damage":0.0,"enemies":"Nemesis","floor":49.0,"turns":7.0},{"damage":28.0,"enemies":"3 Darklings","floor":50.0,"turns":3.0},{"damage":58,"enemies":"Donu and Deca","floor":52,"turns":6}],"seed_played":"-5678564150812152572","potions_obtained":[{"floor":4.0,"key":"Reflective Coating"},{"floor":5.0,"key":"Fire Potion"},{"floor":8.0,"key":"Dexterity Potion"},{"floor":15.0,"key":"Block Potion"},{"floor":15.0,"key":"SteroidPotion"},{"floor":20.0,"key":"DuplicationPotion"},{"floor":21.0,"key":"GamblersBrew"},{"floor":24.0,"key":"Strength Potion"},{"floor":28.0,"key":"SneckoOil"},{"floor":35.0,"key":"GamblersBrew"},{"floor":41.0,"key":"SkillPotion"},{"floor":45.0,"key":"Energy Potion"},{"floor":50.0,"key":"FocusPotion"}],"is_trial":false,"path_per_floor":["M","?","M","M","M","E","R","E","T","R","?","M","T","?","R","B",null,"M","?","M","M","M","R","E","?","T","$","E","M","R","$","R","B",null,"M","M","$","$","?","R","M","R","T","E","M","PTL","PTL","R","E","M","R","B",null],"character_chosen":"DEFECT","items_purchased":["Seek","Lee\u0027s Waffle","Cables","Panic Button","Static Discharge+1","FIFO Queue"],"campfire_rested":6,"item_purchase_floors":[27,27,27,31,37,38],"current_hp_per_floor":[71,71,71,68,65,56,75,37,37,59,59,59,59,59,59,69,75,75,75,71,62,62,75,45,52,52,95,85,66,98,104,104,102,107,95,88,106,116,116,116,91,91,91,91,91,91,91,119,122,97,125,67],"gold":210,"neow_bonus":"BOSS_RELIC","is_daily":false,"chose_seed":false,"campfire_upgraded":3,"win_rate":0.0,"timestamp":1607988822,"path_taken":["M","?","M","M","M","E","R","E","T","R","?","?","?","?","R","BOSS","M","?","M","M","M","R","E","?","T","$","E","?","R","?","R","BOSS","M","?","?","$","?","R","M","R","T","E","M","PTL","PTL","R","E","?","R","BOSS"],"items_purchased_type":["Card","Relic","Relic","Card","Card","Card"],"build_version":"2020-12-13","purchased_purges":2,"victory":true,"max_hp_per_floor":[75,75,75,75,75,75,75,75,75,75,75,75,75,75,75,75,75,75,75,75,75,75,75,78,85,85,95,98,98,101,104,104,107,107,107,110,113,116,116,116,116,116,116,119,119,119,119,119,122,125,125,125],"card_choices":[{"not_picked":["Conserve Battery","Capacitor"],"picked":"Cold Snap","floor":1.0},{"not_picked":["Streamline","Barrage"],"picked":"ReplayTheSpireMod:Calculation Training","floor":3.0},{"not_picked":["ReplayTheSpireMod:Reroute Power","ReplayTheSpireMod:Calculation Training"],"picked":"Defragment","floor":4.0},{"not_picked":["Steam","Gash"],"picked":"ReplayTheSpireMod:System Scan","floor":5.0},{"not_picked":["Streamline","Capacitor"],"picked":"Barrage","floor":6.0},{"not_picked":["Cold Snap","Stack"],"picked":"Amplify","floor":8.0},{"not_picked":["Coolheaded","Ball Lightning"],"picked":"Storm","floor":10.0},{"not_picked":["Recycle","Auto Shields","Beam Cell"],"picked":"SKIP","floor":12.0},{"not_picked":["Reboot","Mirror Shield"],"picked":"Echo Form","floor":16.0},{"not_picked":["ReplayTheSpireMod:Repulse"],"picked":"SKIP","floor":18.0},{"not_picked":["Sweeping Beam"],"picked":"SKIP","floor":20.0},{"not_picked":["Compile Driver"],"picked":"SKIP","floor":21.0},{"not_picked":[],"picked":"ReplayTheSpireMod:GoodbyeWorld","floor":22.0},{"not_picked":[],"picked":"Biased Cognition","floor":24.0},{"not_picked":[],"picked":"Double Energy","floor":28.0},{"not_picked":["Force Field"],"picked":"SKIP","floor":29.0},{"not_picked":[],"picked":"Capacitor","floor":30.0},{"not_picked":[],"picked":"Mirror Shield","floor":33.0},{"not_picked":["Gash+1"],"picked":"SKIP","floor":35.0},{"not_picked":["Coolheaded"],"picked":"SKIP","floor":36.0},{"not_picked":["Beam Cell+1"],"picked":"SKIP","floor":41.0},{"not_picked":["Gash"],"picked":"SKIP","floor":44.0},{"not_picked":["Leap+1"],"picked":"SKIP","floor":45.0},{"not_picked":["Steam Power+1"],"picked":"SKIP","floor":45.0},{"not_picked":["Double Energy+1"],"picked":"SKIP","floor":45.0},{"not_picked":["Compile Driver"],"picked":"SKIP","floor":49.0},{"not_picked":[],"picked":"ReplaySort+1","floor":50.0},{"not_picked":["Gash+1"],"picked":"SKIP","floor":50.0},{"not_picked":["Hologram+1"],"picked":"SKIP","floor":50.0}],"player_experience":191062,"relics_obtained":[{"floor":2.0,"key":"Ring of Shattering"},{"floor":2.0,"key":"ReplayTheSpireMod:Ring of Collecting"},{"floor":6.0,"key":"Unceasing Top"},{"floor":8.0,"key":"Dream Catcher"},{"floor":9.0,"key":"Ring of Peace"},{"floor":9.0,"key":"MealTicket"},{"floor":13.0,"key":"Happy Flower"},{"floor":13.0,"key":"Ring of Greed"},{"floor":13.0,"key":"Golden Egg"},{"floor":13.0,"key":"Membership Card"},{"floor":24.0,"key":"Replay:Ringing Soul"},{"floor":26.0,"key":"ReplayTheSpireMod:Ring of Exchange"},{"floor":26.0,"key":"Replay:Bottled Steam"},{"floor":28.0,"key":"Simple Rune"},{"floor":43.0,"key":"Ring of Hypnosis"},{"floor":43.0,"key":"Du-Vu Doll"},{"floor":44.0,"key":"Toxic Egg 2"},{"floor":49.0,"key":"ReplayTheSpireMod:Lightbulb"}],"event_choices":[{"damage_healed":0.0,"max_hp_gain":0.0,"max_hp_loss":0.0,"gold_gain":0.0,"event_name":"Match and Keep!","player_choice":"3 cards matched","floor":11.0,"gold_loss":0.0,"damage_taken":0.0,"cards_obtained":["Zap","Chill","Enlightenment"]},{"cards_removed":["Replay:Hysterical Blindness"],"damage_healed":0.0,"max_hp_gain":0.0,"max_hp_loss":0.0,"gold_gain":0.0,"event_name":"Beggar","player_choice":"Gave Gold","floor":19.0,"gold_loss":75.0,"damage_taken":0.0},{"cards_removed":["ReplayTheSpireMod:GoodbyeWorld"],"damage_healed":0.0,"max_hp_gain":0.0,"max_hp_loss":0.0,"gold_gain":0.0,"event_name":"WeMeetAgain","player_choice":"Gave Card","floor":25.0,"gold_loss":0.0,"damage_taken":0.0,"relics_obtained":["Strawberry"]},{"cards_removed":["Strike_B"],"damage_healed":0.0,"max_hp_gain":0.0,"max_hp_loss":0.0,"gold_gain":0.0,"event_name":"Falling","player_choice":"Removed Attack","floor":39.0,"gold_loss":0.0,"damage_taken":0.0}],"is_beta":false,"boss_relics":[{"not_picked":["Tiny House","Nuclear Battery"],"picked":"Replay:Grab Bag"},{"not_picked":["Painkiller Herb","Runic Dome"],"picked":"Busted Crown"},{"not_picked":["Velvet Choker","Coffee Dripper"],"picked":"Abe\u0027s Treasure"},{"not_picked":["Black Star","Calling Bell"],"picked":"Astrolabe"},{"not_picked":["Ring of Chaos","Empty Cage"],"picked":"SlaversCollar"},{"not_picked":["Honey Jar","Cauldron"],"picked":"SacredBark"}],"items_purged_floors":[27,31],"is_endless":false,"potions_floor_spawned":[4,5,8,20,21,24,28,35,41,45,50],"ascension_level":2}}