{"host":"ne76zto1t2nsyewv","time":1607955744,"event":{"mods":["2.2 Compatiblity","AchievementEnabler","Act Like it!","Aspiration","BaseMod","Better Altar","Better Match","Better Note","Better Sensory Stone","Better Skull","Better Third Choice","BetterRewards","CapriCore","Colored Map","Colored Powertips","Energized Spire","Gensokyo","GungeonMod","Hallownest","HololiveMod","Infinite Spire","Koishi","Lobotomy","LobotomyExtend","Luminous","Marisa????????","Minty Spire (QoL Compilation)","Reimu??????","Remilia??????","Replay The Spire","RumiaBox-????????","Spicy Shops","StSLib","The Animator","The Blue Laboratory","The Bug Knight","The Gatherer","The Immortal","The Servant 0.9.4","TheSwordswoman","Yuyuko","???????????mod"],"gold_per_floor":[112,112,40,54,66,66,66,91,138,150,150,165,165,201,201,330,330,343,343,343,361,264,307,321,337,337,360,378,378,422,438,438,562,662,678,691,157,178,95,95,115,115,197,197,213,233,233,269,269,269,269],"floor_reached":50,"playtime":5130,"items_purged":["Defend_G","CrumblingArmor"],"score":751,"play_id":"68d80bc5-237c-4545-ac6a-519cf4203c68","local_time":"20201214152224","is_ascension_mode":false,"campfire_choices":[{"data":"Neutralize","floor":6,"key":"SMITH"},{"data":"Footwork","floor":11,"key":"SMITH"},{"floor":15,"key":"REST"},{"floor":32,"key":"RECALL"},{"data":"Wraith Form v2","floor":40,"key":"SMITH"},{"data":"After Image","floor":42,"key":"SMITH"}],"circlet_count":0,"master_deck":["Apo_SoulSlash","Apo_Charge","Apo_Charge","Apo_Charge","Apo_Charge","Apo_Beam","Apo_Beam","Apo_Beam","Apo_Execute","Apo_Slash","Apo_Slash","Apo_SoulSlash","HereticApostle","PiercingWail","NakedNest","Backflip","NothingThere","LittleHelper","Wellcheers","Rudolta","After Image+1","GreedKing","Wraith Form v2+1","Funeral","Backflip+1","Alriune","BlackSwan","Sickly","Porccubus","Prepared","FieryBird","Caltrops","WhiteNight","PiercingWail+1"],"relics":["Ring of the Snake","CogitoBucket","LetterFromLob","Gremlin Horn","RuthlessExorcism:ReiMu","Omamori","SkinProphecy","Golden Idol","ChaoDraw","Hololive_Finger","Cursed Key","aspiration:Nostalgia","Hololive_TheStar","ApostleMask","infinitespire:BottledMercury","Durian","AtMidnight","ResearcherNote","MutagenicStrength","Tiny Chest","Replay:Wanted Poster","aspiration:SeaSaltIceCream","aspiration:Nostalgia","animator:PurgingStone","Torii","aspiration:ChemicalBlood","Chameleon Ring","Oddly Smooth Stone"],"acts_visited":["Exordium","TheCity","TheBeyond"],"potions_floor_usage":[10,14,16,22,33,50,50,50],"damage_taken":[{"damage":0,"enemies":"2 Louse","floor":1,"turns":3},{"damage":0,"enemies":"Cultist","floor":4,"turns":4},{"damage":4,"enemies":"infinitespire:Voidling","floor":5,"turns":5},{"damage":0,"enemies":"HollowMod:MossKnight","floor":8,"turns":11},{"damage":0,"enemies":"Exordium Thugs","floor":10,"turns":5},{"damage":11,"enemies":"Blue Slaver","floor":12,"turns":4},{"damage":26,"enemies":"Replay:BlueRogue","floor":14,"turns":5},{"damage":1,"enemies":"Slime Boss","floor":16,"turns":10},{"damage":0,"enemies":"Chosen","floor":18,"turns":5},{"damage":18,"enemies":"Shell Parasite","floor":21,"turns":5},{"damage":26,"enemies":"HollowMod:Nosk","floor":23,"turns":4},{"damage":0,"enemies":"Shelled Parasite and Fungi","floor":24,"turns":1},{"damage":0,"enemies":"Centurion and Healer","floor":25,"turns":1},{"damage":0,"enemies":"Snake Plant","floor":27,"turns":1},{"damage":0,"enemies":"3 Cultists","floor":28,"turns":1},{"damage":0,"enemies":"Gremlin Leader","floor":30,"turns":1},{"damage":0,"enemies":"Centurion and Healer","floor":31,"turns":1},{"damage":8,"enemies":"Champ","floor":33,"turns":8},{"damage":4,"enemies":"3 Shapes","floor":35,"turns":1},{"damage":0,"enemies":"Orb Walker","floor":36,"turns":1},{"damage":0,"enemies":"Spire Growth","floor":38,"turns":1},{"damage":6,"enemies":"3 Darklings","floor":41,"turns":1},{"damage":0,"enemies":"Jaw Worm Horde","floor":45,"turns":1},{"damage":0,"enemies":"Sphere and 2 Shapes","floor":46,"turns":1},{"damage":27,"enemies":"Reptomancer","floor":48,"turns":2},{"damage":48,"enemies":"Time Eater","floor":50,"turns":3}],"seed_played":"-2979016347958057529","potions_obtained":[{"floor":4,"key":"SpeedPotion"},{"floor":5,"key":"blueLaboratory:Moonshine"},{"floor":10,"key":"blueLaboratory:ImpenetrablePotion"},{"floor":12,"key":"SkillPotion"},{"floor":18,"key":"SpeedPotion"},{"floor":25,"key":"Weak Potion"},{"floor":33,"key":"Elixir"},{"floor":41,"key":"Dexterity Potion"},{"floor":45,"key":"blueLaboratory:SavagePotion"},{"floor":46,"key":"blueLaboratory:PhilterOfMotion"},{"floor":48,"key":"blueLaboratory:NinjaPotion"},{"floor":48,"key":"blueLaboratory:Virophage"},{"floor":49,"key":"LiquidMemories"}],"is_trial":false,"path_per_floor":["M","?","$","M","M","R","T","E","T","M","R","M","?","E","R","B",null,"M","?","AVR","M","M","E","M","M","T","M","M","?","E","M","R","B",null,"M","M","$","M","?","R","M","R","T","?","M","M","AVR","E","R","B"],"character_chosen":"THE_SILENT","items_purchased":["Footwork","aspiration:SeaSaltIceCream","Torii"],"campfire_rested":1,"item_purchase_floors":[3,37,37],"current_hp_per_floor":[70,70,70,70,70,70,70,70,70,70,70,59,59,29,50,51,74,70,70,70,49,44,14,86,82,82,78,70,70,66,62,62,50,50,42,38,38,111,111,111,101,101,101,101,97,93,93,62,62,6,6],"gold":269,"neow_bonus":"","is_daily":false,"chose_seed":false,"campfire_upgraded":4,"win_rate":0.0,"timestamp":1607955744,"path_taken":["M","?","?","?","M","R","?","E","T","M","R","M","?","E","R","BOSS","M","?","AVR","M","M","E","M","M","T","M","M","?","E","M","R","BOSS","M","M","$","M","?","R","?","R","T","?","M","M","AVR","E","R","BOSS"],"items_purchased_type":["Card","Relic","Relic"],"build_version":"2020-12-13","purchased_purges":2,"victory":false,"max_hp_per_floor":[70,70,70,70,70,70,70,70,70,70,70,70,70,72,72,74,74,76,76,76,78,82,84,86,88,93,95,99,99,101,103,103,105,105,107,109,109,111,111,111,113,113,113,113,115,117,117,119,119,123,123],"card_choices":[{"not_picked":["BeautyBeast","PunishingBird"],"picked":"GreedKing","floor":1},{"not_picked":["PiercingWail","Acrobatics"],"picked":"Footwork","floor":1},{"not_picked":["OSAHOGD","BigBird"],"picked":"MHz","floor":4},{"not_picked":["Skewer","ReplayTheSpireMod:Tripwire"],"picked":"Slice","floor":4},{"not_picked":["Murderer","LaLuna"],"picked":"BeautyBeast","floor":5},{"not_picked":["Tools of the Trade","Choke"],"picked":"Flying Knee","floor":5},{"not_picked":["Bloodbath","Murderer"],"picked":"UniverseFragment","floor":8},{"not_picked":["Finisher","Prepared"],"picked":"Backflip","floor":8},{"not_picked":["PunishingBird","Mercenary"],"picked":"ShyLook","floor":10},{"not_picked":["Outmaneuver","Predator","Bouncing Flask"],"picked":"SKIP","floor":10},{"not_picked":["Outmaneuver","Predator","Bouncing Flask"],"picked":"SKIP","floor":10},{"not_picked":["Outmaneuver","Predator","Bouncing Flask"],"picked":"SKIP","floor":10},{"not_picked":["PunishingBird","Rudolta"],"picked":"PlagueDoctor","floor":12},{"not_picked":["Backflip","Deflect"],"picked":"Riddle With Holes","floor":12},{"not_picked":["PunishingBird","Bloodbath"],"picked":"OldLady","floor":14},{"not_picked":["ReplayTheSpireMod:Shiv Toss","Infinite Blades"],"picked":"Quick Slash","floor":14},{"not_picked":["Funeral","CrumblingArmor"],"picked":"Freischutz","floor":16},{"not_picked":["Doppelganger","Atom Bomb"],"picked":"Burst","floor":16},{"not_picked":["Variant","Wellcheers"],"picked":"CherryBlossoms","floor":18},{"not_picked":["Dagger Spray+1","Concentrate"],"picked":"Caltrops+1","floor":18},{"not_picked":["Scorched","Wellcheers"],"picked":"SnowQueen","floor":21},{"not_picked":["Well Laid Plans","Heel Hook","Calculated Gamble"],"picked":"Cloak And Dagger","floor":21},{"not_picked":["BlackArmy","ShyLook"],"picked":"BlueStar","floor":23},{"not_picked":["Terror","Outmaneuver","Skewer+1"],"picked":"PiercingWail","floor":23},{"not_picked":["Wellcheers","Murderer"],"picked":"NakedNest","floor":24},{"not_picked":["Deflect","Acrobatics","Replay:Poison Smokescreen+1"],"picked":"Backflip","floor":24},{"not_picked":["MeltingLove","HeroicMonk"],"picked":"NothingThere","floor":25},{"not_picked":["Poisoned Stab","Setup","Accuracy+1","Eviscerate"],"picked":"SKIP","floor":25},{"not_picked":["Funeral","SingingMachine"],"picked":"LittleHelper","floor":27},{"not_picked":["ReplayTheSpireMod:Exploit Weakness","Accuracy","Flechettes","Cloak And Dagger"],"picked":"SKIP","floor":27},{"not_picked":["ReplayTheSpireMod:Exploit Weakness","Accuracy","Flechettes","Cloak And Dagger"],"picked":"SKIP","floor":27},{"not_picked":["Mercenary","Freischutz"],"picked":"Wellcheers","floor":28},{"not_picked":["Hidden Blade","Underhanded Strike","Catalyst","Sucker Punch"],"picked":"SKIP","floor":28},{"not_picked":["ShyLook","PunishingBird"],"picked":"Rudolta","floor":30},{"not_picked":["PiercingWail","Envenom","Setup+1"],"picked":"After Image","floor":30},{"not_picked":["HappyTeddy","GalaxyChild"],"picked":"GreedKing","floor":31},{"not_picked":["Outmaneuver","Riddle With Holes","Blade Dance","Cloak And Dagger"],"picked":"SKIP","floor":31},{"not_picked":["Outmaneuver","Riddle With Holes","Blade Dance","Cloak And Dagger"],"picked":"SKIP","floor":31},{"not_picked":["BigBadWolf","Funeral"],"picked":"Scorched","floor":33},{"not_picked":["Storm of Steel","Burst","Poison Darts"],"picked":"Wraith Form v2","floor":33},{"not_picked":["OldLady","PunishingBird"],"picked":"Funeral","floor":35},{"not_picked":["Prepared+1","Deadly Poison","Cloak And Dagger+1"],"picked":"Backflip+1","floor":35},{"not_picked":["MHz","SilentOrchestra"],"picked":"Alriune","floor":36},{"not_picked":["Noxious Fumes","Dodge and Roll+1","Underhanded Strike","Prepared+1"],"picked":"SKIP","floor":36},{"not_picked":["Noxious Fumes","Dodge and Roll+1","Underhanded Strike","Prepared+1"],"picked":"SKIP","floor":36},{"not_picked":["LongBird","HeroicMonk"],"picked":"CrumblingArmor","floor":38},{"not_picked":["Draining Mist+1","Flying Knee+1","Prepared","Dodge and Roll+1"],"picked":"SKIP","floor":38},{"not_picked":["BeautyBeast","HeroicMonk"],"picked":"BlackSwan","floor":41},{"not_picked":["Poisoned Stab","Deflect+1","Quick Slash","Underhanded Strike"],"picked":"SKIP","floor":41},{"not_picked":["DespairKnight","RedShoes"],"picked":"Porccubus","floor":45},{"not_picked":["Crippling Poison","Well Laid Plans","Replay:Poison Smokescreen+1"],"picked":"Prepared","floor":45},{"not_picked":["ShyLook","Mercenary"],"picked":"FieryBird","floor":46},{"not_picked":["Masterful Stab+1","Underhanded Strike+1","Poisoned Stab"],"picked":"Caltrops","floor":46},{"not_picked":["WhitesApple","Variant"],"picked":"WhiteNight","floor":48},{"not_picked":["Quick Slash+1","Sucker Punch","Cloak And Dagger"],"picked":"PiercingWail+1","floor":48}],"player_experience":770620,"relics_obtained":[{"floor":1,"key":"LetterFromLob"},{"floor":7,"key":"Gremlin Horn"},{"floor":8,"key":"RuthlessExorcism:ReiMu"},{"floor":9,"key":"Omamori"},{"floor":14,"key":"ChaoDraw"},{"floor":23,"key":"infinitespire:BottledMercury"},{"floor":26,"key":"Durian"},{"floor":28,"key":"AtMidnight"},{"floor":30,"key":"Tiny Chest"},{"floor":48,"key":"Oddly Smooth Stone"}],"event_choices":[{"damage_healed":0,"gold_gain":0,"player_choice":"Upgraded","damage_taken":0,"max_hp_gain":0,"max_hp_loss":0,"event_name":"Upgrade Shrine","floor":2,"gold_loss":0,"cards_upgraded":["Footwork"]},{"damage_healed":0,"gold_gain":0,"player_choice":"Take Wound","damage_taken":0,"relics_obtained":["Golden Idol"],"max_hp_gain":0,"max_hp_loss":0,"event_name":"Golden Idol","floor":13,"gold_loss":0,"cards_obtained":["Injury"]},{"cards_removed":["GreedKing"],"damage_healed":0,"gold_gain":0,"player_choice":"Give","damage_taken":0,"max_hp_gain":0,"max_hp_loss":0,"event_name":"betterNote:BetterNote","floor":19,"gold_loss":0,"cards_obtained":["None"]},{"damage_healed":0,"gold_gain":0,"player_choice":"Inject Mutagens","damage_taken":0,"relics_obtained":["MutagenicStrength"],"max_hp_gain":0,"max_hp_loss":0,"event_name":"Drug Dealer","floor":29,"gold_loss":0},{"damage_healed":0,"gold_gain":0,"player_choice":"Paid Gold","damage_taken":0,"relics_obtained":["aspiration:ChemicalBlood"],"max_hp_gain":0,"max_hp_loss":0,"event_name":"WeMeetAgain","floor":39,"gold_loss":83},{"cards_removed":["Scorched"],"damage_healed":0,"gold_gain":0,"player_choice":"Purged","damage_taken":0,"max_hp_gain":0,"max_hp_loss":0,"event_name":"Purifier","floor":44,"gold_loss":0}],"is_beta":false,"boss_relics":[{"not_picked":["Ectoplasm","energizedSpire:HugeHouse"],"picked":"Hololive_Finger"},{"not_picked":["energizedSpire:SpiderWeb","SlaversCollar"],"picked":"Replay:Wanted Poster"}],"items_purged_floors":[20,47],"is_endless":false,"potions_floor_spawned":[4,5,10,12,18,25,33,41,45,46,48],"killed_by":"Time Eater","ascension_level":0}}