{"host":"qt939hhvrbc28rjp","time":1607936852,"event":{"mods":["BaseMod","Minty Spire (QoL Compilation)","Quick Restart","StSLib","SuperFastMode"],"gold_per_floor":[118,118,128,128,72,72,110,129,129,145,145,179,179,218,218,314,314,327,327,252,252,252,252,287,287,287],"floor_reached":25,"playtime":501,"items_purged":[],"score":532,"play_id":"757d072a-1231-494c-9611-90bca8611708","local_time":"20201214180732","is_ascension_mode":true,"campfire_choices":[{"floor":6.0,"key":"REST"},{"data":"Zap","floor":11.0,"key":"SMITH"},{"floor":15.0,"key":"REST"},{"floor":23.0,"key":"DIG"}],"circlet_count":0,"master_deck":["AscendersBane","Defend_B","Zap+1","Dualcast","Defragment","Sunder","Leap","Cold Snap","Consume","White Noise","Chaos","Creative AI","Machine Learning+1","Amplify+1","Hologram+1","Capacitor","Thunder Strike","Rainbow","Fission"],"relics":["Cracked Core","NeowsBlessing","Ornamental Fan","Bloody Idol","Bronze Scales","Emotion Chip","Mango","Shovel","Astrolabe","White Beast Statue","Peace Pipe"],"acts_visited":["Exordium","TheCity"],"potions_floor_usage":[],"damage_taken":[{"damage":0.0,"enemies":"Small Slimes","floor":1.0,"turns":1.0},{"damage":0.0,"enemies":"2 Louse","floor":3.0,"turns":1.0},{"damage":0.0,"enemies":"3 Sentries","floor":7.0,"turns":1.0},{"damage":5.0,"enemies":"Jaw Worm","floor":8.0,"turns":3.0},{"damage":0.0,"enemies":"Large Slime","floor":10.0,"turns":4.0},{"damage":28.0,"enemies":"Gremlin Nob","floor":12.0,"turns":4.0},{"damage":16.0,"enemies":"3 Sentries","floor":14.0,"turns":6.0},{"damage":38.0,"enemies":"Slime Boss","floor":16.0,"turns":9.0},{"damage":12.0,"enemies":"3 Byrds","floor":18.0,"turns":2.0},{"damage":33.0,"enemies":"Slavers","floor":24.0,"turns":5.0},{"damage":0,"enemies":"Chosen","floor":25,"turns":1}],"seed_played":"2833754646588165896","potions_obtained":[{"floor":7.0,"key":"DistilledChaos"},{"floor":14.0,"key":"Explosive Potion"},{"floor":16.0,"key":"DistilledChaos"},{"floor":24.0,"key":"BlessingOfTheForge"}],"is_trial":false,"path_per_floor":["M","?","M","?","$","R","E","M","T","M","R","E","?","E","R","B",null,"M","?","?","?","?","R","E","M"],"character_chosen":"DEFECT","items_purchased":["Leap"],"campfire_rested":2,"item_purchase_floors":[5],"current_hp_per_floor":[64,46,46,22,22,43,43,38,38,38,38,24,29,13,40,2,68,56,56,56,56,56,56,28,28,28],"gold":287,"neow_bonus":"THREE_ENEMY_KILL","is_daily":false,"chose_seed":false,"campfire_upgraded":1,"win_rate":0.0,"timestamp":1607936852,"path_taken":["M","?","M","?","?","R","E","M","T","M","R","E","?","E","R","BOSS","M","?","?","?","?","R","E","?"],"items_purchased_type":["Card"],"build_version":"2020-12-13","purchased_purges":0,"victory":false,"max_hp_per_floor":[71,71,71,71,71,71,71,71,71,71,71,85,90,90,90,90,90,90,90,90,90,90,90,90,90,90],"card_choices":[{"not_picked":["Turbo","Go for the Eyes"],"picked":"Defragment","floor":1.0},{"not_picked":["Turbo","Recycle"],"picked":"Sunder","floor":3.0},{"not_picked":["Double Energy","Redo"],"picked":"Cold Snap","floor":7.0},{"not_picked":["Consume","Redo","Streamline"],"picked":"SKIP","floor":8.0},{"not_picked":["Redo","Streamline"],"picked":"Consume","floor":8.0},{"not_picked":["Turbo","Steam"],"picked":"White Noise","floor":10.0},{"not_picked":["Hello World","Barrage","Skim"],"picked":"SKIP","floor":12.0},{"not_picked":["Beam Cell","Sunder"],"picked":"Chaos","floor":14.0},{"not_picked":["Amplify","All For One"],"picked":"Creative AI","floor":16.0},{"not_picked":["Go for the Eyes","Steam"],"picked":"Capacitor","floor":18.0},{"not_picked":["Double Energy","Leap"],"picked":"Fission","floor":24.0}],"player_experience":1379464,"relics_obtained":[{"floor":7.0,"key":"Bronze Scales"},{"floor":9.0,"key":"Emotion Chip"},{"floor":12.0,"key":"Mango"},{"floor":14.0,"key":"Shovel"},{"floor":23.0,"key":"White Beast Statue"},{"floor":24.0,"key":"Peace Pipe"}],"event_choices":[{"damage_healed":0.0,"max_hp_gain":0.0,"max_hp_loss":0.0,"gold_gain":0.0,"event_name":"Scrap Ooze","player_choice":"Success","floor":2.0,"gold_loss":0.0,"damage_taken":18.0,"relics_obtained":["Ornamental Fan"]},{"damage_healed":0.0,"max_hp_gain":0.0,"max_hp_loss":0.0,"gold_gain":0.0,"event_name":"Golden Idol","player_choice":"Take Damage","floor":4.0,"gold_loss":0.0,"damage_taken":24.0,"relics_obtained":["Golden Idol"]},{"damage_healed":0.0,"max_hp_gain":5.0,"max_hp_loss":0.0,"gold_gain":0.0,"event_name":"Big Fish","player_choice":"Donut","floor":13.0,"gold_loss":0.0,"damage_taken":0.0},{"damage_healed":0.0,"max_hp_gain":0.0,"max_hp_loss":0.0,"gold_gain":0.0,"event_name":"Forgotten Altar","player_choice":"Gave Idol","floor":19.0,"relics_lost":["Golden Idol"],"gold_loss":0.0,"damage_taken":0.0,"relics_obtained":["Bloody Idol"]},{"cards_removed":["Strike_B"],"damage_healed":0.0,"max_hp_gain":0.0,"max_hp_loss":0.0,"gold_gain":0.0,"event_name":"Beggar","player_choice":"Gave Gold","floor":20.0,"gold_loss":75.0,"damage_taken":0.0},{"damage_healed":0.0,"max_hp_gain":0.0,"max_hp_loss":0.0,"gold_gain":0.0,"cards_transformed":["Strike_B","Strike_B"],"event_name":"Drug Dealer","player_choice":"Became Test Subject","floor":21.0,"gold_loss":0.0,"damage_taken":0.0,"cards_obtained":["Thunder Strike","Rainbow"]},{"cards_removed":["Defend_B"],"damage_healed":0.0,"max_hp_gain":0.0,"max_hp_loss":0.0,"gold_gain":0.0,"event_name":"Back to Basics","player_choice":"Elegance","floor":22.0,"gold_loss":0.0,"damage_taken":0.0}],"is_beta":false,"boss_relics":[{"not_picked":["Coffee Dripper","Busted Crown"],"picked":"Astrolabe"}],"items_purged_floors":[],"is_endless":false,"potions_floor_spawned":[7,14,16,24],"killed_by":"Chosen","ascension_level":19}}