{"host":"zekcc3vicrep0och","time":1607968730,"event":{"mods":["AchievementEnabler","BaseMod","Colored Map","Colored Powertips","Displayed Cursed Tome","Minty Spire (QoL Compilation)","Relic Stats","StSLib"],"gold_per_floor":[115,115,132,47,60,60,60],"floor_reached":6,"playtime":292,"items_purged":[],"score":50,"play_id":"5b1868ac-7c24-4572-b801-d7668f4818e5","local_time":"20201214205850","is_ascension_mode":true,"campfire_choices":[],"circlet_count":0,"master_deck":["Strike_G","Strike_G","Strike_G","Strike_G","Strike_G","Defend_G","Defend_G","Defend_G","Defend_G","Defend_G","Survivor","Neutralize+1","Writhe","Crippling Poison","Leg Sweep","Footwork","PiercingWail"],"relics":["Ring of the Snake","Lizard Tail"],"acts_visited":["Exordium"],"potions_floor_usage":[],"damage_taken":[{"damage":4,"enemies":"Small Slimes","floor":1,"turns":5},{"damage":2,"enemies":"Cultist","floor":3,"turns":6},{"damage":1,"enemies":"Jaw Worm","floor":5,"turns":5},{"damage":47,"enemies":"Lagavulin","floor":6,"turns":17}],"seed_played":"4754357641339626478","potions_obtained":[{"floor":5,"key":"FairyPotion"}],"is_trial":false,"path_per_floor":["M","?","M","$","M","E"],"character_chosen":"THE_SILENT","items_purchased":["Footwork","PiercingWail"],"campfire_rested":0,"item_purchase_floors":[4,4],"current_hp_per_floor":[59,59,57,57,56,9,9],"gold":60,"neow_bonus":"ONE_RARE_RELIC","is_daily":false,"chose_seed":false,"campfire_upgraded":0,"win_rate":0.0,"timestamp":1607968730,"path_taken":["M","?","?","$","M","E"],"items_purchased_type":["Card","Card"],"build_version":"2020-12-13","purchased_purges":0,"victory":false,"max_hp_per_floor":[70,70,70,70,70,70,70],"relic_stats":{"Lizard Tail":0,"counters":[4,33],"obtain_stats":[{"Lizard Tail":0,"Ring of the Snake":0},{"Lizard Tail":0,"Ring of the Snake":0},{"Lizard Tail":0,"Ring of the Snake":0}],"Ring of the Snake":[8]},"card_choices":[{"not_picked":["Underhanded Strike","Blur"],"picked":"Crippling Poison","floor":1},{"not_picked":["Terror","Quick Slash"],"picked":"Leg Sweep","floor":3},{"not_picked":["Outmaneuver","Cloak And Dagger","Concentrate"],"picked":"SKIP","floor":5}],"player_experience":409213,"relics_obtained":[],"event_choices":[{"damage_healed":0,"gold_gain":0,"player_choice":"Upgraded","damage_taken":0,"max_hp_gain":0,"max_hp_loss":0,"event_name":"Upgrade Shrine","floor":2,"gold_loss":0,"cards_upgraded":["Neutralize"]}],"is_beta":false,"boss_relics":[],"items_purged_floors":[],"is_endless":false,"potions_floor_spawned":[5],"killed_by":"Lagavulin","ascension_level":8}}