{"host":"28p8ce41sjwa6lzf","time":1607962463,"event":{"mods":["BaseMod","Colored Map","Colored Powertips","Highlight Path","Minty Spire (QoL Compilation)","Permanent Neow","Quick Restart","Random Character Button","Rare Cards Sparkle","Relic Stats","StSLib","Unceasing Turn Reminder"],"gold_per_floor":[111,123,136,136,150,150,182,182,235,251,25,25,51,69,69,147,147,167,167,82,7,7,7,35,35,60,92,142,151,183,202,211,292,292,308,330,339,358,370,395,404,432,444,500,521,533,113,141,141,141,141,141,141,106,145,145],"floor_reached":57,"playtime":3231,"items_purged":["Writhe","Strike_G+1"],"score":2887,"play_id":"623e1ca9-24bb-4e8e-bfcf-f9293e9c3d64","local_time":"20201214101423","is_ascension_mode":true,"campfire_choices":[{"data":"Catalyst","floor":6.0,"key":"SMITH"},{"floor":12.0,"key":"REST"},{"data":"Noxious Fumes","floor":15.0,"key":"SMITH"},{"data":"Deadly Poison","floor":23.0,"key":"SMITH"},{"data":"Bouncing Flask","floor":25.0,"key":"SMITH"},{"floor":29.0,"key":"REST"},{"floor":32.0,"key":"REST"},{"floor":41.0,"key":"REST"},{"floor":45,"key":"REST"},{"floor":46,"key":"RECALL"},{"data":"Wraith Form v2","floor":49,"key":"SMITH"},{"data":"Night Terror","floor":53,"key":"SMITH"}],"circlet_count":0,"master_deck":["AscendersBane","Strike_G+1","Strike_G+1","Strike_G+1","Strike_G+1","Defend_G+1","Defend_G+1","Defend_G+1","Defend_G+1","Defend_G+1","Survivor","Neutralize+1","Deadly Poison+1","Catalyst+1","Bouncing Flask+1","Dash+1","Noxious Fumes+1","Adrenaline","Blur","Bouncing Flask+1","Deadly Poison+1","Prepared","PiercingWail+1","Wraith Form v2+1","Night Terror+1","Catalyst+1","Well Laid Plans","Doppelganger","Dodge and Roll+1","Caltrops","Well Laid Plans","Deflect+1"],"relics":["Ring of the Snake","Ninja Scroll","Anchor","Oddly Smooth Stone","Medical Kit","Art of War","Black Star","MealTicket","WingedGreaves","Pen Nib","CaptainsWheel","Ancient Tea Set","CeramicFish","Dream Catcher","Omamori","Tiny Chest","Sozu","Bag of Preparation","Centennial Puzzle","Peace Pipe","MawBank","Regal Pillow","Orichalcum","Whetstone","Strawberry","Snake Skull","Mercury Hourglass"],"acts_visited":["Exordium","TheCity","TheBeyond","TheEnding"],"potions_floor_usage":[],"damage_taken":[{"damage":1.0,"enemies":"2 Louse","floor":1.0,"turns":5.0},{"damage":1.0,"enemies":"Small Slimes","floor":2.0,"turns":4.0},{"damage":3.0,"enemies":"Cultist","floor":3.0,"turns":4.0},{"damage":1.0,"enemies":"Exordium Wildlife","floor":5.0,"turns":3.0},{"damage":20.0,"enemies":"Lagavulin","floor":7.0,"turns":6.0},{"damage":0.0,"enemies":"2 Fungi Beasts","floor":10.0,"turns":3.0},{"damage":16.0,"enemies":"Gremlin Nob","floor":13.0,"turns":4.0},{"damage":5.0,"enemies":"Looter","floor":14.0,"turns":3.0},{"damage":1.0,"enemies":"Hexaghost","floor":16.0,"turns":6.0},{"damage":0.0,"enemies":"Spheric Guardian","floor":18.0,"turns":2.0},{"damage":24.0,"enemies":"Slavers","floor":24.0,"turns":8.0},{"damage":23.0,"enemies":"Book of Stabbing","floor":27.0,"turns":6.0},{"damage":1.0,"enemies":"Gremlin Leader","floor":30.0,"turns":4.0},{"damage":0.0,"enemies":"Shell Parasite","floor":31.0,"turns":3.0},{"damage":44.0,"enemies":"Collector","floor":33.0,"turns":7.0},{"damage":0.0,"enemies":"Orb Walker","floor":35.0,"turns":3.0},{"damage":0.0,"enemies":"3 Shapes","floor":36.0,"turns":4.0},{"damage":0.0,"enemies":"Maw","floor":38.0,"turns":2.0},{"damage":21.0,"enemies":"Spire Growth","floor":39.0,"turns":3.0},{"damage":29.0,"enemies":"Reptomancer","floor":40.0,"turns":6.0},{"damage":0.0,"enemies":"Giant Head","floor":42.0,"turns":4.0},{"damage":4,"enemies":"Reptomancer","floor":44,"turns":3},{"damage":0,"enemies":"Sphere and 2 Shapes","floor":48,"turns":5},{"damage":8,"enemies":"Donu and Deca","floor":50,"turns":11},{"damage":12,"enemies":"Time Eater","floor":51,"turns":7},{"damage":32,"enemies":"Shield and Spear","floor":55,"turns":7},{"damage":58,"enemies":"The Heart","floor":56,"turns":7}],"seed_played":"1748293700779359943","potions_obtained":[{"floor":1.0,"key":"Block Potion"},{"floor":7.0,"key":"Explosive Potion"},{"floor":13.0,"key":"FearPotion"},{"floor":16.0,"key":"Weak Potion"},{"floor":27.0,"key":"EssenceOfSteel"},{"floor":31.0,"key":"FairyPotion"}],"is_trial":false,"path_per_floor":["M","M","M","?","M","R","E","?","T","M","$","R","E","M","R","B",null,"M","?","?","$","?","R","E","R","T","E","?","R","E","M","R","B",null,"M","M","?","M","M","E","R","E","T","E","R","R","$","M","R","B","B",null,"R","$","E","B",null],"character_chosen":"THE_SILENT","items_purchased":["Medical Kit","Weak Potion","Whetstone","Strawberry","Well Laid Plans"],"campfire_rested":5,"item_purchase_floors":[11,11,47,47,54],"current_hp_per_floor":[58,57,54,54,53,53,33,33,33,33,33,52,36,31,31,30,57,57,57,57,66,66,66,42,42,42,19,19,38,37,37,56,12,53,53,53,53,53,32,3,22,22,22,18,52,52,73,73,73,65,53,68,68,73,41,9],"gold":145,"neow_bonus":"THREE_CARDS","is_daily":false,"chose_seed":false,"campfire_upgraded":6,"win_rate":0.0,"timestamp":1607962463,"path_taken":["M","M","M","?","M","R","E","?","T","?","$","R","E","M","R","BOSS","M","?","?","$","?","R","E","R","T","E","?","R","E","M","R","BOSS","M","M","?","M","?","E","R","E","T","E","R","R","$","M","R","BOSS","BOSS","R","$","E","BOSS"],"items_purchased_type":["Relic","Potion","Relic","Relic","Card"],"build_version":"2020-12-13","purchased_purges":2,"victory":true,"max_hp_per_floor":[66,66,66,66,66,66,66,66,66,66,66,66,66,66,66,66,66,66,66,66,66,66,66,66,66,66,66,66,66,66,66,66,66,66,66,66,66,66,66,66,66,66,66,66,66,66,73,73,73,73,73,73,73,73,73,73],"relic_stats":{"Regal Pillow":15,"counters":[27,130],"CeramicFish":108,"Pen Nib":[10],"Snake Skull":[17],"Bag of Preparation":[0],"Whetstone":["Dash","Neutralize"],"Orichalcum":[96],"Medical Kit":[15],"MawBank":60,"Mercury Hourglass":[18],"Sozu":4,"Peace Pipe":0,"Dream Catcher":4,"Centennial Puzzle":[15],"MealTicket":28,"Tiny Chest":0,"Art of War":[29],"Black Star":7,"obtain_stats":[{"Regal Pillow":44,"CeramicFish":27,"Snake Skull":55,"Bag of Preparation":40,"Whetstone":47,"Ancient Tea Set":26,"Sozu":34,"Dream Catcher":27,"Centennial Puzzle":40,"Ninja Scroll":7,"Strawberry":47,"MealTicket":19,"Tiny Chest":30,"WingedGreaves":20,"Ring of the Snake":0,"Oddly Smooth Stone":9,"Pen Nib":24,"Omamori":30,"Orichalcum":44,"Medical Kit":11,"MawBank":42,"Mercury Hourglass":55,"Peace Pipe":42,"Anchor":8,"CaptainsWheel":24,"Art of War":13,"Black Star":17},{"Regal Pillow":22,"CeramicFish":12,"Snake Skull":26,"Bag of Preparation":20,"Whetstone":22,"Ancient Tea Set":11,"Sozu":15,"Dream Catcher":12,"Centennial Puzzle":20,"Ninja Scroll":5,"Strawberry":22,"MealTicket":10,"Tiny Chest":13,"WingedGreaves":10,"Ring of the Snake":0,"Oddly Smooth Stone":5,"Pen Nib":11,"Omamori":13,"Orichalcum":22,"Medical Kit":6,"MawBank":21,"Mercury Hourglass":26,"Peace Pipe":21,"Anchor":5,"CaptainsWheel":11,"Art of War":7,"Black Star":9},{"Regal Pillow":93,"CeramicFish":54,"Snake Skull":123,"Bag of Preparation":86,"Whetstone":93,"Ancient Tea Set":48,"Sozu":68,"Dream Catcher":54,"Centennial Puzzle":86,"Ninja Scroll":22,"Strawberry":93,"MealTicket":40,"Tiny Chest":58,"WingedGreaves":40,"Ring of the Snake":0,"Oddly Smooth Stone":22,"Pen Nib":48,"Omamori":58,"Orichalcum":93,"Medical Kit":25,"MawBank":90,"Mercury Hourglass":123,"Peace Pipe":90,"Anchor":22,"CaptainsWheel":48,"Art of War":29,"Black Star":38}],"Ring of the Snake":[54]},"card_choices":[{"not_picked":["Quick Slash","Flying Knee"],"picked":"Deadly Poison","floor":0.0},{"not_picked":["Outmaneuver","Quick Slash"],"picked":"Catalyst","floor":1.0},{"not_picked":["Outmaneuver","Setup","Escape Plan"],"picked":"SKIP","floor":2.0},{"not_picked":["Blade Dance","Dagger Throw"],"picked":"Bouncing Flask","floor":3.0},{"not_picked":["Bane","Outmaneuver","Blade Dance"],"picked":"SKIP","floor":5.0},{"not_picked":["Blade Dance","Tools of the Trade"],"picked":"Dash","floor":7.0},{"not_picked":["Deflect","Setup","Poisoned Stab"],"picked":"SKIP","floor":10.0},{"not_picked":["Cloak And Dagger","Riddle With Holes","Deflect"],"picked":"SKIP","floor":13.0},{"not_picked":["Outmaneuver","Endless Agony"],"picked":"Noxious Fumes","floor":14.0},{"not_picked":["Phantasmal Killer","Storm of Steel"],"picked":"Adrenaline","floor":16.0},{"not_picked":["PiercingWail","Cloak And Dagger"],"picked":"Blur","floor":18.0},{"not_picked":["Acrobatics","Infinite Blades"],"picked":"Bouncing Flask","floor":24.0},{"not_picked":["Flying Knee","Slice+1","Dagger Throw"],"picked":"SKIP","floor":27.0},{"not_picked":["Backstab","Expertise"],"picked":"Deadly Poison+1","floor":29.0},{"not_picked":["Poisoned Stab","Masterful Stab+1","Choke+1"],"picked":"SKIP","floor":30.0},{"not_picked":["Dagger Throw","Riddle With Holes"],"picked":"Prepared","floor":31.0},{"not_picked":["Endless Agony","Quick Slash"],"picked":"PiercingWail+1","floor":32.0},{"not_picked":["Doppelganger","Night Terror"],"picked":"Wraith Form v2","floor":33.0},{"not_picked":["Cloak And Dagger","Bane","Dagger Spray+1"],"picked":"SKIP","floor":35.0},{"not_picked":["Cloak And Dagger+1","Caltrops"],"picked":"Night Terror","floor":36.0},{"not_picked":["Quick Slash","Terror","PiercingWail"],"picked":"SKIP","floor":38.0},{"not_picked":["Finisher","Dagger Spray","Poisoned Stab"],"picked":"SKIP","floor":39.0},{"not_picked":["Heel Hook","Caltrops","Eviscerate+1"],"picked":"SKIP","floor":40.0},{"not_picked":["Deadly Poison","Acrobatics"],"picked":"Well Laid Plans","floor":41.0},{"not_picked":["Heel Hook","Escape Plan","Expertise"],"picked":"SKIP","floor":42.0},{"not_picked":["Backstab","Dagger Throw"],"picked":"Doppelganger","floor":44},{"not_picked":["Bane+1","Deflect+1"],"picked":"Dodge and Roll+1","floor":45},{"not_picked":["Masterful Stab+1","Blade Dance+1"],"picked":"Caltrops","floor":48},{"not_picked":["Quick Slash+1","Dash+1"],"picked":"Deflect+1","floor":55}],"player_experience":984532,"relics_obtained":[{"floor":7.0,"key":"Ninja Scroll"},{"floor":9.0,"key":"Oddly Smooth Stone"},{"floor":13.0,"key":"Art of War"},{"floor":24.0,"key":"Pen Nib"},{"floor":24.0,"key":"CaptainsWheel"},{"floor":26.0,"key":"Ancient Tea Set"},{"floor":27.0,"key":"CeramicFish"},{"floor":27.0,"key":"Dream Catcher"},{"floor":30.0,"key":"Omamori"},{"floor":30.0,"key":"Tiny Chest"},{"floor":40.0,"key":"Bag of Preparation"},{"floor":40.0,"key":"Centennial Puzzle"},{"floor":42.0,"key":"Peace Pipe"},{"floor":42.0,"key":"MawBank"},{"floor":44,"key":"Regal Pillow"},{"floor":44,"key":"Orichalcum"},{"floor":55,"key":"Snake Skull"},{"floor":55,"key":"Mercury Hourglass"}],"event_choices":[{"damage_healed":0.0,"max_hp_gain":0.0,"max_hp_loss":0.0,"gold_gain":0.0,"event_name":"Living Wall","player_choice":"Grow","floor":4.0,"gold_loss":0.0,"damage_taken":0.0,"cards_upgraded":["Bouncing Flask"]},{"damage_healed":0.0,"max_hp_gain":0.0,"max_hp_loss":0.0,"gold_gain":0.0,"event_name":"WeMeetAgain","player_choice":"Gave Potion","floor":8.0,"gold_loss":0.0,"damage_taken":0.0,"relics_obtained":["Anchor"]},{"damage_healed":0.0,"max_hp_gain":0.0,"max_hp_loss":0.0,"gold_gain":0.0,"event_name":"The Mausoleum","player_choice":"Opened","floor":19.0,"gold_loss":0.0,"damage_taken":0.0,"relics_obtained":["MealTicket"],"cards_obtained":["Writhe"]},{"damage_healed":0.0,"max_hp_gain":0.0,"max_hp_loss":0.0,"gold_gain":0.0,"event_name":"Addict","player_choice":"Obtained Relic","floor":20.0,"gold_loss":85.0,"damage_taken":0.0,"relics_obtained":["WingedGreaves"]},{"damage_healed":0.0,"max_hp_gain":0.0,"max_hp_loss":0.0,"gold_gain":0.0,"event_name":"Back to Basics","player_choice":"Simplicity","floor":22.0,"gold_loss":0.0,"damage_taken":0.0,"cards_upgraded":["Strike_G","Strike_G","Strike_G","Strike_G","Strike_G","Defend_G","Defend_G","Defend_G","Defend_G","Defend_G"]},{"damage_healed":0.0,"max_hp_gain":0.0,"max_hp_loss":0.0,"gold_gain":50.0,"event_name":"Nest","player_choice":"Stole From Cult","floor":28.0,"gold_loss":0.0,"damage_taken":0.0},{"damage_healed":0.0,"max_hp_gain":0.0,"max_hp_loss":0.0,"gold_gain":0.0,"event_name":"Duplicator","player_choice":"Copied","floor":37.0,"gold_loss":0.0,"damage_taken":0.0,"cards_obtained":["Catalyst"]}],"is_beta":false,"boss_relics":[{"not_picked":["Ectoplasm","Velvet Choker"],"picked":"Black Star"},{"not_picked":["Coffee Dripper","SacredBark"],"picked":"Sozu"}],"items_purged_floors":[21,47],"is_endless":false,"potions_floor_spawned":[1,7,13,14,16,27,31,38,39,48,55],"ascension_level":20}}