{"host":"6bsan6hkua32tfq7","time":1607989735,"event":{"mods":["BaseMod","Better Third Choice","Colored Map","Downfall","Highlight Path","Minty Spire (QoL Compilation)","StSLib"],"gold_per_floor":[114,114,39,39,4,4,45,45,45,61,80,100,136,161,161,257,257,271,271,171,171,46,46,46],"floor_reached":23,"playtime":699,"items_purged":["Defend_R","Shame","Strike_R"],"score":544,"play_id":"7da81c9f-11ad-4413-bd44-a9bc6eebebe2","local_time":"20201215004855","is_ascension_mode":true,"campfire_choices":[{"data":"True Grit","floor":6,"key":"SMITH"},{"data":"Bash","floor":8,"key":"SMITH"},{"data":"Barricade","floor":15,"key":"SMITH"}],"circlet_count":0,"master_deck":["AscendersBane","Strike_R","Strike_R","Strike_R","Strike_R","Defend_R+1","Defend_R+1","Defend_R","Bash+1","True Grit+1","Metallicize","Flame Barrier","Twin Strike","Cleave","Barricade+1","Berserk","Burning Pact+1"],"relics":["Burning Blood","NeowsBlessing","Bloody Idol","Ancient Tea Set","Darkstone Periapt","Dead Branch","SlaversCollar","Question Card"],"acts_visited":["Exordium","TheCity"],"potions_floor_usage":[13,23,23],"damage_taken":[{"damage":0,"enemies":"Small Slimes","floor":1,"turns":1},{"damage":0,"enemies":"Lagavulin","floor":7,"turns":1},{"damage":0,"enemies":"2 Louse","floor":10,"turns":1},{"damage":0,"enemies":"Jaw Worm","floor":11,"turns":5},{"damage":11,"enemies":"Looter","floor":12,"turns":4},{"damage":51,"enemies":"3 Sentries","floor":13,"turns":20},{"damage":5,"enemies":"Large Slime","floor":14,"turns":5},{"damage":0,"enemies":"Hexaghost","floor":16,"turns":14},{"damage":30,"enemies":"Shell Parasite","floor":18,"turns":11},{"damage":43,"enemies":"Slavers","floor":23,"turns":4}],"seed_played":"-4993143222929321548","potions_obtained":[{"floor":7,"key":"DuplicationPotion"},{"floor":10,"key":"Block Potion"},{"floor":14,"key":"Fire Potion"}],"is_trial":false,"path_per_floor":["M","?","$","?","?","R","E","R","T","M","M","M","E","M","R","B",null,"M","?","$","?","$","E"],"character_chosen":"IRONCLAD","items_purchased":[],"campfire_rested":0,"item_purchase_floors":[],"current_hp_per_floor":[74,51,51,51,68,68,68,68,68,68,68,63,18,19,19,25,57,33,39,39,39,39,0,0],"gold":46,"neow_bonus":"THREE_ENEMY_KILL","is_daily":false,"chose_seed":false,"campfire_upgraded":3,"win_rate":0.0,"timestamp":1607989735,"path_taken":["M","?","$","?","?","R","E","R","T","M","?","M","E","M","R","BOSS","M","?","$","?","$","E"],"items_purchased_type":[],"build_version":"2020-12-13","purchased_purges":3,"victory":false,"max_hp_per_floor":[75,75,75,68,68,68,68,68,68,68,68,68,68,68,68,68,68,68,74,74,74,74,74,74],"card_choices":[{"not_picked":["Clash","Thunderclap"],"picked":"True Grit","floor":1},{"not_picked":["Clothesline","Rupture"],"picked":"Metallicize","floor":7},{"not_picked":["Thunderclap","Anger"],"picked":"Flame Barrier","floor":10},{"not_picked":["Sword Boomerang","Power Through"],"picked":"Twin Strike","floor":11},{"not_picked":["Combust","Clash","Pummel"],"picked":"SKIP","floor":12},{"not_picked":["Iron Wave","Clash"],"picked":"Cleave","floor":13},{"not_picked":["Iron Wave","Body Slam"],"picked":"Barricade","floor":14},{"not_picked":["Demon Form","Double Tap"],"picked":"Berserk","floor":16},{"not_picked":["Armaments","Pummel"],"picked":"Burning Pact+1","floor":18}],"player_experience":5131819,"relics_obtained":[{"floor":7,"key":"Ancient Tea Set"},{"floor":9,"key":"Darkstone Periapt"},{"floor":13,"key":"Dead Branch"}],"event_choices":[{"damage_healed":74,"gold_gain":0,"player_choice":"Upgrade","damage_taken":23,"max_hp_gain":0,"max_hp_loss":75,"event_name":"betterThird:BetterShining","floor":2,"gold_loss":0,"cards_upgraded":["Defend_R","Defend_R"]},{"damage_healed":0,"gold_gain":0,"player_choice":"Lose Max HP","damage_taken":0,"relics_obtained":["Golden Idol"],"max_hp_gain":0,"max_hp_loss":7,"event_name":"Golden Idol","floor":4,"gold_loss":0},{"damage_healed":17,"gold_gain":0,"player_choice":"Healed","damage_taken":0,"max_hp_gain":0,"max_hp_loss":0,"event_name":"The Cleric","floor":5,"gold_loss":35},{"damage_healed":0,"gold_gain":0,"player_choice":"Stole Relic","damage_taken":0,"relics_obtained":["Question Card"],"max_hp_gain":0,"max_hp_loss":0,"event_name":"Addict","floor":19,"gold_loss":0,"cards_obtained":["Shame"]},{"damage_healed":0,"gold_gain":0,"player_choice":"Gave Idol","damage_taken":0,"relics_obtained":["Bloody Idol"],"max_hp_gain":0,"max_hp_loss":0,"event_name":"Forgotten Altar","floor":21,"relics_lost":["Golden Idol"],"gold_loss":0}],"is_beta":false,"boss_relics":[{"not_picked":["Snecko Eye","SacredBark"],"picked":"SlaversCollar"}],"items_purged_floors":[3,20,22],"is_endless":false,"potions_floor_spawned":[7,10,12,14],"killed_by":"Slavers","ascension_level":20}}