{"host":"fqid566djxhwi0rl","time":1607977557,"event":{"mods":["2.2 Compatiblity","AchievementEnabler","Aspiration","BaseMod","Downfall","Energized Spire","Faster Ascension Climbing","GifTheSpireLib","Minty Spire (QoL Compilation)","Replay The Spire","Robot Space Explorer","StSLib","The Blackbeard","The Gatherer","Trackpad","Yuri Mod"],"gold_per_floor":[115,115,131,131,131,131,165,165,236,236,253,278,278,295,295,400,400,410,93,93,93,106,106,134,134,134,146,180,214,239,239,239],"floor_reached":31,"playtime":1506,"items_purged":["champ:Strike"],"score":527,"play_id":"63dcbc4a-a8d0-4afd-a9e1-e8d19e29a748","local_time":"20201214222557","is_ascension_mode":true,"campfire_choices":[{"data":"champ:FalseCounter","floor":6,"key":"SMITH"},{"data":"champ:ShieldWall","floor":8,"key":"SMITH"},{"data":"champ:IronFortress","floor":10,"key":"SMITH"},{"data":"champ:TornadoPunch","floor":15,"key":"SMITH"},{"floor":23,"key":"REST"},{"floor":25,"key":"REST"}],"circlet_count":0,"master_deck":["AscendersBane","champ:Strike","champ:Strike","champ:Strike+1","champ:Defend+1","champ:Defend","champ:Defend","champ:Defend","champ:Execute","champ:Taunt","champ:FalseCounter+1","champ:IronFortress+1","champ:ShieldWall+1","champ:Lariat","champ:TornadoPunch+1","champ:LastStand+1","champ:EnchantShield","champ:Circumvent","Necronomicurse","champ:EnGarde","champ:FalseCounter","champ:TornadoPunch","champ:ShieldSigil"],"relics":["champ:ChampionCrown","NeowsBlessing","Replay:Ringing Soul","InkBottle","Sundial","Frozen Egg 2","Black Star","aspiration:SeaSaltIceCream","Mango","Necronomicon","trackpad:ByrdBGone","ReplayTheSpireMod:TigerMarble","aspiration:AnachronicSnailShell","Replay:Accelerometer","Replay:Bandana"],"acts_visited":["Exordium","TheCity"],"potions_floor_usage":[12,24,27,28],"damage_taken":[{"damage":0,"enemies":"Small Slimes","floor":1,"turns":1},{"damage":0,"enemies":"Cultist","floor":3,"turns":1},{"damage":11,"enemies":"Replay:BlueRogue","floor":7,"turns":1},{"damage":5,"enemies":"Jaw Worm","floor":11,"turns":4},{"damage":6,"enemies":"3 Sentries","floor":12,"turns":7},{"damage":5,"enemies":"Looter","floor":14,"turns":3},{"damage":65,"enemies":"Fading Forest","floor":16,"turns":11},{"damage":36,"enemies":"Spheric Guardian","floor":18,"turns":6},{"damage":15,"enemies":"Shell Parasite","floor":22,"turns":6},{"damage":59,"enemies":"Slavers","floor":24,"turns":6},{"damage":26,"enemies":"Centurion and Healer","floor":27,"turns":8},{"damage":46,"enemies":"Gremlin Leader","floor":28,"turns":7},{"damage":14,"enemies":"3 Cultists","floor":29,"turns":4},{"damage":0,"enemies":"Sentry and Sphere","floor":30,"turns":4},{"damage":0,"enemies":"Slavers","floor":31,"turns":1}],"seed_played":"-2746130433854354456","potions_obtained":[{"floor":1,"key":"EssenceOfSteel"},{"floor":3,"key":"ColorlessPotion"},{"floor":18,"key":"Languid Potion"},{"floor":24,"key":"champ:OpenerPotion"},{"floor":28,"key":"DuplicationPotion"}],"is_trial":false,"path_per_floor":["M","?","M","?","?","R","E","R","T","R","M","E","T","M","R","B",null,"M","$","?","?","M","R","E","R","T","M","E","M","M","E"],"character_chosen":"THE_CHAMP","items_purchased":["aspiration:SeaSaltIceCream"],"campfire_rested":2,"item_purchase_floors":[19],"current_hp_per_floor":[81,81,81,81,63,63,55,55,55,55,58,58,58,61,61,18,81,58,72,59,59,52,89,33,71,71,59,21,10,10,10,10],"gold":239,"neow_bonus":"THREE_ENEMY_KILL","is_daily":false,"chose_seed":false,"campfire_upgraded":4,"win_rate":0.0,"timestamp":1607977557,"path_taken":["M","?","?","?","?","R","E","R","T","R","M","E","?","M","R","BOSS","M","$","?","?","?","R","E","R","T","M","E","M","M","E"],"items_purchased_type":["Relic"],"build_version":"2020-12-13","purchased_purges":1,"victory":false,"max_hp_per_floor":[90,90,90,90,90,90,93,93,93,93,96,96,96,99,99,102,102,105,119,122,122,125,125,128,128,128,128,131,134,134,134,134],"card_choices":[{"not_picked":["champ:FocusedGladiator","champ:BringItOn"],"picked":"champ:FalseCounter","floor":1},{"not_picked":["champ:CalledShot","champ:Backstep"],"picked":"champ:ShieldWall","floor":3},{"not_picked":["champ:EndlessRage","champ:DeathBlow"],"picked":"champ:Lariat","floor":7},{"not_picked":["champ:ViciousMockery","champ:FightOn"],"picked":"champ:TornadoPunch","floor":11},{"not_picked":["champ:FlashCut","champ:AdrenalArmor","champ:Shatter"],"picked":"SKIP","floor":12},{"not_picked":["champ:TornadoPunch","champ:Duel"],"picked":"champ:LastStand+1","floor":14},{"not_picked":["champ:CheapShot","champ:Improvising+1"],"picked":"champ:EnchantShield","floor":16},{"not_picked":["champ:TornadoPunch","champ:RapidStrikes"],"picked":"champ:Circumvent","floor":18},{"not_picked":["champ:EndlessRage+1","champ:Riposte+1"],"picked":"champ:EnGarde","floor":22},{"not_picked":["champ:AdrenalArmor","champ:EndlessRage+1"],"picked":"champ:FalseCounter","floor":24},{"not_picked":["champ:PerfectedStrike","champ:RapidStrikes","champ:Lariat"],"picked":"SKIP","floor":27},{"not_picked":["champ:BladeFlurry","champ:RapidStrikes"],"picked":"champ:TornadoPunch","floor":28},{"not_picked":["champ:Circumvent","champ:RapidStrikes"],"picked":"champ:ShieldSigil","floor":29},{"not_picked":["champ:DeathBlow","champ:Circumvent","champ:PerfectedStrike"],"picked":"SKIP","floor":30}],"player_experience":675316,"relics_obtained":[{"floor":7,"key":"Replay:Ringing Soul"},{"floor":9,"key":"InkBottle"},{"floor":12,"key":"Sundial"},{"floor":13,"key":"Frozen Egg 2"},{"floor":20,"key":"Necronomicon"},{"floor":24,"key":"trackpad:ByrdBGone"},{"floor":24,"key":"ReplayTheSpireMod:TigerMarble"},{"floor":26,"key":"aspiration:AnachronicSnailShell"},{"floor":28,"key":"Replay:Accelerometer"},{"floor":28,"key":"Replay:Bandana"}],"event_choices":[{"damage_healed":0,"gold_gain":0,"player_choice":"1 cards matched","damage_taken":0,"max_hp_gain":0,"max_hp_loss":0,"event_name":"Match and Keep!","floor":2,"gold_loss":0,"cards_obtained":["champ:IronFortress"]},{"damage_healed":0,"gold_gain":0,"player_choice":"Entered Light","damage_taken":18,"max_hp_gain":0,"max_hp_loss":0,"event_name":"Shining Light","floor":5,"gold_loss":0,"cards_upgraded":["champ:Strike","champ:Defend"]},{"damage_healed":0,"gold_gain":0,"player_choice":"Obtained Book","damage_taken":16,"max_hp_gain":0,"max_hp_loss":0,"event_name":"Cursed Tome","floor":20,"gold_loss":0}],"is_beta":false,"boss_relics":[{"not_picked":["Pandora\u0027s Box","energizedSpire:DeadBattery"],"picked":"Black Star"}],"items_purged_floors":[19],"is_endless":false,"potions_floor_spawned":[1,3,7,18,24,28],"killed_by":"Slavers","ascension_level":11}}