{"host":"6csbbk4539itd1k2","time":1607969524,"event":{"mods":["BaseMod","Colored Powertips","Googly Eyes","Hermit","Minty Spire (QoL Compilation)","Replay The Spire","StSLib","SuperFastMode","The Animator","The Bug Knight","The Cursed","The Hierophant","The Necromancer","The Servant 0.9.4"],"gold_per_floor":[116,38,49,116,191,221,221,221,221,221,221,241,266,285,340,352,352,447,447,458,485,425,437,45,45,45,45,98,98,98,113,113,124,124,124,124],"floor_reached":35,"playtime":3064,"items_purged":["HollowMod:FocusHealStart"],"score":263,"play_id":"80366daf-62ef-4826-8af9-318bd9bc177e","local_time":"20201214191204","is_ascension_mode":false,"campfire_choices":[{"floor":7,"key":"REST"},{"floor":17,"key":"REST"},{"floor":25,"key":"DIG"},{"data":"HollowMod:HuntersJournal","floor":27,"key":"SMITH"},{"data":"HollowMod:MantisMark","floor":30,"key":"SMITH"},{"data":"HollowMod:WraithStrike","floor":34,"key":"SMITH"}],"circlet_count":0,"master_deck":["HollowMod:NailStrikeStart","HollowMod:NailStrikeStart","HollowMod:NailStrikeStart","HollowMod:NailStrikeStart","HollowMod:QuickDashStart","HollowMod:QuickDashStart","HollowMod:QuickDashStart","HollowMod:QuickDashStart","HollowMod:PogoStrike","ReplayTheSpireMod:Private Reserves+1","HollowMod:DescendingDark","HollowMod:AbyssShriek","HollowMod:MantisMark+1","HollowMod:ShadowDash","HollowMod:WraithStrike+1","HollowMod:SiblingsSouls","HollowMod:VengefulVoid","HollowMod:PerfectDash+1","HollowMod:HuntersJournal+1","HollowMod:ShadowDash"],"relics":["HollowMod:VesselMask","Lantern","Pen Nib","Iron Hammer","Replay:Multitool","Ginger","Red Mask","HandDrill","War Paint","Garlic","ReplayTheSpireMod:TigerMarble","White Beast Statue"],"acts_visited":["Exordium","TheCity"],"potions_floor_usage":[],"damage_taken":[{"damage":1,"enemies":"2 Louse","floor":1,"turns":3},{"damage":0,"enemies":"Small Slimes","floor":3,"turns":2},{"damage":22,"enemies":"Replay:BlueRogue","floor":6,"turns":8},{"damage":3,"enemies":"Jaw Worm","floor":12,"turns":2},{"damage":18,"enemies":"HollowMod:MossKnight","floor":13,"turns":7},{"damage":4,"enemies":"Blue Slaver","floor":14,"turns":2},{"damage":21,"enemies":"Lagavulin Event","floor":15,"turns":5},{"damage":4,"enemies":"Exordium Wildlife","floor":16,"turns":2},{"damage":30,"enemies":"Hexaghost","floor":18,"turns":9},{"damage":0,"enemies":"Chosen","floor":20,"turns":3},{"damage":0,"enemies":"Masked Bandits","floor":21,"turns":2},{"damage":0,"enemies":"3 Byrds","floor":23,"turns":3},{"damage":0,"enemies":"3 Cultists","floor":31,"turns":3},{"damage":0,"enemies":"Sentry and Sphere","floor":33,"turns":3},{"damage":111,"enemies":"Champ","floor":35,"turns":12}],"seed_played":"-6633894762751051953","potions_obtained":[{"floor":1,"key":"Death Potion"},{"floor":4,"key":"FairyPotion"},{"floor":4,"key":"Ancient Potion"},{"floor":12,"key":"Fire Potion"},{"floor":21,"key":"EntropicBrew"}],"is_trial":false,"path_per_floor":["M","$","M","?","?","E","R","PTL","PTL","?","T","M","E","M","?","M","R","B",null,"M","?","?","M","$","R","?","R","T","?","R","M","T","M","R","B"],"character_chosen":"THE_BUGKNIGHT","items_purchased":["HollowMod:AbyssShriek","HollowMod:ShadowDash","HandDrill","War Paint"],"campfire_rested":2,"item_purchase_floors":[2,24,24,24],"current_hp_per_floor":[75,75,75,57,46,30,52,52,52,52,52,55,37,33,24,20,42,12,75,75,75,75,75,75,75,75,75,75,61,61,61,61,63,63,0,0],"gold":124,"neow_bonus":"RANDOM_COLORLESS","is_daily":false,"chose_seed":false,"campfire_upgraded":3,"win_rate":0.0,"timestamp":1607969524,"path_taken":["M","$","M","?","?","E","R","PTL","PTL","?","T","?","E","M","?","M","R","BOSS","M","?","?","M","$","R","?","R","T","?","R","M","?","M","R","BOSS"],"items_purchased_type":["Card","Card","Relic","Relic"],"build_version":"2020-12-13","purchased_purges":1,"victory":false,"max_hp_per_floor":[75,75,75,75,75,75,75,75,75,75,75,75,75,75,75,75,75,75,75,75,75,75,75,75,75,75,75,75,80,80,80,80,80,80,80,80],"card_choices":[{"not_picked":["Good Instincts","ReplayTheSpireMod:Uncanny Aura"],"picked":"ReplayTheSpireMod:Private Reserves","floor":0},{"not_picked":["HollowMod:LifebloodCocoon","HollowMod:CloakDash"],"picked":"HollowMod:DescendingDark","floor":1},{"not_picked":["HollowMod:AbyssShriek","HollowMod:CloakDash"],"picked":"HollowMod:MantisMark","floor":3},{"not_picked":["HollowMod:FastStrike","HollowMod:CloakDash"],"picked":"HollowMod:ShadowDash","floor":6},{"not_picked":["HollowMod:ChannelNail","HollowMod:SoulSplash"],"picked":"HollowMod:WraithStrike","floor":12},{"not_picked":["HollowMod:DesolateDive","HollowMod:BaldurShell","HollowMod:HornetsHelp"],"picked":"SKIP","floor":13},{"not_picked":["HollowMod:InfectionAssault","HollowMod:ShapeofUnn"],"picked":"HollowMod:SiblingsSouls","floor":14},{"not_picked":["HollowMod:VengefulSpirit","HollowMod:GoodIntentions"],"picked":"HollowMod:VengefulVoid","floor":15},{"not_picked":["HollowMod:GoodIntentions","HollowMod:CloakDash","HollowMod:LifebloodCocoon"],"picked":"SKIP","floor":16},{"not_picked":["HollowMod:NewGlowingWomb","HollowMod:CoiledNail+1"],"picked":"HollowMod:PerfectDash","floor":20},{"not_picked":["HollowMod:CycloneSlash","HollowMod:GoodIntentions"],"picked":"HollowMod:HuntersJournal","floor":21},{"not_picked":["HollowMod:FastStrike","HollowMod:Grubsong","HollowMod:InfectedCysts+1"],"picked":"SKIP","floor":23},{"not_picked":["HollowMod:MonarchWings","HollowMod:SoulEater+1","HollowMod:LifebloodCocoon"],"picked":"SKIP","floor":31},{"not_picked":["HollowMod:CornifersMapStart","HollowMod:SoulSplash","HollowMod:InfectedCysts+1"],"picked":"SKIP","floor":33}],"player_experience":129453,"relics_obtained":[{"floor":4,"key":"Lantern"},{"floor":6,"key":"Pen Nib"},{"floor":11,"key":"Iron Hammer"},{"floor":13,"key":"Replay:Multitool"},{"floor":15,"key":"Ginger"},{"floor":21,"key":"Red Mask"},{"floor":25,"key":"Garlic"},{"floor":28,"key":"ReplayTheSpireMod:TigerMarble"},{"floor":32,"key":"White Beast Statue"}],"event_choices":[{"damage_healed":0,"gold_gain":75,"player_choice":"Gather Gold","damage_taken":11,"max_hp_gain":0,"max_hp_loss":0,"event_name":"World of Goop","floor":5,"gold_loss":0},{"damage_healed":0,"gold_gain":0,"player_choice":"Searched \u00271\u0027 times","damage_taken":0,"max_hp_gain":0,"max_hp_loss":0,"event_name":"Dead Adventurer","floor":15,"gold_loss":0},{"damage_healed":0,"gold_gain":0,"player_choice":"Fought Bandits","damage_taken":0,"max_hp_gain":0,"max_hp_loss":0,"event_name":"Masked Bandits","floor":21,"gold_loss":0},{"damage_healed":0,"gold_gain":0,"player_choice":"Ignored","damage_taken":0,"max_hp_gain":0,"max_hp_loss":0,"event_name":"Ghosts","floor":26,"gold_loss":0},{"damage_healed":0,"gold_gain":0,"player_choice":"Shed Blood","damage_taken":19,"max_hp_gain":5,"max_hp_loss":0,"event_name":"Forgotten Altar","floor":29,"gold_loss":0}],"is_beta":false,"boss_relics":[{"not_picked":["Calling Bell","Ectoplasm","Ring of Chaos"]}],"items_purged_floors":[24],"is_endless":false,"potions_floor_spawned":[1,12,13,15,18,21,23,33],"killed_by":"Champ","ascension_level":0}}