{"host":"15dd7v8o90xso62x","time":1607969143,"event":{"mods":["BaseMod","Minty Spire (QoL Compilation)","Quick Restart","StSLib"],"gold_per_floor":[114,124,124,141,160,160,175,189,189,221,236,236,269,194,194,273,273,284,72,72,88,88,88,88],"floor_reached":23,"playtime":575,"items_purged":["Strike_P","Defend_P"],"score":456,"play_id":"f4ee6d88-0515-4728-b640-21eb94feca1d","local_time":"20201215030543","is_ascension_mode":true,"campfire_choices":[{"data":"Eruption","floor":6.0,"key":"SMITH"},{"data":"Scrawl","floor":12.0,"key":"SMITH"},{"data":"MentalFortress","floor":15.0,"key":"SMITH"}],"circlet_count":0,"master_deck":["AscendersBane","Strike_P","Strike_P","Strike_P","Defend_P","Defend_P","Defend_P","Eruption+1","Vigilance","Tantrum","SignatureMove","MentalFortress+1","Scrawl+1","Scrawl","MentalFortress"],"relics":["PureWater","NeowsBlessing","InkBottle","Damaru","Question Card","Sozu","Membership Card"],"acts_visited":["Exordium","TheCity"],"potions_floor_usage":[],"damage_taken":[{"damage":0.0,"enemies":"2 Louse","floor":1.0,"turns":1.0},{"damage":0.0,"enemies":"Cultist","floor":2.0,"turns":1.0},{"damage":0.0,"enemies":"Jaw Worm","floor":4.0,"turns":1.0},{"damage":24.0,"enemies":"Exordium Thugs","floor":5.0,"turns":3.0},{"damage":1.0,"enemies":"Looter","floor":7.0,"turns":4.0},{"damage":12.0,"enemies":"Lots of Slimes","floor":8.0,"turns":4.0},{"damage":0.0,"enemies":"Gremlin Nob","floor":10.0,"turns":1.0},{"damage":0.0,"enemies":"2 Fungi Beasts","floor":11.0,"turns":2.0},{"damage":2.0,"enemies":"3 Sentries","floor":13.0,"turns":4.0},{"damage":11.0,"enemies":"Hexaghost","floor":16.0,"turns":9.0},{"damage":0,"enemies":"Shell Parasite","floor":18,"turns":1},{"damage":18,"enemies":"2 Thieves","floor":21,"turns":3},{"damage":45,"enemies":"Slavers","floor":23,"turns":3}],"seed_played":"7343718464783601880","potions_obtained":[{"floor":2.0,"key":"Swift Potion"},{"floor":3.0,"key":"CultistPotion"},{"floor":8.0,"key":"Ambrosia"},{"floor":10.0,"key":"CultistPotion"},{"floor":16.0,"key":"FairyPotion"}],"is_trial":false,"path_per_floor":["M","M","?","M","M","R","M","M","T","E","M","R","E","$","R","B",null,"M","$","?","M","?","E"],"character_chosen":"WATCHER","items_purchased":["Membership Card"],"campfire_rested":0,"item_purchase_floors":[19],"current_hp_per_floor":[61,61,61,61,37,37,36,24,24,24,24,24,22,22,22,11,54,54,54,54,36,32,20,20],"gold":88,"neow_bonus":"THREE_ENEMY_KILL","is_daily":false,"chose_seed":false,"campfire_upgraded":3,"win_rate":0.0,"timestamp":1607969143,"path_taken":["M","M","?","M","?","R","M","M","T","E","M","R","E","$","R","BOSS","M","$","?","M","?","E"],"items_purchased_type":["Relic"],"build_version":"2020-12-13","purchased_purges":2,"victory":false,"max_hp_per_floor":[68,68,68,68,68,68,68,68,68,68,68,68,68,68,68,68,68,68,68,68,68,68,68,68],"card_choices":[{"not_picked":["Crescendo","Weave","ForeignInfluence"],"picked":"SKIP","floor":1.0},{"not_picked":["WreathOfFlame","SashWhip","Sanctity"],"picked":"SKIP","floor":2.0},{"not_picked":["Evaluate","ThirdEye"],"picked":"Tantrum","floor":4.0},{"not_picked":["ClearTheMind","EmptyMind"],"picked":"SignatureMove","floor":5.0},{"not_picked":["EmptyBody","SashWhip"],"picked":"MentalFortress","floor":7.0},{"not_picked":["WreathOfFlame","Evaluate","Crescendo"],"picked":"SKIP","floor":8.0},{"not_picked":["MasterReality","ClearTheMind"],"picked":"Scrawl","floor":10.0},{"not_picked":["Collect","Swivel","Vengeance"],"picked":"SKIP","floor":11.0},{"not_picked":["FlurryOfBlows","Tantrum","CarveReality"],"picked":"SKIP","floor":13.0},{"not_picked":["MasterReality","Alpha","Wish"],"picked":"Scrawl","floor":16.0},{"not_picked":["PathToVictory","Crescendo","ClearTheMind"],"picked":"MentalFortress","floor":18},{"not_picked":["Protect","FlyingSleeves","FollowUp","EmptyBody"],"picked":"SKIP","floor":21}],"player_experience":904542,"relics_obtained":[{"floor":9.0,"key":"InkBottle"},{"floor":10.0,"key":"Damaru"},{"floor":13.0,"key":"Question Card"}],"event_choices":[{"damage_healed":0.0,"max_hp_gain":0.0,"max_hp_loss":0.0,"gold_gain":0.0,"event_name":"Lab","player_choice":"Got Potions","floor":3.0,"gold_loss":0.0,"damage_taken":0.0},{"damage_healed":0,"gold_gain":0,"player_choice":"Ignored","damage_taken":0,"max_hp_gain":0,"max_hp_loss":0,"event_name":"Ghosts","floor":20,"gold_loss":0},{"damage_healed":0,"gold_gain":0,"player_choice":"Bought 0 Potions","damage_taken":0,"max_hp_gain":0,"max_hp_loss":0,"event_name":"The Woman in Blue","floor":22,"gold_loss":0}],"is_beta":false,"boss_relics":[{"not_picked":["Runic Pyramid","Busted Crown"],"picked":"Sozu"}],"items_purged_floors":[14,19],"is_endless":false,"potions_floor_spawned":[2,8,10,16,18],"killed_by":"Slavers","ascension_level":20}}