{"host":"i09pxcjttd31eh4q","time":1607931214,"event":{"mods":["AchievementEnabler","BaseMod","Colored Map","Keyboard Shortcuts","Minty Spire (QoL Compilation)","StSLib","SuperFastMode"],"gold_per_floor":[111,129,129,129,204,240,240,263,263,263,263,283,303,337,337,428,428,449,214,229,252,277,310,47,47,47],"floor_reached":25,"playtime":725,"items_purged":["Strike_P","Defend_P"],"score":516,"play_id":"5dcb4fa8-6d87-407c-af58-ecd6fe67bf6a","local_time":"20201214163334","is_ascension_mode":true,"campfire_choices":[{"data":"FlurryOfBlows","floor":11.0,"key":"SMITH"},{"data":"FlurryOfBlows","floor":15.0,"key":"SMITH"}],"circlet_count":0,"master_deck":["AscendersBane","Strike_P","Defend_P","Defend_P","Defend_P+1","Eruption+1","Vigilance","EmptyFist","FlurryOfBlows+1","FlurryOfBlows+1","Perseverance","SpiritShield+1","Indignation","FollowUp","WaveOfTheHand"],"relics":["HolyWater","NeowsBlessing","Golden Idol","CloakClasp","Thread and Needle","Toy Ornithopter","War Paint","Ancient Tea Set","Lantern"],"acts_visited":["Exordium","TheCity"],"potions_floor_usage":[25,25],"damage_taken":[{"damage":0.0,"enemies":"2 Louse","floor":1.0,"turns":1.0},{"damage":0.0,"enemies":"Small Slimes","floor":2.0,"turns":1.0},{"damage":0.0,"enemies":"Lagavulin","floor":6.0,"turns":1.0},{"damage":0.0,"enemies":"Jaw Worm","floor":8.0,"turns":3.0},{"damage":0.0,"enemies":"2 Fungi Beasts","floor":12.0,"turns":3.0},{"damage":0.0,"enemies":"Gremlin Gang","floor":13.0,"turns":3.0},{"damage":10.0,"enemies":"Gremlin Nob","floor":14.0,"turns":3.0},{"damage":12.0,"enemies":"The Guardian","floor":16.0,"turns":18.0},{"damage":0.0,"enemies":"Spheric Guardian","floor":18.0,"turns":3.0},{"damage":0.0,"enemies":"Shell Parasite","floor":20.0,"turns":5.0},{"damage":11.0,"enemies":"Snecko","floor":21.0,"turns":6.0},{"damage":17.0,"enemies":"Centurion and Healer","floor":22.0,"turns":5.0},{"damage":3.0,"enemies":"Slavers","floor":23.0,"turns":7.0},{"damage":0,"enemies":"Gremlin Leader","floor":25,"turns":4}],"seed_played":"6960363463360485941","potions_obtained":[{"floor":1.0,"key":"ColorlessPotion"},{"floor":12.0,"key":"Fire Potion"},{"floor":13.0,"key":"Weak Potion"},{"floor":18.0,"key":"AttackPotion"},{"floor":20.0,"key":"Ambrosia"},{"floor":23.0,"key":"Strength Potion"}],"is_trial":false,"path_per_floor":["M","M","?","?","?","E","?","M","T","?","R","M","M","E","R","B",null,"M","$","M","M","M","E","$","E"],"character_chosen":"WATCHER","items_purchased":["War Paint","Lantern"],"campfire_rested":0,"item_purchase_floors":[19,24],"current_hp_per_floor":[61,61,54,54,43,43,43,43,43,43,43,43,43,33,33,21,52,52,52,52,41,24,26,26,36,36],"gold":47,"neow_bonus":"THREE_ENEMY_KILL","is_daily":false,"chose_seed":false,"campfire_upgraded":2,"win_rate":0.0,"timestamp":1607931214,"path_taken":["M","M","?","?","?","E","?","?","T","?","R","M","M","E","R","BOSS","M","$","M","M","?","E","$","E"],"items_purchased_type":["Relic","Relic"],"build_version":"2020-12-13","purchased_purges":2,"victory":false,"max_hp_per_floor":[68,68,68,62,62,62,62,62,62,62,62,62,62,62,62,62,62,62,62,62,62,62,62,62,62,62],"card_choices":[{"not_picked":["Meditate","BowlingBash"],"picked":"EmptyFist","floor":1.0},{"not_picked":["Evaluate","WaveOfTheHand"],"picked":"FlurryOfBlows","floor":2.0},{"not_picked":["Perseverance","Prostrate","FlyingSleeves"],"picked":"SKIP","floor":6.0},{"not_picked":["InnerPeace","Meditate"],"picked":"FlurryOfBlows","floor":8.0},{"not_picked":["FollowUp","Collect","Perseverance"],"picked":"SKIP","floor":12.0},{"not_picked":["FollowUp","Collect"],"picked":"Perseverance","floor":12.0},{"not_picked":["PathToVictory","Prostrate","ThirdEye"],"picked":"SKIP","floor":13.0},{"not_picked":["CutThroughFate","Perseverance","FlurryOfBlows"],"picked":"SKIP","floor":14.0},{"not_picked":["LessonLearned","Devotion"],"picked":"SpiritShield","floor":16.0},{"not_picked":["ForeignInfluence","FlyingSleeves"],"picked":"Indignation","floor":18.0},{"not_picked":["ThirdEye+1","Halt","CutThroughFate+1"],"picked":"SKIP","floor":20.0},{"not_picked":["Perseverance","Conclude"],"picked":"FollowUp","floor":21.0},{"not_picked":["FlyingSleeves","PathToVictory"],"picked":"WaveOfTheHand","floor":22.0},{"not_picked":["PathToVictory","ClearTheMind","SashWhip"],"picked":"SKIP","floor":23.0}],"player_experience":731333,"relics_obtained":[{"floor":6.0,"key":"CloakClasp"},{"floor":9.0,"key":"Thread and Needle"},{"floor":14.0,"key":"Toy Ornithopter"},{"floor":23.0,"key":"Ancient Tea Set"}],"event_choices":[{"cards_removed":["Strike_P"],"damage_healed":0.0,"max_hp_gain":0.0,"max_hp_loss":0.0,"gold_gain":0.0,"event_name":"Golden Wing","player_choice":"Card Removal","floor":3.0,"gold_loss":0.0,"damage_taken":7.0},{"damage_healed":0.0,"max_hp_gain":0.0,"max_hp_loss":6.0,"gold_gain":0.0,"event_name":"Golden Idol","player_choice":"Lose Max HP","floor":4.0,"gold_loss":0.0,"damage_taken":0.0,"relics_obtained":["Golden Idol"]},{"damage_healed":0.0,"max_hp_gain":0.0,"max_hp_loss":0.0,"gold_gain":75.0,"event_name":"World of Goop","player_choice":"Gather Gold","floor":5.0,"gold_loss":0.0,"damage_taken":11.0},{"damage_healed":0.0,"max_hp_gain":0.0,"max_hp_loss":0.0,"gold_gain":0.0,"event_name":"Living Wall","player_choice":"Grow","floor":7.0,"gold_loss":0.0,"damage_taken":0.0,"cards_upgraded":["Eruption"]},{"cards_removed":["Strike_P"],"damage_healed":0.0,"max_hp_gain":0.0,"max_hp_loss":0.0,"gold_gain":0.0,"event_name":"Purifier","player_choice":"Purged","floor":10.0,"gold_loss":0.0,"damage_taken":0.0}],"is_beta":false,"boss_relics":[{"not_picked":["Tiny House","Velvet Choker"],"picked":"HolyWater"}],"items_purged_floors":[19,24],"is_endless":false,"potions_floor_spawned":[1,12,13,18,20,23],"killed_by":"Gremlin Leader","ascension_level":20}}