{"host":"63rwe7p34ct1i0qu","time":1607946596,"event":{"mods":["BaseMod","DeckTracker","Minty Spire (QoL Compilation)","Permanent Neow","Quick Restart","StSLib"],"gold_per_floor":[14,27,27,127,144,170,170,186,260,260,274,274,289,58,58,154,154,170,95,113,113,113,124,151,151,223,240,240,268,283,300,300,395,395,409,409,305,324,340,340,365,365,413,413,413,429,54,87,87,87],"floor_reached":51,"playtime":1557,"items_purged":["Defend_R"],"score":847,"play_id":"1f948bbc-8355-4a72-9d2e-0463f2779bc6","local_time":"20201214204956","is_ascension_mode":false,"campfire_choices":[{"data":"Bash","floor":7,"key":"SMITH"},{"data":"Flex","floor":12,"key":"SMITH"},{"floor":15,"key":"REST"},{"floor":28,"key":"RECALL"},{"floor":32,"key":"REST"},{"floor":40,"key":"REST"},{"floor":42,"key":"REST"},{"floor":49,"key":"REST"}],"circlet_count":0,"master_deck":["Defend_R","Defend_R","Defend_R","Bash+1","Limit Break","Cleave","Offering","Flex+1","Shrug It Off","Sword Boomerang","Battle Trance","Feed","Havoc+1","Battle Trance","Headbutt","Feed","Heavy Blade+1","Shrug It Off+1","Feed","Dropkick+1","Warcry+1","Burning Pact+1","Heavy Blade+1","Purity","Master of Strategy","Double Tap","Sentinel+1"],"relics":["Burning Blood","Torii","Mummified Hand","Brimstone","Fusion Hammer","Regal Pillow","Letter Opener","Happy Flower","Astrolabe","MealTicket","Nunchaku","Vajra","Orrery","Centennial Puzzle"],"acts_visited":["TheCity","TheBeyond"],"potions_floor_usage":[6,8,18,35,37,38,48,50,50],"damage_taken":[{"damage":14,"enemies":"Small Slimes","floor":1,"turns":4},{"damage":15,"enemies":"Cultist","floor":2,"turns":4},{"damage":9,"enemies":"2 Louse","floor":5,"turns":2},{"damage":27,"enemies":"Gremlin Nob","floor":6,"turns":4},{"damage":14,"enemies":"Blue Slaver","floor":8,"turns":3},{"damage":7,"enemies":"Looter","floor":11,"turns":3},{"damage":15,"enemies":"Large Slime","floor":13,"turns":6},{"damage":6,"enemies":"Slime Boss","floor":16,"turns":4},{"damage":6,"enemies":"Spheric Guardian","floor":18,"turns":2},{"damage":7,"enemies":"Chosen","floor":20,"turns":2},{"damage":6,"enemies":"Shelled Parasite and Fungi","floor":23,"turns":2},{"damage":13,"enemies":"Book of Stabbing","floor":24,"turns":3},{"damage":6,"enemies":"Centurion and Healer","floor":27,"turns":2},{"damage":14,"enemies":"Gremlin Leader","floor":29,"turns":3},{"damage":10,"enemies":"Snecko","floor":30,"turns":3},{"damage":8,"enemies":"Shelled Parasite and Fungi","floor":31,"turns":2},{"damage":16,"enemies":"Automaton","floor":33,"turns":4},{"damage":18,"enemies":"3 Darklings","floor":35,"turns":3},{"damage":19,"enemies":"Orb Walker","floor":38,"turns":3},{"damage":19,"enemies":"Sphere and 2 Shapes","floor":39,"turns":3},{"damage":13,"enemies":"Giant Head","floor":41,"turns":4},{"damage":14,"enemies":"Writhing Mass","floor":46,"turns":2},{"damage":21,"enemies":"Nemesis","floor":48,"turns":3},{"damage":55,"enemies":"Awakened One","floor":50,"turns":5}],"seed_played":"-181399095590991938","potions_obtained":[{"floor":5,"key":"LiquidMemories"},{"floor":6,"key":"PowerPotion"},{"floor":16,"key":"AttackPotion"},{"floor":20,"key":"GamblersBrew"},{"floor":24,"key":"Dexterity Potion"},{"floor":31,"key":"FearPotion"},{"floor":33,"key":"CultistPotion"},{"floor":39,"key":"Swift Potion"},{"floor":48,"key":"Regen Potion"}],"is_trial":false,"path_per_floor":["M","M","$","?","M","E","R","M","T","?","M","R","M","$","R","B",null,"M","?","M","?","?","M","E","?","T","M","R","E","M","M","R","B",null,"M","?","$","M","M","R","E","R","T","?","?","M","$","E","R","B",null],"character_chosen":"IRONCLAD","items_purchased":["Battle Trance","Brimstone","Fruit Juice","Vajra","Orrery"],"campfire_rested":5,"item_purchase_floors":[14,14,37,47,47],"current_hp_per_floor":[72,63,63,63,60,39,39,31,31,31,30,30,21,21,45,45,80,80,80,79,79,79,82,75,75,75,78,78,73,72,70,92,85,95,86,76,81,71,58,104,97,106,106,106,101,93,101,86,101,64],"gold":87,"neow_bonus":"THREE_RARE_CARDS","is_daily":false,"chose_seed":false,"campfire_upgraded":2,"win_rate":0.0,"timestamp":1607946596,"path_taken":["M","M","$","?","?","E","R","M","T","?","M","R","M","$","R","BOSS","M","?","M","?","?","M","E","?","T","M","R","E","M","M","R","BOSS","M","?","$","M","M","R","E","R","T","?","?","M","$","E","R","BOSS"],"items_purchased_type":["Card","Relic","Potion","Relic","Relic"],"build_version":"2020-12-13","purchased_purges":1,"victory":true,"max_hp_per_floor":[80,80,80,80,80,80,80,80,80,80,80,80,80,80,80,80,80,80,80,80,80,80,83,83,83,83,86,86,89,92,92,92,95,95,98,98,103,106,106,106,106,106,106,106,101,101,101,101,101,101],"card_choices":[{"not_picked":["Brutality","Fiend Fire"],"picked":"Limit Break","floor":0},{"not_picked":["Sword Boomerang","Thunderclap","Perfected Strike"],"picked":"SKIP","floor":1},{"not_picked":["Metallicize","Sever Soul"],"picked":"Cleave","floor":2},{"not_picked":["Cleave","Wild Strike","Feel No Pain"],"picked":"SKIP","floor":5},{"not_picked":["Seeing Red","Reckless Charge"],"picked":"Offering","floor":6},{"not_picked":["Dual Wield","True Grit"],"picked":"Flex","floor":8},{"not_picked":["Dark Embrace","Whirlwind"],"picked":"Shrug It Off","floor":11},{"not_picked":["Flame Barrier","Body Slam"],"picked":"Sword Boomerang","floor":13},{"not_picked":["Corruption","Immolate"],"picked":"Feed","floor":16},{"not_picked":["Anger","Warcry","Rupture"],"picked":"SKIP","floor":18},{"not_picked":["Shrug It Off","Intimidate"],"picked":"Havoc+1","floor":20},{"not_picked":["Dark Embrace","Heavy Blade"],"picked":"Battle Trance","floor":23},{"not_picked":["Perfected Strike","Flex"],"picked":"Headbutt","floor":24},{"not_picked":["Clash","Body Slam","Dark Embrace"],"picked":"SKIP","floor":27},{"not_picked":["Seeing Red","Anger+1","Dark Embrace"],"picked":"SKIP","floor":29},{"not_picked":["Iron Wave","Power Through"],"picked":"Heavy Blade+1","floor":30},{"not_picked":["Pommel Strike","Dual Wield+1"],"picked":"Shrug It Off+1","floor":31},{"not_picked":["Fiend Fire","Bludgeon"],"picked":"Feed","floor":33},{"not_picked":["Rampage+1","Havoc+1"],"picked":"Heavy Blade+1","floor":35},{"not_picked":["Transmutation","Flash of Steel"],"picked":"Purity","floor":36},{"not_picked":["Trip","Forethought"],"picked":"Master of Strategy","floor":36},{"not_picked":["Rampage","Ghostly Armor+1","Dropkick+1"],"picked":"SKIP","floor":38},{"not_picked":["Wild Strike+1","Heavy Blade","Pommel Strike"],"picked":"SKIP","floor":39},{"not_picked":["Twin Strike+1","Fiend Fire","Shrug It Off"],"picked":"SKIP","floor":41},{"not_picked":["Thunderclap","Power Through+1","Perfected Strike"],"picked":"SKIP","floor":46},{"not_picked":["Armaments","Pommel Strike"],"picked":"Double Tap","floor":47},{"not_picked":["Pommel Strike+1","Dark Embrace"],"picked":"Sentinel+1","floor":47},{"not_picked":["Combust+1","Heavy Blade","Clash+1"],"picked":"SKIP","floor":48}],"player_experience":760390,"relics_obtained":[{"floor":6,"key":"Torii"},{"floor":9,"key":"Mummified Hand"},{"floor":24,"key":"Regal Pillow"},{"floor":26,"key":"Letter Opener"},{"floor":29,"key":"Happy Flower"},{"floor":41,"key":"MealTicket"},{"floor":43,"key":"Nunchaku"},{"floor":48,"key":"Centennial Puzzle"}],"event_choices":[{"damage_healed":0,"gold_gain":100,"player_choice":"Pray","damage_taken":0,"max_hp_gain":0,"max_hp_loss":0,"event_name":"Golden Shrine","floor":4,"gold_loss":0},{"damage_healed":0,"gold_gain":0,"player_choice":"Ignored","damage_taken":0,"max_hp_gain":0,"max_hp_loss":0,"event_name":"Liars Game","floor":10,"gold_loss":0},{"cards_removed":["Strike_R"],"damage_healed":0,"gold_gain":0,"player_choice":"Gave Gold","damage_taken":0,"max_hp_gain":0,"max_hp_loss":0,"event_name":"Beggar","floor":19,"gold_loss":75},{"cards_removed":["Strike_R"],"damage_healed":0,"gold_gain":0,"player_choice":"Elegance","damage_taken":0,"max_hp_gain":0,"max_hp_loss":0,"event_name":"Back to Basics","floor":21,"gold_loss":0},{"damage_healed":0,"gold_gain":0,"player_choice":"Ignored","damage_taken":0,"max_hp_gain":0,"max_hp_loss":0,"event_name":"Vampires","floor":22,"gold_loss":0},{"damage_healed":0,"gold_gain":0,"player_choice":"Read","damage_taken":0,"max_hp_gain":0,"max_hp_loss":0,"event_name":"The Library","floor":25,"gold_loss":0,"cards_obtained":["Feed"]},{"damage_healed":0,"gold_gain":0,"player_choice":"Memory 3","damage_taken":10,"max_hp_gain":0,"max_hp_loss":0,"event_name":"SensoryStone","floor":36,"gold_loss":0},{"damage_healed":0,"gold_gain":0,"player_choice":"Ignored","damage_taken":0,"max_hp_gain":0,"max_hp_loss":0,"event_name":"Tomb of Lord Red Mask","floor":44,"gold_loss":0},{"damage_healed":0,"gold_gain":0,"player_choice":"Max HP","damage_taken":0,"max_hp_gain":0,"max_hp_loss":5,"event_name":"Winding Halls","floor":45,"gold_loss":0}],"is_beta":false,"boss_relics":[{"not_picked":["Tiny House","SacredBark"],"picked":"Fusion Hammer"},{"not_picked":["Runic Dome","Calling Bell"],"picked":"Astrolabe"}],"items_purged_floors":[47],"is_endless":false,"potions_floor_spawned":[5,6,16,20,24,31,33,39,48],"ascension_level":0}}