{"host":"m7puq4mk16tgc6yn","time":1607934534,"event":{"mods":["AchievementEnabler","BaseMod","Colored Map","Colored Powertips","Minty Spire (QoL Compilation)","Relic Stats"],"gold_per_floor":[111,129,54,72,22,52,52,83,83,83,127,191,266,285,285,416,416,441,46,46,64,64,64,104,104,104,132,163,193,246,278,290,423,435,468,480,492,517,176,220,175,215,215,259,259,259,109,128,128,128,128,128,34,70,70],"floor_reached":56,"playtime":3400,"items_purged":["Strike_G","Strike_G","Strike_G"],"score":1539,"play_id":"16353213-d4ba-4b3b-91a1-86344e9f9f48","local_time":"20201214002854","is_ascension_mode":true,"campfire_choices":[{"floor":15,"key":"DIG"},{"data":"Adrenaline","floor":23,"key":"SMITH"},{"floor":25,"key":"DIG"},{"floor":32,"key":"DIG"},{"floor":45,"key":"DIG"},{"floor":49,"key":"RECALL"},{"floor":52,"key":"DIG"}],"circlet_count":0,"master_deck":["Defend_G","Defend_G","Defend_G","Defend_G","Defend_G","Survivor","Neutralize+1","Dagger Throw","Underhanded Strike","Well Laid Plans","All Out Attack","Leg Sweep","Underhanded Strike","Blade Dance","Adrenaline+1","Footwork+1","Burst","Dash","Caltrops","Dagger Throw","Burst","Deep Breath","Deep Breath","Footwork","Reflex","Cloak And Dagger","Reflex","Calculated Gamble","Blade Dance","Prepared+1"],"relics":["Ring of the Serpent","Kunai","Bird Faced Urn","Shovel","Golden Idol","Pear","Strawberry","TungstenRod","SlaversCollar","Ice Cream","Bag of Preparation","Bag of Marbles","MawBank","Blood Vial","Letter Opener","Sling","Paper Crane","Lizard Tail","Boot","Oddly Smooth Stone","TheAbacus","InkBottle","Sundial"],"acts_visited":["Exordium","TheCity","TheBeyond","TheEnding"],"potions_floor_usage":[8,28,35,38,54,55,55],"damage_taken":[{"damage":2,"enemies":"Cultist","floor":1,"turns":6},{"damage":3,"enemies":"Small Slimes","floor":2,"turns":4},{"damage":2,"enemies":"Jaw Worm","floor":4,"turns":4},{"damage":16,"enemies":"Lagavulin","floor":6,"turns":8},{"damage":1,"enemies":"3 Sentries","floor":8,"turns":5},{"damage":6,"enemies":"Lagavulin","floor":11,"turns":10},{"damage":2,"enemies":"Lagavulin Event","floor":12,"turns":6},{"damage":5,"enemies":"3 Louse","floor":14,"turns":3},{"damage":37,"enemies":"The Guardian","floor":16,"turns":14},{"damage":8,"enemies":"Shell Parasite","floor":18,"turns":7},{"damage":0,"enemies":"3 Byrds","floor":21,"turns":5},{"damage":22,"enemies":"Book of Stabbing","floor":24,"turns":10},{"damage":0,"enemies":"Centurion and Healer","floor":27,"turns":5},{"damage":0,"enemies":"Snecko","floor":28,"turns":6},{"damage":0,"enemies":"3 Cultists","floor":29,"turns":6},{"damage":3,"enemies":"Slavers","floor":30,"turns":6},{"damage":15,"enemies":"Shelled Parasite and Fungi","floor":31,"turns":5},{"damage":5,"enemies":"Collector","floor":33,"turns":18},{"damage":1,"enemies":"Orb Walker","floor":35,"turns":4},{"damage":20,"enemies":"3 Darklings","floor":38,"turns":4},{"damage":5,"enemies":"Reptomancer","floor":40,"turns":5},{"damage":4,"enemies":"Nemesis","floor":42,"turns":7},{"damage":21,"enemies":"Reptomancer","floor":44,"turns":6},{"damage":0,"enemies":"Jaw Worm Horde","floor":48,"turns":2},{"damage":42,"enemies":"Donu and Deca","floor":50,"turns":18},{"damage":52,"enemies":"Shield and Spear","floor":54,"turns":6},{"damage":31,"enemies":"The Heart","floor":55,"turns":12}],"seed_played":"6056941772406437109","potions_obtained":[{"floor":4,"key":"DistilledChaos"},{"floor":8,"key":"LiquidBronze"},{"floor":11,"key":"FearPotion"},{"floor":12,"key":"PowerPotion"},{"floor":18,"key":"Dexterity Potion"},{"floor":21,"key":"Explosive Potion"},{"floor":31,"key":"Energy Potion"},{"floor":38,"key":"Fire Potion"},{"floor":40,"key":"Weak Potion"}],"is_trial":false,"path_per_floor":["M","M","$","M","?","E","$","E","T","?","E","?","?","M","R","B",null,"M","$","?","M","?","R","E","R","T","M","M","M","E","M","R","B",null,"M","?","?","M","$","E","$","E","T","E","R","?","$","M","R","B",null,"R","$","E","B",null],"character_chosen":"THE_SILENT","items_purchased":["Ice Cream","Footwork","Sling","Cloak And Dagger","TheAbacus","Blade Dance","PowerPotion"],"campfire_rested":0,"item_purchase_floors":[19,39,39,41,47,53,53],"current_hp_per_floor":[68,65,65,63,63,47,47,46,46,46,52,57,46,41,41,6,63,57,57,57,61,61,61,43,43,43,47,53,57,58,49,49,52,75,81,72,72,58,58,63,63,69,69,58,58,58,58,66,66,34,67,67,67,25,4],"gold":70,"neow_bonus":"UPGRADE_CARD","is_daily":false,"chose_seed":false,"campfire_upgraded":1,"win_rate":0.0,"timestamp":1607934534,"path_taken":["M","?","$","M","?","E","$","E","T","?","E","?","?","?","R","BOSS","M","?","?","M","?","R","E","R","T","M","M","M","E","M","R","BOSS","M","?","?","?","$","E","?","E","T","E","R","?","$","M","R","BOSS","R","$","E","BOSS"],"items_purchased_type":["Relic","Card","Relic","Card","Relic","Card","Potion"],"build_version":"2020-12-13","purchased_purges":3,"victory":true,"max_hp_per_floor":[70,70,70,70,70,70,70,70,70,65,75,82,82,82,82,82,82,82,82,82,82,82,82,82,82,82,82,82,82,82,82,82,82,82,82,82,82,82,82,82,82,82,82,82,82,78,78,78,78,78,78,78,78,78,78],"relic_stats":{"counters":[27,192],"Golden Idol":204,"Bag of Preparation":[30],"Letter Opener":[299],"MawBank":156,"Boot":[77],"Blood Vial":22,"Lizard Tail":0,"Shovel":5,"TheAbacus":[174],"Sundial":[4],"Bird Faced Urn":[105],"Kunai":[139],"obtain_stats":[{"Ice Cream":19,"Pear":11,"Golden Idol":10,"Oddly Smooth Stone":45,"Bag of Preparation":24,"Letter Opener":32,"Paper Crane":40,"MawBank":26,"Sling":39,"Boot":44,"Blood Vial":30,"SlaversCollar":17,"Lizard Tail":42,"Shovel":9,"TheAbacus":47,"Sundial":54,"Bird Faced Urn":8,"Strawberry":12,"Bag of Marbles":25,"Kunai":6,"TungstenRod":15,"Ring of the Serpent":34,"InkBottle":52,"Ring of the Snake":0},{"Ice Cream":10,"Pear":6,"Golden Idol":5,"Oddly Smooth Stone":23,"Bag of Preparation":12,"Letter Opener":17,"Paper Crane":21,"MawBank":12,"Sling":20,"Boot":23,"Blood Vial":16,"SlaversCollar":9,"Lizard Tail":22,"Shovel":5,"TheAbacus":23,"Sundial":26,"Bird Faced Urn":5,"Strawberry":6,"Bag of Marbles":12,"Kunai":4,"TungstenRod":8,"Ring of the Serpent":18,"InkBottle":25,"Ring of the Snake":0},{"Ice Cream":67,"Pear":37,"Golden Idol":27,"Oddly Smooth Stone":154,"Bag of Preparation":82,"Letter Opener":110,"Paper Crane":141,"MawBank":82,"Sling":136,"Boot":154,"Blood Vial":105,"SlaversCollar":60,"Lizard Tail":148,"Shovel":27,"TheAbacus":154,"Sundial":180,"Bird Faced Urn":27,"Strawberry":37,"Bag of Marbles":82,"Kunai":22,"TungstenRod":46,"Ring of the Serpent":128,"InkBottle":174,"Ring of the Snake":0}],"TungstenRod":58,"InkBottle":[15]},"card_choices":[{"not_picked":["Terror","Concentrate"],"picked":"Dagger Throw","floor":1},{"not_picked":["Caltrops","Dagger Throw"],"picked":"Underhanded Strike","floor":2},{"not_picked":["Acrobatics","PiercingWail"],"picked":"Well Laid Plans","floor":4},{"not_picked":["Acrobatics","Well Laid Plans"],"picked":"All Out Attack","floor":6},{"not_picked":["Masterful Stab","Catalyst"],"picked":"Leg Sweep","floor":8},{"not_picked":["Choke","Infinite Blades"],"picked":"Underhanded Strike","floor":11},{"not_picked":["Riddle With Holes","PiercingWail"],"picked":"Blade Dance","floor":12},{"not_picked":["Expertise","Setup","Flying Knee"],"picked":"SKIP","floor":14},{"not_picked":["Burst","Night Terror"],"picked":"Adrenaline","floor":16},{"not_picked":["Dodge and Roll","Underhanded Strike"],"picked":"Footwork+1","floor":18},{"not_picked":["Reflex","Deadly Poison"],"picked":"Burst","floor":21},{"not_picked":["Outmaneuver","Acrobatics+1"],"picked":"Dash","floor":24},{"not_picked":["Terror","Deadly Poison","Leg Sweep"],"picked":"SKIP","floor":27},{"not_picked":["Dodge and Roll","Skewer","Calculated Gamble"],"picked":"SKIP","floor":28},{"not_picked":["Quick Slash","Outmaneuver","Acrobatics"],"picked":"SKIP","floor":29},{"not_picked":["Deadly Poison","Flechettes"],"picked":"Caltrops","floor":30},{"not_picked":["Bane","PiercingWail"],"picked":"Dagger Throw","floor":31},{"not_picked":["Wraith Form v2","Venomology"],"picked":"Burst","floor":33},{"not_picked":["Masterful Stab+1","Sucker Punch+1","Slice+1"],"picked":"SKIP","floor":35},{"not_picked":["Chrysalis","Dark Shackles"],"picked":"Deep Breath","floor":36},{"not_picked":["Mind Blast","Blind"],"picked":"Deep Breath","floor":36},{"not_picked":["Calculated Gamble","Sucker Punch+1","Masterful Stab+1"],"picked":"SKIP","floor":38},{"not_picked":["Skewer+1","Heel Hook"],"picked":"Reflex","floor":40},{"not_picked":["Outmaneuver","Blur"],"picked":"Reflex","floor":42},{"not_picked":["Underhanded Strike","Poisoned Stab"],"picked":"Calculated Gamble","floor":44},{"not_picked":["Heel Hook","Poisoned Stab","Bane"],"picked":"SKIP","floor":48},{"not_picked":["Dagger Spray+1","Slice+1"],"picked":"Prepared+1","floor":54}],"player_experience":62898,"relics_obtained":[{"floor":6,"key":"Kunai"},{"floor":8,"key":"Bird Faced Urn"},{"floor":9,"key":"Shovel"},{"floor":11,"key":"Pear"},{"floor":15,"key":"TungstenRod"},{"floor":24,"key":"Bag of Preparation"},{"floor":25,"key":"Bag of Marbles"},{"floor":26,"key":"MawBank"},{"floor":30,"key":"Blood Vial"},{"floor":32,"key":"Letter Opener"},{"floor":40,"key":"Paper Crane"},{"floor":42,"key":"Lizard Tail"},{"floor":44,"key":"Boot"},{"floor":45,"key":"Oddly Smooth Stone"},{"floor":52,"key":"InkBottle"},{"floor":54,"key":"Sundial"}],"event_choices":[{"cards_removed":["Strike_G"],"damage_healed":0,"gold_gain":0,"player_choice":"Card Removal","damage_taken":0,"max_hp_gain":0,"max_hp_loss":0,"event_name":"The Cleric","floor":5,"gold_loss":50},{"damage_healed":0,"gold_gain":0,"player_choice":"Lose Max HP","damage_taken":0,"relics_obtained":["Golden Idol"],"max_hp_gain":0,"max_hp_loss":5,"event_name":"Golden Idol","floor":10,"gold_loss":0},{"damage_healed":0,"gold_gain":30,"player_choice":"Searched \u00273\u0027 times","damage_taken":0,"relics_obtained":["Strawberry"],"max_hp_gain":0,"max_hp_loss":0,"event_name":"Dead Adventurer","floor":12,"gold_loss":0},{"damage_healed":0,"gold_gain":75,"player_choice":"Gather Gold","damage_taken":11,"max_hp_gain":0,"max_hp_loss":0,"event_name":"World of Goop","floor":13,"gold_loss":0},{"damage_healed":0,"gold_gain":0,"player_choice":"Ignored","damage_taken":0,"max_hp_gain":0,"max_hp_loss":0,"event_name":"Vampires","floor":20,"gold_loss":0},{"damage_healed":0,"gold_gain":0,"player_choice":"Ignored","damage_taken":0,"max_hp_gain":0,"max_hp_loss":0,"event_name":"Ghosts","floor":22,"gold_loss":0},{"damage_healed":0,"gold_gain":0,"player_choice":"Memory 3","damage_taken":10,"max_hp_gain":0,"max_hp_loss":0,"event_name":"SensoryStone","floor":36,"gold_loss":0},{"cards_removed":["Strike_G"],"damage_healed":0,"gold_gain":0,"player_choice":"Purged","damage_taken":0,"max_hp_gain":0,"max_hp_loss":0,"event_name":"Purifier","floor":37,"gold_loss":0},{"damage_healed":0,"gold_gain":0,"player_choice":"Max HP","damage_taken":0,"max_hp_gain":0,"max_hp_loss":4,"event_name":"Winding Halls","floor":46,"gold_loss":0}],"is_beta":false,"boss_relics":[{"not_picked":["Tiny House","Fusion Hammer"],"picked":"SlaversCollar"},{"not_picked":["Sozu","Philosopher\u0027s Stone"],"picked":"Ring of the Serpent"}],"items_purged_floors":[3,19,39],"is_endless":false,"potions_floor_spawned":[4,8,11,12,18,21,27,31,33,38,40,44],"ascension_level":5}}