{"host":"y89x8uui45kcjy42","time":1607945577,"event":{"mods":["2.2 Compatiblity","BaseMod","Colored Map","Colored Powertips","Friendly Minions","Hermit","Highlight Path","Keyboard Shortcuts","Minty Spire (QoL Compilation)","StSLib","SuperFastMode","Waifu the Spire"],"gold_per_floor":[365,382,30,30,43,43,61,94,106,147,159,199,224,268,280,392,404,427,451,226,238,254,289,289,324,351,360,170,170,170],"floor_reached":29,"playtime":1164,"items_purged":["hermit:Strike_Hermit","hermit:Defend_Hermit","hermit:Strike_Hermit+1"],"score":323,"play_id":"6fd2a635-cf0c-4435-afc8-3d1aa3715164","local_time":"20201214203257","is_ascension_mode":true,"campfire_choices":[{"data":"hermit:Grudge","floor":6.0,"key":"SMITH"},{"data":"hermit:SprayPray","floor":11.0,"key":"SMITH"},{"data":"hermit:Covet","floor":15.0,"key":"SMITH"},{"data":"hermit:Brawl","floor":24,"key":"SMITH"}],"circlet_count":0,"master_deck":["hermit:Defend_Hermit","hermit:Snapshot+1","hermit:Covet+1","hermit:SprayPray+1","hermit:Grudge+1","hermit:FlashPowder+1","hermit:Horror+1","hermit:Dive+1","hermit:FlashPowder+1","hermit:SprayPray","hermit:Determination","hermit:Reprieve+1","hermit:DeadMansHand+1","hermit:HighCaliber+1","hermit:Manifest+1","hermit:Brawl+1","hermit:Grudge+1","hermit:FlashPowder+1"],"relics":["hermit:Momento","Membership Card","Toxic Egg 2","MawBank","Ancient Tea Set","Odd Mushroom","Matryoshka","InkBottle","Astrolabe","Whetstone","Vajra","Bottled Tornado","Pen Nib","Akabeko","CeramicFish","Darkstone Periapt"],"acts_visited":["Exordium","TheCity"],"potions_floor_usage":[19,29],"damage_taken":[{"damage":1.0,"enemies":"Jaw Worm","floor":1.0,"turns":4.0},{"damage":1.0,"enemies":"Cultist","floor":2.0,"turns":3.0},{"damage":0.0,"enemies":"2 Louse","floor":5.0,"turns":3.0},{"damage":16.0,"enemies":"Large Slime","floor":7.0,"turns":8.0},{"damage":10.0,"enemies":"Lagavulin","floor":8.0,"turns":5.0},{"damage":0.0,"enemies":"The Mushroom Lair","floor":10.0,"turns":3.0},{"damage":11.0,"enemies":"Gremlin Nob","floor":12.0,"turns":5.0},{"damage":3.0,"enemies":"Gremlin Gang","floor":13.0,"turns":4.0},{"damage":0.0,"enemies":"Lagavulin","floor":14.0,"turns":4.0},{"damage":14.0,"enemies":"The Guardian","floor":16.0,"turns":11.0},{"damage":5.0,"enemies":"3 Byrds","floor":18.0,"turns":5.0},{"damage":0,"enemies":"Spheric Guardian","floor":19,"turns":1},{"damage":13,"enemies":"Snecko","floor":21,"turns":4},{"damage":23,"enemies":"Shelled Parasite and Fungi","floor":22,"turns":6},{"damage":20,"enemies":"Gremlin Leader","floor":23,"turns":8},{"damage":22,"enemies":"Book of Stabbing","floor":25,"turns":4},{"damage":14,"enemies":"Chosen and Byrds","floor":29,"turns":4}],"seed_played":"-195194522009734659","potions_obtained":[{"floor":5.0,"key":"SteroidPotion"},{"floor":7.0,"key":"EntropicBrew"},{"floor":8.0,"key":"LiquidBronze"},{"floor":10.0,"key":"Weak Potion"},{"floor":13.0,"key":"DuplicationPotion"},{"floor":19,"key":"GamblersBrew"},{"floor":23,"key":"SpeedPotion"}],"is_trial":false,"path_per_floor":["M","M","$","?","M","R","M","E","T","?","R","E","M","E","R","B",null,"M","M","$","M","M","E","R","E","T","?","$","M"],"character_chosen":"HERMIT","items_purchased":["Membership Card","Toxic Egg 2","hermit:FlashPowder+1","Whetstone","Vajra","hermit:Brawl","Darkstone Periapt"],"campfire_rested":0,"item_purchase_floors":[3,3,3,20,20,20,28],"current_hp_per_floor":[67,66,66,66,66,66,50,40,40,40,40,29,26,26,26,12,68,68,68,68,55,44,36,36,14,14,14,14,0,0],"gold":170,"neow_bonus":"TWO_FIFTY_GOLD","is_daily":false,"chose_seed":false,"campfire_upgraded":4,"win_rate":0.0,"timestamp":1607945577,"path_taken":["M","M","$","?","?","R","M","E","T","?","R","E","M","E","R","BOSS","M","M","$","M","M","E","R","E","T","?","$","M"],"items_purchased_type":["Relic","Relic","Card","Relic","Relic","Card","Relic"],"build_version":"2020-12-13","purchased_purges":3,"victory":false,"max_hp_per_floor":[68,68,68,68,68,68,68,68,68,68,68,68,68,68,68,68,68,68,68,68,68,68,68,68,68,68,68,68,68,68],"card_choices":[{"not_picked":["hermit:Ricochet","hermit:HoleUp"],"picked":"hermit:SprayPray","floor":1.0},{"not_picked":["hermit:LowProfile","hermit:LoneWolf"],"picked":"hermit:Grudge","floor":2.0},{"not_picked":["hermit:CalledShot","hermit:Purgatory","hermit:Ricochet"],"picked":"SKIP","floor":5.0},{"not_picked":["hermit:Coalescence+1","hermit:ItchyTrigger"],"picked":"hermit:Horror+1","floor":7.0},{"not_picked":["hermit:TrackingShot","hermit:HighCaliber"],"picked":"hermit:Dive+1","floor":8.0},{"not_picked":["hermit:Snipe+1","hermit:WideOpen"],"picked":"hermit:FlashPowder+1","floor":10.0},{"not_picked":["hermit:Cheat+1","hermit:DeadOrAlive"],"picked":"hermit:SprayPray","floor":12.0},{"not_picked":["hermit:Cheat+1","hermit:Snipe+1","hermit:HighCaliber"],"picked":"SKIP","floor":13.0},{"not_picked":["hermit:Spite","hermit:Misfire"],"picked":"hermit:Determination","floor":14.0},{"not_picked":["hermit:BlackWind","hermit:FatalDesire"],"picked":"hermit:Reprieve+1","floor":16.0},{"not_picked":["hermit:Quickdraw","hermit:Glare+1","hermit:Vantage+1"],"picked":"SKIP","floor":18.0},{"not_picked":["hermit:BodyArmor+1","hermit:Coalescence+1","hermit:Maintenance+1"],"picked":"SKIP","floor":19},{"not_picked":["hermit:LowProfile+1","hermit:Enervate","hermit:SprayPray+1"],"picked":"SKIP","floor":21},{"not_picked":["hermit:HoleUp+1","hermit:SprayPray","hermit:GoldenBullet+1"],"picked":"SKIP","floor":22},{"not_picked":["hermit:GhostlyPresence+1","hermit:Ricochet","hermit:Cheat+1"],"picked":"SKIP","floor":23},{"not_picked":["hermit:Roulette+1","hermit:Showdown"],"picked":"hermit:Grudge+1","floor":25}],"player_experience":497525,"relics_obtained":[{"floor":8.0,"key":"MawBank"},{"floor":9.0,"key":"Ancient Tea Set"},{"floor":10.0,"key":"Odd Mushroom"},{"floor":12.0,"key":"Matryoshka"},{"floor":14.0,"key":"InkBottle"},{"floor":23,"key":"Bottled Tornado"},{"floor":25,"key":"Pen Nib"},{"floor":26,"key":"Akabeko"},{"floor":26,"key":"CeramicFish"}],"event_choices":[{"cards_removed":["hermit:Strike_Hermit"],"damage_healed":0.0,"max_hp_gain":0.0,"max_hp_loss":0.0,"gold_gain":0.0,"event_name":"Purifier","player_choice":"Purged","floor":4.0,"gold_loss":0.0,"damage_taken":0.0},{"damage_healed":0.0,"max_hp_gain":0.0,"max_hp_loss":0.0,"gold_gain":0.0,"event_name":"Mushrooms","player_choice":"Fought Mushrooms","floor":10.0,"gold_loss":0.0,"damage_taken":0.0},{"damage_healed":0,"gold_gain":0,"player_choice":"Copied","damage_taken":0,"max_hp_gain":0,"max_hp_loss":0,"event_name":"Duplicator","floor":27,"gold_loss":0,"cards_obtained":["hermit:FlashPowder"]}],"is_beta":false,"boss_relics":[{"not_picked":["Ectoplasm","Pandora\u0027s Box"],"picked":"Astrolabe"}],"items_purged_floors":[3,20,28],"is_endless":false,"potions_floor_spawned":[5,7,8,10,13,19,23],"killed_by":"Chosen and Byrds","ascension_level":1}}