{"host":"2n2g1vowfllvjtvi","time":1607935306,"event":{"mods":["AchievementEnabler","BaseMod","Custom Start","GifTheSpireLib","Keyboard Shortcuts","Minty Spire (QoL Compilation)","Quick Restart","Rare Cards Sparkle","StSLib","SuperFastMode"],"gold_per_floor":[116,66,66,86,11,39,114,114,114,145,164,189,189,189,189,290,290,308,321,221,221,221,221,221,221],"floor_reached":24,"playtime":391,"items_purged":["Strike_P","Strike_P"],"score":353,"play_id":"e92a9b4b-d239-4cb7-af82-28e5267a5870","local_time":"20201214174146","is_ascension_mode":true,"campfire_choices":[{"data":"Eruption","floor":8.0,"key":"SMITH"},{"data":"Study","floor":13.0,"key":"SMITH"},{"data":"Tantrum","floor":15.0,"key":"SMITH"},{"floor":23,"key":"REST"}],"circlet_count":0,"master_deck":["AscendersBane","Strike_P","Defend_P","Defend_P","Defend_P","Eruption+1","Vigilance","FollowUp","FearNoEvil","Tantrum+1","FlurryOfBlows","Study+1","Alpha","EmptyBody+1"],"relics":["PureWater","NeowsBlessing","Yang","Eternal Feather","Unceasing Top","Dream Catcher","SlaversCollar","Toxic Egg 2"],"acts_visited":["Exordium","TheCity"],"potions_floor_usage":[],"damage_taken":[{"damage":0.0,"enemies":"Jaw Worm","floor":1.0,"turns":1.0},{"damage":0.0,"enemies":"Small Slimes","floor":4.0,"turns":1.0},{"damage":0.0,"enemies":"3 Sentries","floor":6.0,"turns":1.0},{"damage":20.0,"enemies":"Gremlin Nob","floor":10.0,"turns":4.0},{"damage":0.0,"enemies":"Cultist","floor":11.0,"turns":2.0},{"damage":10.0,"enemies":"3 Sentries","floor":12.0,"turns":5.0},{"damage":12.0,"enemies":"Hexaghost","floor":16.0,"turns":4.0},{"damage":12,"enemies":"3 Byrds","floor":18,"turns":5},{"damage":24,"enemies":"Chosen","floor":19,"turns":5},{"damage":5,"enemies":"Shelled Parasite and Fungi","floor":24,"turns":3}],"seed_played":"-6296155285335192341","potions_obtained":[{"floor":10.0,"key":"BottledMiracle"},{"floor":11.0,"key":"AttackPotion"},{"floor":12.0,"key":"AttackPotion"},{"floor":18,"key":"GamblersBrew"},{"floor":19,"key":"SkillPotion"}],"is_trial":false,"path_per_floor":["M","?","$","M","$","E","?","R","T","E","M","E","R","?","R","B",null,"M","M","$","T","?","R","M"],"character_chosen":"WATCHER","items_purchased":[],"campfire_rested":1,"item_purchase_floors":[],"current_hp_per_floor":[65,65,65,65,65,65,54,54,54,34,34,24,30,30,36,24,60,48,24,24,24,24,51,46,46],"gold":221,"neow_bonus":"THREE_ENEMY_KILL","is_daily":false,"chose_seed":false,"campfire_upgraded":3,"win_rate":0.0,"timestamp":1607935306,"path_taken":["M","?","$","M","$","E","?","R","T","E","M","E","R","?","R","BOSS","M","M","$","?","?","R","M"],"items_purchased_type":[],"build_version":"2020-12-13","purchased_purges":2,"victory":false,"max_hp_per_floor":[72,72,72,72,72,72,72,72,72,72,72,72,72,72,72,72,72,72,72,72,72,72,72,72,72],"card_choices":[{"not_picked":["SashWhip","PathToVictory"],"picked":"FollowUp","floor":1.0},{"not_picked":["Collect","CrushJoints"],"picked":"FearNoEvil","floor":4.0},{"not_picked":["Protect","Evaluate"],"picked":"Tantrum","floor":6.0},{"not_picked":["Collect","Devotion","LikeWater"],"picked":"SKIP","floor":10.0},{"not_picked":["ThirdEye","EmptyBody"],"picked":"FlurryOfBlows","floor":11.0},{"not_picked":["Judgement","Prostrate"],"picked":"Study","floor":12.0},{"not_picked":["Devotion","Wish"],"picked":"Alpha","floor":16.0},{"not_picked":["SandsOfTime","BowlingBash"],"picked":"EmptyBody+1","floor":18},{"not_picked":["Pray","SandsOfTime","BowlingBash+1"],"picked":"SKIP","floor":19}],"player_experience":450959,"relics_obtained":[{"floor":6.0,"key":"Yang"},{"floor":9.0,"key":"Eternal Feather"},{"floor":10.0,"key":"Unceasing Top"},{"floor":12.0,"key":"Dream Catcher"},{"floor":21,"key":"Toxic Egg 2"}],"event_choices":[{"cards_removed":["Defend_P"],"damage_healed":0.0,"max_hp_gain":0.0,"max_hp_loss":0.0,"gold_gain":0.0,"event_name":"The Cleric","player_choice":"Card Removal","floor":2.0,"gold_loss":50.0,"damage_taken":0.0},{"damage_healed":0.0,"max_hp_gain":0.0,"max_hp_loss":0.0,"gold_gain":75.0,"event_name":"World of Goop","player_choice":"Gather Gold","floor":7.0,"gold_loss":0.0,"damage_taken":11.0},{"cards_removed":["Strike_P"],"damage_healed":0.0,"max_hp_gain":0.0,"max_hp_loss":0.0,"gold_gain":0.0,"event_name":"Bonfire Elementals","player_choice":"Offered Basic","floor":14.0,"gold_loss":0.0,"damage_taken":0.0},{"damage_healed":0,"gold_gain":0,"player_choice":"Ignored","damage_taken":0,"max_hp_gain":0,"max_hp_loss":0,"event_name":"Vampires","floor":22,"gold_loss":0}],"is_beta":false,"boss_relics":[{"not_picked":["Cursed Key","Pandora\u0027s Box"],"picked":"SlaversCollar"}],"items_purged_floors":[5,20],"is_endless":false,"potions_floor_spawned":[10,11,12,18,19],"killed_by":"Shelled Parasite and Fungi","ascension_level":10}}