{"host":"and8eo8sydud92t3","time":1607916559,"event":{"mods":["AchievementEnabler","BaseMod","Bestiary","Colored Map","Colored Powertips","Highlight Path","Minty Spire (QoL Compilation)","Relic Stats","StSLib"],"gold_per_floor":[219,294,313,326,102,102,133,133,159,159,159,178,178,208,208,208,208],"floor_reached":16,"playtime":640,"items_purged":[],"score":124,"play_id":"cd207b95-8715-433a-b4f6-40a11627f67f","local_time":"20201213222919","is_ascension_mode":true,"campfire_choices":[{"floor":6,"key":"RECALL"},{"floor":8,"key":"REST"},{"floor":11,"key":"REST"},{"data":"Armaments","floor":13,"key":"SMITH"},{"floor":15,"key":"REST"}],"circlet_count":0,"master_deck":["Strike_R","Strike_R","Strike_R","Strike_R","Strike_R","Defend_R","Defend_R","Defend_R","Defend_R","Sword Boomerang","Armaments+1","Infernal Blade","Shrug It Off","Backflip","Footwork"],"relics":["Burning Blood","PrismaticShard","Dream Catcher","Thread and Needle"],"acts_visited":["Exordium"],"potions_floor_usage":[14],"damage_taken":[{"damage":14,"enemies":"2 Louse","floor":1,"turns":3},{"damage":9,"enemies":"Jaw Worm","floor":3,"turns":3},{"damage":6,"enemies":"Cultist","floor":4,"turns":3},{"damage":40,"enemies":"Gremlin Nob","floor":7,"turns":5},{"damage":16,"enemies":"Large Slime","floor":12,"turns":7},{"damage":34,"enemies":"3 Sentries","floor":14,"turns":6},{"damage":36,"enemies":"Slime Boss","floor":16,"turns":10}],"seed_played":"-4587217181834152092","potions_obtained":[{"floor":7,"key":"Block Potion"},{"floor":12,"key":"PowerPotion"},{"floor":14,"key":"LiquidBronze"}],"is_trial":false,"path_per_floor":["M","?","M","M","$","R","E","R","T","?","R","M","R","E","R","B"],"character_chosen":"IRONCLAD","items_purchased":["PrismaticShard","Infernal Blade"],"campfire_rested":3,"item_purchase_floors":[5,5],"current_hp_per_floor":[72,61,58,58,58,58,24,48,48,48,72,62,62,34,58,22,22],"gold":208,"neow_bonus":"HUNDRED_GOLD","is_daily":false,"chose_seed":false,"campfire_upgraded":1,"win_rate":0.0,"timestamp":1607916559,"path_taken":["M","?","M","M","$","R","E","R","T","?","R","?","R","E","R","BOSS"],"items_purchased_type":["Relic","Card"],"build_version":"2020-12-13","purchased_purges":0,"victory":false,"max_hp_per_floor":[80,80,80,80,80,80,80,80,80,80,80,80,80,80,80,80,80],"relic_stats":{"Dream Catcher":3,"counters":[7,37],"obtain_stats":[{"Dream Catcher":7,"Thread and Needle":14,"PrismaticShard":5,"Burning Blood":0},{"Dream Catcher":4,"Thread and Needle":6,"PrismaticShard":3,"Burning Blood":0},{"Dream Catcher":14,"Thread and Needle":27,"PrismaticShard":9,"Burning Blood":0}],"Burning Blood":36},"card_choices":[{"not_picked":["Thunderclap","Feel No Pain"],"picked":"Sword Boomerang","floor":1},{"not_picked":["Evolve","Rage","Hemokinesis"],"picked":"SKIP","floor":3},{"not_picked":["Shockwave","Dark Embrace"],"picked":"Armaments","floor":4},{"not_picked":["Meteor Strike","Sentinel"],"picked":"Shrug It Off","floor":7},{"not_picked":["Prostrate","EmptyFist","BowlingBash"],"picked":"SKIP","floor":12},{"not_picked":["Hologram","Body Slam"],"picked":"Backflip","floor":14},{"not_picked":["Brutality","Body Slam"],"picked":"Footwork","floor":15}],"player_experience":367103,"relics_obtained":[{"floor":7,"key":"Dream Catcher"},{"floor":14,"key":"Thread and Needle"}],"event_choices":[{"damage_healed":0,"gold_gain":75,"player_choice":"Gather Gold","damage_taken":11,"max_hp_gain":0,"max_hp_loss":0,"event_name":"World of Goop","floor":2,"gold_loss":0},{"cards_removed":["Bash"],"damage_healed":0,"gold_gain":0,"player_choice":"Card Removal","damage_taken":0,"max_hp_gain":0,"max_hp_loss":0,"event_name":"Wheel of Change","floor":10,"gold_loss":0}],"is_beta":false,"boss_relics":[],"items_purged_floors":[],"is_endless":false,"potions_floor_spawned":[7,12,14],"killed_by":"Slime Boss","ascension_level":3}}