{"host":"caz9phlr9zt22rnt","time":1607954806,"event":{"mods":["AchievementEnabler","BaseMod","Colored Map","Custom Start","Minty Spire (QoL Compilation)","Rare Cards Sparkle","Relic Stats","StSLib","The Cursed"],"gold_per_floor":[111,129,148,166,178,178,204,204,231,244,244,298,311,311,311,442,505,530,530,209,248,248,263,263,279,304,328,328,96,116,131,131,251,251,267,330,330,166,166,166,209,239,551,563,598,79,28,62,62,62,62],"floor_reached":50,"playtime":4864,"items_purged":["Writhe","Injury","EmptyFist"],"score":524,"play_id":"bd94a3db-202b-4613-ae55-69c72a14f0b6","local_time":"20201214080646","is_ascension_mode":false,"campfire_choices":[{"floor":6.0,"key":"REST"},{"floor":8,"key":"RECALL"},{"floor":15,"key":"REST"},{"floor":24,"key":"REST"},{"floor":28,"key":"REST"},{"floor":32,"key":"REST"},{"data":"Eruption","floor":40,"key":"SMITH"},{"floor":49,"key":"REST"}],"circlet_count":0,"master_deck":["Eruption+1","Vigilance+1","Crescendo","ClearTheMind","InnerPeace","Indignation","MentalFortress+1","FearNoEvil+1","FlurryOfBlows+1","LessonLearned+1","Consecrate","Halt+1","SashWhip+1","EmptyMind","EmptyBody+1","EmptyFist+1","Vengeance+1","SpiritShield","ReachHeaven+1","CrushJoints","Meditate","Bandage Up","Adaptation","HandOfGreed"],"relics":["PureWater","Akabeko","Lantern","Golden Idol","Tiny House","Omamori","Yang","Red Mask","Black Star","Ginger","MawBank","Thread and Needle","Old Coin","Bottled Tornado"],"acts_visited":["Exordium","TheCity","TheBeyond"],"potions_floor_usage":[13,16,16,18,18,25,30,31,33,33,36,48,48,50,50],"damage_taken":[{"damage":11.0,"enemies":"Jaw Worm","floor":1.0,"turns":2.0},{"damage":0.0,"enemies":"2 Louse","floor":2.0,"turns":1.0},{"damage":0.0,"enemies":"Small Slimes","floor":3.0,"turns":2.0},{"damage":0.0,"enemies":"2 Fungi Beasts","floor":4.0,"turns":2.0},{"damage":11.0,"enemies":"Exordium Wildlife","floor":5.0,"turns":2.0},{"damage":0.0,"enemies":"Lagavulin","floor":7.0,"turns":3.0},{"damage":14,"enemies":"Looter","floor":10,"turns":3},{"damage":0,"enemies":"Exordium Thugs","floor":13,"turns":2},{"damage":2,"enemies":"Slime Boss","floor":16,"turns":11},{"damage":20,"enemies":"2 Thieves","floor":18,"turns":2},{"damage":32,"enemies":"Masked Bandits","floor":21,"turns":3},{"damage":0,"enemies":"Chosen","floor":23,"turns":3},{"damage":0,"enemies":"3 Cultists","floor":25,"turns":3},{"damage":13,"enemies":"Sentry and Sphere","floor":27,"turns":5},{"damage":3,"enemies":"Snake Plant","floor":30,"turns":4},{"damage":0,"enemies":"Snecko","floor":31,"turns":5},{"damage":72,"enemies":"Champ","floor":33,"turns":9},{"damage":16,"enemies":"Orb Walker","floor":35,"turns":4},{"damage":9,"enemies":"Mind Bloom Boss Battle","floor":36,"turns":4},{"damage":61,"enemies":"Nemesis","floor":41,"turns":11},{"damage":0,"enemies":"3 Shapes","floor":42,"turns":2},{"damage":0,"enemies":"Jaw Worm Horde","floor":45,"turns":4},{"damage":0,"enemies":"Maw","floor":48,"turns":4},{"damage":84,"enemies":"Awakened One","floor":50,"turns":11}],"seed_played":"-8038311803741846013","potions_obtained":[{"floor":1.0,"key":"Swift Potion"},{"floor":2.0,"key":"Fire Potion"},{"floor":10,"key":"Explosive Potion"},{"floor":13,"key":"SkillPotion"},{"floor":16,"key":"Dexterity Potion"},{"floor":17,"key":"GamblersBrew"},{"floor":21,"key":"Explosive Potion"},{"floor":27,"key":"Explosive Potion"},{"floor":30,"key":"Fruit Juice"},{"floor":31,"key":"DuplicationPotion"},{"floor":35,"key":"BlessingOfTheForge"},{"floor":48,"key":"EssenceOfSteel"}],"is_trial":true,"path_per_floor":["M","M","M","M","M","R","E","R","T","M","?","?","M","?","R","B",null,"M","?","$","?","?","M","R","M","T","M","R","$","M","M","R","B",null,"M","?","?","$","?","R","E","M","T","?","M","$","$","M","R","B"],"character_chosen":"WATCHER","items_purchased":["Yang","Bandage Up","Block Potion","Adaptation","Strength Potion","Bottled Tornado","BottledMiracle","HandOfGreed","Strength Potion"],"campfire_rested":6,"item_purchase_floors":[20,29,29,38,46,46,46,46,47],"current_hp_per_floor":[61,61,61,61,50,71,71,71,71,57,45,45,45,45,66,64,77,57,57,57,25,25,25,48,48,48,35,58,58,64,68,82,14,82,70,65,65,65,82,82,25,29,29,29,33,33,33,37,61,0,0],"gold":62,"neow_bonus":"","is_daily":false,"chose_seed":false,"campfire_upgraded":1,"win_rate":0.0,"timestamp":1607954806,"path_taken":["M","M","M","M","M","R","E","R","T","M","?","?","M","?","R","BOSS","M","?","$","?","?","M","R","M","T","M","R","$","M","M","R","BOSS","M","?","?","$","?","R","E","M","T","?","M","?","$","M","R","BOSS"],"items_purchased_type":["Relic","Card","Potion","Card","Potion","Relic","Potion","Card","Potion"],"build_version":"2020-12-13","purchased_purges":3,"victory":false,"max_hp_per_floor":[72,72,72,72,72,72,72,72,72,72,72,72,72,72,72,72,77,77,77,77,77,77,77,77,77,77,77,77,77,82,82,82,82,82,82,82,82,82,82,82,82,82,82,82,82,82,82,82,82,82,82],"relic_stats":{"counters":[24,102],"Golden Idol":131,"Yang":[182],"Black Star":1,"Ginger":[3],"MawBank":60,"obtain_stats":[{"Lantern":9,"Tiny House":17,"Golden Idol":14,"Yang":20,"Thread and Needle":41,"Omamori":19,"Ginger":36,"Bottled Tornado":46,"MawBank":41,"Akabeko":7,"Old Coin":43,"Red Mask":21,"Black Star":34,"PureWater":0},{"Lantern":6,"Tiny House":9,"Golden Idol":8,"Yang":10,"Thread and Needle":20,"Omamori":10,"Ginger":19,"Bottled Tornado":22,"MawBank":20,"Akabeko":6,"Old Coin":21,"Red Mask":11,"Black Star":17,"PureWater":0},{"Lantern":12,"Tiny House":28,"Golden Idol":17,"Yang":30,"Thread and Needle":81,"Omamori":30,"Ginger":70,"Bottled Tornado":87,"MawBank":81,"Akabeko":12,"Old Coin":83,"Red Mask":33,"Black Star":62,"PureWater":0}]},"card_choices":[{"not_picked":["ForeignInfluence","Crescendo"],"picked":"EmptyFist","floor":1.0},{"not_picked":["BowlingBash","Vengeance"],"picked":"Halt","floor":2.0},{"not_picked":["CutThroughFate","SignatureMove","ThirdEye"],"picked":"SKIP","floor":3.0},{"not_picked":["SandsOfTime","DeceiveReality"],"picked":"SashWhip","floor":4.0},{"not_picked":["Halt","EmptyFist"],"picked":"EmptyMind","floor":5.0},{"not_picked":["LessonLearned","Weave"],"picked":"EmptyBody","floor":7},{"not_picked":["JustLucky","Conclude"],"picked":"EmptyFist","floor":10},{"not_picked":["Consecrate","FlyingSleeves"],"picked":"Vengeance","floor":13},{"not_picked":["MasterReality","Brilliance"],"picked":"SpiritShield","floor":16},{"not_picked":["JustLucky","ThirdEye+1"],"picked":"ReachHeaven+1","floor":18},{"not_picked":["CutThroughFate","ThirdEye"],"picked":"CrushJoints","floor":23},{"not_picked":["Nirvana+1","Halt+1","Fasting2"],"picked":"SKIP","floor":25},{"not_picked":["SignatureMove+1","ForeignInfluence"],"picked":"Meditate","floor":27},{"not_picked":["EmptyFist","CutThroughFate+1","FlyingSleeves+1"],"picked":"SKIP","floor":30},{"not_picked":["BowlingBash+1","Worship+1","Wish"],"picked":"SKIP","floor":31},{"not_picked":["WindmillStrike+1","FearNoEvil+1","WreathOfFlame+1"],"picked":"SKIP","floor":35},{"not_picked":["ClearTheMind+1","EmptyMind","Protect"],"picked":"SKIP","floor":41},{"not_picked":["JustLucky","ForeignInfluence+1","Wallop+1"],"picked":"SKIP","floor":42},{"not_picked":["CrushJoints","Worship","MentalFortress"],"picked":"SKIP","floor":45},{"not_picked":["FollowUp","LikeWater","WaveOfTheHand+1"],"picked":"SKIP","floor":48}],"player_experience":492543,"relics_obtained":[{"floor":7,"key":"Akabeko"},{"floor":9,"key":"Lantern"},{"floor":21,"key":"Red Mask"},{"floor":36,"key":"Ginger"},{"floor":41,"key":"MawBank"},{"floor":41,"key":"Thread and Needle"},{"floor":43,"key":"Old Coin"}],"event_choices":[{"damage_healed":0,"gold_gain":0,"player_choice":"Fled","damage_taken":12,"max_hp_gain":0,"max_hp_loss":0,"event_name":"Scrap Ooze","floor":11,"gold_loss":0},{"damage_healed":0,"gold_gain":54,"player_choice":"Gained Gold","damage_taken":0,"max_hp_gain":0,"max_hp_loss":0,"event_name":"Golden Wing","floor":12,"gold_loss":0},{"damage_healed":0,"gold_gain":0,"player_choice":"Take Wound","damage_taken":0,"relics_obtained":["Golden Idol"],"max_hp_gain":0,"max_hp_loss":0,"event_name":"Golden Idol","floor":14,"gold_loss":0,"cards_obtained":["Injury"]},{"damage_healed":0,"gold_gain":0,"player_choice":"Opened","damage_taken":0,"relics_obtained":["Omamori"],"max_hp_gain":0,"max_hp_loss":0,"event_name":"The Mausoleum","floor":19,"gold_loss":0,"cards_obtained":["Writhe"]},{"damage_healed":0,"gold_gain":0,"player_choice":"Fought Bandits","damage_taken":0,"max_hp_gain":0,"max_hp_loss":0,"event_name":"Masked Bandits","floor":21,"gold_loss":0},{"damage_healed":0,"gold_gain":0,"player_choice":"Ignored","damage_taken":0,"max_hp_gain":0,"max_hp_loss":0,"event_name":"Vampires","floor":22,"gold_loss":0},{"damage_healed":0,"gold_gain":0,"player_choice":"Fight","damage_taken":0,"max_hp_gain":0,"max_hp_loss":0,"event_name":"MindBloom","floor":36,"gold_loss":0},{"damage_healed":0,"gold_gain":0,"player_choice":"Ignored","damage_taken":0,"max_hp_gain":0,"max_hp_loss":0,"event_name":"The Moai Head","floor":37,"gold_loss":0},{"damage_healed":21,"gold_gain":0,"player_choice":"Writhe","damage_taken":0,"max_hp_gain":0,"max_hp_loss":0,"event_name":"Winding Halls","floor":39,"gold_loss":0,"cards_obtained":["Writhe"]},{"damage_healed":0,"gold_gain":0,"player_choice":"Ignored","damage_taken":0,"max_hp_gain":0,"max_hp_loss":0,"event_name":"Mysterious Sphere","floor":44,"gold_loss":0}],"is_beta":false,"boss_relics":[{"not_picked":["Fusion Hammer","Calling Bell"],"picked":"Tiny House"},{"not_picked":["Coffee Dripper","Sozu"],"picked":"Black Star"}],"items_purged_floors":[20,29,38],"is_endless":false,"potions_floor_spawned":[1,2,10,13,16,21,27,30,31,35,48],"killed_by":"Awakened One","ascension_level":0}}