{"host":"c5j8t0wyh2hvx9ju","time":1607938673,"event":{"mods":["Astrologer","BaseMod","BetterRewards","HololiveMod","Minty Spire (QoL Compilation)","Prisma Mod","StSLib"],"gold_per_floor":[114,124,137,151,163,195,195,209,234,249,249,269,269,269,269,397,397,410,410,426,426,447,130,164,181,181,214,214,254,254,278,278,404,404,425,425,758,771,271,305,320,320,320,339,339,368,379,379,379,380],"floor_reached":51,"playtime":3304,"items_purged":["Defend_B","Defend_B"],"score":1451,"play_id":"213e8929-e1ac-4dfc-b60a-7f59199e7b48","local_time":"20201214183753","is_ascension_mode":true,"campfire_choices":[{"data":"Glacier","floor":7,"key":"SMITH"},{"data":"Defragment","floor":11,"key":"SMITH"},{"data":"White Noise","floor":13,"key":"SMITH"},{"data":"White Noise","floor":15,"key":"SMITH"},{"data":"Turbo","floor":28,"key":"SMITH"},{"data":"Defragment","floor":30,"key":"SMITH"},{"data":"Rainbow","floor":32,"key":"SMITH"},{"data":"Buffer","floor":42,"key":"SMITH"},{"data":"Reboot","floor":45,"key":"SMITH"},{"floor":49,"key":"RECALL"}],"circlet_count":0,"master_deck":["Strike_B+1","Defend_B+1","Defend_B+1","Zap+1","Dualcast+1","Defragment+1","Leap+1","Genetic Algorithm+1","Glacier+1","White Noise+1","White Noise+1","Hologram+1","Coolheaded+1","Coolheaded+1","Rainbow+1","BootSequence+1","Go for the Eyes+1","Cold Snap+1","Defragment+1","Defragment+1","Gash+1","Gash+1","Gash+1","Turbo+1","Buffer+1","Reboot+1","Hologram+1"],"relics":["Cracked Core","Hololive_LightStick","TungstenRod","Bronze Scales","Astrolabe","Letter Opener","Lantern","Incense Burner","Omamori","Bag of Preparation","Inserter","Gremlin Horn","Sling","Pen Nib","Torii","Eternal Feather","Mark of the Bloom"],"acts_visited":["Exordium","TheCity","TheBeyond"],"potions_floor_usage":[6,24,24,24,33,50],"damage_taken":[{"damage":0,"enemies":"Cultist","floor":1,"turns":2},{"damage":0,"enemies":"Small Slimes","floor":2,"turns":3},{"damage":0,"enemies":"2 Louse","floor":3,"turns":3},{"damage":0,"enemies":"Exordium Thugs","floor":4,"turns":2},{"damage":0,"enemies":"Exordium Wildlife","floor":5,"turns":5},{"damage":13,"enemies":"Lagavulin","floor":6,"turns":7},{"damage":0,"enemies":"Blue Slaver","floor":8,"turns":3},{"damage":4,"enemies":"Exordium Thugs","floor":10,"turns":3},{"damage":0,"enemies":"Exordium Wildlife","floor":12,"turns":2},{"damage":0,"enemies":"The Guardian","floor":16,"turns":11},{"damage":0,"enemies":"Chosen","floor":18,"turns":5},{"damage":0,"enemies":"3 Byrds","floor":20,"turns":3},{"damage":0,"enemies":"Cultist and Chosen","floor":22,"turns":7},{"damage":0,"enemies":"Slavers","floor":24,"turns":5},{"damage":0,"enemies":"Centurion and Healer","floor":25,"turns":8},{"damage":8,"enemies":"Book of Stabbing","floor":27,"turns":5},{"damage":1,"enemies":"Slavers","floor":29,"turns":6},{"damage":0,"enemies":"Snake Plant","floor":31,"turns":4},{"damage":26,"enemies":"Collector","floor":33,"turns":10},{"damage":0,"enemies":"Orb Walker","floor":35,"turns":4},{"damage":0,"enemies":"3 Shapes","floor":38,"turns":5},{"damage":0,"enemies":"Reptomancer","floor":40,"turns":6},{"damage":18,"enemies":"Transient","floor":41,"turns":5},{"damage":0,"enemies":"Sphere and 2 Shapes","floor":44,"turns":7},{"damage":0,"enemies":"Nemesis","floor":46,"turns":7},{"damage":0,"enemies":"Writhing Mass","floor":47,"turns":6},{"damage":0,"enemies":"Donu and Deca","floor":50,"turns":12}],"seed_played":"2197369618295289584","potions_obtained":[{"floor":1,"key":"DistilledChaos"},{"floor":8,"key":"DistilledChaos"},{"floor":12,"key":"PotionOfCapacity"},{"floor":16,"key":"Swift Potion"},{"floor":20,"key":"ColorlessPotion"},{"floor":24,"key":"FearPotion"},{"floor":31,"key":"Regen Potion"},{"floor":35,"key":"BlessingOfTheForge"},{"floor":40,"key":"Energy Potion"}],"is_trial":false,"path_per_floor":["M","M","M","M","M","E","R","M","T","M","R","M","R","?","R","B",null,"M","?","M","?","M","$","E","M","T","E","R","E","R","M","R","B",null,"M","?","?","M","$","E","M","R","T","M","R","E","M","?","R","B",null],"character_chosen":"DEFECT","items_purchased":["Hololive_LightStick","Defragment","Leap","Letter Opener","Gremlin Horn","Sling"],"campfire_rested":0,"item_purchase_floors":[0,0,0,23,39,39],"current_hp_per_floor":[75,75,75,75,75,62,62,62,62,58,58,58,58,41,41,41,67,67,67,67,67,67,67,67,67,67,59,59,58,58,58,58,46,68,68,68,68,68,68,68,50,50,50,50,50,50,50,50,50,50],"gold":380,"neow_bonus":"","is_daily":false,"chose_seed":false,"campfire_upgraded":9,"win_rate":0.0,"timestamp":1607938673,"path_taken":["M","M","M","M","M","E","R","M","T","M","R","M","R","?","R","BOSS","M","?","?","?","M","$","E","M","T","E","R","E","R","M","R","BOSS","M","?","?","M","$","E","M","R","T","M","R","E","M","?","R","BOSS"],"items_purchased_type":["Relic","Card","Card","Relic","Relic","Relic"],"build_version":"2020-12-13","purchased_purges":2,"victory":true,"max_hp_per_floor":[75,75,75,75,75,75,75,75,75,75,75,75,75,75,75,75,75,75,75,75,75,75,75,75,75,75,75,75,75,75,75,75,75,75,75,75,75,75,75,75,75,75,75,75,75,75,75,75,75,75],"card_choices":[{"not_picked":["Redo","Barrage"],"picked":"Genetic Algorithm","floor":1},{"not_picked":["Go for the Eyes","Consume"],"picked":"Glacier","floor":2},{"not_picked":["Barrage","Cold Snap"],"picked":"White Noise","floor":3},{"not_picked":["Aggregate","Rebound","Chill"],"picked":"SKIP","floor":4},{"not_picked":["Leap","Blizzard","Cold Snap"],"picked":"SKIP","floor":5},{"not_picked":["Rebound","Beam Cell"],"picked":"White Noise","floor":6},{"not_picked":["Go for the Eyes","Amplify"],"picked":"Hologram","floor":8},{"not_picked":["Rebound","Tempest"],"picked":"Coolheaded","floor":10},{"not_picked":["Rebound","Leap"],"picked":"Coolheaded","floor":12},{"not_picked":["All For One","Creative AI"],"picked":"Rainbow","floor":16},{"not_picked":["Glacier","Steam"],"picked":"Defragment","floor":18},{"not_picked":["Steam Power","Steam"],"picked":"Gash","floor":20},{"not_picked":["Reinforced Body","Stack","Fusion"],"picked":"SKIP","floor":22},{"not_picked":["Coolheaded","Doom and Gloom+1"],"picked":"Gash","floor":24},{"not_picked":["Stack+1","Force Field","Genetic Algorithm+1"],"picked":"SKIP","floor":25},{"not_picked":["Skim","Streamline"],"picked":"Turbo","floor":27},{"not_picked":["Steam","Steam Power","Hyperbeam"],"picked":"SKIP","floor":29},{"not_picked":["Rip and Tear","Sweeping Beam","Hologram"],"picked":"SKIP","floor":31},{"not_picked":["Creative AI","Biased Cognition"],"picked":"Buffer","floor":33},{"not_picked":["Rebound","Auto Shields","Go for the Eyes+1"],"picked":"SKIP","floor":35},{"not_picked":["Redo","Rebound+1","Blizzard"],"picked":"SKIP","floor":38},{"not_picked":["Go for the Eyes","Gash"],"picked":"Reboot","floor":40},{"not_picked":["Compile Driver","Gash+1"],"picked":"Hologram","floor":41},{"not_picked":["Rip and Tear","Ball Lightning","Doom and Gloom+1"],"picked":"SKIP","floor":44},{"not_picked":["Hello World+1","Stack","Ball Lightning"],"picked":"SKIP","floor":46},{"not_picked":["Stack","Streamline","Coolheaded+1"],"picked":"SKIP","floor":47}],"player_experience":846489,"relics_obtained":[{"floor":6,"key":"TungstenRod"},{"floor":9,"key":"Bronze Scales"},{"floor":24,"key":"Lantern"},{"floor":26,"key":"Incense Burner"},{"floor":27,"key":"Omamori"},{"floor":29,"key":"Bag of Preparation"},{"floor":40,"key":"Pen Nib"},{"floor":43,"key":"Torii"},{"floor":46,"key":"Eternal Feather"}],"event_choices":[{"damage_healed":0,"gold_gain":0,"player_choice":"Take Damage","damage_taken":18,"relics_obtained":["Golden Idol"],"max_hp_gain":0,"max_hp_loss":0,"event_name":"Golden Idol","floor":14,"gold_loss":0},{"damage_healed":0,"gold_gain":0,"player_choice":"Copied","damage_taken":0,"max_hp_gain":0,"max_hp_loss":0,"event_name":"Duplicator","floor":19,"gold_loss":0,"cards_obtained":["Defragment"]},{"damage_healed":0,"gold_gain":0,"player_choice":"Read","damage_taken":0,"max_hp_gain":0,"max_hp_loss":0,"event_name":"The Library","floor":21,"gold_loss":0,"cards_obtained":["Gash"]},{"damage_healed":0,"gold_gain":0,"player_choice":"Ignored","damage_taken":0,"max_hp_gain":0,"max_hp_loss":0,"event_name":"Tomb of Lord Red Mask","floor":36,"gold_loss":0},{"damage_healed":0,"gold_gain":333,"player_choice":"Gave Idol","damage_taken":0,"max_hp_gain":0,"max_hp_loss":0,"event_name":"The Moai Head","floor":37,"relics_lost":["Golden Idol"],"gold_loss":0},{"damage_healed":0,"gold_gain":0,"player_choice":"Upgrade","damage_taken":0,"relics_obtained":["Mark of the Bloom"],"max_hp_gain":0,"max_hp_loss":0,"event_name":"MindBloom","floor":48,"gold_loss":0,"cards_upgraded":["Strike_B","Defend_B","Defend_B","Zap","Dualcast","Leap","Genetic Algorithm","Hologram","Coolheaded","Coolheaded","Gash","Gash","Gash","Hologram"]}],"is_beta":false,"boss_relics":[{"not_picked":["SacredBark","SlaversCollar"],"picked":"Astrolabe"},{"not_picked":["Velvet Choker","Busted Crown"],"picked":"Inserter"}],"items_purged_floors":[23,39],"is_endless":false,"potions_floor_spawned":[1,8,12,16,20,24,31,35,40,47],"ascension_level":5}}