{"host":"0vd2boh2oi7jm085","time":1607907360,"event":{"mods":["BaseMod","Colored Map","Colored Powertips","Highlight Path","Minty Spire (QoL Compilation)","Quick Restart","StSLib","The IronCluck"],"gold_per_floor":[215,3,19,19,19,19,48,64,91,103,133,70,82,82,82,159,159,173,173,0,16,16,16,43,59,111,111,124,124,144,44,44,44,44],"floor_reached":33,"playtime":673,"items_purged":["Cleave","Blood for Blood"],"score":490,"play_id":"a2b769e7-a31d-4a33-bb6b-9e16389a67fa","local_time":"20201213165600","is_ascension_mode":true,"campfire_choices":[{"data":"Wild Strike","floor":6.0,"key":"SMITH"},{"floor":10.0,"key":"REST"},{"floor":15.0,"key":"REST"},{"data":"Whirlwind","floor":23.0,"key":"SMITH"},{"data":"Ghostly","floor":27.0,"key":"SMITH"},{"data":"Ghostly","floor":29.0,"key":"SMITH"},{"data":"Ghostly","floor":32.0,"key":"SMITH"}],"circlet_count":0,"master_deck":["AscendersBane","Strike_R+1","Strike_R+1","Strike_R+1","Strike_R+1","Strike_R+1","Defend_R+1","Defend_R+1","Defend_R+1","Defend_R+1","Bash","Wild Strike+1","Whirlwind+1","Double Tap","Ghostly+1","Ghostly+1","Ghostly+1"],"relics":["Burning Blood","Chemical X","Bag of Preparation","MawBank","Busted Crown","Pen Nib","Paper Frog","Boot"],"acts_visited":["Exordium","TheCity"],"potions_floor_usage":[33,33],"damage_taken":[{"damage":6.0,"enemies":"Cultist","floor":1.0,"turns":3.0},{"damage":9.0,"enemies":"Small Slimes","floor":3.0,"turns":4.0},{"damage":50.0,"enemies":"3 Sentries","floor":7.0,"turns":7.0},{"damage":19.0,"enemies":"Jaw Worm","floor":8.0,"turns":4.0},{"damage":0.0,"enemies":"3 Louse","floor":11.0,"turns":1.0},{"damage":0.0,"enemies":"2 Fungi Beasts","floor":13.0,"turns":1.0},{"damage":37.0,"enemies":"The Guardian","floor":16.0,"turns":10.0},{"damage":0.0,"enemies":"3 Byrds","floor":18.0,"turns":1.0},{"damage":25.0,"enemies":"2 Thieves","floor":21.0,"turns":3.0},{"damage":4.0,"enemies":"Slavers","floor":24.0,"turns":5.0},{"damage":3.0,"enemies":"Snake Plant","floor":25.0,"turns":2.0},{"damage":3.0,"enemies":"Cultist and Chosen","floor":28.0,"turns":4.0},{"damage":1.0,"enemies":"Centurion and Healer","floor":30.0,"turns":3.0},{"damage":22,"enemies":"Champ","floor":33,"turns":7}],"seed_played":"-3873062377214426533","potions_obtained":[{"floor":1.0,"key":"BlessingOfTheForge"},{"floor":7.0,"key":"DistilledChaos"},{"floor":18.0,"key":"PowerPotion"},{"floor":21.0,"key":"Regen Potion"}],"is_trial":false,"path_per_floor":["M","$","M","$","?","R","E","M","T","R","M","$","M","?","R","B",null,"M","?","$","M","?","R","E","M","T","R","M","R","M","$","R","B"],"character_chosen":"IRONCLAD","items_purchased":["Chemical X","Wild Strike","Pen Nib"],"campfire_rested":2,"item_purchase_floors":[2,2,20],"current_hp_per_floor":[68,68,65,65,70,70,26,13,13,37,43,43,49,49,73,42,71,77,77,77,58,40,40,40,40,40,40,40,40,40,40,40,23,23],"gold":44,"neow_bonus":"HUNDRED_GOLD","is_daily":false,"chose_seed":false,"campfire_upgraded":5,"win_rate":0.0,"timestamp":1607907360,"path_taken":["M","$","?","?","?","R","E","M","T","R","M","$","M","?","R","BOSS","M","?","$","M","?","R","E","M","T","R","M","R","M","$","R","BOSS"],"items_purchased_type":["Relic","Card","Relic"],"build_version":"2020-12-13","purchased_purges":2,"victory":false,"max_hp_per_floor":[75,75,75,75,80,80,80,80,80,80,80,80,80,80,80,80,80,80,80,80,80,40,40,40,40,40,40,40,40,40,40,40,40,40],"card_choices":[{"not_picked":["Rupture","Armaments","Evolve"],"picked":"SKIP","floor":1.0},{"not_picked":["Anger","Havoc"],"picked":"Cleave","floor":3.0},{"not_picked":["Armaments","Feel No Pain"],"picked":"Blood for Blood","floor":7.0},{"not_picked":["Uppercut","Clash"],"picked":"Whirlwind","floor":8.0},{"not_picked":["True Grit","Warcry","Fire Breathing"],"picked":"SKIP","floor":11.0},{"not_picked":["Fiend Fire","Rupture","Intimidate"],"picked":"SKIP","floor":13.0},{"not_picked":["Berserk","Fiend Fire"],"picked":"Double Tap","floor":16.0},{"not_picked":["Headbutt"],"picked":"SKIP","floor":18.0},{"not_picked":["Evolve"],"picked":"SKIP","floor":21.0},{"not_picked":["Ghostly Armor"],"picked":"SKIP","floor":24.0},{"not_picked":["Sever Soul"],"picked":"SKIP","floor":25.0},{"not_picked":["Metallicize"],"picked":"SKIP","floor":28.0},{"not_picked":["Flame Barrier"],"picked":"SKIP","floor":30.0}],"player_experience":80115,"relics_obtained":[{"floor":7.0,"key":"Bag of Preparation"},{"floor":9.0,"key":"MawBank"},{"floor":24.0,"key":"Paper Frog"},{"floor":26.0,"key":"Boot"}],"event_choices":[{"damage_healed":0.0,"max_hp_gain":5.0,"max_hp_loss":0.0,"gold_gain":0.0,"event_name":"Big Fish","player_choice":"Donut","floor":5.0,"gold_loss":0.0,"damage_taken":0.0},{"damage_healed":0.0,"max_hp_gain":0.0,"max_hp_loss":0.0,"gold_gain":0.0,"event_name":"Dead Adventurer","player_choice":"Searched \u00270\u0027 times","floor":14.0,"gold_loss":0.0,"damage_taken":0.0},{"damage_healed":0.0,"max_hp_gain":0.0,"max_hp_loss":0.0,"gold_gain":0.0,"event_name":"Back to Basics","player_choice":"Simplicity","floor":19.0,"gold_loss":0.0,"damage_taken":0.0,"cards_upgraded":["Strike_R","Strike_R","Strike_R","Strike_R","Strike_R","Defend_R","Defend_R","Defend_R","Defend_R"]},{"damage_healed":0.0,"max_hp_gain":0.0,"max_hp_loss":40.0,"gold_gain":0.0,"event_name":"Ghosts","player_choice":"Became a Ghost","floor":22.0,"gold_loss":0.0,"damage_taken":0.0,"cards_obtained":["Ghostly","Ghostly","Ghostly"]}],"is_beta":false,"boss_relics":[{"not_picked":["Sozu","Black Blood"],"picked":"Busted Crown"}],"items_purged_floors":[12,31],"is_endless":false,"potions_floor_spawned":[1,7,11,18,21,28],"killed_by":"Champ","ascension_level":17}}