{"host":"5gc11emcm5chfr5t","time":1607986697,"event":{"mods":["2.2 Compatiblity","AchievementEnabler","BaseMod","Bestiary","Better Note","Colored Map","Colored Powertips","Downfall","Googly Eyes","Minty Spire (QoL Compilation)","Rare Cards Sparkle","Say the Spire","StSLib"],"gold_per_floor":[114,114,133,146,163,163,163,188,188,202,225,225,225],"floor_reached":12,"playtime":321,"items_purged":[],"score":92,"play_id":"91ef128a-5ff0-4954-b009-50aa8ade10ed","local_time":"20201214175817","is_ascension_mode":true,"campfire_choices":[{"floor":6,"key":"RECALL"}],"circlet_count":0,"master_deck":["sneckomod:Strike","sneckomod:Strike","sneckomod:Strike","sneckomod:Defend","sneckomod:Defend","sneckomod:Defend","sneckomod:TailWhip","sneckomod:SnekBite","sneckomod:Unknown","sneckomod:Unknown","sneckomod:UnknownWeak","sneckomod:TrashToTreasure","sneckomod:IronFang","sneckomod:SoulDraw","Regret","sneckomod:Unknown1Cost","sneckomod:UnknownVulnerable"],"relics":["sneckomod:SneckoSoul","NeowsBlessing","Pen Nib","Kunai","Boot","Lantern"],"acts_visited":["Exordium"],"potions_floor_usage":[5,5,8,8,12],"damage_taken":[{"damage":0,"enemies":"2 Louse","floor":1,"turns":1},{"damage":0,"enemies":"Cultist","floor":3,"turns":1},{"damage":0,"enemies":"Small Slimes","floor":4,"turns":2},{"damage":7,"enemies":"Exordium Wildlife","floor":5,"turns":4},{"damage":37,"enemies":"3 Sentries","floor":8,"turns":7},{"damage":29,"enemies":"Exordium Thugs","floor":10,"turns":6},{"damage":21,"enemies":"Lagavulin","floor":12,"turns":3}],"seed_played":"-316281533692244394","potions_obtained":[{"floor":2,"key":"Guardian:BlockOnCardUsePotion"},{"floor":2,"key":"LiquidMemories"},{"floor":2,"key":"FearPotion"},{"floor":4,"key":"Energy Potion"},{"floor":5,"key":"Explosive Potion"},{"floor":8,"key":"SteroidPotion"}],"is_trial":false,"path_per_floor":["M","?","M","M","M","R","?","E","T","M","T","E"],"character_chosen":"THE_SNECKO","items_purchased":[],"campfire_rested":0,"item_purchase_floors":[],"current_hp_per_floor":[91,91,91,91,84,84,84,48,48,20,20,0,0],"gold":225,"neow_bonus":"THREE_ENEMY_KILL","is_daily":false,"chose_seed":false,"campfire_upgraded":0,"win_rate":0.0,"timestamp":1607986697,"path_taken":["M","?","M","?","M","R","?","E","T","M","?","E"],"items_purchased_type":[],"build_version":"2020-12-13","purchased_purges":0,"victory":false,"max_hp_per_floor":[91,91,91,91,91,91,91,92,92,93,93,93,93],"card_choices":[{"not_picked":["sneckomod:SoulDraw","sneckomod:QuickBite"],"picked":"sneckomod:UnknownWeak","floor":1},{"not_picked":["sneckomod:DiceBlock","sneckomod:UnknownWeak"],"picked":"sneckomod:TrashToTreasure","floor":3},{"not_picked":["sneckomod:Rotation","sneckomod:SoulCleanse"],"picked":"sneckomod:IronFang","floor":4},{"not_picked":["sneckomod:DefensiveFlair","sneckomod:UnknownClassRED"],"picked":"sneckomod:SoulDraw","floor":5},{"not_picked":["sneckomod:SoulExchange","sneckomod:Nope"],"picked":"sneckomod:Unknown1Cost","floor":8},{"not_picked":["sneckomod:DiceBlock","sneckomod:SoulDraw"],"picked":"sneckomod:UnknownVulnerable","floor":10}],"player_experience":366467,"relics_obtained":[{"floor":8,"key":"Kunai"},{"floor":9,"key":"Boot"},{"floor":11,"key":"Lantern"}],"event_choices":[{"damage_healed":0,"gold_gain":0,"player_choice":"Got Potions","damage_taken":0,"max_hp_gain":0,"max_hp_loss":0,"event_name":"Lab","floor":2,"gold_loss":0},{"damage_healed":0,"gold_gain":0,"player_choice":"Box","damage_taken":0,"relics_obtained":["Pen Nib"],"max_hp_gain":0,"max_hp_loss":0,"event_name":"Big Fish","floor":7,"gold_loss":0,"cards_obtained":["Regret"]}],"is_beta":false,"boss_relics":[],"items_purged_floors":[],"is_endless":false,"potions_floor_spawned":[4,5,8],"killed_by":"Lagavulin","ascension_level":3}}