{"host":"fzku1ofsxv8lro8o","time":1607961133,"event":{"mods":["BaseMod","Colored Map","Downfall","Minty Spire (QoL Compilation)","Relic Stats","StSLib","everything is the same but u backflip on backflip"],"gold_per_floor":[99,117,132,160,160,189,268,268,268],"floor_reached":8,"playtime":444,"items_purged":[],"score":77,"play_id":"b6de11ab-8065-4a6a-96a8-e9d457d6c8d1","local_time":"20201214185213","is_ascension_mode":true,"campfire_choices":[{"data":"hexamod:Sear","floor":1,"key":"SMITH"},{"data":"hexamod:StepThrough","floor":5,"key":"SMITH"}],"circlet_count":0,"master_deck":["hexamod:Strike","hexamod:Strike","hexamod:Strike","hexamod:Strike","hexamod:Defend","hexamod:Defend","hexamod:Defend","hexamod:Defend","hexamod:Sear+1","hexamod:Float","hexamod:CrushingStance","hexamod:FastForward","hexamod:StepThrough+1","hexamod:HauntingEcho"],"relics":["hexamod:SpiritBrand","Lantern","Pen Nib","InkBottle"],"acts_visited":["Exordium"],"potions_floor_usage":[8],"damage_taken":[{"damage":0,"enemies":"Cultist","floor":2,"turns":3},{"damage":6,"enemies":"Jaw Worm","floor":3,"turns":3},{"damage":32,"enemies":"Gremlin Nob","floor":4,"turns":4},{"damage":23,"enemies":"3 Sentries","floor":6,"turns":10},{"damage":12,"enemies":"Lagavulin","floor":8,"turns":5}],"seed_played":"1497008016468207498","potions_obtained":[{"floor":3,"key":"Dexterity Potion"}],"is_trial":false,"path_per_floor":["R","M","M","E","R","E","T","E"],"character_chosen":"THE_SPIRIT","items_purchased":[],"campfire_rested":0,"item_purchase_floors":[],"current_hp_per_floor":[70,70,64,32,32,9,9,0,0],"gold":268,"neow_bonus":"ONE_RANDOM_RARE_CARD","is_daily":false,"chose_seed":false,"campfire_upgraded":2,"win_rate":0.0,"timestamp":1607961133,"path_taken":["R","M","M","E","R","E","T","E"],"items_purchased_type":[],"build_version":"2020-12-13","purchased_purges":0,"victory":false,"max_hp_per_floor":[70,70,70,70,70,70,70,70,70],"relic_stats":{"counters":[5,25],"Pen Nib":[0],"obtain_stats":[{"Lantern":4,"Pen Nib":6,"hexamod:SpiritBrand":0,"InkBottle":7},{"Lantern":3,"Pen Nib":4,"hexamod:SpiritBrand":0,"InkBottle":4},{"Lantern":10,"Pen Nib":20,"hexamod:SpiritBrand":0,"InkBottle":20}],"InkBottle":[1]},"card_choices":[{"not_picked":["hexamod:HeatShield","hexamod:GhostShield"],"picked":"hexamod:FastForward","floor":2},{"not_picked":["hexamod:Again","hexamod:NightmareGuise","hexamod:EtherealExpedition"],"picked":"SKIP","floor":3},{"not_picked":["hexamod:SwordOfDarkness","hexamod:NightmareStrike"],"picked":"hexamod:StepThrough","floor":4},{"not_picked":["hexamod:FourthSeal","hexamod:BurningTouch"],"picked":"hexamod:HauntingEcho","floor":6}],"player_experience":759735,"relics_obtained":[{"floor":4,"key":"Lantern"},{"floor":6,"key":"Pen Nib"},{"floor":7,"key":"InkBottle"}],"event_choices":[],"is_beta":false,"boss_relics":[],"items_purged_floors":[],"is_endless":false,"potions_floor_spawned":[3],"killed_by":"Lagavulin","ascension_level":4}}