{"host":"soyfmymeou4emntr","time":1607971112,"event":{"mods":["BaseMod","Minty Spire (QoL Compilation)","Relic Sorter","Relic Stats","StSLib"],"gold_per_floor":[121,153,181,208,233,245,257,257],"floor_reached":7,"playtime":449,"items_purged":[],"score":90,"play_id":"b07e4dd8-0df8-497b-859c-e0ffd51a9d85","local_time":"20201214113832","is_ascension_mode":true,"campfire_choices":[{"data":"Machine Learning","floor":6.0,"key":"SMITH"}],"circlet_count":0,"master_deck":["AscendersBane","Strike_B","Strike_B","Strike_B","Strike_B","Defend_B","Defend_B","Defend_B","Defend_B","Zap","Dualcast","Reprogram","Barrage","Sweeping Beam","Machine Learning+1","Gash"],"relics":["Cracked Core","MawBank"],"acts_visited":["Exordium"],"potions_floor_usage":[7],"damage_taken":[{"damage":1.0,"enemies":"Cultist","floor":1.0,"turns":3.0},{"damage":12.0,"enemies":"Jaw Worm","floor":2.0,"turns":3.0},{"damage":0.0,"enemies":"2 Louse","floor":3.0,"turns":3.0},{"damage":5.0,"enemies":"Gremlin Gang","floor":4.0,"turns":4.0},{"damage":17.0,"enemies":"Looter","floor":5.0,"turns":3.0},{"damage":48,"enemies":"Gremlin Nob","floor":7,"turns":3}],"seed_played":"-703060793463660464","potions_obtained":[{"floor":2.0,"key":"Energy Potion"},{"floor":3.0,"key":"SkillPotion"},{"floor":5.0,"key":"Energy Potion"}],"is_trial":false,"path_per_floor":["M","M","M","M","M","R","E"],"character_chosen":"DEFECT","items_purchased":[],"campfire_rested":0,"item_purchase_floors":[],"current_hp_per_floor":[63,51,51,46,29,29,0,0],"gold":257,"neow_bonus":"RANDOM_COMMON_RELIC","is_daily":false,"chose_seed":false,"campfire_upgraded":1,"win_rate":0.0,"timestamp":1607971112,"path_taken":["M","?","M","M","M","R","E"],"items_purchased_type":[],"build_version":"2020-12-13","purchased_purges":0,"victory":false,"max_hp_per_floor":[71,71,71,71,71,71,71,71],"relic_stats":{"counters":[6,19],"MawBank":84,"obtain_stats":[{"Cracked Core":0,"MawBank":0},{"Cracked Core":0,"MawBank":0},{"Cracked Core":0,"MawBank":0}]},"card_choices":[{"not_picked":["Rebound","Scrape"],"picked":"Reprogram","floor":1.0},{"not_picked":["Reinforced Body","Stack"],"picked":"Barrage","floor":2.0},{"not_picked":["Force Field","Compile Driver"],"picked":"Sweeping Beam","floor":3.0},{"not_picked":["Stack","Storm"],"picked":"Machine Learning","floor":4.0},{"not_picked":["Redo","Aggregate"],"picked":"Gash","floor":5.0}],"player_experience":2526578,"relics_obtained":[],"event_choices":[],"is_beta":false,"boss_relics":[],"items_purged_floors":[],"is_endless":false,"potions_floor_spawned":[2,3,5],"killed_by":"Gremlin Nob","ascension_level":20}}