{"host":"wm27kh5mr07tedef","time":1607987836,"event":{"mods":["BaseMod","Downfall","Marisa????????","Minty Spire (QoL Compilation)","READ ME - Guardian Mod","Replay The Spire","StSLib","The Animator","The Bug Knight","The Cursed","The Disciple","The Hierophant","The Servant 0.9.4"],"gold_per_floor":[99,119,147,160,172,172,172,272,272,302,302,321,337,407,420,525,525,375,392,392,423,36,36,36,67,67,107,28,58,90,90,119,228,228,153,177,227,239,138,162,187,213,254,297,326,388,122,122,158,172,172,235,15,15,23],"floor_reached":56,"playtime":6425,"items_purged":["Pain","ReplayTheSpireMod:Doomed"],"score":1604,"play_id":"c7758c93-03cd-443a-acfc-c8695494c508","local_time":"20201215001716","is_ascension_mode":false,"campfire_choices":[{"floor":1.0,"key":"DIG"},{"data":"Slimebound:SplitAcid","floor":6.0,"key":"SMITH"},{"data":"Slimebound:Split","floor":9.0,"key":"SMITH"},{"floor":18.0,"key":"RECALL"},{"data":"expansioncontent:DefensiveStance","floor":23.0,"key":"SMITH"},{"data":"Slimebound:MinionMaster","floor":35.0,"key":"SMITH"},{"data":"Slimebound:DuplicatedForm","floor":54,"key":"SMITH"}],"circlet_count":0,"master_deck":["Slimebound:Strike_Slimebound","Slimebound:Strike_Slimebound","Slimebound:Strike_Slimebound","Slimebound:Tackle","Slimebound:Defend_Slimebound","Slimebound:Defend_Slimebound","Slimebound:Defend_Slimebound","Slimebound:Defend_Slimebound","Slimebound:Split+1","Slimebound:CorrosiveSpit","Slimebound:MegaLick","Slimebound:Gluttony","Slimebound:PressTheAttack","Slimebound:SplitAcid+1","Slimebound:SplitMire","Slimebound:SlimeTap","Slimebound:RejuvenatingLick","Slimebound:Equalize","Slimebound:GrowthPunch","Slimebound:SplitBruiser+1","Slimebound:OneTwoCombo","Slimebound:SpikyOuterGoop","Slimebound:GoopTackle+1","Slimebound:HauntingLick","Slimebound:Dissolve+1","expansioncontent:DefensiveStance+1","Slimebound:Nibble","Slimebound:RollThrough","Slimebound:SplitLeeching+1","Slimebound:SamplingLick","Slimebound:Grow+1","Slimebound:LevelUp","Slimebound:OozeBath","Slimebound:ViciousTackle+1","Slimebound:SlimeSpikes","Slimebound:AcidTongue","Slimebound:LeechingTouch+1","Slimebound:MinionMaster+1","Slimebound:GoopTackle+1","Slimebound:Repurpose+1","Replay:Hysterical Blindness","Slimebound:ViciousTackle+1","Replay:SS_forest_6","Slimebound:SamplingLick+1","Slimebound:SamplingLick+1","Slimebound:Gluttony+1","ReplayTheSpireMod:IOU","Slimebound:ProtectTheBoss+1","Slimebound:SplitMire+1","Slimebound:GoopSpray+1","Slimebound:Icky","Slimebound:GoopTackle+1","Slimebound:DisruptingSlam","Pain","Slimebound:SplitAcid+1","Shame","ReplayTheSpireMod:Faulty Equipment","Slimebound:DuplicatedForm+1","Metamorphosis","Replay:SS_forest_5","Replay:SS_fish_1"],"relics":["Slimebound:AbsorbEndCombat","Nunchaku","Smiling Mask","Letter Opener","Replay:WaspNest","Prayer Wheel","Philosopher\u0027s Stone","downfall:HeartBlessingGreen","downfall:HeartBlessingBlue","ReplayFunnel","StoneCalendar","Replay:Bandana","Pet Ghost","Replay:Ringing Soul","Art of War","War Paint","OrangePellets","Coffee Dripper","downfall:HeartBlessingRed","Ring of Greed","Membership Card","MawBank","Ring of Misfortune","Happy Flower","ReplayTheSpireMod:CursedCoin","Ornamental Fan","Bag of Preparation","Regal Pillow","Durian","Eternal Feather","WarpedTongs","Simple Rune","Ice Cream","ReplayTheSpireMod:ShopPack"],"acts_visited":["Exordium","TheCity","TheBeyond","TheEnding"],"potions_floor_usage":[],"damage_taken":[{"damage":4.0,"enemies":"2 Louse","floor":2.0,"turns":4.0},{"damage":32.0,"enemies":"HollowMod:MossKnight","floor":3.0,"turns":12.0},{"damage":8.0,"enemies":"Cultist","floor":4.0,"turns":3.0},{"damage":8.0,"enemies":"Jaw Worm","floor":5.0,"turns":3.0},{"damage":39.0,"enemies":"Lagavulin","floor":10.0,"turns":5.0},{"damage":11.0,"enemies":"Red Slaver","floor":12.0,"turns":3.0},{"damage":8.0,"enemies":"Exordium Wildlife","floor":13.0,"turns":2.0},{"damage":4.0,"enemies":"3 Louse","floor":15.0,"turns":1.0},{"damage":54.0,"enemies":"downfall:Ironclad","floor":16.0,"turns":4.0},{"damage":39.0,"enemies":"Snecko","floor":19.0,"turns":4.0},{"damage":44.0,"enemies":"HollowMod:Nosk","floor":21.0,"turns":4.0},{"damage":27.0,"enemies":"downfall:FleeingMerchant","floor":22.0,"turns":4.0},{"damage":21.0,"enemies":"Cultist and Chosen","floor":25.0,"turns":4.0},{"damage":28.0,"enemies":"Replay:Snechameleon","floor":27.0,"turns":3.0},{"damage":36.0,"enemies":"downfall:FleeingMerchant","floor":28.0,"turns":4.0},{"damage":17.0,"enemies":"Centurion and Healer","floor":29.0,"turns":4.0},{"damage":15.0,"enemies":"Chosen and Byrds","floor":30.0,"turns":3.0},{"damage":32.0,"enemies":"Snake Plant","floor":32.0,"turns":2.0},{"damage":41.0,"enemies":"downfall:Silent","floor":33.0,"turns":4.0},{"damage":9.0,"enemies":"Orb Walker","floor":36.0,"turns":2.0},{"damage":23.0,"enemies":"3 Shapes","floor":40.0,"turns":2.0},{"damage":14.0,"enemies":"Writhing Mass","floor":42.0,"turns":4.0},{"damage":13.0,"enemies":"Maw","floor":43.0,"turns":4.0},{"damage":34.0,"enemies":"Nemesis","floor":44.0,"turns":5.0},{"damage":13.0,"enemies":"Jaw Worm Horde","floor":45.0,"turns":3.0},{"damage":34.0,"enemies":"Mind Bloom Boss Battle","floor":46.0,"turns":3.0},{"damage":12.0,"enemies":"Transient","floor":49.0,"turns":5.0},{"damage":4.0,"enemies":"downfall:Watcher","floor":50.0,"turns":5.0},{"damage":9.0,"enemies":"downfall:CharBossMerchant","floor":52.0,"turns":5.0},{"damage":3,"enemies":"downfall:NeowBoss","floor":55,"turns":20}],"seed_played":"-1691927225329987545","potions_obtained":[{"floor":2.0,"key":"PowerPotion"},{"floor":5.0,"key":"SteroidPotion"},{"floor":10.0,"key":"Strength Potion"},{"floor":12.0,"key":"BlessingOfTheForge"},{"floor":13.0,"key":"Explosive Potion"},{"floor":16.0,"key":"BlessingOfTheForge"},{"floor":19.0,"key":"Dexterity Potion"},{"floor":27.0,"key":"Adrenaline Potion"},{"floor":30.0,"key":"FearPotion"},{"floor":31.0,"key":"CultistPotion"},{"floor":33.0,"key":"Weak Potion"},{"floor":40.0,"key":"Reflective Coating"},{"floor":42.0,"key":"ColorlessPotion"},{"floor":45.0,"key":"ColorlessPotion"},{"floor":49.0,"key":"Adrenaline Potion"}],"is_trial":false,"path_per_floor":["R","M","E","M","M","R","T","?","R","E","?","M","M","T","M","B",null,"R","M","?","E","$","R","T","M","T","E","$","M","M","?","M","B",null,"R","M","?","?","$","M","T","M","M","E","M","?","$","?","M","B",null,"E","$","R","B",null],"character_chosen":"SLIMEBOUND","items_purchased":["expansioncontent:DefensiveStance","Replay:Bandana","Slimebound:Nibble","Slimebound:RollThrough","War Paint","OrangePellets","LiquidBronze","Happy Flower","ReplayTheSpireMod:CursedCoin","Ornamental Fan","Slimebound:ViciousTackle+1","Replay:SS_forest_6","Eternal Feather","Slimebound:DisruptingSlam","Energy Potion","Slimebound:ThreeZeroPotion","Ice Cream","ReplayTheSpireMod:ShopPack"],"campfire_rested":0,"item_purchase_floors":[22,22,22,22,28,28,28,39,39,39,39,39,47,47,47,47,53,53],"current_hp_per_floor":[60,60,54,54,58,58,58,58,58,52,60,60,60,60,60,46,60,70,42,42,56,67,67,67,69,69,73,64,79,82,82,65,69,88,88,86,86,91,94,94,94,100,103,103,106,103,106,109,123,123,123,126,129,129,129],"gold":23,"neow_bonus":"RANDOM_COMMON_RELIC","is_daily":false,"chose_seed":false,"campfire_upgraded":5,"win_rate":0.0,"timestamp":1607987836,"path_taken":["R","M","E","M","M","R","T","?","R","E","?","M","?","?","M","BOSS","R","M","?","E","?","R","T","M","?","E","$","M","?","?","M","BOSS","R","M","?","?","$","?","T","M","?","E","M","?","$","?","M","BOSS","E","$","R","BOSS"],"items_purchased_type":["Card","Relic","Card","Card","Relic","Relic","Potion","Relic","Relic","Relic","Card","Card","Relic","Card","Potion","Potion","Relic","Relic"],"build_version":"2020-12-13","purchased_purges":2,"victory":true,"max_hp_per_floor":[60,60,60,60,60,60,60,60,60,60,60,60,60,60,60,60,60,70,70,70,70,70,70,70,70,70,73,76,79,82,82,85,88,88,88,91,91,91,94,97,97,100,103,103,106,114,117,120,123,123,123,126,129,129,129],"card_choices":[{"not_picked":["Slimebound:RainOfGoop","Slimebound:ComboTackle"],"picked":"Slimebound:MegaLick","floor":2.0},{"not_picked":["Slimebound:ViciousTackle","Slimebound:Teamwork"],"picked":"Slimebound:Gluttony","floor":3.0},{"not_picked":["Slimebound:ItLooksTasty","Slimebound:AcidTongue"],"picked":"Slimebound:PressTheAttack","floor":4.0},{"not_picked":["Slimebound:RainOfGoop","Slimebound:SlimeBarrage"],"picked":"Slimebound:SplitAcid","floor":5.0},{"not_picked":["Slimebound:ProtectTheBoss","Slimebound:GoopSpray"],"picked":"Slimebound:SlimeBrawl","floor":10.0},{"not_picked":["Slimebound:ViciousTackle","Slimebound:LevelUp"],"picked":"Slimebound:SplitMire","floor":12.0},{"not_picked":["Slimebound:SplitBruiser","Slimebound:Gluttony"],"picked":"Slimebound:SlimeTap","floor":12.0},{"not_picked":["Slimebound:FormOfPuddle","Slimebound:Schlurp"],"picked":"Slimebound:RejuvenatingLick","floor":13.0},{"not_picked":["Slimebound:SplitBruiser","Slimebound:LeechingTouch"],"picked":"Slimebound:Equalize","floor":13.0},{"not_picked":["Slimebound:SlimeSpikes","Slimebound:SlimeBrawl"],"picked":"Slimebound:GrowthPunch","floor":15.0},{"not_picked":["Slimebound:Replication","Slimebound:FinishingTackle"],"picked":"Slimebound:SplitBruiser","floor":15.0},{"not_picked":["Slimebound:MassFeed","Slimebound:Overexert"],"picked":"Slimebound:OneTwoCombo","floor":16.0},{"not_picked":["Slimebound:LeechEnergy","Slimebound:FlameTackle+1"],"picked":"Slimebound:SpikyOuterGoop","floor":19.0},{"not_picked":["Slimebound:LeechingTouch","Slimebound:SamplingLick+1"],"picked":"Slimebound:GoopTackle+1","floor":19.0},{"not_picked":["Slimebound:ProtectTheBoss","Slimebound:ComboTackle"],"picked":"Slimebound:HauntingLick","floor":21.0},{"not_picked":["Slimebound:Gluttony","Slimebound:FinishingTackle"],"picked":"Slimebound:Dissolve+1","floor":22.0},{"not_picked":["Slimebound:FinishingTackle+1","Slimebound:RollThrough+1"],"picked":"Slimebound:SplitLeeching+1","floor":25.0},{"not_picked":["Slimebound:LeechEnergy","Slimebound:SplitBruiser"],"picked":"Slimebound:SamplingLick","floor":25.0},{"not_picked":["Slimebound:SplitMire","Slimebound:BestDefense"],"picked":"Slimebound:Grow+1","floor":27.0},{"not_picked":["Slimebound:Grow+1","Slimebound:LeechingTouch"],"picked":"Slimebound:LevelUp","floor":28.0},{"not_picked":["Slimebound:SamplingLick","Slimebound:PressTheAttack"],"picked":"Slimebound:OozeBath","floor":29.0},{"not_picked":["Slimebound:SplitAcid","Slimebound:SamplingLick"],"picked":"Slimebound:ViciousTackle+1","floor":29.0},{"not_picked":["Slimebound:LevelUp","Slimebound:LeechEnergy"],"picked":"Slimebound:SlimeSpikes","floor":30.0},{"not_picked":["Slimebound:FinishingTackle","Slimebound:Gluttony"],"picked":"Slimebound:AcidTongue","floor":30.0},{"not_picked":["Slimebound:GrowthPunch","Slimebound:SamplingLick"],"picked":"Slimebound:LeechingTouch+1","floor":32.0},{"not_picked":["Slimebound:AcidTongue","Slimebound:GoopSpray","Slimebound:Schlurp"],"picked":"SKIP","floor":32.0},{"not_picked":["Slimebound:Overexert","Slimebound:SelfFormingGoo"],"picked":"Slimebound:MinionMaster","floor":33.0},{"not_picked":["Slimebound:SplitAcid","Slimebound:SlimeSpikes"],"picked":"Slimebound:GoopTackle+1","floor":36.0},{"not_picked":["Slimebound:SplitBruiser","Slimebound:SplitAcid"],"picked":"Slimebound:Repurpose+1","floor":36.0},{"not_picked":["Slimebound:RainOfGoop+1","Slimebound:SplitAcid"],"picked":"Slimebound:SamplingLick+1","floor":40.0},{"not_picked":["Slimebound:LeechingTouch","Slimebound:ComboTackle","Slimebound:SplitBruiser"],"picked":"SKIP","floor":40.0},{"not_picked":["Slimebound:PressTheAttack","Slimebound:SplitMire"],"picked":"Slimebound:SamplingLick+1","floor":42.0},{"not_picked":["Slimebound:SlimeSlap","Slimebound:LeechEnergy+1"],"picked":"Slimebound:Gluttony+1","floor":42.0},{"not_picked":["Slimebound:Nibble","Slimebound:SamplingLick+1"],"picked":"Slimebound:ProtectTheBoss+1","floor":43.0},{"not_picked":["Slimebound:SplitLeeching","Slimebound:LeechEnergy"],"picked":"Slimebound:SplitMire+1","floor":43.0},{"not_picked":["Slimebound:ViciousTackle","Slimebound:RollThrough","Slimebound:SlimeBrawl"],"picked":"SKIP","floor":44.0},{"not_picked":["Slimebound:FinishingTackle+1","Slimebound:SplitBruiser"],"picked":"Slimebound:GoopSpray+1","floor":45.0},{"not_picked":["Slimebound:Schlurp+1","Slimebound:ItLooksTasty","Slimebound:SlimeTap"],"picked":"SKIP","floor":45.0},{"not_picked":["Slimebound:Dissolve","Slimebound:GrowthPunch+1"],"picked":"Slimebound:GoopTackle+1","floor":46.0},{"not_picked":["Slimebound:Dissolve","Slimebound:SlimeSpikes"],"picked":"Slimebound:SplitAcid+1","floor":49.0},{"not_picked":["Slimebound:BestDefense+1","Slimebound:PressTheAttack","Slimebound:Schlurp+1"],"picked":"SKIP","floor":49.0},{"not_picked":["Slimebound:SplitLeeching","Slimebound:OneTwoCombo"],"picked":"Slimebound:DuplicatedForm","floor":52},{"not_picked":["Magnetism","The Bomb"],"picked":"Metamorphosis","floor":53},{"not_picked":["Replay:SS_forest_6","Enlightenment"],"picked":"Replay:SS_forest_5","floor":53},{"not_picked":["Midas Touch","Bandage Up"],"picked":"Replay:SS_fish_1","floor":53}],"player_experience":346223,"relics_obtained":[{"floor":1.0,"key":"Smiling Mask"},{"floor":3.0,"key":"Letter Opener"},{"floor":7.0,"key":"Replay:WaspNest"},{"floor":10.0,"key":"Prayer Wheel"},{"floor":21.0,"key":"StoneCalendar"},{"floor":24.0,"key":"Pet Ghost"},{"floor":26.0,"key":"Replay:Ringing Soul"},{"floor":27.0,"key":"Art of War"},{"floor":37.0,"key":"Ring of Greed"},{"floor":37.0,"key":"Membership Card"},{"floor":37.0,"key":"MawBank"},{"floor":37.0,"key":"Ring of Misfortune"},{"floor":41.0,"key":"Bag of Preparation"},{"floor":44.0,"key":"Regal Pillow"},{"floor":46.0,"key":"Durian"},{"floor":52,"key":"Simple Rune"}],"event_choices":[{"cards_removed":["Slimebound:SlimeBrawl"],"damage_healed":8.0,"max_hp_gain":0.0,"max_hp_loss":0.0,"gold_gain":0.0,"event_name":"Bonfire Elementals","player_choice":"Offered Uncommon","floor":11.0,"gold_loss":0.0,"damage_taken":0.0},{"damage_healed":5.0,"max_hp_gain":0.0,"max_hp_loss":0.0,"gold_gain":0.0,"event_name":"Wheel of Change","player_choice":"Full Heal","floor":38.0,"gold_loss":0.0,"damage_taken":0.0},{"damage_healed":0.0,"max_hp_gain":0.0,"max_hp_loss":0.0,"gold_gain":0.0,"event_name":"Accursed Blacksmith","player_choice":"Rummage","floor":48.0,"gold_loss":0.0,"damage_taken":0.0,"relics_obtained":["WarpedTongs"],"cards_obtained":["Pain"]}],"is_beta":false,"boss_relics":[{"not_picked":["SacredBark","ReplayTheSpireMod:DimensionalGlitch"],"picked":"Philosopher\u0027s Stone"},{"not_picked":["Runic Dome","Painkiller Herb"],"picked":"Coffee Dripper"}],"items_purged_floors":[28,47],"is_endless":false,"potions_floor_spawned":[2,5,10,12,13,16,19,27,30,33,40,42,45,49],"ascension_level":0}}