{"host":"0rxdudjy6rylha1k","time":1607959673,"event":{"mods":["Aspiration","BaseMod","Colored Map","Colored Powertips","Downfall","Highlight Path","Hubris","Minty Spire (QoL Compilation)","StSLib"],"gold_per_floor":[99,99,124,124,49,49,49,49,14,40,52,15,26,26,44,44,44],"floor_reached":16,"playtime":761,"items_purged":[],"score":156,"play_id":"17f17769-ac8f-4e8e-925b-036822f309f2","local_time":"20201214082753","is_ascension_mode":false,"campfire_choices":[{"floor":1.0,"key":"RECALL"},{"data":"sneckomod:TailWhip","floor":5.0,"key":"SMITH"},{"data":"sneckomod:SnekBite","floor":8.0,"key":"SMITH"}],"circlet_count":0,"master_deck":["sneckomod:Strike","sneckomod:Strike","sneckomod:Strike","sneckomod:Defend","sneckomod:Defend","sneckomod:Defend","sneckomod:TailWhip+1","sneckomod:SnekBite+1","sneckomod:Unknown","sneckomod:Unknown","Injury","sneckomod:UnknownUncommonAttack+1","sneckomod:Nope","sneckomod:CheapStock","sneckomod:SnekBeam+1","sneckomod:UnknownStrength","sneckomod:UnknownRareSkill","sneckomod:UnknownCommonAttack+1","sneckomod:SerpentIdol"],"relics":["sneckomod:SneckoSoul","downfall:HeartsMalice","Molten Egg 2","Mummified Hand","downfall:HeartBlessingRed","Eternal Feather"],"acts_visited":["Exordium"],"potions_floor_usage":[16,16],"damage_taken":[{"damage":0.0,"enemies":"3 Sentries","floor":3.0,"turns":1.0},{"damage":0.0,"enemies":"downfall:FleeingMerchant","floor":9.0,"turns":1.0},{"damage":0.0,"enemies":"Gremlin Nob","floor":10.0,"turns":1.0},{"damage":0.0,"enemies":"Small Slimes","floor":11.0,"turns":1.0},{"damage":10.0,"enemies":"downfall:FleeingMerchant","floor":12.0,"turns":4.0},{"damage":0.0,"enemies":"2 Louse","floor":13.0,"turns":2.0},{"damage":6.0,"enemies":"Jaw Worm","floor":15.0,"turns":3.0},{"damage":84,"enemies":"downfall:Defect","floor":16,"turns":7}],"seed_played":"6833747749246496184","potions_obtained":[{"floor":10.0,"key":"SteroidPotion"},{"floor":13.0,"key":"LiquidBronze"},{"floor":15.0,"key":"PowerPotion"}],"is_trial":false,"path_per_floor":["R","?","E","?","R","?","T","R","$","E","M","$","M","?","M","B"],"character_chosen":"THE_SNECKO","items_purchased":["sneckomod:CheapStock","sneckomod:UnknownCommonAttack+1"],"campfire_rested":0,"item_purchase_floors":[9,12],"current_hp_per_floor":[90,90,91,91,91,96,96,96,96,96,97,89,89,89,83,0,0],"gold":44,"neow_bonus":"THREE_ENEMY_KILL","is_daily":false,"chose_seed":false,"campfire_upgraded":2,"win_rate":0.0,"timestamp":1607959673,"path_taken":["R","?","E","?","R","?","T","R","?","E","M","$","?","?","M","BOSS"],"items_purchased_type":["Card","Card"],"build_version":"2020-12-13","purchased_purges":0,"victory":false,"max_hp_per_floor":[90,90,91,91,91,96,96,96,96,96,97,99,99,99,99,99,99],"card_choices":[{"not_picked":["sneckomod:SoulDraw","sneckomod:DiceCrush+1"],"picked":"sneckomod:UnknownUncommonAttack+1","floor":3.0},{"not_picked":["sneckomod:CheapStock","sneckomod:UnknownClassSLIMEBOUND"],"picked":"sneckomod:Nope","floor":9.0},{"not_picked":["sneckomod:UnknownWeak","sneckomod:IronFang+1"],"picked":"sneckomod:SnekBeam+1","floor":10.0},{"not_picked":["sneckomod:WideSting+1","sneckomod:UnknownUncommonPower"],"picked":"sneckomod:UnknownStrength","floor":11.0},{"not_picked":["sneckomod:ImprovisedGuard","sneckomod:DiceBoulder+1"],"picked":"sneckomod:UnknownRareSkill","floor":12.0},{"not_picked":["sneckomod:QuickBite+1","sneckomod:UnknownBlock"],"picked":"sneckomod:SerpentIdol","floor":13.0},{"not_picked":["sneckomod:UnknownBlock","sneckomod:TrashToTreasure","sneckomod:UnknownCommonSkill"],"picked":"SKIP","floor":15.0}],"player_experience":2224236,"relics_obtained":[{"floor":3.0,"key":"Mummified Hand"},{"floor":10.0,"key":"Eternal Feather"}],"event_choices":[{"damage_healed":0.0,"max_hp_gain":5.0,"max_hp_loss":0.0,"gold_gain":0.0,"event_name":"Big Fish","player_choice":"Donut","floor":6.0,"gold_loss":0.0,"damage_taken":0.0},{"damage_healed":0.0,"max_hp_gain":0.0,"max_hp_loss":0.0,"gold_gain":0.0,"event_name":"NoteForYourself","player_choice":"Ignored","floor":14.0,"gold_loss":0.0,"damage_taken":0.0}],"is_beta":false,"boss_relics":[],"items_purged_floors":[],"is_endless":false,"potions_floor_spawned":[10,13,15],"killed_by":"downfall:Defect","ascension_level":0}}