{"host":"5gc11emcm5chfr5t","time":1607981974,"event":{"mods":["2.2 Compatiblity","AchievementEnabler","BaseMod","Bestiary","Better Note","Colored Map","Colored Powertips","Downfall","Googly Eyes","Minty Spire (QoL Compilation)","Rare Cards Sparkle","Say the Spire","StSLib"],"gold_per_floor":[115,135,135,148,148,186,186,206,206,227,227,247,247,271,271,399,399,431,455,455,124,124,124,148,148,195,229,229,238,238,267,267,402,429,506,839,848,639,1061,1061,1085,1148,1174,1183,1241,1327,1327,1327,1327,1354,1354,1354,716,918,3176],"floor_reached":56,"playtime":2378,"items_purged":["Injury","Pain"],"score":1359,"play_id":"bc8e96f1-b8f2-4f63-8543-ae51bf218a7d","local_time":"20201214163934","is_ascension_mode":true,"campfire_choices":[{"data":"sneckomod:DiceBoulder","floor":11.0,"key":"SMITH"},{"data":"sneckomod:DiceBoulder+1","floor":13.0,"key":"SMITH"},{"floor":15.0,"key":"REST"},{"data":"sneckomod:DiceBoulder+2","floor":23.0,"key":"SMITH"},{"data":"sneckomod:DiceBoulder+3","floor":25.0,"key":"SMITH"},{"data":"sneckomod:DiceBoulder+4","floor":32.0,"key":"SMITH"},{"data":"sneckomod:DiceBoulder+5","floor":40.0,"key":"SMITH"},{"floor":47.0,"key":"REST"},{"floor":49.0,"key":"RECALL"},{"data":"sneckomod:DiceBoulder+6","floor":52,"key":"SMITH"}],"circlet_count":0,"master_deck":["sneckomod:Defend","sneckomod:TailWhip","sneckomod:SnekBite","sneckomod:Unknown","sneckomod:Unknown","sneckomod:Cheat","sneckomod:UnknownCommonAttack","sneckomod:CheapStock","sneckomod:DiceBoulder+7","sneckomod:SnakeSap","sneckomod:UnlimitedRolls","sneckomod:Nope","sneckomod:UnknownClassRED+1","sneckomod:UnknownBlock","sneckomod:UnknownRareAttack","sneckomod:QuickBite+1","sneckomod:TrashToTreasure+1","sneckomod:UnknownUncommonSkill","sneckomod:CheapStock+1","sneckomod:Bewildered","sneckomod:IronFang+1","sneckomod:Restock","sneckomod:Unknown1Cost+1","sneckomod:GlitteringGambit+1","sneckomod:UnknownDexterity+1","sneckomod:UnknownCommonAttack+1","sneckomod:SnekBeam+1","sneckomod:WideSting+1","sneckomod:SnekBeam","sneckomod:UnknownWeak+1","sneckomod:UnknownStrength","sneckomod:IronFang+1","sneckomod:DangerNoodle","Panacea","sneckomod:QuickMove","sneckomod:MasterEye","expansioncontent:PrepareCrush","Sadistic Nature","sneckomod:SoulRoll","sneckomod:UnknownUncommonAttack","sneckomod:WideSting","sneckomod:GlitteringGambit","sneckomod:UnknownBlock+1"],"relics":["sneckomod:SneckoSoul","Bronze Scales","CeramicFish","Snecko Eye","Enchiridion","Boot","War Paint","sneckomod:BabySnecko","Nunchaku","Astrolabe","WarpedTongs","Orrery","Happy Flower","Membership Card","Orichalcum","Lantern","InkBottle"],"acts_visited":["Exordium","TheCity","TheBeyond","TheEnding"],"potions_floor_usage":[54,55,55,55],"damage_taken":[{"damage":5.0,"enemies":"Jaw Worm","floor":1.0,"turns":3.0},{"damage":0.0,"enemies":"2 Louse","floor":2.0,"turns":3.0},{"damage":0.0,"enemies":"Cultist","floor":4.0,"turns":2.0},{"damage":12.0,"enemies":"3 Sentries","floor":6.0,"turns":4.0},{"damage":6.0,"enemies":"Exordium Wildlife","floor":8.0,"turns":3.0},{"damage":0.0,"enemies":"Large Slime","floor":10.0,"turns":5.0},{"damage":11.0,"enemies":"Exordium Thugs","floor":12.0,"turns":4.0},{"damage":27.0,"enemies":"The Guardian","floor":16.0,"turns":9.0},{"damage":11.0,"enemies":"Spheric Guardian","floor":18.0,"turns":3.0},{"damage":12.0,"enemies":"Chosen","floor":19.0,"turns":3.0},{"damage":14.0,"enemies":"3 Cultists","floor":24.0,"turns":4.0},{"damage":18.0,"enemies":"Snecko","floor":27.0,"turns":3.0},{"damage":0.0,"enemies":"Cultist and Chosen","floor":31.0,"turns":3.0},{"damage":36.0,"enemies":"Collector","floor":33.0,"turns":6.0},{"damage":0.0,"enemies":"Orb Walker","floor":35.0,"turns":2.0},{"damage":16.0,"enemies":"3 Darklings","floor":39.0,"turns":4.0},{"damage":9.0,"enemies":"4 Shapes","floor":41.0,"turns":4.0},{"damage":17.0,"enemies":"Sphere and 2 Shapes","floor":42.0,"turns":2.0},{"damage":0.0,"enemies":"Jaw Worm Horde","floor":45.0,"turns":2.0},{"damage":43.0,"enemies":"Writhing Mass","floor":46.0,"turns":5.0},{"damage":17,"enemies":"Donu and Deca","floor":50,"turns":8},{"damage":31,"enemies":"Shield and Spear","floor":54,"turns":5},{"damage":39,"enemies":"The Heart","floor":55,"turns":7}],"seed_played":"-58219239217239428","potions_obtained":[{"floor":1.0,"key":"hexamod:EctoCoolerPotion"},{"floor":4.0,"key":"PowerPotion"},{"floor":8.0,"key":"BlessingOfTheForge"},{"floor":10.0,"key":"GamblersBrew"},{"floor":16.0,"key":"champ:CounterPotion"},{"floor":19.0,"key":"FearPotion"},{"floor":24.0,"key":"Block Potion"},{"floor":27.0,"key":"DistilledChaos"},{"floor":39.0,"key":"SpeedPotion"},{"floor":41.0,"key":"PowerPotion"},{"floor":54,"key":"champ:CounterPotion"}],"is_trial":false,"path_per_floor":["M","M","?","M","?","E","?","M","T","M","R","M","R","T","R","B",null,"M","M","?","$","?","R","M","R","T","M","?","?","T","M","R","B",null,"M","?","?","$","M","R","M","M","T","?","M","M","R","?","R","B",null,"R","$","E","B",null],"character_chosen":"THE_SNECKO","items_purchased":["Boot","Fruit Juice","Orrery","Membership Card","Orichalcum","Lantern","sneckomod:MasterEye","expansioncontent:PrepareCrush","Sadistic Nature","SpeedPotion","Slimebound:ThreeZeroPotion","PowerPotion","sneckomod:SoulRoll","sneckomod:UnknownUncommonAttack","sneckomod:WideSting","sneckomod:GlitteringGambit"],"campfire_rested":2,"item_purchase_floors":[21,21,38,53,53,53,53,53,53,53,53,53,53,53,53,53],"current_hp_per_floor":[77,77,77,77,77,65,65,59,59,60,60,50,50,50,75,49,85,74,62,46,51,81,81,68,68,68,50,50,50,50,66,66,30,93,94,94,94,96,80,80,71,54,54,54,54,11,39,39,39,22,96,96,97,67,28],"gold":3176,"neow_bonus":"TRANSFORM_TWO_CARDS","is_daily":false,"chose_seed":false,"campfire_upgraded":7,"win_rate":0.0,"timestamp":1607981974,"path_taken":["M","M","?","M","?","E","?","?","T","M","R","M","R","?","R","BOSS","M","M","?","$","?","R","M","R","T","M","?","?","?","M","R","BOSS","M","?","?","$","?","R","?","M","T","?","M","M","R","?","R","BOSS","R","$","E","BOSS"],"items_purchased_type":["Relic","Potion","Relic","Relic","Relic","Relic","Card","Card","Card","Potion","Potion","Potion","Card","Card","Card","Card"],"build_version":"2020-12-13","purchased_purges":2,"victory":true,"max_hp_per_floor":[82,82,82,82,82,82,82,82,82,83,83,84,84,84,84,85,85,85,85,85,90,90,90,91,91,91,91,91,91,91,91,91,91,93,94,94,94,96,96,96,96,96,96,96,96,96,96,96,96,96,96,96,97,98,98],"card_choices":[{"not_picked":["sneckomod:UnknownClassRED","sneckomod:WideSting"],"picked":"sneckomod:CheapStock","floor":1.0},{"not_picked":["sneckomod:UnknownVulnerable","sneckomod:QuickMove"],"picked":"sneckomod:DiceBoulder","floor":2.0},{"not_picked":["sneckomod:ImprovisedAttack","sneckomod:UnknownCommonAttack"],"picked":"sneckomod:SnakeSap","floor":4.0},{"not_picked":["sneckomod:DefensiveFlair","sneckomod:DiceCrush"],"picked":"sneckomod:DangerNoodle","floor":6.0},{"not_picked":["sneckomod:UnknownCommonAttack","sneckomod:DiceCrush"],"picked":"sneckomod:Nope","floor":8.0},{"not_picked":["sneckomod:SoulCleanse","sneckomod:QuickMove"],"picked":"sneckomod:UnknownClassRED","floor":10.0},{"not_picked":["sneckomod:Nope","sneckomod:UnknownWeak"],"picked":"sneckomod:UnknownBlock","floor":12.0},{"not_picked":["sneckomod:Restock","sneckomod:Unknown3Cost"],"picked":"sneckomod:UnknownRareAttack","floor":16.0},{"not_picked":["sneckomod:QuickMove","sneckomod:UnknownCommonSkill"],"picked":"sneckomod:QuickBite+1","floor":18.0},{"not_picked":["sneckomod:QuickMove","sneckomod:UnknownClassHEXA_GHOST_PURPLE+1"],"picked":"sneckomod:TrashToTreasure","floor":19.0},{"not_picked":["sneckomod:UnknownStrike","sneckomod:Unknown0Cost"],"picked":"sneckomod:UnknownUncommonSkill","floor":24.0},{"not_picked":["sneckomod:SoulRoll","sneckomod:UnknownEthereal"],"picked":"sneckomod:CheapStock+1","floor":27.0},{"not_picked":["sneckomod:Nope","sneckomod:UnknownCommonSkill+1"],"picked":"sneckomod:IronFang+1","floor":31.0},{"not_picked":["sneckomod:Mudshield","sneckomod:DangerNoodle"],"picked":"sneckomod:Restock","floor":33.0},{"not_picked":["sneckomod:UnknownCommonSkill+1","sneckomod:SoulRoll+1"],"picked":"sneckomod:UnknownCommonAttack+1","floor":35.0},{"not_picked":["sneckomod:SoulRoll","sneckomod:UnknownWeak+1"],"picked":"sneckomod:SnekBeam+1","floor":38.0},{"not_picked":["sneckomod:IronFang+1","sneckomod:SerpentMind"],"picked":"sneckomod:WideSting+1","floor":38.0},{"not_picked":["sneckomod:DiceBlock","sneckomod:CheapStock+1"],"picked":"sneckomod:SnekBeam","floor":38.0},{"not_picked":["sneckomod:SoulDraw","sneckomod:UnknownBlock"],"picked":"sneckomod:UnknownWeak+1","floor":38.0},{"not_picked":["sneckomod:UnknownClassSLIMEBOUND+1","sneckomod:UnknownClassPURPLE"],"picked":"sneckomod:UnknownStrength","floor":38.0},{"not_picked":["sneckomod:MasterEye","sneckomod:SoulRoll"],"picked":"sneckomod:IronFang+1","floor":39.0},{"not_picked":["sneckomod:Nope","sneckomod:IronFang+1"],"picked":"sneckomod:DangerNoodle","floor":41.0},{"not_picked":["sneckomod:UnknownCommonSkill","sneckomod:SoulRoll+1","sneckomod:DiceCrush"],"picked":"SKIP","floor":42.0},{"not_picked":["Swift Strike","expansioncontent:Torchfire"],"picked":"Panacea","floor":44.0},{"not_picked":["sneckomod:Nope+1","sneckomod:MixItUp+1","sneckomod:CheapStock"],"picked":"SKIP","floor":45.0},{"not_picked":["sneckomod:UnknownVulnerable","sneckomod:IronFang"],"picked":"sneckomod:QuickMove","floor":46.0},{"not_picked":["sneckomod:UnknownUncommonPower","sneckomod:QuickBite"],"picked":"sneckomod:UnknownBlock+1","floor":54}],"player_experience":361068,"relics_obtained":[{"floor":6.0,"key":"Bronze Scales"},{"floor":14.0,"key":"CeramicFish"},{"floor":20.0,"key":"Enchiridion"},{"floor":26.0,"key":"War Paint"},{"floor":30.0,"key":"Nunchaku"},{"floor":43.0,"key":"Happy Flower"},{"floor":54,"key":"InkBottle"}],"event_choices":[{"damage_healed":0.0,"max_hp_gain":0.0,"max_hp_loss":0.0,"gold_gain":0.0,"event_name":"Golden Idol","player_choice":"Take Wound","floor":3.0,"gold_loss":0.0,"damage_taken":0.0,"relics_obtained":["Golden Idol"],"cards_obtained":["Injury"]},{"damage_healed":0.0,"max_hp_gain":0.0,"max_hp_loss":0.0,"gold_gain":0.0,"event_name":"The Cleric","player_choice":"Leave","floor":5.0,"gold_loss":0.0,"damage_taken":0.0},{"damage_healed":0.0,"max_hp_gain":0.0,"max_hp_loss":0.0,"gold_gain":0.0,"event_name":"Match and Keep!","player_choice":"1 cards matched","floor":7.0,"gold_loss":0.0,"damage_taken":0.0,"cards_obtained":["sneckomod:UnlimitedRolls"]},{"damage_healed":0.0,"max_hp_gain":0.0,"max_hp_loss":0.0,"gold_gain":0.0,"event_name":"Cursed Tome","player_choice":"Obtained Book","floor":20.0,"gold_loss":0.0,"damage_taken":16.0},{"damage_healed":30.0,"max_hp_gain":0.0,"max_hp_loss":0.0,"gold_gain":0.0,"event_name":"The Library","player_choice":"Heal","floor":22.0,"gold_loss":0.0,"damage_taken":0.0},{"damage_healed":0.0,"max_hp_gain":0.0,"max_hp_loss":0.0,"gold_gain":0.0,"event_name":"Beggar","player_choice":"Ignored","floor":28.0,"gold_loss":0.0,"damage_taken":0.0},{"damage_healed":0.0,"max_hp_gain":0.0,"max_hp_loss":0.0,"gold_gain":333.0,"event_name":"The Moai Head","player_choice":"Gave Idol","floor":36.0,"relics_lost":["Golden Idol"],"gold_loss":0.0,"damage_taken":0.0},{"damage_healed":0.0,"max_hp_gain":0.0,"max_hp_loss":0.0,"gold_gain":0.0,"event_name":"Accursed Blacksmith","player_choice":"Rummage","floor":37.0,"gold_loss":0.0,"damage_taken":0.0,"relics_obtained":["WarpedTongs"],"cards_obtained":["Pain"]},{"damage_healed":0.0,"max_hp_gain":0.0,"max_hp_loss":0.0,"gold_gain":0.0,"event_name":"SensoryStone","player_choice":"Memory 1","floor":44.0,"gold_loss":0.0,"damage_taken":0.0},{"cards_removed":["sneckomod:DangerNoodle"],"damage_healed":0.0,"max_hp_gain":0.0,"max_hp_loss":0.0,"gold_gain":0.0,"event_name":"Falling","player_choice":"Removed Attack","floor":48.0,"gold_loss":0.0,"damage_taken":0.0}],"is_beta":false,"boss_relics":[{"not_picked":["Sozu","SlaversCollar"],"picked":"Snecko Eye"},{"not_picked":["Busted Crown","Fusion Hammer"],"picked":"Astrolabe"}],"items_purged_floors":[21,38],"is_endless":false,"potions_floor_spawned":[1,4,8,10,19,24,27,39,41,54],"ascension_level":2}}