{"host":"a0bi5e935fpwrwib","time":1607989879,"event":{"mods":["AchievementEnabler","BaseMod","BetterRewards","Colored Powertips","Hubris","Minty Spire (QoL Compilation)","Rare Cards Sparkle","Relic Stats","Replay The Spire","Spicy Shops","StSLib"],"gold_per_floor":[119,137,87,105,30,30,30],"floor_reached":6,"playtime":409,"items_purged":["Defend_R"],"score":41,"play_id":"19670260-aa66-47d8-9e44-35bc7c4d0349","local_time":"20201214175119","is_ascension_mode":true,"campfire_choices":[],"circlet_count":0,"master_deck":["Strike_R","Strike_R","Defend_R","Defend_R","Defend_R","Bash","Massacre","ReplayTheSpireMod:Strike From Hell"],"relics":["Burning Blood"],"acts_visited":["Exordium"],"potions_floor_usage":[],"damage_taken":[{"damage":14,"enemies":"Jaw Worm","floor":1,"turns":5},{"damage":0,"enemies":"2 Louse","floor":2,"turns":2},{"damage":1,"enemies":"Cultist","floor":4,"turns":3},{"damage":55,"enemies":"3 Sentries","floor":6,"turns":7}],"seed_played":"-4526206920897157532","potions_obtained":[],"is_trial":false,"path_per_floor":["M","M","?","M","$","E"],"character_chosen":"IRONCLAD","items_purchased":[],"campfire_rested":0,"item_purchase_floors":[],"current_hp_per_floor":[64,70,70,72,72,17,17],"gold":30,"neow_bonus":"REMOVE_TWO","is_daily":false,"chose_seed":false,"campfire_upgraded":0,"win_rate":0.0,"timestamp":1607989879,"path_taken":["M","M","?","M","$","E"],"items_purchased_type":[],"build_version":"2020-12-13","purchased_purges":1,"victory":false,"max_hp_per_floor":[72,72,72,72,72,72,72],"relic_stats":{"counters":[97,356],"obtain_stats":[{"Ice Cream":23,"Golden Egg":20,"hubris:CrystalStatue":0,"Tiny House":17,"Gremlin Horn":22,"Nilry\u0027s Codex":21,"CeramicFish":42,"Ginger":42,"Sling":0,"HornCleat":14,"VioletLotus":34,"Replay:Wax Seal":0,"Pear":9,"Happy Flower":9,"Blue Candle":24,"Astrolabe":17,"hubris:FruitBowl":22,"Eternal Feather":31,"Pen Nib":9,"Akabeko":26,"hubris:Zylophone":0,"ReplayTheSpireMod:Spearhead":0,"hubris:BottledHeart":20,"Bronze Scales":43,"Molten Egg 2":19,"Simple Rune":0,"hubris:PeanutButter":9,"Onion Ring":9,"Black Star":17,"ReplayFunnel":17,"Lantern":43,"Torii":0,"Enchiridion":24,"StoneCalendar":20,"King of Hearts":11,"Replay:Multitool":0,"Juzu Bracelet":0,"Incense Burner":0,"Ancient Tea Set":6,"Burning Blood":0,"hubris:BlackHole":34,"SsserpentHead":7,"Nunchaku":29,"Replay:Bandana":25,"Shovel":46,"hubris:Icosahedron":4,"hubris:Backtick":17,"Matryoshka":26,"Chameleon Ring":11,"Mummified Hand":22,"Tiny Chest":7,"Red Mask":19,"hubris:ChampionShield":19,"Potion Belt":31,"hubris:DisguiseKit":6,"BargainBundle":0,"Lee\u0027s Waffle":0,"Replay:M_StaffOfTheSnake":3,"ReplayTheSpireMod:Ninjato":39,"Guide Book":20,"Quantum Egg":6,"Thread and Needle":43,"PreservedInsect":36,"MawBank":22,"Pondfish Scales":0,"CaptainsWheel":11,"Ring of Misfortune":36,"hubris:GrandSneckoEye":17,"Garlic":28,"Art of War":40,"Membership Card":0,"Champion Belt":0,"PureWater":0,"ReplayTheSpireMod:Ring of Challenge":36,"TungstenRod":19,"hubris:OldNail":0},{"Ice Cream":80,"Golden Egg":13,"hubris:CrystalStatue":1,"Tiny House":12,"Gremlin Horn":27,"Nilry\u0027s Codex":79,"CeramicFish":39,"Ginger":65,"Sling":43,"HornCleat":88,"VioletLotus":61,"Replay:Wax Seal":1,"Pear":86,"Happy Flower":73,"Blue Candle":28,"Astrolabe":89,"hubris:FruitBowl":27,"Eternal Feather":33,"Pen Nib":7,"Akabeko":92,"hubris:Zylophone":1,"ReplayTheSpireMod:Spearhead":69,"hubris:BottledHeart":90,"Bronze Scales":65,"Molten Egg 2":13,"Simple Rune":16,"hubris:PeanutButter":20,"Onion Ring":47,"Black Star":78,"ReplayFunnel":52,"Lantern":65,"Torii":1,"Enchiridion":56,"StoneCalendar":79,"King of Hearts":87,"Replay:Multitool":1,"Juzu Bracelet":1,"Incense Burner":16,"Ancient Tea Set":19,"Burning Blood":0,"hubris:BlackHole":34,"SsserpentHead":85,"Nunchaku":58,"Replay:Bandana":92,"Shovel":41,"hubris:Icosahedron":45,"hubris:Backtick":52,"Matryoshka":57,"Chameleon Ring":75,"Mummified Hand":27,"Tiny Chest":73,"Red Mask":54,"hubris:ChampionShield":90,"Potion Belt":60,"hubris:DisguiseKit":5,"BargainBundle":16,"Lee\u0027s Waffle":43,"Replay:M_StaffOfTheSnake":17,"ReplayTheSpireMod:Ninjato":63,"Guide Book":13,"Quantum Egg":46,"Thread and Needle":39,"PreservedInsect":35,"MawBank":79,"Pondfish Scales":1,"CaptainsWheel":9,"Ring of Misfortune":62,"hubris:GrandSneckoEye":24,"Garlic":57,"Art of War":64,"Membership Card":1,"Champion Belt":69,"PureWater":0,"ReplayTheSpireMod:Ring of Challenge":62,"TungstenRod":13,"hubris:OldNail":16},{"Ice Cream":285,"Golden Egg":57,"hubris:CrystalStatue":3,"Tiny House":52,"Gremlin Horn":108,"Nilry\u0027s Codex":279,"CeramicFish":142,"Ginger":222,"Sling":157,"HornCleat":316,"VioletLotus":210,"Replay:Wax Seal":3,"Pear":307,"Happy Flower":250,"Blue Candle":112,"Astrolabe":328,"hubris:FruitBowl":108,"Eternal Feather":125,"Pen Nib":29,"Akabeko":336,"hubris:Zylophone":3,"ReplayTheSpireMod:Spearhead":233,"hubris:BottledHeart":331,"Bronze Scales":222,"Molten Egg 2":57,"Simple Rune":75,"hubris:PeanutButter":84,"Onion Ring":169,"Black Star":274,"ReplayFunnel":183,"Lantern":222,"Torii":3,"Enchiridion":195,"StoneCalendar":279,"King of Hearts":314,"Replay:Multitool":3,"Juzu Bracelet":3,"Incense Burner":75,"Ancient Tea Set":83,"Burning Blood":0,"hubris:BlackHole":130,"SsserpentHead":303,"Nunchaku":199,"Replay:Bandana":336,"Shovel":148,"hubris:Icosahedron":164,"hubris:Backtick":183,"Matryoshka":198,"Chameleon Ring":257,"Mummified Hand":108,"Tiny Chest":250,"Red Mask":189,"hubris:ChampionShield":331,"Potion Belt":206,"hubris:DisguiseKit":19,"BargainBundle":75,"Lee\u0027s Waffle":157,"Replay:M_StaffOfTheSnake":78,"ReplayTheSpireMod:Ninjato":217,"Guide Book":57,"Quantum Egg":166,"Thread and Needle":142,"PreservedInsect":132,"MawBank":279,"Pondfish Scales":3,"CaptainsWheel":36,"Ring of Misfortune":213,"hubris:GrandSneckoEye":98,"Garlic":198,"Art of War":221,"Membership Card":3,"Champion Belt":233,"PureWater":0,"ReplayTheSpireMod:Ring of Challenge":213,"TungstenRod":57,"hubris:OldNail":75}],"Burning Blood":135},"card_choices":[{"not_picked":["True Grit","Cleave"],"picked":"Massacre","floor":1},{"not_picked":["Wild Strike","hubris:CleavingFinish"],"picked":"ReplayTheSpireMod:Strike From Hell","floor":2},{"not_picked":["Rupture","ReplayTheSpireMod:Corrosion Curse","Body Slam"],"picked":"SKIP","floor":4}],"player_experience":138724,"relics_obtained":[],"event_choices":[{"cards_removed":["Strike_R"],"damage_healed":0,"gold_gain":0,"player_choice":"Card Removal","damage_taken":0,"max_hp_gain":0,"max_hp_loss":0,"event_name":"The Cleric","floor":3,"gold_loss":50}],"is_beta":false,"boss_relics":[],"items_purged_floors":[5],"is_endless":false,"potions_floor_spawned":[],"killed_by":"3 Sentries","ascension_level":3}}