{"host":"qw1m3zcvi888b4j7","time":1607975827,"event":{"mods":["AchievementEnabler","BaseMod","Block Reminder","Colored Map","Colored Powertips","DeckTracker","Highlight Path","Minty Spire (QoL Compilation)","Quick Restart","Rare Cards Sparkle","Relic Sorter","Relic Stats"],"gold_per_floor":[110,125,125,138,138,138,165,165,188,244,39,214,214,214,214,316,316,331,331,342,18,18,18,18],"floor_reached":23,"playtime":1315,"items_purged":["Doubt"],"score":194,"play_id":"f0b4a8a9-0b19-46bb-a5b8-19c538fff2a0","local_time":"20201214205707","is_ascension_mode":true,"campfire_choices":[{"floor":6,"key":"RECALL"},{"data":"Pommel Strike","floor":8,"key":"SMITH"},{"data":"Rampage","floor":13,"key":"SMITH"},{"data":"Shrug It Off","floor":15,"key":"SMITH"}],"circlet_count":0,"master_deck":["Strike_R","Strike_R","Strike_R","Strike_R","Strike_R","Defend_R","Defend_R","Defend_R","Defend_R","Bash","Pommel Strike+1","Rampage+1","Fire Breathing","Inflame","Shrug It Off+1","Wild Strike","Corruption","Uppercut+1","Armaments"],"relics":["Burning Blood","MealTicket","Toy Ornithopter","PreservedInsect","Toolbox","Potion Belt","Black Star","Champion Belt","Molten Egg 2"],"acts_visited":["Exordium","TheCity"],"potions_floor_usage":[7,10,16,16],"damage_taken":[{"damage":11,"enemies":"Jaw Worm","floor":1,"turns":5},{"damage":4,"enemies":"Cultist","floor":2,"turns":4},{"damage":8,"enemies":"2 Louse","floor":4,"turns":2},{"damage":16,"enemies":"Gremlin Nob","floor":7,"turns":4},{"damage":28,"enemies":"Gremlin Nob","floor":10,"turns":4},{"damage":8,"enemies":"The Guardian","floor":16,"turns":14},{"damage":8,"enemies":"Chosen","floor":18,"turns":5},{"damage":45,"enemies":"2 Thieves","floor":20,"turns":4},{"damage":62,"enemies":"Gremlin Leader","floor":23,"turns":6}],"seed_played":"-6943183412677823506","potions_obtained":[{"floor":0,"key":"ElixirPotion"},{"floor":0,"key":"CultistPotion"},{"floor":0,"key":"Block Potion"},{"floor":3,"key":"Dexterity Potion"},{"floor":10,"key":"GamblersBrew"}],"is_trial":false,"path_per_floor":["M","M","?","M","T","R","E","R","T","?","$","?","R","?","R","B",null,"M","?","M","$","?","E"],"character_chosen":"IRONCLAD","items_purchased":["Toolbox","Wild Strike","Molten Egg 2"],"campfire_rested":0,"item_purchase_floors":[11,11,21],"current_hp_per_floor":[75,77,77,75,75,75,65,65,65,48,63,63,63,60,60,68,80,78,78,39,54,54,0,0],"gold":18,"neow_bonus":"THREE_SMALL_POTIONS","is_daily":false,"chose_seed":false,"campfire_upgraded":3,"win_rate":0.0,"timestamp":1607975827,"path_taken":["M","M","?","?","?","R","E","R","T","?","$","?","R","?","R","BOSS","M","?","M","$","?","E"],"items_purchased_type":["Relic","Card","Relic"],"build_version":"2020-12-13","purchased_purges":1,"victory":false,"max_hp_per_floor":[80,80,80,80,80,80,80,80,80,80,80,80,80,80,80,80,80,80,80,80,80,80,80,80],"relic_stats":{"counters":[9,48],"MealTicket":30,"PreservedInsect":43,"Black Star":0,"Champion Belt":[2],"obtain_stats":[{"Potion Belt":14,"Toolbox":11,"MealTicket":7,"Molten Egg 2":21,"PreservedInsect":10,"Black Star":17,"Champion Belt":19,"Burning Blood":0,"Toy Ornithopter":9},{"Potion Belt":5,"Toolbox":5,"MealTicket":4,"Molten Egg 2":8,"PreservedInsect":5,"Black Star":6,"Champion Belt":7,"Burning Blood":0,"Toy Ornithopter":4},{"Potion Belt":19,"Toolbox":19,"MealTicket":15,"Molten Egg 2":42,"PreservedInsect":19,"Black Star":33,"Champion Belt":38,"Burning Blood":0,"Toy Ornithopter":15}],"Burning Blood":48,"Toy Ornithopter":15},"card_choices":[{"not_picked":["Twin Strike","Perfected Strike"],"picked":"Pommel Strike","floor":1},{"not_picked":["Armaments","Disarm"],"picked":"Rampage","floor":2},{"not_picked":["Body Slam","Clothesline"],"picked":"Fire Breathing","floor":4},{"not_picked":["Corruption","Carnage"],"picked":"Inflame","floor":7},{"not_picked":["Perfected Strike","Rupture"],"picked":"Shrug It Off","floor":10},{"not_picked":["Brutality","Impervious"],"picked":"Corruption","floor":16},{"not_picked":["Entrench","Sever Soul+1"],"picked":"Uppercut+1","floor":18},{"not_picked":["True Grit","Body Slam"],"picked":"Armaments","floor":20}],"player_experience":69303,"relics_obtained":[{"floor":7,"key":"MealTicket"},{"floor":9,"key":"Toy Ornithopter"},{"floor":10,"key":"PreservedInsect"}],"event_choices":[{"damage_healed":0,"gold_gain":0,"player_choice":"Got Potions","damage_taken":0,"max_hp_gain":0,"max_hp_loss":0,"event_name":"Lab","floor":3,"gold_loss":0},{"damage_healed":0,"gold_gain":30,"player_choice":"Searched \u00272\u0027 times","damage_taken":0,"max_hp_gain":0,"max_hp_loss":0,"event_name":"Dead Adventurer","floor":10,"gold_loss":0},{"damage_healed":0,"gold_gain":175,"player_choice":"AGREE","damage_taken":0,"max_hp_gain":0,"max_hp_loss":0,"event_name":"Liars Game","floor":12,"gold_loss":0,"cards_obtained":["Doubt"]},{"damage_healed":0,"gold_gain":0,"player_choice":"Success","damage_taken":3,"relics_obtained":["Potion Belt"],"max_hp_gain":0,"max_hp_loss":0,"event_name":"Scrap Ooze","floor":14,"gold_loss":0},{"damage_healed":0,"gold_gain":0,"player_choice":"Opened","damage_taken":0,"relics_obtained":["Champion Belt"],"max_hp_gain":0,"max_hp_loss":0,"event_name":"The Mausoleum","floor":19,"gold_loss":0,"cards_obtained":["Writhe"]},{"cards_removed":["Writhe"],"damage_healed":0,"gold_gain":0,"player_choice":"Removed Curses","damage_taken":0,"max_hp_gain":0,"max_hp_loss":0,"event_name":"Fountain of Cleansing","floor":22,"gold_loss":0}],"is_beta":false,"boss_relics":[{"not_picked":["Calling Bell","Cursed Key"],"picked":"Black Star"}],"items_purged_floors":[21],"is_endless":false,"potions_floor_spawned":[10],"killed_by":"Gremlin Leader","ascension_level":1}}