{"host":"ow9msrs9p2ctkx99","time":1607910013,"event":{"mods":["AchievementEnabler","BaseMod","Colored Map","Colored Powertips","Minty Spire (QoL Compilation)","Permanent Neow","Quick Restart","SuperFastMode"],"gold_per_floor":[111,125,144,155,155,190,190,224,304,314,333,333,363,380,380,484,484,494,494,494,510,147,147,172,190,190,190,68,68,86,86,86,86,86],"floor_reached":33,"playtime":1104,"items_purged":["Writhe"],"score":484,"play_id":"c7271dfa-358d-4d87-b89c-9c3148a4c637","local_time":"20201214024013","is_ascension_mode":true,"campfire_choices":[{"floor":7,"key":"REST"},{"floor":12,"key":"REST"},{"floor":15,"key":"REST"},{"floor":23,"key":"REST"},{"floor":32,"key":"REST"}],"circlet_count":0,"master_deck":["AscendersBane","Strike_B","Defend_B","Defend_B","Defend_B","Defend_B","Dualcast","Panacea","Doom and Gloom","Redo","Compile Driver","Electrodynamics","Turbo","Glacier","Rebound","Melter","Hologram","Steam","Reboot","Steam","Echo Form","Skim","Core Surge","Hyperbeam","Darkness+1","Creative AI"],"relics":["Cracked Core","Dream Catcher","Turnip","Gremlin Horn","Art of War","Empty Cage","Omamori","The Courier","Frozen Eye","Oddly Smooth Stone","Ice Cream","Question Card","Mummified Hand","DataDisk"],"acts_visited":["Exordium","TheCity"],"potions_floor_usage":[8,8,14,24,30,33],"damage_taken":[{"damage":0,"enemies":"Cultist","floor":1,"turns":4},{"damage":9,"enemies":"Jaw Worm","floor":2,"turns":3},{"damage":5,"enemies":"Small Slimes","floor":3,"turns":2},{"damage":12,"enemies":"3 Louse","floor":4,"turns":4},{"damage":20,"enemies":"Lagavulin","floor":6,"turns":7},{"damage":10,"enemies":"3 Sentries","floor":8,"turns":3},{"damage":0,"enemies":"2 Fungi Beasts","floor":10,"turns":3},{"damage":6,"enemies":"Looter","floor":11,"turns":3},{"damage":20,"enemies":"Lagavulin","floor":13,"turns":6},{"damage":9,"enemies":"Exordium Thugs","floor":14,"turns":3},{"damage":39,"enemies":"The Guardian","floor":16,"turns":11},{"damage":25,"enemies":"3 Byrds","floor":18,"turns":4},{"damage":3,"enemies":"Spheric Guardian","floor":21,"turns":4},{"damage":0,"enemies":"Gremlin Leader","floor":24,"turns":5},{"damage":17,"enemies":"Snake Plant","floor":25,"turns":3},{"damage":12,"enemies":"Shelled Parasite and Fungi","floor":30,"turns":5},{"damage":46,"enemies":"Champ","floor":33,"turns":10}],"seed_played":"-6366558610826965079","potions_obtained":[{"floor":1,"key":"AttackPotion"},{"floor":3,"key":"GamblersBrew"},{"floor":5,"key":"Explosive Potion"},{"floor":6,"key":"DistilledChaos"},{"floor":11,"key":"Explosive Potion"},{"floor":14,"key":"Block Potion"},{"floor":21,"key":"PotionOfCapacity"},{"floor":24,"key":"Energy Potion"}],"is_trial":false,"path_per_floor":["M","M","M","M","?","E","R","E","T","M","M","R","E","M","R","B",null,"M","?","T","M","$","R","E","M","T","?","$","?","M","?","R","B"],"character_chosen":"DEFECT","items_purchased":["Skim","Frozen Eye","Oddly Smooth Stone","DataDisk"],"campfire_rested":5,"item_purchase_floors":[22,22,22,28],"current_hp_per_floor":[68,59,54,42,42,22,44,34,34,34,28,50,30,21,43,4,57,32,32,32,29,29,51,51,34,34,34,34,34,22,22,44,0,0],"gold":86,"neow_bonus":"RANDOM_COLORLESS","is_daily":false,"chose_seed":false,"campfire_upgraded":0,"win_rate":0.0,"timestamp":1607910013,"path_taken":["M","?","M","M","?","E","R","E","T","M","M","R","E","?","R","BOSS","M","?","?","M","$","R","E","M","T","?","?","?","M","?","R","BOSS"],"items_purchased_type":["Card","Relic","Relic","Relic"],"build_version":"2020-12-13","purchased_purges":1,"victory":false,"max_hp_per_floor":[75,75,75,75,75,75,75,75,75,75,75,75,75,75,75,75,75,75,75,75,75,75,75,75,75,75,75,75,75,75,75,75,75,75],"card_choices":[{"not_picked":["Purity","Trip"],"picked":"Panacea","floor":0},{"not_picked":["Turbo","Double Energy"],"picked":"Doom and Gloom","floor":1},{"not_picked":["Lockon","Chill"],"picked":"Redo","floor":2},{"not_picked":["Conserve Battery","Rebound"],"picked":"Compile Driver","floor":3},{"not_picked":["Sweeping Beam","Storm","Leap"],"picked":"SKIP","floor":4},{"not_picked":["Ball Lightning","Sweeping Beam"],"picked":"Electrodynamics","floor":6},{"not_picked":["Ball Lightning","Conserve Battery"],"picked":"Turbo","floor":7},{"not_picked":["Cold Snap","Compile Driver"],"picked":"Glacier","floor":8},{"not_picked":["Barrage","Cold Snap"],"picked":"Rebound","floor":10},{"not_picked":["Rip and Tear","Beam Cell"],"picked":"Melter","floor":11},{"not_picked":["Rebound","Gash"],"picked":"Hologram","floor":12},{"not_picked":["Sunder","Beam Cell"],"picked":"Steam","floor":13},{"not_picked":["Compile Driver","Chaos"],"picked":"Reboot","floor":14},{"not_picked":["Cold Snap","Storm"],"picked":"Steam","floor":15},{"not_picked":["Reboot","Fission"],"picked":"Echo Form","floor":16},{"not_picked":["Gash","Darkness","Ball Lightning"],"picked":"SKIP","floor":18},{"not_picked":["Ball Lightning+1","Hologram","Heatsinks"],"picked":"SKIP","floor":21},{"not_picked":["Gash","Go for the Eyes","Hologram"],"picked":"SKIP","floor":24},{"not_picked":["Ball Lightning","Heatsinks","Go for the Eyes"],"picked":"SKIP","floor":25},{"not_picked":["Steam","Heatsinks","Barrage"],"picked":"Darkness+1","floor":30},{"not_picked":["Static Discharge+1","Tempest","Fusion"],"picked":"Creative AI","floor":32}],"player_experience":1052445,"relics_obtained":[{"floor":6,"key":"Dream Catcher"},{"floor":8,"key":"Turnip"},{"floor":9,"key":"Gremlin Horn"},{"floor":13,"key":"Art of War"},{"floor":20,"key":"The Courier"},{"floor":24,"key":"Ice Cream"},{"floor":26,"key":"Question Card"}],"event_choices":[{"damage_healed":0,"gold_gain":0,"player_choice":"Got Potions","damage_taken":0,"max_hp_gain":0,"max_hp_loss":0,"event_name":"Lab","floor":5,"gold_loss":0},{"damage_healed":0,"gold_gain":0,"player_choice":"Opened","damage_taken":0,"relics_obtained":["Omamori"],"max_hp_gain":0,"max_hp_loss":0,"event_name":"The Mausoleum","floor":19,"gold_loss":0,"cards_obtained":["Writhe"]},{"damage_healed":0,"gold_gain":0,"player_choice":"Stole Relic","damage_taken":0,"relics_obtained":["Mummified Hand"],"max_hp_gain":0,"max_hp_loss":0,"event_name":"Addict","floor":27,"gold_loss":0,"cards_obtained":["Shame"]},{"damage_healed":0,"gold_gain":0,"cards_transformed":["Strike_B","Zap"],"player_choice":"Became Test Subject","damage_taken":0,"max_hp_gain":0,"max_hp_loss":0,"event_name":"Drug Dealer","floor":29,"gold_loss":0,"cards_obtained":["Core Surge","Hyperbeam"]},{"damage_healed":0,"gold_gain":0,"player_choice":"Ignored","damage_taken":0,"max_hp_gain":0,"max_hp_loss":0,"event_name":"Ghosts","floor":31,"gold_loss":0}],"is_beta":false,"boss_relics":[{"not_picked":["Ectoplasm","Coffee Dripper"],"picked":"Empty Cage"}],"items_purged_floors":[22],"is_endless":false,"potions_floor_spawned":[1,3,6,11,14,21,24],"killed_by":"Champ","ascension_level":11}}