{"host":"7pe9xwx78c6nlay8","time":1607941145,"event":{"mods":["BaseMod","Minty Spire (QoL Compilation)"],"gold_per_floor":[115,115,115,131,200,231,31,31,31,49,68,99,20,52,52,150,150,139,64,64,83,83,83,83],"floor_reached":23,"playtime":1969,"items_purged":["Strike_P"],"score":348,"play_id":"a59a9baa-83f6-4526-bb60-1f9ff6d8d51c","local_time":"20201214181905","is_ascension_mode":true,"campfire_choices":[{"data":"Eruption","floor":8.0,"key":"SMITH"},{"data":"PathToVictory","floor":15,"key":"SMITH"}],"circlet_count":0,"master_deck":["AscendersBane","Strike_P","Strike_P","Strike_P","Defend_P","Defend_P","Defend_P","Defend_P","Eruption+1","Vigilance","PathToVictory+1","Prostrate","LikeWater","PathToVictory","LikeWater","WaveOfTheHand","Weave","LikeWater","Nirvana+1"],"relics":["PureWater","NeowsBlessing","Tiny Chest","Mercury Hourglass","Regal Pillow","HandDrill","InkBottle","WingedGreaves","Bronze Scales","Coffee Dripper","Eternal Feather"],"acts_visited":["Exordium","TheCity"],"potions_floor_usage":[12,12,14,18,23],"damage_taken":[{"damage":0.0,"enemies":"Jaw Worm","floor":1.0,"turns":1.0},{"damage":0.0,"enemies":"Small Slimes","floor":4.0,"turns":1.0},{"damage":0.0,"enemies":"3 Sentries","floor":6.0,"turns":1.0},{"damage":0.0,"enemies":"Cultist","floor":10.0,"turns":3.0},{"damage":3,"enemies":"Exordium Thugs","floor":11,"turns":5},{"damage":16,"enemies":"Gremlin Nob","floor":12,"turns":4},{"damage":7,"enemies":"3 Sentries","floor":14,"turns":8},{"damage":17,"enemies":"The Guardian","floor":16,"turns":10},{"damage":7,"enemies":"2 Thieves","floor":18,"turns":4},{"damage":15,"enemies":"Spheric Guardian","floor":21,"turns":6},{"damage":36,"enemies":"Slavers","floor":23,"turns":3}],"seed_played":"2955330997426536397","potions_obtained":[{"floor":4.0,"key":"Regen Potion"},{"floor":11,"key":"AttackPotion"},{"floor":12,"key":"SkillPotion"},{"floor":16,"key":"DistilledChaos"},{"floor":18,"key":"BottledMiracle"},{"floor":21,"key":"DuplicationPotion"}],"is_trial":false,"path_per_floor":["M","?","?","M","T","E","$","R","T","M","M","E","$","E","R","B",null,"M","$","T","M","?","E"],"character_chosen":"WATCHER","items_purchased":["HandDrill","PathToVictory","Weave"],"campfire_rested":0,"item_purchase_floors":[7,7,13],"current_hp_per_floor":[65,70,52,52,52,52,52,52,52,52,49,45,45,38,38,21,63,56,56,56,41,35,0,0],"gold":83,"neow_bonus":"THREE_ENEMY_KILL","is_daily":false,"chose_seed":false,"campfire_upgraded":2,"win_rate":0.0,"timestamp":1607941145,"path_taken":["M","?","?","M","?","E","$","R","T","M","M","E","?","E","R","BOSS","M","?","?","?","?","E"],"items_purchased_type":["Relic","Card","Card"],"build_version":"2020-12-13","purchased_purges":1,"victory":false,"max_hp_per_floor":[72,77,77,77,77,77,77,77,77,77,77,77,77,77,77,77,77,77,77,77,77,77,77,77],"card_choices":[{"not_picked":["SashWhip","FlurryOfBlows"],"picked":"PathToVictory","floor":1.0},{"not_picked":["FlurryOfBlows","FlyingSleeves"],"picked":"Prostrate","floor":4.0},{"not_picked":["Wish","Tantrum"],"picked":"LikeWater","floor":6.0},{"not_picked":["Consecrate","MentalFortress"],"picked":"LikeWater","floor":10.0},{"not_picked":["MentalFortress","Halt","Crescendo"],"picked":"SKIP","floor":11},{"not_picked":["Evaluate","Weave"],"picked":"WaveOfTheHand","floor":12},{"not_picked":["Tantrum","EmptyMind"],"picked":"LikeWater","floor":14},{"not_picked":["TalkToTheHand","FollowUp","Prostrate"],"picked":"SKIP","floor":18},{"not_picked":["EmptyBody","BowlingBash+1"],"picked":"Nirvana+1","floor":21}],"player_experience":1516145,"relics_obtained":[{"floor":5.0,"key":"Mercury Hourglass"},{"floor":6.0,"key":"Regal Pillow"},{"floor":9.0,"key":"InkBottle"},{"floor":12,"key":"WingedGreaves"},{"floor":14,"key":"Bronze Scales"},{"floor":20,"key":"Eternal Feather"}],"event_choices":[{"damage_healed":0.0,"max_hp_gain":5.0,"max_hp_loss":0.0,"gold_gain":0.0,"event_name":"Big Fish","player_choice":"Donut","floor":2.0,"gold_loss":0.0,"damage_taken":0.0},{"damage_healed":0.0,"max_hp_gain":0.0,"max_hp_loss":0.0,"gold_gain":0.0,"event_name":"Scrap Ooze","player_choice":"Success","floor":3.0,"gold_loss":0.0,"damage_taken":18.0,"relics_obtained":["Tiny Chest"]},{"damage_healed":0,"gold_gain":0,"player_choice":"","damage_taken":6,"max_hp_gain":0,"max_hp_loss":0,"event_name":"Knowing Skull","floor":22,"potions_obtained":[],"gold_loss":0,"cards_obtained":[]}],"is_beta":false,"boss_relics":[{"not_picked":["Snecko Eye","Runic Dome"],"picked":"Coffee Dripper"}],"items_purged_floors":[19],"is_endless":false,"potions_floor_spawned":[4,11,12,16,18,21],"killed_by":"Slavers","ascension_level":10}}