{"host":"eemx8njkng76fu5x","time":1607934011,"event":{"mods":["2.2 Compatiblity","BaseMod","Downfall","Minty Spire (QoL Compilation)","Permanent Neow","StSLib","Unceasing Turn Reminder","Unknown Chances"],"gold_per_floor":[99,119,146,146,165,179,179,104,124,124,140,50,63,63,79,174,174,174,189,189,224,248,248,271,290,175,100,116,116,131,131,148,251,251,251,270,270,290,290,336,359,359,359],"floor_reached":42,"playtime":2386,"items_purged":["champ:Taunt","champ:Strike"],"score":443,"play_id":"6b17d935-882d-4fca-9dba-2af04d96274d","local_time":"20201214162011","is_ascension_mode":false,"campfire_choices":[{"data":"champ:EnchantSword","floor":1.0,"key":"SMITH"},{"floor":4.0,"key":"RECALL"},{"data":"champ:Execute","floor":8.0,"key":"SMITH"},{"data":"champ:SkillfulDodge","floor":10.0,"key":"SMITH"},{"data":"champ:SkillfulDodge","floor":18.0,"key":"SMITH"},{"data":"champ:ShieldThrow","floor":20.0,"key":"SMITH"},{"data":"champ:StanceDance","floor":23.0,"key":"SMITH"},{"data":"champ:EnGarde","floor":27.0,"key":"SMITH"},{"data":"champ:FocusedDefense","floor":35.0,"key":"SMITH"},{"data":"champ:BringItOn","floor":37.0,"key":"SMITH"},{"data":"champ:EnchantShield","floor":39.0,"key":"SMITH"}],"circlet_count":0,"master_deck":["champ:Strike","champ:Defend","champ:Defend","champ:Defend","champ:Defend","champ:Execute+1","champ:EnchantSword+1","champ:DefensiveShout","champ:SkillfulDodge+1","champ:StanceDance+1","champ:SkillfulDodge+1","champ:DefensiveShout","champ:BringItOn+1","champ:ShieldThrow+1","champ:Circumvent+1","champ:FocusedDefense+1","champ:EnGarde+1","champ:TornadoPunch+1","champ:EnchantShield+1"],"relics":["champ:ChampionCrown","Unceasing Top","Pantograph","downfall:HeartBlessingRed","SlaversCollar","Frozen Egg 2","Oddly Smooth Stone","downfall:HeartBlessingBlue","Empty Cage","Ice Cream","Bronze Scales"],"acts_visited":["Exordium","TheCity","TheBeyond"],"potions_floor_usage":[42],"damage_taken":[{"damage":14.0,"enemies":"Cultist","floor":2.0,"turns":4.0},{"damage":33.0,"enemies":"Lagavulin","floor":3.0,"turns":8.0},{"damage":8.0,"enemies":"Jaw Worm","floor":5.0,"turns":4.0},{"damage":5.0,"enemies":"2 Louse","floor":6.0,"turns":4.0},{"damage":10.0,"enemies":"Exordium Wildlife","floor":9.0,"turns":3.0},{"damage":18.0,"enemies":"Large Slime","floor":11.0,"turns":5.0},{"damage":13.0,"enemies":"downfall:FleeingMerchant","floor":12.0,"turns":4.0},{"damage":11.0,"enemies":"Exordium Thugs","floor":13.0,"turns":5.0},{"damage":9.0,"enemies":"3 Louse","floor":15.0,"turns":4.0},{"damage":51.0,"enemies":"downfall:Silent","floor":16.0,"turns":12.0},{"damage":11.0,"enemies":"Spheric Guardian","floor":19.0,"turns":4.0},{"damage":65.0,"enemies":"Gremlin Leader","floor":21.0,"turns":11.0},{"damage":9.0,"enemies":"Cultist and Chosen","floor":25.0,"turns":6.0},{"damage":10.0,"enemies":"downfall:FleeingMerchant","floor":26.0,"turns":4.0},{"damage":17.0,"enemies":"3 Cultists","floor":28.0,"turns":5.0},{"damage":10.0,"enemies":"Centurion and Healer","floor":30.0,"turns":8.0},{"damage":12.0,"enemies":"Cultist and Chosen","floor":32.0,"turns":6.0},{"damage":21.0,"enemies":"downfall:Ironclad","floor":33.0,"turns":9.0},{"damage":5.0,"enemies":"3 Shapes","floor":36.0,"turns":8.0},{"damage":11.0,"enemies":"Orb Walker","floor":38.0,"turns":3.0},{"damage":82.0,"enemies":"2 Orb Walkers","floor":40.0,"turns":6.0},{"damage":53,"enemies":"Transient","floor":42,"turns":4}],"seed_played":"4138629799447847358","potions_obtained":[{"floor":2.0,"key":"AttackPotion"},{"floor":5.0,"key":"champ:UltimateStancePotion"},{"floor":9.0,"key":"champ:TechniquePotion"},{"floor":11.0,"key":"Swift Potion"},{"floor":15.0,"key":"EssenceOfSteel"},{"floor":25.0,"key":"Explosive Potion"},{"floor":28.0,"key":"EssenceOfSteel"},{"floor":30.0,"key":"Strength Potion"},{"floor":33.0,"key":"Regen Potion"},{"floor":36.0,"key":"Slimebound:ThreeZeroPotion"},{"floor":40.0,"key":"GamblersBrew"}],"is_trial":false,"path_per_floor":["R","M","E","R","M","M","T","R","M","R","M","$","M","?","M","B",null,"R","M","R","E","T","R","T","M","$","R","M","?","M","?","M","B",null,"R","M","R","M","R","?","T","M"],"character_chosen":"THE_CHAMP","items_purchased":[],"campfire_rested":0,"item_purchase_floors":[],"current_hp_per_floor":[90,81,57,57,54,54,54,54,54,54,36,36,30,30,26,16,90,90,79,79,30,30,30,30,26,26,36,30,30,20,20,19,28,100,100,100,100,94,94,51,51,0,0],"gold":359,"neow_bonus":"ONE_RANDOM_RARE_CARD","is_daily":false,"chose_seed":false,"campfire_upgraded":10,"win_rate":0.0,"timestamp":1607934011,"path_taken":["R","M","E","R","M","M","T","R","?","R","M","$","M","?","M","BOSS","R","M","R","E","?","R","T","M","$","R","M","?","M","?","M","BOSS","R","M","R","M","R","?","T","M"],"items_purchased_type":[],"build_version":"2020-12-13","purchased_purges":2,"victory":false,"max_hp_per_floor":[90,90,90,90,90,90,90,90,90,90,90,90,90,90,90,90,90,90,90,90,90,90,90,90,90,90,100,100,100,100,100,100,100,100,100,100,100,100,100,100,100,100,100],"card_choices":[{"not_picked":["champ:IronFortress","champ:Backstep","champ:FanOfKnives"],"picked":"SKIP","floor":2.0},{"not_picked":["champ:IgnorePain","champ:FightOn"],"picked":"champ:DefensiveShout","floor":3.0},{"not_picked":["champ:ShieldSigil","champ:HeartStrike","champ:FightOn"],"picked":"SKIP","floor":5.0},{"not_picked":["champ:GladiatorsShout","champ:ViciousMockery","champ:FightOn"],"picked":"SKIP","floor":6.0},{"not_picked":["champ:TornadoPunch","champ:ShieldWall"],"picked":"champ:SkillfulDodge","floor":9.0},{"not_picked":["champ:BladeFlurry","champ:DeathBlow"],"picked":"champ:StanceDance","floor":11.0},{"not_picked":["champ:Encircle","champ:AdrenalArmor"],"picked":"champ:SkillfulDodge","floor":12.0},{"not_picked":["champ:RisingSlash","champ:Circumvent"],"picked":"champ:DefensiveShout","floor":13.0},{"not_picked":["champ:Haymaker","champ:ShieldSigil"],"picked":"champ:BringItOn","floor":15.0},{"not_picked":["champ:StrikeOfGenius","champ:EnchantSword"],"picked":"champ:ShieldThrow","floor":16.0},{"not_picked":["champ:RageSigil","champ:AdrenalArmor+1"],"picked":"champ:Circumvent+1","floor":19.0},{"not_picked":["champ:SwordSigil","champ:ViciousMockery","champ:FaceSlap"],"picked":"SKIP","floor":21.0},{"not_picked":["champ:FlashCut+1","champ:Haymaker+1"],"picked":"champ:FocusedDefense","floor":25.0},{"not_picked":["champ:Haymaker","champ:CalledShot+1"],"picked":"champ:EnGarde","floor":26.0},{"not_picked":["champ:Backstep+1","champ:RageSigil","champ:FanOfKnives+1"],"picked":"SKIP","floor":28.0},{"not_picked":["champ:FocusedBerserking","champ:ShieldSigil","champ:HeartStrike"],"picked":"SKIP","floor":30.0},{"not_picked":["champ:SwordSigil+1","champ:Backstep"],"picked":"champ:TornadoPunch+1","floor":32.0},{"not_picked":["champ:DeathBlow","champ:CrookedStrike","champ:FlashCut"],"picked":"SKIP","floor":36.0},{"not_picked":["champ:BladeFlurry","champ:AdrenalArmor"],"picked":"champ:EnchantShield","floor":38.0}],"player_experience":351885,"relics_obtained":[{"floor":3.0,"key":"Unceasing Top"},{"floor":7.0,"key":"Pantograph"},{"floor":21.0,"key":"Frozen Egg 2"},{"floor":22.0,"key":"Oddly Smooth Stone"},{"floor":40.0,"key":"Ice Cream"},{"floor":41.0,"key":"Bronze Scales"}],"event_choices":[{"damage_healed":0.0,"max_hp_gain":0.0,"max_hp_loss":0.0,"gold_gain":0.0,"event_name":"Ghosts","player_choice":"Ignored","floor":29.0,"gold_loss":0.0,"damage_taken":0.0},{"damage_healed":0.0,"max_hp_gain":0.0,"max_hp_loss":0.0,"gold_gain":0.0,"event_name":"Vampires","player_choice":"Ignored","floor":31.0,"gold_loss":0.0,"damage_taken":0.0},{"damage_healed":0.0,"max_hp_gain":0.0,"max_hp_loss":0.0,"gold_gain":0.0,"event_name":"Mysterious Sphere","player_choice":"Fight","floor":40.0,"gold_loss":0.0,"damage_taken":0.0}],"is_beta":false,"boss_relics":[{"not_picked":["champ:ChampionCrownUpgraded","Calling Bell"],"picked":"SlaversCollar"},{"not_picked":["SacredBark","expansioncontent:StudyCardRelic"],"picked":"Empty Cage"}],"items_purged_floors":[12,26],"is_endless":false,"potions_floor_spawned":[2,5,9,11,15,25,28,30,33,36,40],"killed_by":"Transient","ascension_level":0}}