{"host":"jgqxb38yl0c1w101","time":1607914881,"event":{"mods":["2.2 Compatiblity","AchievementEnabler","BaseMod","Beaked The Cultist","Colored Map","Downfall","Hermit","Hubris","Minty Spire (QoL Compilation)","Replay The Spire","StSLib"],"gold_per_floor":[99,111,111,111,126,158,158,170,182,226,248,260,282,294,318,433,445,445,445,445,356,356,356,356,281,281,281,281,206,206,206,206,121,121,121,121,121,121,121,121,121,121,121,121,121,46,46,46,46,46,46,46,46,46,46,46,46],"floor_reached":58,"playtime":4264,"items_purged":[],"score":1184,"play_id":"3f7f28ea-84f3-47fa-9019-38e1b740879a","local_time":"20201213220121","is_ascension_mode":false,"campfire_choices":[{"data":"Guardian:CrystalBeam","floor":1,"key":"SMITH"},{"floor":8,"key":"REST"},{"floor":18,"key":"RECALL"},{"data":"Guardian:PolyBeam","floor":25,"key":"SMITH"},{"data":"Guardian:CurlUp","floor":29,"key":"SMITH"},{"data":"Guardian:BaubleBeam","floor":37,"key":"SMITH"},{"data":"Guardian:BronzeArmor","floor":39,"key":"SMITH"},{"floor":46,"key":"REST"},{"floor":56,"key":"REST"}],"circlet_count":0,"master_deck":["Guardian:Strike_Guardian+1","Guardian:Strike_Guardian","Guardian:Strike_Guardian","Guardian:Strike_Guardian","Guardian:Defend_Guardian","Guardian:Defend_Guardian","Guardian:Defend_Guardian","Guardian:Defend_Guardian","Guardian:CurlUp+1","Guardian:TwinSlam","Guardian:CrystalBeam+1","Replay:GuardianCast+1","Guardian:PolyBeam+1","Parasite","Guardian:VentSteam","Guardian:PrimingBeam","Guardian:BaubleBeam+1","Guardian:BronzeArmor+1","Guardian:PiercingHide+1","Guardian:PrismaticBeam","Guardian:PrimingBeam+1","Guardian:Repulse+1","Guardian:CrystalBeam+1","Guardian:CrystalBeam"],"relics":["Cracked Core","Oddly Smooth Stone","MawBank","hubris:AstralHammer","Ectoplasm","Iron Hammer","Pantograph","downfall:HeartBlessingRed","hubris:Spice","downfall:HeartBlessingBlue","Shuriken","Replay:Wanted Poster","Mirror","Spirit Poop","Regal Pillow","downfall:HeartBlessingGreen"],"acts_visited":["Exordium","TheCity","TheBeyond","TheEnding"],"potions_floor_usage":[16,33,42,45,52,52,57],"damage_taken":[{"damage":0,"enemies":"2 Louse","floor":2,"turns":3},{"damage":10,"enemies":"Small Slimes","floor":5,"turns":2},{"damage":47,"enemies":"Lagavulin","floor":6,"turns":9},{"damage":9,"enemies":"Replay:BlueRogue","floor":10,"turns":3},{"damage":1,"enemies":"Jaw Worm","floor":11,"turns":3},{"damage":0,"enemies":"2 Fungi Beasts","floor":13,"turns":2},{"damage":1,"enemies":"Blue Slaver","floor":15,"turns":3},{"damage":29,"enemies":"downfall:Ironclad","floor":16,"turns":6},{"damage":20,"enemies":"Replay:Snechameleon","floor":20,"turns":5},{"damage":0,"enemies":"downfall:FleeingMerchant","floor":21,"turns":4},{"damage":0,"enemies":"Chosen","floor":22,"turns":1},{"damage":0,"enemies":"Shell Parasite","floor":27,"turns":1},{"damage":30,"enemies":"Slavers","floor":28,"turns":4},{"damage":9,"enemies":"Chosen and Byrds","floor":30,"turns":2},{"damage":7,"enemies":"downfall:FleeingMerchant","floor":33,"turns":4},{"damage":7,"enemies":"Snake Plant","floor":34,"turns":3},{"damage":22,"enemies":"downfall:Defect","floor":35,"turns":4},{"damage":0,"enemies":"3 Darklings","floor":38,"turns":4},{"damage":14,"enemies":"Orb Walker","floor":40,"turns":2},{"damage":20,"enemies":"Jaw Worm Horde","floor":41,"turns":4},{"damage":0,"enemies":"Writhing Mass","floor":42,"turns":1},{"damage":26,"enemies":"beaked:SuperParasite","floor":45,"turns":4},{"damage":0,"enemies":"3 Darklings","floor":47,"turns":4},{"damage":39,"enemies":"4 Shapes","floor":49,"turns":3},{"damage":26,"enemies":"Jaw Worm Horde","floor":51,"turns":3},{"damage":19,"enemies":"downfall:Silent","floor":52,"turns":9},{"damage":42,"enemies":"downfall:CharBossMerchant","floor":54,"turns":6},{"damage":50,"enemies":"downfall:NeowBoss","floor":57,"turns":29}],"seed_played":"-6460137919534719967","potions_obtained":[{"floor":5,"key":"Guardian:AcceleratePotion"},{"floor":10,"key":"FearPotion"},{"floor":15,"key":"PowerPotion"},{"floor":27,"key":"DuplicationPotion"},{"floor":28,"key":"Energy Potion"},{"floor":30,"key":"Milkshake"},{"floor":34,"key":"SmokeBomb"},{"floor":40,"key":"Adrenaline Potion"},{"floor":45,"key":"sneckomod:MuddlingPotion"},{"floor":49,"key":"PowerPotion"},{"floor":51,"key":"SpeedPotion"},{"floor":54,"key":"sneckomod:MuddlingPotion"}],"is_trial":false,"path_per_floor":["R","M","?","?","M","E","T","R","?","E","M","?","M","?","M","B",null,"R_BF","?","E","$","M","PTL","PTL","R","T","M","E","R","M","T","?","$","M","B",null,"R","M","R","M","M","M","T","?","E","R","M","$","M","?","M","B",null,"E","$","R","B",null],"character_chosen":"GUARDIAN","items_purchased":["Guardian:Gem_White","Guardian:PrismaticBeam"],"campfire_rested":3,"item_purchase_floors":[21,33],"current_hp_per_floor":[80,80,80,80,70,23,23,47,67,58,57,57,57,57,56,27,80,80,80,60,60,60,60,60,60,60,60,38,48,39,39,39,32,25,28,98,98,98,98,84,64,64,64,64,38,82,82,82,43,43,17,23,98,64,64,98,48],"gold":46,"neow_bonus":"THREE_CARDS","is_daily":false,"chose_seed":false,"campfire_upgraded":5,"win_rate":0.0,"timestamp":1607914881,"path_taken":["R","M","?","?","M","E","T","R","?","E","M","?","M","?","M","BOSS","R_BF","?","E","$","M","PTL","PTL","R","T","M","E","R","M","?","?","?","M","BOSS","R","M","R","M","M","M","T","?","E","R","M","$","?","?","M","BOSS","E","$","R","BOSS"],"items_purchased_type":["Card","Card"],"build_version":"2020-12-13","purchased_purges":0,"victory":true,"max_hp_per_floor":[80,80,80,80,80,80,80,80,80,80,80,80,80,80,80,80,80,80,80,80,80,80,80,80,80,80,80,88,98,98,98,98,98,98,98,98,98,98,98,98,98,98,98,98,98,98,98,98,98,98,98,98,98,98,98,98,98],"card_choices":[{"not_picked":["Guardian:VentSteam","Guardian:Gem_Lightblue"],"picked":"Guardian:CrystalBeam","floor":0},{"not_picked":["Guardian:ChargeCore","Guardian:TemporalStrike"],"picked":"Guardian:Gem_Red","floor":2},{"not_picked":["Guardian:CrystalBeam","Guardian:ChargeCore"],"picked":"Guardian:PolyBeam","floor":5},{"not_picked":["Guardian:Clone","Guardian:Planning"],"picked":"Guardian:Gem_Crimson","floor":6},{"not_picked":["Guardian:TemporalStrike","Guardian:TemporalShield"],"picked":"Guardian:VentSteam","floor":10},{"not_picked":["Guardian:WalkerClaw","Guardian:Recover","Guardian:ShieldSpikes"],"picked":"SKIP","floor":11},{"not_picked":["Guardian:RevengeProtocol","Guardian:BronzeOrb"],"picked":"Guardian:PrimingBeam","floor":13},{"not_picked":["Guardian:Suspension","Guardian:GuardianWhirl","Guardian:RollAttack"],"picked":"SKIP","floor":15},{"not_picked":["Guardian:FierceBash","Guardian:StasisField"],"picked":"Guardian:BaubleBeam","floor":16},{"not_picked":["Guardian:WalkerClaw+1","Guardian:FastForward"],"picked":"Guardian:Gem_Cyan","floor":20},{"not_picked":["Guardian:Reroute","Guardian:GuardianWhirl+1","Guardian:BaubleBeam"],"picked":"SKIP","floor":21},{"not_picked":["Guardian:TemporalStrike","Guardian:VentSteam","Guardian:SpikerProtocol+1"],"picked":"SKIP","floor":22},{"not_picked":["Guardian:EvasiveProtocol","Guardian:ShieldCharger"],"picked":"Guardian:Gem_Cyan","floor":27},{"not_picked":["Guardian:WalkerClaw","Guardian:TimeSifter"],"picked":"Guardian:BronzeArmor","floor":28},{"not_picked":["Guardian:TemporalStrike","Guardian:Gem_White"],"picked":"Guardian:Gem_Fragmented","floor":30},{"not_picked":["Guardian:RollAttack+1","Guardian:RevengeProtocol"],"picked":"Guardian:PiercingHide+1","floor":33},{"not_picked":["Guardian:GuardianWhirl","Guardian:Gem_Lightblue"],"picked":"Guardian:PrimingBeam+1","floor":34},{"not_picked":["Guardian:ShieldCharger+1","Guardian:TemporalStrike"],"picked":"Guardian:Gem_Red","floor":38},{"not_picked":["Guardian:VentSteam","Guardian:TimeBomb"],"picked":"Guardian:Repulse+1","floor":40},{"not_picked":["Guardian:Planning+1","Guardian:ShieldCharger+1"],"picked":"Guardian:CrystalBeam+1","floor":41},{"not_picked":["Guardian:VentSteam","Guardian:Gem_Cyan"],"picked":"Guardian:Gem_Fragmented","floor":45},{"not_picked":["Guardian:RollAttack+1","Guardian:Preprogram+1"],"picked":"Guardian:CrystalBeam","floor":47},{"not_picked":["Guardian:Suspension+1","Guardian:Gem_Fragmented"],"picked":"Guardian:Gem_White","floor":49},{"not_picked":["Guardian:Harden","Guardian:Incinerate"],"picked":"Guardian:Gem_Red","floor":51},{"not_picked":["Guardian:Gem_White","Guardian:ChargeCore"],"picked":"Guardian:Gem_Blue","floor":54}],"player_experience":72032,"relics_obtained":[{"floor":6,"key":"Oddly Smooth Stone"},{"floor":7,"key":"MawBank"},{"floor":10,"key":"hubris:AstralHammer"},{"floor":20,"key":"Pantograph"},{"floor":28,"key":"hubris:Spice"},{"floor":31,"key":"Shuriken"},{"floor":43,"key":"Mirror"},{"floor":45,"key":"Regal Pillow"},{"floor":54,"key":"hubris:Spice"},{"floor":54,"key":"hubris:Spice"}],"event_choices":[{"damage_healed":20,"gold_gain":0,"player_choice":"Healed and dodged fight","damage_taken":0,"max_hp_gain":0,"max_hp_loss":0,"event_name":"Mushrooms","floor":9,"gold_loss":0,"cards_obtained":["Parasite"]},{"damage_healed":0,"gold_gain":0,"player_choice":"Grow","damage_taken":0,"max_hp_gain":0,"max_hp_loss":0,"event_name":"Living Wall","floor":14,"gold_loss":0,"cards_upgraded":["Replay:GuardianCast"]},{"damage_healed":0,"gold_gain":0,"player_choice":"Stole Relic","damage_taken":0,"relics_obtained":["Iron Hammer"],"max_hp_gain":0,"max_hp_loss":0,"event_name":"Addict","floor":19,"gold_loss":0,"cards_obtained":["Shame"]},{"cards_removed":["Shame"],"damage_healed":0,"gold_gain":0,"player_choice":"Offered Curse","damage_taken":0,"relics_obtained":["Spirit Poop"],"max_hp_gain":0,"max_hp_loss":0,"event_name":"Bonfire Elementals","floor":44,"gold_loss":0},{"damage_healed":0,"gold_gain":0,"player_choice":"Ignored","damage_taken":0,"max_hp_gain":0,"max_hp_loss":0,"event_name":"Mysterious Sphere","floor":50,"gold_loss":0}],"is_beta":false,"boss_relics":[{"not_picked":["hubris:Stopwatch","Cursed Key"],"picked":"Ectoplasm"},{"not_picked":["Painkiller Herb","hubris:Spice"],"picked":"Replay:Wanted Poster"}],"items_purged_floors":[],"is_endless":false,"potions_floor_spawned":[5,10,15,27,28,30,34,35,40,42,45,49,51,54],"ascension_level":0}}