{"host":"ÂùDorgi","time":1607960325,"event":{"mods":["BaseMod","Minty Spire (QoL Compilation)","Replay The Spire","StSLib"],"gold_per_floor":[114,114,45,134,151,186,200,200,200],"floor_reached":8,"playtime":186,"items_purged":[],"score":101,"play_id":"5f04ad33-70a9-493b-9ae5-6ebbb7cdc612","local_time":"20201214183845","is_ascension_mode":true,"campfire_choices":[],"circlet_count":0,"master_deck":["Strike_G","Strike_G","Strike_G","Strike_G","Strike_G","Defend_G","Defend_G","Defend_G","Defend_G","Defend_G","Survivor","Neutralize","Cloak And Dagger","Accuracy","PiercingWail","Deadly Poison","Accuracy","Cloak And Dagger"],"relics":["Ring of the Snake","NeowsBlessing","Blood Vial","Regal Pillow","Calipers"],"acts_visited":["Exordium"],"potions_floor_usage":[],"damage_taken":[{"damage":0,"enemies":"2 Louse","floor":1,"turns":1},{"damage":0,"enemies":"Small Slimes","floor":5,"turns":1},{"damage":0,"enemies":"Gremlin Nob","floor":6,"turns":1},{"damage":3,"enemies":"Jaw Worm","floor":7,"turns":5},{"damage":8,"enemies":"Lagavulin","floor":8,"turns":3}],"seed_played":"271577539372639430","potions_obtained":[{"floor":1,"key":"EssenceOfSteel"}],"is_trial":false,"path_per_floor":["M","?","$","?","M","E","M","E"],"character_chosen":"THE_SILENT","items_purchased":["Accuracy"],"campfire_rested":0,"item_purchase_floors":[3],"current_hp_per_floor":[70,37,37,9,11,13,12,6,6],"gold":200,"neow_bonus":"THREE_ENEMY_KILL","is_daily":false,"chose_seed":false,"campfire_upgraded":0,"win_rate":0.0,"timestamp":1607960325,"path_taken":["M","?","$","?","?","E","M","E"],"items_purchased_type":["Card"],"build_version":"2020-12-07","purchased_purges":0,"victory":false,"max_hp_per_floor":[70,70,70,70,70,70,70,70,70],"card_choices":[{"not_picked":["Concentrate","Flying Knee"],"picked":"Cloak And Dagger","floor":1},{"not_picked":["Dagger Spray","Underhanded Strike"],"picked":"PiercingWail","floor":4},{"not_picked":["Dagger Throw","Predator"],"picked":"Deadly Poison","floor":5},{"not_picked":["Expertise","Prepared"],"picked":"Accuracy","floor":6},{"not_picked":["Dagger Throw","Quick Slash"],"picked":"Cloak And Dagger","floor":7}],"player_experience":300651,"relics_obtained":[{"floor":4,"key":"Regal Pillow"},{"floor":6,"key":"Calipers"}],"event_choices":[{"damage_healed":0,"gold_gain":0,"player_choice":"Success","damage_taken":33,"relics_obtained":["Blood Vial"],"max_hp_gain":0,"max_hp_loss":0,"event_name":"Scrap Ooze","floor":2,"gold_loss":0}],"is_beta":true,"boss_relics":[],"items_purged_floors":[],"is_endless":false,"potions_floor_spawned":[1],"killed_by":"Lagavulin","ascension_level":5}}