{"host":"dth8fvkfiulu86fi","time":1607945192,"event":{"mods":["2.2 Compatiblity","AchievementEnabler","BaseMod","Better Third Choice","Colored Map","Colored Powertips","Minty Spire (QoL Compilation)","Rare Cards Sparkle","StSLib","SuperFastMode","Synergy Search"],"gold_per_floor":[114,114,129,144,144,144,182,213,250,262,312,343,305,336,348,485,497,528,540,552,602,72,72,110,110,135,154,182,201,201,229,229,363,363,382,269,269,269,269,269],"floor_reached":39,"playtime":1331,"items_purged":[],"score":579,"play_id":"eabb24ce-8c73-484a-9006-9c278a40a9c1","local_time":"20201214122632","daily_mods":["Cursed Run","Diverse","DeadlyEvents"],"is_ascension_mode":false,"campfire_choices":[{"data":"Dualcast","floor":6.0,"key":"SMITH"},{"floor":15.0,"key":"REST"},{"data":"After Image","floor":23.0,"key":"SMITH"},{"floor":30.0,"key":"REST"},{"data":"Zap","floor":32.0,"key":"SMITH"}],"circlet_count":0,"master_deck":["Strike_B+1","Strike_B+1","Strike_B+1","Defend_B+1","Defend_B+1","Defend_B+1","Defend_B+1","Zap+1","Dualcast+1","Heavy Blade+1","Deflect+1","Clumsy","Die Die Die+1","Clumsy","CurseOfTheBell","Perfected Strike+1","After Image+1","Anger+1","Swift Strike+1","Writhe","Shrug It Off+1","Immolate+1","Writhe","Flex+1","Anger+1","BootSequence+1"],"relics":["Cursed Key","Darkstone Periapt","Du-Vu Doll","Golden Idol","MawBank","Regal Pillow","Boot","Nunchaku","Calling Bell","War Paint","InkBottle","Mango","Vajra","Anchor","FossilizedHelix","Orichalcum","CeramicFish","Mark of the Bloom"],"acts_visited":["Exordium","TheCity","TheBeyond"],"potions_floor_usage":[39],"damage_taken":[{"damage":1.0,"enemies":"Cultist","floor":1.0,"turns":4.0},{"damage":5.0,"enemies":"Small Slimes","floor":3.0,"turns":3.0},{"damage":1.0,"enemies":"2 Louse","floor":4.0,"turns":2.0},{"damage":20.0,"enemies":"Gremlin Nob","floor":7.0,"turns":4.0},{"damage":14.0,"enemies":"Gremlin Gang","floor":8.0,"turns":4.0},{"damage":9.0,"enemies":"Lagavulin","floor":11.0,"turns":4.0},{"damage":3.0,"enemies":"2 Fungi Beasts","floor":12.0,"turns":3.0},{"damage":8.0,"enemies":"Blue Slaver","floor":14.0,"turns":3.0},{"damage":54.0,"enemies":"Slime Boss","floor":16.0,"turns":12.0},{"damage":15.0,"enemies":"3 Byrds","floor":18.0,"turns":5.0},{"damage":27.0,"enemies":"Gremlin Leader","floor":21.0,"turns":8.0},{"damage":6.0,"enemies":"Slavers","floor":24.0,"turns":4.0},{"damage":1.0,"enemies":"Shell Parasite","floor":27.0,"turns":4.0},{"damage":8.0,"enemies":"Cultist and Chosen","floor":28.0,"turns":5.0},{"damage":0.0,"enemies":"Shelled Parasite and Fungi","floor":29.0,"turns":4.0},{"damage":1.0,"enemies":"Snecko","floor":31.0,"turns":5.0},{"damage":53.0,"enemies":"Collector","floor":33.0,"turns":10.0},{"damage":12.0,"enemies":"3 Darklings","floor":35.0,"turns":4.0},{"damage":109,"enemies":"Time Eater","floor":39,"turns":11}],"seed_played":"1880613833527945180","potions_obtained":[{"floor":7.0,"key":"Swift Potion"},{"floor":8.0,"key":"PowerPotion"},{"floor":12.0,"key":"SteroidPotion"},{"floor":16.0,"key":"Block Potion"},{"floor":21.0,"key":"SkillPotion"},{"floor":24.0,"key":"Explosive Potion"},{"floor":29.0,"key":"Dexterity Potion"},{"floor":35.0,"key":"LiquidMemories"}],"is_trial":false,"path_per_floor":["M","$","M","M","?","R","E","M","T","T","E","M","?","M","R","B",null,"M","?","?","E","$","R","E","?","T","M","M","M","R","M","R","B",null,"M","$","?","?","B"],"character_chosen":"DEFECT","items_purchased":["Anchor","FossilizedHelix","Swift Strike","Flex","Anger","BootSequence"],"campfire_rested":2,"item_purchase_floors":[22,22,22,36,36,36],"current_hp_per_floor":[74,74,69,68,68,68,48,34,40,46,37,34,34,26,65,17,107,92,92,92,65,65,65,59,59,65,64,56,56,104,103,103,56,119,107,107,107,107,0,0],"gold":269,"neow_bonus":"","is_daily":true,"chose_seed":false,"campfire_upgraded":3,"win_rate":0.0,"timestamp":1607945192,"path_taken":["M","?","M","M","?","R","E","?","T","?","?","M","?","M","R","BOSS","M","?","?","?","$","R","E","?","T","?","M","M","R","M","R","BOSS","M","$","?","?","BOSS"],"items_purchased_type":["Relic","Relic","Card","Card","Card","Card"],"build_version":"2020-12-13","purchased_purges":0,"victory":false,"max_hp_per_floor":[75,75,75,75,69,69,69,69,75,81,81,81,81,81,81,87,107,107,107,107,107,107,107,107,107,113,113,113,113,113,113,113,119,119,119,119,119,119,119,119],"card_choices":[{"not_picked":["Thunderclap","Pommel Strike"],"picked":"Heavy Blade","floor":1.0},{"not_picked":["BattleHymn","Prostrate","Meditate"],"picked":"SKIP","floor":3.0},{"not_picked":["Hologram","Adaptation","Evaluate"],"picked":"SKIP","floor":4.0},{"not_picked":["Sword Boomerang","Acrobatics","Dagger Spray"],"picked":"SKIP","floor":7.0},{"not_picked":["Headbutt","Force Field"],"picked":"Deflect","floor":8.0},{"not_picked":["Dagger Spray","ForeignInfluence","FlyingSleeves"],"picked":"SKIP","floor":11.0},{"not_picked":["Reflex","Entrench","Compile Driver"],"picked":"SKIP","floor":12.0},{"not_picked":["PiercingWail","Pommel Strike"],"picked":"Die Die Die","floor":14.0},{"not_picked":["Redo+1","True Grit"],"picked":"Perfected Strike+1","floor":18.0},{"not_picked":["Infinite Blades","JustLucky"],"picked":"Anger+1","floor":21.0},{"not_picked":["Burning Pact+1","Bloodletting","Clothesline"],"picked":"SKIP","floor":24.0},{"not_picked":["Rip and Tear","Iron Wave","Shockwave"],"picked":"SKIP","floor":27.0},{"not_picked":["Conclude+1","Bloodletting+1"],"picked":"Shrug It Off","floor":28.0},{"not_picked":["FollowUp","Armaments","CutThroughFate"],"picked":"SKIP","floor":29.0},{"not_picked":["Dodge and Roll","Go for the Eyes"],"picked":"Immolate","floor":31.0},{"not_picked":["Dark Embrace+1","Force Field+1","Vengeance"],"picked":"SKIP","floor":35.0}],"player_experience":1102944,"relics_obtained":[{"floor":7.0,"key":"MawBank"},{"floor":9.0,"key":"Regal Pillow"},{"floor":10.0,"key":"Boot"},{"floor":11.0,"key":"Nunchaku"},{"floor":17.0,"key":"War Paint"},{"floor":17.0,"key":"InkBottle"},{"floor":17.0,"key":"Mango"},{"floor":21.0,"key":"Vajra"},{"floor":24.0,"key":"Orichalcum"},{"floor":26.0,"key":"CeramicFish"}],"event_choices":[{"damage_healed":0.0,"max_hp_gain":0.0,"max_hp_loss":6.0,"gold_gain":0.0,"event_name":"Golden Idol","player_choice":"Lose Max HP","floor":5.0,"gold_loss":0.0,"damage_taken":0.0,"relics_obtained":["Golden Idol"]},{"cards_removed":["Shame"],"damage_healed":0.0,"max_hp_gain":0.0,"max_hp_loss":0.0,"gold_gain":0.0,"event_name":"The Cleric","player_choice":"Card Removal","floor":13.0,"gold_loss":50.0,"damage_taken":0.0},{"damage_healed":0.0,"max_hp_gain":0.0,"max_hp_loss":0.0,"gold_gain":0.0,"event_name":"The Library","player_choice":"Read","floor":19.0,"gold_loss":0.0,"damage_taken":0.0,"cards_obtained":["After Image"]},{"cards_removed":["Strike_B"],"damage_healed":0.0,"max_hp_gain":0.0,"max_hp_loss":0.0,"gold_gain":0.0,"event_name":"Purifier","player_choice":"Purged","floor":20.0,"gold_loss":0.0,"damage_taken":0.0},{"damage_healed":0.0,"max_hp_gain":0.0,"max_hp_loss":0.0,"gold_gain":0.0,"event_name":"Vampires","player_choice":"Ignored","floor":25.0,"gold_loss":0.0,"damage_taken":0.0},{"damage_healed":0.0,"max_hp_gain":0.0,"max_hp_loss":0.0,"gold_gain":0.0,"event_name":"MindBloom","player_choice":"Upgrade","floor":37.0,"gold_loss":0.0,"damage_taken":0.0,"cards_upgraded":["Strike_B","Strike_B","Strike_B","Defend_B","Defend_B","Heavy Blade","Deflect","Die Die Die","Swift Strike","Shrug It Off","Immolate","Flex","Anger","BootSequence"],"relics_obtained":["Mark of the Bloom"]},{"damage_healed":0.0,"max_hp_gain":0.0,"max_hp_loss":0.0,"gold_gain":0.0,"event_name":"betterThird:BetterPortal","player_choice":"Portal","floor":38.0,"gold_loss":0.0,"damage_taken":0.0}],"is_beta":false,"boss_relics":[{"not_picked":["Fusion Hammer","Inserter"],"picked":"Calling Bell"},{"not_picked":["Runic Dome","Pandora\u0027s Box","Coffee Dripper"]}],"items_purged_floors":[],"is_endless":false,"potions_floor_spawned":[7,8,12,16,21,24,29,35],"killed_by":"Time Eater","ascension_level":0}}