{"host":"1rf9pknejqhzkc4o","time":1607981404,"event":{"mods":["Aspiration","BaseMod","Better Altar","Better Match","Better Note","Better Sensory Stone","Better Skull","Better Third Choice","Colored Map","Colored Powertips","Communication Mod","Conspire","Energized Spire","Hubris","Ironclad Rager","Minty Spire (QoL Compilation)","Quick Restart","RNG Fix","Rare Cards Sparkle","Relic Stats","Replay The Spire","Retaliation","Spicy Shops","StSLib","The Blue Laboratory","Trackpad"],"gold_per_floor":[114,180,180,30,45,75,75,90,90,120,120,135,150,165,165,265,265,280,280,280,295,122,122,152,15,15,15,30,45,45,60,60,160,160,175,58,58,58,88,88,103,118,143,143,158,158,158,173,173,173],"floor_reached":51,"playtime":1779,"items_purged":["hubris:Envy","Delirium"],"score":681,"play_id":"e822529a-d84e-40d3-8e6e-bcbd276ffee4","local_time":"20201215003004","daily_mods":["Cursed Run","Diverse","DeadlyEvents"],"is_ascension_mode":false,"campfire_choices":[{"data":"Bouncing Flask","floor":7,"key":"SMITH"},{"floor":23,"key":"REST"},{"data":"ICR:HungryGhost","floor":30,"key":"SMITH"},{"data":"FollowUp","floor":32,"key":"SMITH"},{"data":"Brilliance","floor":40,"key":"SMITH"},{"floor":44,"key":"REST"},{"data":"Electrodynamics","floor":46,"key":"SMITH"},{"data":"Apotheosis","floor":49,"key":"SMITH"}],"circlet_count":0,"master_deck":["Strike_B","Strike_B","Strike_B","Strike_B","Defend_B","Defend_B","Defend_B","Defend_B","Zap","Dualcast","Go for the Eyes","Compile Driver","Bouncing Flask+1","Brilliance+1","Replay:Poison Smokescreen","Twin Strike+1","SashWhip","Clash","FollowUp+1","Languid","hubris:StunningStrike","FlyingSleeves","ReplaySolidLightProjector+1","Shrug It Off+1","Clash","ICR:HungryGhost+1","Swift Strike","DDmod:PokeAttack","hubris:Despair","ICR:Cloudkill","Electrodynamics+1","Replay:Undeath\u0027s Touch","hubris:Envy","Skewer","Apotheosis+1","hubris:Sloth"],"relics":["Cursed Key","Darkstone Periapt","Du-Vu Doll","Membership Card","aspiration:ChemicalBlood","trackpad:RapidFire","trackpad:Mousetrap","Spirit Poop","Ring of Chaos","trackpad:MiracleGrow","Thread and Needle","Sling","hubris:TenFootPole","Singing Bowl","hubris:HollowSoul","ReplayTheSpireMod:CursedCoin","hubris:Spice","trackpad:BottledShadow","trackpad:FocusingLens"],"acts_visited":["Exordium","TheCity","TheBeyond"],"potions_floor_usage":[16,33,33,39,50,50],"damage_taken":[{"damage":1,"enemies":"Jaw Worm","floor":1,"turns":2},{"damage":0,"enemies":"Cultist","floor":5,"turns":3},{"damage":23,"enemies":"Gremlin Nob","floor":6,"turns":4},{"damage":0,"enemies":"Small Slimes","floor":8,"turns":3},{"damage":4,"enemies":"Replay:BlueRogue","floor":10,"turns":3},{"damage":7,"enemies":"Red Slaver","floor":12,"turns":2},{"damage":10,"enemies":"Exordium Thugs","floor":13,"turns":3},{"damage":0,"enemies":"3 Louse","floor":14,"turns":1},{"damage":11,"enemies":"Slime Boss","floor":16,"turns":5},{"damage":17,"enemies":"2 Thieves","floor":18,"turns":3},{"damage":21,"enemies":"3 Byrds","floor":21,"turns":3},{"damage":0,"enemies":"conspire:SneckoGhost","floor":24,"turns":5},{"damage":12,"enemies":"Snake Plant","floor":28,"turns":3},{"damage":2,"enemies":"Centurion and Healer","floor":29,"turns":5},{"damage":13,"enemies":"conspire:HollyBat","floor":31,"turns":8},{"damage":21,"enemies":"Champ","floor":33,"turns":10},{"damage":21,"enemies":"3 Shapes","floor":35,"turns":4},{"damage":14,"enemies":"R_Hoarder","floor":39,"turns":5},{"damage":19,"enemies":"3 Darklings","floor":41,"turns":3},{"damage":16,"enemies":"Sphere and 2 Shapes","floor":42,"turns":4},{"damage":19,"enemies":"4 Shapes","floor":45,"turns":3},{"damage":3,"enemies":"Spire Growth","floor":48,"turns":3},{"damage":117,"enemies":"Replay:Hell Engine","floor":50,"turns":10}],"seed_played":"1880613833527945180","potions_obtained":[{"floor":1,"key":"Explosive Potion"},{"floor":2,"key":"blueLaboratory:RememoryPotion"},{"floor":2,"key":"blueLaboratory:BubblePotion"},{"floor":6,"key":"SkillPotion"},{"floor":24,"key":"blueLaboratory:RelayPotion"},{"floor":35,"key":"Reflective Coating"},{"floor":48,"key":"blueLaboratory:CorrosionFlask"}],"is_trial":false,"path_per_floor":["M","?","?","$","M","E","R","M","T","E","?","M","M","M","R_BF","B",null,"M","?","?","M","$","R","E","$","T","$","M","M","R","M","R","B",null,"M","$","?","?","E","R","M","M","T","R","M","R","?","M","R","B",null],"character_chosen":"DEFECT","items_purchased":["Membership Card","trackpad:MiracleGrow","Thread and Needle","Sling","Shrug It Off+1","ICR:HungryGhost","Swift Strike","ReplayTheSpireMod:CursedCoin","hubris:Spice","ICR:Cloudkill"],"campfire_rested":2,"item_purchase_floors":[4,22,22,22,22,25,25,36,36,36],"current_hp_per_floor":[74,74,77,77,77,54,54,54,60,56,56,49,39,39,64,59,90,73,73,73,52,52,79,79,79,85,85,81,92,92,81,81,79,110,90,104,104,104,106,106,105,89,95,132,113,113,115,114,114,19],"gold":173,"neow_bonus":"","is_daily":true,"chose_seed":false,"campfire_upgraded":6,"win_rate":0.0,"timestamp":1607981404,"path_taken":["M","?","?","$","M","E","R","?","T","?","?","M","?","M","R_BF","BOSS","M","?","?","?","$","R","E","$","T","?","M","M","R","M","R","BOSS","M","$","?","?","?","R","M","M","T","R","M","R","?","?","R","BOSS"],"items_purchased_type":["Relic","Relic","Relic","Relic","Card","Card","Card","Relic","Relic","Card"],"build_version":"2020-12-13","purchased_purges":2,"victory":true,"max_hp_per_floor":[75,75,78,78,78,78,78,78,84,84,84,84,84,84,84,90,90,90,90,90,90,90,90,90,90,96,96,98,100,100,102,102,110,110,110,124,124,124,124,124,126,126,132,132,132,132,134,136,136,142],"relic_stats":{"Darkstone Periapt":42,"Singing Bowl":14,"counters":[23,95],"Cursed Key":3,"obtain_stats":[{"Darkstone Periapt":0,"trackpad:Mousetrap":10,"trackpad:MiracleGrow":22,"Singing Bowl":26,"ReplayTheSpireMod:CursedCoin":36,"Spirit Poop":11,"Thread and Needle":22,"Ring of Chaos":17,"hubris:HollowSoul":34,"Cursed Key":0,"Sling":22,"Du-Vu Doll":0,"trackpad:RapidFire":9,"hubris:Spice":36,"trackpad:BottledShadow":39,"hubris:TenFootPole":24,"Membership Card":4,"trackpad:FocusingLens":43,"aspiration:ChemicalBlood":6},{"Darkstone Periapt":0,"trackpad:Mousetrap":5,"trackpad:MiracleGrow":11,"Singing Bowl":12,"ReplayTheSpireMod:CursedCoin":17,"Spirit Poop":5,"Thread and Needle":11,"Ring of Chaos":9,"hubris:HollowSoul":16,"Cursed Key":0,"Sling":11,"Du-Vu Doll":0,"trackpad:RapidFire":4,"hubris:Spice":17,"trackpad:BottledShadow":18,"hubris:TenFootPole":12,"Membership Card":1,"trackpad:FocusingLens":20,"aspiration:ChemicalBlood":3},{"Darkstone Periapt":0,"trackpad:Mousetrap":15,"trackpad:MiracleGrow":32,"Singing Bowl":37,"ReplayTheSpireMod:CursedCoin":67,"Spirit Poop":15,"Thread and Needle":32,"Ring of Chaos":26,"hubris:HollowSoul":63,"Cursed Key":0,"Sling":32,"Du-Vu Doll":0,"trackpad:RapidFire":12,"hubris:Spice":67,"trackpad:BottledShadow":72,"hubris:TenFootPole":37,"Membership Card":2,"trackpad:FocusingLens":79,"aspiration:ChemicalBlood":9}]},"card_choices":[{"not_picked":["JustLucky","SashWhip"],"picked":"Go for the Eyes","floor":1},{"not_picked":["CutThroughFate","ReplayTheSpireMod:Strike From Hell"],"picked":"Compile Driver","floor":2},{"not_picked":["Stack","Thunderclap"],"picked":"Bouncing Flask","floor":5},{"not_picked":["Endless Agony","Blade Dance"],"picked":"Brilliance","floor":6},{"not_picked":["Replay:Battleflow","ReplayTheSpireMod:LeadingStrike"],"picked":"Replay:Poison Smokescreen","floor":8},{"not_picked":["Hidden Blade","Body Slam"],"picked":"Twin Strike","floor":10},{"not_picked":["White Noise","Flex"],"picked":"SashWhip","floor":12},{"not_picked":["Metallicize","ReplayTheSpireMod:Exploit Weakness"],"picked":"Clash","floor":13},{"not_picked":["conspire:SharedLibrary","Undo"],"picked":"FollowUp","floor":14},{"not_picked":["hubris:Prefetch","Berserk"],"picked":"hubris:StunningStrike","floor":16},{"not_picked":["Shrug It Off","Warcry"],"picked":"FlyingSleeves","floor":18},{"not_picked":["Crescendo","ICR:YinYang+1"],"picked":"ReplaySolidLightProjector+1","floor":21},{"not_picked":["Outmaneuver","Quick Slash"],"picked":"Clash","floor":24},{"not_picked":["Turbo","Halt+1","Eclipse"],"picked":"Singing Bowl","floor":28},{"not_picked":["PathToVictory+1","Go for the Eyes","Anger+1"],"picked":"Singing Bowl","floor":29},{"not_picked":["ICR:Frenzy","Dark Embrace","Worship"],"picked":"Singing Bowl","floor":31},{"not_picked":["DDmod:SpikeShotSkill","Grand Finale","Scrawl"],"picked":"Singing Bowl","floor":33},{"not_picked":["Calculated Gamble","JustLucky"],"picked":"DDmod:PokeAttack","floor":35},{"not_picked":["ReplayTheSpireMod:Tripwire","Shrug It Off"],"picked":"Electrodynamics","floor":39},{"not_picked":["Perfected Strike+1","aspiration:Polymerization+1","hubris:Ukulele"],"picked":"Singing Bowl","floor":41},{"not_picked":["Deflect","Vengeance+1"],"picked":"Replay:Undeath\u0027s Touch","floor":42},{"not_picked":["Sword Boomerang+1","Protect+1"],"picked":"Skewer","floor":45},{"not_picked":["Finesse","Forethought","Deep Breath"],"picked":"Singing Bowl","floor":47},{"not_picked":["Swift Strike","Panacea"],"picked":"Apotheosis","floor":47},{"not_picked":["WindmillStrike","Prepared","Barrage+1"],"picked":"Singing Bowl","floor":48}],"player_experience":133836,"relics_obtained":[{"floor":6,"key":"aspiration:ChemicalBlood"},{"floor":9,"key":"trackpad:RapidFire"},{"floor":10,"key":"trackpad:Mousetrap"},{"floor":24,"key":"hubris:TenFootPole"},{"floor":26,"key":"Singing Bowl"},{"floor":39,"key":"trackpad:BottledShadow"},{"floor":43,"key":"trackpad:FocusingLens"}],"event_choices":[{"cards_removed":["Shame"],"damage_healed":0,"gold_gain":0,"player_choice":"Offered Curse","damage_taken":0,"relics_obtained":["Spirit Poop"],"max_hp_gain":0,"max_hp_loss":0,"event_name":"Bonfire Elementals","floor":11,"gold_loss":0},{"damage_healed":0,"gold_gain":0,"player_choice":"Ignored","damage_taken":0,"max_hp_gain":0,"max_hp_loss":0,"event_name":"Ghosts","floor":19,"gold_loss":0},{"damage_healed":0,"gold_gain":0,"player_choice":"Leave","damage_taken":0,"max_hp_gain":0,"max_hp_loss":0,"event_name":"conspire:Investor","floor":37,"gold_loss":0},{"cards_removed":["ICR:Cloudkill"],"damage_healed":0,"gold_gain":0,"player_choice":"Removed Skill","damage_taken":0,"max_hp_gain":0,"max_hp_loss":0,"event_name":"Falling","floor":38,"gold_loss":0},{"damage_healed":0,"gold_gain":3,"player_choice":"1","damage_taken":0,"max_hp_gain":0,"max_hp_loss":0,"event_name":"betterStone:BetterStone","floor":47,"gold_loss":0}],"is_beta":false,"boss_relics":[{"not_picked":["energizedSpire:OgreHead","Coffee Dripper"],"picked":"Ring of Chaos"},{"not_picked":["ReplayTheSpireMod:DimensionalGlitch","Philosopher\u0027s Stone"],"picked":"hubris:HollowSoul"}],"items_purged_floors":[36,36],"is_endless":false,"potions_floor_spawned":[1,6,10,14,21,24,29,33,35,48],"ascension_level":0}}