{"host":"exexdi9os29xec1d","time":1607957068,"event":{"mods":["Act Like it!","BaseMod","Colored Map","Conspire","Decade(王小明)","Downfall","Gensokyo","Hero for Fun","HololiveMod","Hubris","Infinite Spire","KinomotoSakuraMod(木之本樱)","Koishi","LagranYue(拉格朗・月)","Marisa（F雨　魔理沙）","Minty Spire (QoL Compilation)","READ ME - Guardian Mod","Remilia（蕾米莉亚）","Replay The Spire","Shop Mod","StSLib","The Animator","The Bladedancer","The Bug Knight","The Cursed","The Disciple","The Hierophant","The Necromancer","The Servant 0.9.4","Youmu（魂魄妖梦）","[地精首领爬塔]The Maniac"],"gold_per_floor":[85,97,113,126,141,157,82,114,114,136,136,184,209,12,12,120,120,143,169,231,255,277,277,316,316,316,356,356,369,383,403,403,520,520,534,406,406,420,447,447,493,274,274,274,312,330,330,374,374,423],"floor_reached":51,"playtime":2820,"items_purged":[],"score":1189,"play_id":"ebaeadf6-9bf7-4eb3-97a1-2e8e0acec0af","local_time":"20201214224428","is_ascension_mode":false,"campfire_choices":[{"data":"Hololive_CallManoAloe","floor":15,"key":"SMITH"},{"data":"Hololive_CallUruhaRushia","floor":23,"key":"SMITH"}],"circlet_count":0,"master_deck":["Hololive_CallHoushouMarine","Hololive_CallShiroganeNoel+1","Hololive_CallUruhaRushia+1","Hololive_CallShiranuiFlare","Hololive_CallUsadaPekora","Hololive_StrengthChampion","Hololive_Strike","Hololive_Strike","Hololive_Defend","Hololive_Defend","Hololive_CallShirakamiFubuki","Hololive_CallHoshimachiSuisei","Hololive_CallDoris","Hololive_CallYozoraMel","Hololive_CallSakuraMiko","Hololive_CallManoAloe+1","Hololive_CallKiryuuCoco+1","Hololive_Recruit+1","Hololive_Thief+1","Hololive_CallMurasakiShion","Hololive_Spy+1","Hololive_RevenueBasedLive+1","Hololive_CallYozoraMel+1","Hololive_Recruit+1","Hololive_CallUsadaPekora","Hololive_CallRoboco","Hololive_CallNekomataOkayu","Hololive_CallAZKi+1","Hololive_CocoNews+1","Hololive_CallRosalyn+1","Hololive_CallArtia","Hololive_CallAkiRosenthal+1","Hololive_CallTsunomakiWatame","Hololive_CallMoonaHoshinova","Hololive_Rebirth+1","Hololive_Nanodesu+1","Hololive_Psychosis+1","Hololive_CallMomosuzuNene+4","Hololive_Spy+1","Hololive_CallInugamiKorone","Hololive_CocoNews+1","Hololive_CallHoushouMarine","Hololive_CallShiroganeNoel+1","Hololive_CallUruhaRushia+1","Hololive_CallShiranuiFlare","Hololive_CallUsadaPekora","Hololive_StrengthChampion","Hololive_Strike","Hololive_Strike","Hololive_Defend","Hololive_Defend","Hololive_CallShirakamiFubuki","Hololive_CallHoshimachiSuisei","Hololive_CallDoris","Hololive_CallYozoraMel","Hololive_CallSakuraMiko","Hololive_CallManoAloe+1","Hololive_CallKiryuuCoco+1","Hololive_Recruit+1","Hololive_Thief+1","Hololive_CallMurasakiShion","Hololive_Spy+1","Hololive_RevenueBasedLive+1","Hololive_CallYozoraMel+1","Hololive_Recruit+1","Hololive_CallUsadaPekora","Hololive_CallRoboco","Hololive_CallAZKi+1","Hololive_CocoNews+1","Hololive_CallArtia","Hololive_CallAkiRosenthal+1","Hololive_CallTsunomakiWatame","Hololive_CallMoonaHoshinova","Hololive_Rebirth+1","Hololive_Nanodesu+1","Hololive_Psychosis+1","Hololive_CallMomosuzuNene+3","Hololive_Spy+1","Hololive_CallInugamiKorone","Hololive_CocoNews+1","Hololive_DDD+1","Hololive_CallNakiriAyame+1","Hololive_Thief+1","SlashOfAscensionToBuddhahood+1","Hololive_CallTokinoSora","Hololive_StrengthChampion","hubris:Lust"],"relics":["Hololive_TheStar","LagranYue:RandomDrawCardRelic","NeowsBlessing","Golden Egg","FossilizedHelix","Sozu","White Beast Statue","Replay:Multitool","hubris:AstralHammer","conspire:SpecialSausage","Happy Flower","infinitespire:CursedDice","PrismaticShard","infinitespire:BottledMercury","infinitespire:Broken Mirror"],"acts_visited":["Exordium","TheCity","TheBeyond"],"potions_floor_usage":[39,50,50],"damage_taken":[{"damage":2,"enemies":"conspire:RoseBush","floor":1,"turns":1},{"damage":0,"enemies":"Small Slimes","floor":2,"turns":1},{"damage":0,"enemies":"2 Louse","floor":3,"turns":1},{"damage":0,"enemies":"Lots of Slimes","floor":4,"turns":1},{"damage":0,"enemies":"Exordium Thugs","floor":5,"turns":3},{"damage":0,"enemies":"Looter","floor":6,"turns":1},{"damage":0,"enemies":"Large Slime","floor":8,"turns":3},{"damage":0,"enemies":"Gremlin Gang","floor":10,"turns":3},{"damage":0,"enemies":"HollowMod:MossKnight","floor":12,"turns":3},{"damage":0,"enemies":"Lots of Slimes","floor":13,"turns":2},{"damage":0,"enemies":"Hexaghost","floor":16,"turns":6},{"damage":0,"enemies":"Spheric Guardian","floor":18,"turns":2},{"damage":0,"enemies":"2 Thieves","floor":19,"turns":3},{"damage":0,"enemies":"Snake Plant","floor":21,"turns":3},{"damage":0,"enemies":"Snecko","floor":22,"turns":4},{"damage":0,"enemies":"Replay:Snechameleon","floor":24,"turns":2},{"damage":0,"enemies":"Cultist and Chosen","floor":27,"turns":5},{"damage":0,"enemies":"Snake Plant","floor":29,"turns":3},{"damage":0,"enemies":"Shelled Parasite and Fungi","floor":30,"turns":2},{"damage":0,"enemies":"Snecko","floor":31,"turns":3},{"damage":0,"enemies":"Automaton","floor":33,"turns":9},{"damage":0,"enemies":"3 Shapes","floor":35,"turns":4},{"damage":0,"enemies":"Orb Walker","floor":38,"turns":2},{"damage":0,"enemies":"Transient","floor":39,"turns":5},{"damage":0,"enemies":"Giant Head","floor":41,"turns":8},{"damage":0,"enemies":"Nemesis","floor":45,"turns":7},{"damage":0,"enemies":"Sphere and 2 Shapes","floor":46,"turns":3},{"damage":0,"enemies":"Jaw Worm Horde","floor":48,"turns":3},{"damage":51,"enemies":"infinitespire:MassOfShapes","floor":50,"turns":22}],"seed_played":"-7705643486679402560","potions_obtained":[{"floor":4,"key":"BlessingOfTheForge"},{"floor":8,"key":"BlessingOfTheForge"},{"floor":10,"key":"infinitespire:BlackPotion"}],"is_trial":false,"path_per_floor":["M","M","M","M","M","M","$","M","T","M","?","E","M","$","R","B",null,"M","M","?","M","M","R","E","R","T","M","?","M","M","M","R","B",null,"M","$","T","M","M","R","E","$","T","R","E","M","R","M","R","B",null],"character_chosen":"Hololive_HololiveCharacter","items_purchased":["Hololive_CallManoAloe","Hololive_Spy","Hololive_RevenueBasedLive","Hololive_CallYozoraMel","Hololive_CallMomosuzuNene","Hololive_Spy+1","Hololive_CallNakiriAyame","PrismaticShard"],"campfire_rested":0,"item_purchase_floors":[7,14,14,14,36,36,42,42],"current_hp_per_floor":[33,33,33,33,33,33,33,33,33,33,33,33,33,33,33,35,35,35,35,27,32,35,35,35,35,35,35,35,35,35,35,35,35,35,35,35,35,35,35,35,35,35,35,35,35,35,35,35,35,13],"gold":423,"neow_bonus":"THREE_ENEMY_KILL","is_daily":false,"chose_seed":false,"campfire_upgraded":2,"win_rate":0.0,"timestamp":1607957068,"path_taken":["M","M","M","M","M","M","$","M","T","M","?","E","M","$","R","BOSS","M","M","?","M","M","R","E","R","T","M","?","M","M","M","R","BOSS","M","$","?","M","M","R","E","?","T","R","E","M","R","M","R","BOSS"],"items_purchased_type":["Card","Card","Card","Card","Card","Card","Card","Relic"],"build_version":"2020-12-13","purchased_purges":0,"victory":true,"max_hp_per_floor":[35,35,35,35,35,35,35,35,35,35,35,35,35,35,35,35,35,35,35,35,35,35,35,35,35,35,35,35,35,35,35,35,35,35,35,35,35,35,35,35,35,35,35,35,35,35,35,35,35,35],"card_choices":[{"not_picked":["Hololive_CocoNews","Hololive_Rebound","Hololive_Sequa"],"picked":"Hololive_Psychosis","floor":1},{"not_picked":["Hololive_CallAkiRosenthal","Hololive_Spy","Hololive_CallSpadeEcho"],"picked":"Hololive_CallShirakamiFubuki","floor":2},{"not_picked":["Hololive_CallTsunomakiWatame","Hololive_ManjiGathering","Hololive_CallInugamiKorone"],"picked":"Hololive_CallHoshimachiSuisei","floor":3},{"not_picked":["Hololive_Drill","Hololive_CocoNews","Hololive_CallOzoraSubaru"],"picked":"Hololive_CallDoris","floor":4},{"not_picked":["Hololive_CocoNews","Hololive_Trident","Hololive_SoulCatcher"],"picked":"Hololive_CallYozoraMel","floor":5},{"not_picked":["Hololive_Rebound","Hololive_CocoNews","Hololive_Breathe"],"picked":"Hololive_CallSakuraMiko","floor":6},{"not_picked":["Hololive_CallTsunomakiWatame","Hololive_Trident","Hololive_CallAyundaRisu"],"picked":"Hololive_CallKiryuuCoco","floor":8},{"not_picked":["Hololive_OvertimeWork","Hololive_Psychosis","Hololive_RevenueBasedLive"],"picked":"Hololive_Recruit","floor":10},{"not_picked":["Hololive_CallNekomataOkayu","Hololive_Recruit","Hololive_StrengthChampion"],"picked":"Hololive_Thief","floor":12},{"not_picked":["Hololive_Rebound","Hololive_Breathe","Hololive_CallTokoyamiTowa"],"picked":"Hololive_CallMurasakiShion","floor":13},{"not_picked":["Hololive_DurableLive","Hololive_OpenUp","Hololive_Nanodesu"],"picked":"Hololive_Recruit","floor":16},{"not_picked":["Hololive_CallAmaneKanata","Hololive_OvertimeWork+1","Hololive_SummonFox+1"],"picked":"Hololive_CallUsadaPekora","floor":18},{"not_picked":["Hololive_Rebound+1","Hololive_RevenueBasedLive","Hololive_Trident"],"picked":"Hololive_CallRoboco","floor":19},{"not_picked":["Hololive_DevilCharm","Hololive_Breathe","Hololive_StrengthChampion"],"picked":"Hololive_CallNekomataOkayu","floor":20},{"not_picked":["Hololive_CallUruhaRushia+1","Hololive_Breathe","Hololive_CallTokinoSora"],"picked":"Hololive_CallAZKi+1","floor":20},{"not_picked":["Hololive_Trident+1","Hololive_HuntDinosaur","Hololive_Drill"],"picked":"Hololive_RevenueBasedLive","floor":21},{"not_picked":["Hololive_Sequa","Hololive_Rebound+1","Hololive_Breathe"],"picked":"Hololive_CocoNews+1","floor":22},{"not_picked":["Hololive_StrengthChampion","Hololive_CandyCastle","Hololive_MaximGun"],"picked":"Hololive_CallRosalyn+1","floor":24},{"not_picked":["Hololive_CocoNews","Hololive_Sequa","Hololive_LuckPotion"],"picked":"Hololive_CallArtia","floor":27},{"not_picked":["Hololive_FlyingPonyTail","Hololive_CallArtia","Hololive_CallYukihanaLamy"],"picked":"Hololive_CallAkiRosenthal+1","floor":29},{"not_picked":["Hololive_Watashimo","Hololive_CallUruhaRushia","Hololive_RevenueBasedLive"],"picked":"Hololive_CallTsunomakiWatame","floor":30},{"not_picked":["Hololive_CocoNews","Hololive_ILoveYou+1","Hololive_Trident"],"picked":"Hololive_CallMoonaHoshinova","floor":31},{"not_picked":["Hololive_OpenUp","Hololive_ScarfAndHalo","Hololive_Rebirth"],"picked":"Hololive_Nanodesu","floor":33},{"not_picked":["Hololive_FlyingPonyTail","Hololive_Breathe+1","Hololive_Sequa"],"picked":"Hololive_Psychosis+1","floor":35},{"not_picked":["Hololive_CocoNews+1","Hololive_Trident","Hololive_Rebound+1"],"picked":"Hololive_CallInugamiKorone","floor":38},{"not_picked":["Hololive_Drill","Hololive_CallRosalyn","Hololive_HuntDinosaur"],"picked":"Hololive_CocoNews+1","floor":39},{"not_picked":["Hololive_Spy","Hololive_StrengthChampion+1","Hololive_OvertimeWork"],"picked":"Hololive_DDD","floor":41},{"not_picked":["maniac:ListenToNone+1","TheCursedMod:Stigma+1","animator:Mikaela","TheCursedMod:SmokeScreen+1"],"picked":"SKIP","floor":45},{"not_picked":["Hololive_Teleport","KamenRideHibiki","hierophant:RepressedViolence"],"picked":"SlashOfAscensionToBuddhahood+1","floor":46},{"not_picked":["BowlingBash","TheCursedMod:WearCloak+1","DeceiveReality+1","HollowMod:CornifersMapStart"],"picked":"SKIP","floor":48}],"player_experience":50953,"relics_obtained":[{"floor":9,"key":"Golden Egg"},{"floor":12,"key":"FossilizedHelix"},{"floor":20,"key":"White Beast Statue"},{"floor":24,"key":"Replay:Multitool"},{"floor":26,"key":"hubris:AstralHammer"},{"floor":37,"key":"Happy Flower"},{"floor":41,"key":"infinitespire:CursedDice"},{"floor":43,"key":"infinitespire:BottledMercury"},{"floor":45,"key":"infinitespire:Broken Mirror"}],"event_choices":[{"cards_removed":["Hololive_RevenueBasedLive"],"damage_healed":5,"gold_gain":0,"player_choice":"Offered Common","damage_taken":0,"max_hp_gain":0,"max_hp_loss":0,"event_name":"Bonfire Elementals","floor":28,"gold_loss":0},{"cards_removed":["Hololive_RevenueBasedLive"],"damage_healed":5,"gold_gain":0,"player_choice":"Offered Special","damage_taken":0,"max_hp_gain":0,"max_hp_loss":0,"event_name":"Bonfire Elementals","floor":28,"gold_loss":0},{"damage_healed":0,"gold_gain":0,"player_choice":"2 cards matched","damage_taken":0,"max_hp_gain":0,"max_hp_loss":0,"event_name":"Match and Keep!","floor":49,"gold_loss":0,"cards_obtained":["Hololive_StrengthChampion","hubris:Lust"]}],"is_beta":false,"boss_relics":[{"not_picked":["hubris:HollowSoul","conspire:SeveredTorchhead"],"picked":"Sozu"},{"not_picked":["SacredBark","hubris:RunicObelisk"],"picked":"conspire:SpecialSausage"}],"items_purged_floors":[],"is_endless":false,"potions_floor_spawned":[4,8,10,16,21,22,24,27,29,30,31,33,35,38,39,41,45,46,48],"ascension_level":0}}