{"host":"mvq3y0vr4azttkc6","time":1607985194,"event":{"mods":["BaseMod","Colored Powertips","Marisa????????","Minty Spire (QoL Compilation)","Replay The Spire","Shade Mod","StSLib","The Bug Knight","The Cursed","The Gatherer"],"gold_per_floor":[110,110,35,35,120,159,159,202,225,225,260,260,276,296,296,421,421,435,459,67,80,103,143,143,143,143,166,166,41,41,54,54,185,185,199,0,14,77,77,77,108,129,129,172,16,349,349,362,362,362,362],"floor_reached":50,"playtime":4276,"items_purged":["Injury","Looming Evil","Strike_G"],"score":838,"play_id":"733a6d18-527b-4aa2-bd4d-d432e0359056","local_time":"20201215013314","is_ascension_mode":true,"campfire_choices":[{"floor":7,"key":"REST"},{"data":"Neutralize","floor":10,"key":"SMITH"},{"data":"Dagger Spray","floor":12,"key":"SMITH"},{"data":"Deadly Poison","floor":15,"key":"SMITH"},{"floor":24,"key":"REST"},{"floor":28,"key":"REST"},{"data":"Strike_G","floor":30,"key":"PURGE"},{"data":"Phantasmal Killer","floor":40,"key":"SMITH"},{"data":"ReplayTheSpireMod:Doomed","floor":49,"key":"PURGE"}],"circlet_count":0,"master_deck":["Defend_G","Defend_G","Defend_G","Defend_G","Defend_G","Survivor","Neutralize+1","Dagger Spray+1","Hidden Blade","Venomology","Flying Knee","Well Laid Plans","Deadly Poison+1","Envenom","Deadly Poison+1","Poisoned Stab+1","ReplayTheSpireMod:Speed Training","Night Terror","Phantasmal Killer+1","Backflip","Flying Knee+1","Slice+1","Distraction"],"relics":["Ring of the Snake","NeowsBlessing","Pen Nib","Peace Pipe","Bag of Preparation","Lantern","Pantograph","Ring of Chaos","Oddly Smooth Stone","Orichalcum","The Specimen","HornCleat","Blue Doll","Cursed Key","Red Mask","Tough Bandages","Pet Ghost","Replay:WaspNest","Pear","Lee\u0027s Waffle"],"acts_visited":["Exordium","TheCity","TheBeyond"],"potions_floor_usage":[11,11,16,16,18,18,19,21,23,23,23,23,23,23,23,23,23,27,27,31,31,33,33,33,35,37,38,38,38,41,44,44,48,48,50,50],"damage_taken":[{"damage":0,"enemies":"Small Slimes","floor":1,"turns":1},{"damage":0,"enemies":"Lagavulin","floor":6,"turns":1},{"damage":0,"enemies":"3 Sentries","floor":8,"turns":1},{"damage":12,"enemies":"Gremlin Nob","floor":11,"turns":2},{"damage":0,"enemies":"Jaw Worm","floor":13,"turns":2},{"damage":1,"enemies":"Cultist","floor":14,"turns":3},{"damage":38,"enemies":"Hexaghost","floor":16,"turns":8},{"damage":11,"enemies":"Shell Parasite","floor":18,"turns":5},{"damage":16,"enemies":"Snecko","floor":19,"turns":5},{"damage":30,"enemies":"3 Cultists","floor":21,"turns":6},{"damage":9,"enemies":"Chosen and Byrds","floor":22,"turns":5},{"damage":28,"enemies":"Book of Stabbing","floor":23,"turns":6},{"damage":0,"enemies":"Centurion and Healer","floor":27,"turns":4},{"damage":4,"enemies":"3 Cultists","floor":31,"turns":5},{"damage":65,"enemies":"Automaton","floor":33,"turns":12},{"damage":8,"enemies":"Orb Walker","floor":35,"turns":4},{"damage":0,"enemies":"3 Shapes","floor":37,"turns":5},{"damage":9,"enemies":"Mind Bloom Boss Battle","floor":38,"turns":8},{"damage":25,"enemies":"Giant Head","floor":41,"turns":7},{"damage":0,"enemies":"3 Darklings","floor":42,"turns":2},{"damage":15,"enemies":"Reptomancer","floor":44,"turns":3},{"damage":9,"enemies":"Spire Growth","floor":48,"turns":5},{"damage":94,"enemies":"Replay:Hell Engine","floor":50,"turns":7}],"seed_played":"6359559612311742781","potions_obtained":[{"floor":5,"key":"Death Potion"},{"floor":5,"key":"GhostInAJar"},{"floor":8,"key":"ColorlessPotion"},{"floor":11,"key":"DistilledChaos"},{"floor":19,"key":"Fire Potion"},{"floor":23,"key":"Block Potion"},{"floor":27,"key":"LiquidMemories"},{"floor":31,"key":"GamblersBrew"},{"floor":33,"key":"Elixir"},{"floor":35,"key":"Swift Potion"},{"floor":37,"key":"Adrenaline Potion"},{"floor":42,"key":"SteroidPotion"}],"is_trial":false,"path_per_floor":["M","?","$","?","?","E","R","E","T","R","E","R","M","M","R","B",null,"M","M","$","M","M","E","R","T","T","M","R","$","R","M","R","B",null,"M","?","M","?","?","R","E","M","T","E","$","?","?","M","R","B"],"character_chosen":"THE_SILENT","items_purchased":["Oddly Smooth Stone","Orichalcum","Lee\u0027s Waffle"],"campfire_rested":3,"item_purchase_floors":[20,20,45],"current_hp_per_floor":[70,70,70,70,42,42,63,63,63,63,51,51,51,50,50,32,70,59,43,43,13,4,8,29,29,29,29,50,50,50,46,46,5,70,62,62,62,61,61,61,36,36,36,31,87,87,87,78,78,0,0],"gold":362,"neow_bonus":"THREE_ENEMY_KILL","is_daily":false,"chose_seed":false,"campfire_upgraded":4,"win_rate":0.0,"timestamp":1607985194,"path_taken":["M","?","$","?","?","E","R","E","T","R","E","R","?","M","R","BOSS","M","?","?","?","M","E","R","?","T","M","R","$","R","M","R","BOSS","M","?","M","?","?","R","E","?","T","E","?","?","?","M","R","BOSS"],"items_purchased_type":["Relic","Relic","Relic"],"build_version":"2020-12-13","purchased_purges":3,"victory":false,"max_hp_per_floor":[70,70,70,70,70,70,70,70,70,70,70,70,70,70,70,70,70,70,70,70,70,70,70,70,70,70,70,70,70,70,70,70,70,70,70,70,70,70,70,70,70,70,70,80,87,87,87,87,87,87,87],"card_choices":[{"not_picked":["Expertise","Toxin Wave"],"picked":"Dagger Spray","floor":1},{"not_picked":["Deflect","ReplayTheSpireMod:The Works"],"picked":"Hidden Blade","floor":5},{"not_picked":["Crippling Poison","Masterful Stab"],"picked":"Venomology","floor":6},{"not_picked":["Prepared","ReplayTheSpireMod:Tripwire"],"picked":"Flying Knee","floor":8},{"not_picked":["All Out Attack","Deflect"],"picked":"Well Laid Plans","floor":11},{"not_picked":["Blade Dance","Backstab"],"picked":"Deadly Poison","floor":13},{"not_picked":["Finisher","Slice","Infinite Blades"],"picked":"SKIP","floor":14},{"not_picked":["A Thousand Cuts","Venomology"],"picked":"Envenom","floor":16},{"not_picked":["ReplayTheSpireMod:Exploit Weakness+1","Predator+1"],"picked":"Deadly Poison+1","floor":18},{"not_picked":["Footwork","Backflip+1"],"picked":"Poisoned Stab+1","floor":19},{"not_picked":["Escape Plan","Leg Sweep"],"picked":"ReplayTheSpireMod:Speed Training","floor":21},{"not_picked":["Dagger Spray","Outmaneuver","Dagger Throw+1"],"picked":"SKIP","floor":22},{"not_picked":["Well Laid Plans","Dagger Throw","Endless Agony"],"picked":"SKIP","floor":23},{"not_picked":["Outmaneuver","Deadly Poison","Hidden Blade"],"picked":"SKIP","floor":27},{"not_picked":["Poisoned Stab","Replay:Poison Smokescreen","Dagger Spray+1"],"picked":"SKIP","floor":31},{"not_picked":["Night Terror","Wraith Form v2"],"picked":"Phantasmal Killer","floor":33},{"not_picked":["Cloak And Dagger+1","Blade Dance"],"picked":"Backflip","floor":35},{"not_picked":["Backflip+1","Outmaneuver+1"],"picked":"Flying Knee+1","floor":37},{"not_picked":["Accuracy+1","Deadly Poison+1"],"picked":"Slice+1","floor":38},{"not_picked":["Flying Knee+1","Quick Slash","Deadly Poison"],"picked":"SKIP","floor":41},{"not_picked":["Leg Sweep","Underhanded Strike","Backstab"],"picked":"SKIP","floor":42},{"not_picked":["Deflect+1","ReplayTheSpireMod:From All Sides"],"picked":"Distraction","floor":44},{"not_picked":["Endless Agony","Prepared+1","Flying Knee+1"],"picked":"SKIP","floor":48}],"player_experience":66203,"relics_obtained":[{"floor":5,"key":"Pen Nib"},{"floor":6,"key":"Peace Pipe"},{"floor":8,"key":"Bag of Preparation"},{"floor":9,"key":"Lantern"},{"floor":11,"key":"Pantograph"},{"floor":23,"key":"The Specimen"},{"floor":25,"key":"HornCleat"},{"floor":26,"key":"Blue Doll"},{"floor":38,"key":"Tough Bandages"},{"floor":41,"key":"Pet Ghost"},{"floor":43,"key":"Replay:WaspNest"},{"floor":44,"key":"Pear"}],"event_choices":[{"damage_healed":0,"gold_gain":0,"player_choice":"Take Wound","damage_taken":0,"relics_obtained":["Golden Idol"],"max_hp_gain":0,"max_hp_loss":0,"event_name":"Golden Idol","floor":2,"gold_loss":0,"cards_obtained":["Injury"]},{"damage_healed":0,"gold_gain":0,"player_choice":"Paid","damage_taken":0,"relics_obtained":["Red Mask"],"max_hp_gain":0,"max_hp_loss":0,"event_name":"Tomb of Lord Red Mask","floor":36,"gold_loss":199},{"damage_healed":0,"gold_gain":0,"player_choice":"Fight","damage_taken":0,"max_hp_gain":0,"max_hp_loss":0,"event_name":"MindBloom","floor":38,"gold_loss":0},{"cards_removed":["Strike_G"],"damage_healed":0,"gold_gain":0,"player_choice":"Purged","damage_taken":0,"max_hp_gain":0,"max_hp_loss":0,"event_name":"Purifier","floor":39,"gold_loss":0},{"damage_healed":0,"gold_gain":333,"player_choice":"Gave Idol","damage_taken":0,"max_hp_gain":0,"max_hp_loss":0,"event_name":"The Moai Head","floor":46,"relics_lost":["Golden Idol"],"gold_loss":0},{"cards_removed":["Strike_G"],"damage_healed":0,"gold_gain":0,"player_choice":"Removed Attack","damage_taken":0,"max_hp_gain":0,"max_hp_loss":0,"event_name":"Falling","floor":47,"gold_loss":0}],"is_beta":false,"boss_relics":[{"not_picked":["Black Star","Sozu"],"picked":"Ring of Chaos"},{"not_picked":["Runic Dome","Tiny House"],"picked":"Cursed Key"}],"items_purged_floors":[3,20,29],"is_endless":false,"potions_floor_spawned":[8,11,14,19,23,27,31,33,35,37,42],"killed_by":"Replay:Hell Engine","ascension_level":4}}