{"host":"a0bi5e935fpwrwib","time":1607942084,"event":{"mods":["AchievementEnabler","BaseMod","BetterRewards","Colored Powertips","Hubris","Minty Spire (QoL Compilation)","Rare Cards Sparkle","Relic Stats","Replay The Spire","Spicy Shops","StSLib"],"gold_per_floor":[110,5,5,5,24,54,54,70,70,86,86,103,103,133,133,232,232,247,68,87,100,100,100,135,149,196,207,226,243,243,277,277,382,382,402,402,415,429,442,442,442,476,476,511,511,574,574,586,586,586,586],"floor_reached":50,"playtime":3152,"items_purged":["Strike_P","Strike_P","Halt"],"score":840,"play_id":"894397a0-ed43-44c7-a883-40709c28a5a4","local_time":"20201214043444","is_ascension_mode":true,"campfire_choices":[{"floor":7,"key":"REST"},{"data":"PathToVictory","floor":11,"key":"SMITH"},{"floor":23,"key":"REST"},{"data":"PathToVictory","floor":30,"key":"SMITH"},{"data":"PathToVictory","floor":32,"key":"SMITH"},{"data":"CarveReality","floor":40,"key":"SMITH"},{"data":"PathToVictory","floor":45,"key":"SMITH"},{"floor":49,"key":"RECALL"}],"circlet_count":0,"master_deck":["Strike_P","Strike_P","Defend_P","Defend_P","Defend_P","Defend_P","Eruption","Vigilance+1","BattleHymn+1","CarveReality+1","PathToVictory+1","Sadistic Nature","SashWhip","PathToVictory+1","Dagger Throw","PathToVictory+1","Evaluate","Evaluate","FlurryOfBlows+1","CarveReality+1","Replay:Hum","Sanctity","Replay:AtTheReady+1","Devotion","Replay:BluntJabs+1","SignatureMove+1","FearNoEvil","SignatureMove+1","PathToVictory+1","EmptyMind+1","PathToVictory+1"],"relics":["BargainBundle","Incense Burner","hubris:OldNail","Simple Rune","Replay:M_StaffOfTheSnake","Ancient Tea Set","hubris:PeanutButter","CaptainsWheel","hubris:Zylophone","hubris:GrandSneckoEye","Gremlin Horn","hubris:FruitBowl","Mummified Hand","Blue Candle","Eternal Feather","hubris:BlackHole","PreservedInsect","CeramicFish","Thread and Needle","Replay:Wax Seal","Shovel"],"acts_visited":["Exordium","TheCity","TheBeyond"],"potions_floor_usage":[5,12,16,16,24,24,29,31,33,44,50],"damage_taken":[{"damage":0,"enemies":"Cultist","floor":1,"turns":3},{"damage":1,"enemies":"Jaw Worm","floor":5,"turns":2},{"damage":6,"enemies":"Gremlin Nob","floor":6,"turns":3},{"damage":0,"enemies":"2 Louse","floor":8,"turns":1},{"damage":0,"enemies":"Large Slime","floor":10,"turns":3},{"damage":0,"enemies":"Blue Slaver","floor":12,"turns":2},{"damage":8,"enemies":"Lagavulin","floor":14,"turns":4},{"damage":3,"enemies":"Fading Forest","floor":16,"turns":5},{"damage":0,"enemies":"2 Thieves","floor":18,"turns":3},{"damage":0,"enemies":"Shell Parasite","floor":20,"turns":3},{"damage":0,"enemies":"Chosen and Byrds","floor":21,"turns":4},{"damage":0,"enemies":"Book of Stabbing","floor":24,"turns":4},{"damage":0,"enemies":"Cultist and Chosen","floor":25,"turns":3},{"damage":0,"enemies":"Centurion and Healer","floor":27,"turns":3},{"damage":0,"enemies":"Snecko","floor":28,"turns":2},{"damage":0,"enemies":"Sentry and Sphere","floor":29,"turns":3},{"damage":7,"enemies":"Slavers","floor":31,"turns":2},{"damage":1,"enemies":"Champ","floor":33,"turns":5},{"damage":0,"enemies":"3 Shapes","floor":35,"turns":2},{"damage":0,"enemies":"Orb Walker","floor":37,"turns":2},{"damage":0,"enemies":"4 Shapes","floor":38,"turns":3},{"damage":30,"enemies":"3 Darklings","floor":39,"turns":4},{"damage":0,"enemies":"Nemesis","floor":42,"turns":1},{"damage":0,"enemies":"R_Hoarder","floor":44,"turns":3},{"damage":0,"enemies":"Nemesis","floor":46,"turns":3},{"damage":3,"enemies":"Jaw Worm Horde","floor":48,"turns":3},{"damage":38,"enemies":"Awakened One","floor":50,"turns":6}],"seed_played":"1313081632752111334","potions_obtained":[{"floor":10,"key":"StancePotion"},{"floor":12,"key":"BottledMiracle"},{"floor":16,"key":"Regen Potion"},{"floor":21,"key":"AttackPotion"},{"floor":24,"key":"SteroidPotion"},{"floor":27,"key":"DistilledChaos"},{"floor":28,"key":"SkillPotion"},{"floor":33,"key":"FearPotion"},{"floor":39,"key":"Adrenaline Potion"},{"floor":46,"key":"Strength Potion"},{"floor":48,"key":"LiquidMemories"}],"is_trial":false,"path_per_floor":["M","$","?","?","M","E","R","M","T","M","R","M","?","E","R","B",null,"M","$","M","M","$","R","E","M","T","M","M","M","R","E","R","B",null,"M","?","M","M","M","R","?","E","T","E","R","E","?","M","R","B"],"character_chosen":"WATCHER","items_purchased":["BargainBundle","SkillPotion","Toxic Potion","FearPotion","BattleHymn","CarveReality","PathToVictory","Sadistic Nature","hubris:OldNail","Simple Rune","CultistPotion","Evaluate","Gremlin Horn","hubris:FruitBowl","Mummified Hand"],"campfire_rested":2,"item_purchase_floors":[0,0,0,0,0,0,0,0,0,0,2,19,22,22,22],"current_hp_per_floor":[40,40,40,40,39,33,54,54,54,54,54,54,40,32,25,30,72,72,72,72,72,20,41,53,53,53,53,53,53,53,46,58,57,72,72,72,72,72,42,57,57,57,57,57,72,72,72,69,72,34,34],"gold":586,"neow_bonus":"","is_daily":false,"chose_seed":false,"campfire_upgraded":5,"win_rate":0.0,"timestamp":1607942084,"path_taken":["M","$","?","?","?","E","R","?","T","M","R","M","?","E","R","BOSS","M","$","M","M","?","R","E","M","T","?","M","M","R","E","R","BOSS","M","?","M","?","M","R","?","E","T","E","R","E","?","?","R","BOSS"],"items_purchased_type":["Relic","Potion","Potion","Potion","Card","Card","Card","Card","Relic","Relic","Potion","Card","Relic","Relic","Relic"],"build_version":"2020-12-13","purchased_purges":3,"victory":false,"max_hp_per_floor":[72,72,72,72,72,72,72,72,72,72,72,72,72,72,72,72,72,72,72,72,72,72,72,72,72,72,72,72,72,72,72,72,72,72,72,72,72,72,72,72,72,72,72,72,72,72,72,72,72,72,72],"relic_stats":{"Shovel":0,"Gremlin Horn":[16,17],"counters":[43,157],"Mummified Hand":[7],"Blue Candle":[0],"CeramicFish":18,"Eternal Feather":45,"PreservedInsect":169,"obtain_stats":[{"Golden Egg":20,"hubris:CrystalStatue":0,"Tiny House":17,"Torii":0,"Gremlin Horn":22,"CeramicFish":42,"Replay:Multitool":0,"Juzu Bracelet":0,"Incense Burner":0,"Ancient Tea Set":6,"hubris:BlackHole":34,"Shovel":46,"Mummified Hand":22,"Replay:Wax Seal":0,"hubris:DisguiseKit":6,"BargainBundle":0,"Replay:M_StaffOfTheSnake":3,"Guide Book":20,"Blue Candle":24,"hubris:FruitBowl":22,"Eternal Feather":31,"Thread and Needle":43,"Pen Nib":9,"PreservedInsect":36,"hubris:Zylophone":0,"Pondfish Scales":0,"CaptainsWheel":11,"Molten Egg 2":19,"Simple Rune":0,"hubris:PeanutButter":9,"hubris:GrandSneckoEye":17,"Membership Card":0,"PureWater":0,"TungstenRod":19,"hubris:OldNail":0},{"Golden Egg":13,"hubris:CrystalStatue":1,"Tiny House":12,"Torii":1,"Gremlin Horn":27,"CeramicFish":39,"Replay:Multitool":1,"Juzu Bracelet":1,"Incense Burner":16,"Ancient Tea Set":19,"hubris:BlackHole":34,"Shovel":41,"Mummified Hand":27,"Replay:Wax Seal":1,"hubris:DisguiseKit":5,"BargainBundle":16,"Replay:M_StaffOfTheSnake":17,"Guide Book":13,"Blue Candle":28,"hubris:FruitBowl":27,"Eternal Feather":33,"Thread and Needle":39,"Pen Nib":7,"PreservedInsect":35,"hubris:Zylophone":1,"Pondfish Scales":1,"CaptainsWheel":9,"Molten Egg 2":13,"Simple Rune":16,"hubris:PeanutButter":20,"hubris:GrandSneckoEye":24,"Membership Card":1,"PureWater":0,"TungstenRod":13,"hubris:OldNail":16},{"Golden Egg":57,"hubris:CrystalStatue":3,"Tiny House":52,"Torii":3,"Gremlin Horn":108,"CeramicFish":142,"Replay:Multitool":3,"Juzu Bracelet":3,"Incense Burner":75,"Ancient Tea Set":83,"hubris:BlackHole":130,"Shovel":148,"Mummified Hand":108,"Replay:Wax Seal":3,"hubris:DisguiseKit":19,"BargainBundle":75,"Replay:M_StaffOfTheSnake":78,"Guide Book":57,"Blue Candle":112,"hubris:FruitBowl":108,"Eternal Feather":125,"Thread and Needle":142,"Pen Nib":29,"PreservedInsect":132,"hubris:Zylophone":3,"Pondfish Scales":3,"CaptainsWheel":36,"Molten Egg 2":57,"Simple Rune":75,"hubris:PeanutButter":84,"hubris:GrandSneckoEye":98,"Membership Card":3,"PureWater":0,"TungstenRod":57,"hubris:OldNail":75}]},"card_choices":[{"not_picked":["Evaluate","FlyingSleeves"],"picked":"SashWhip","floor":1},{"not_picked":["Replay:ManipulateFuture","Replay:AtTheReady"],"picked":"PathToVictory","floor":5},{"not_picked":["CutThroughFate","FlyingSleeves","Crescendo"],"picked":"SKIP","floor":6},{"not_picked":["Adaptation","DeceiveReality"],"picked":"Dagger Throw","floor":8},{"not_picked":["Replay:ManipulateFuture","BowlingBash","EmptyFist"],"picked":"SKIP","floor":10},{"not_picked":["Outmaneuver","Wraith Form v2"],"picked":"Halt","floor":12},{"not_picked":["Swivel","Wireheading"],"picked":"PathToVictory","floor":14},{"not_picked":["Blasphemy","Replay:LoomingThreat"],"picked":"Bullet Time","floor":16},{"not_picked":["Evaluate","JustLucky","Wallop+1"],"picked":"SKIP","floor":18},{"not_picked":["Crescendo+1","Study"],"picked":"FlurryOfBlows+1","floor":20},{"not_picked":["Crescendo","Evaluate+1","FollowUp"],"picked":"SKIP","floor":21},{"not_picked":["ForeignInfluence","InnerPeace+1","WindmillStrike"],"picked":"SKIP","floor":24},{"not_picked":["Replay:AtTheReady","FollowUp"],"picked":"CarveReality+1","floor":25},{"not_picked":["Protect","BattleHymn"],"picked":"Replay:Hum","floor":27},{"not_picked":["Pray","ThirdEye"],"picked":"Sanctity","floor":28},{"not_picked":["BowlingBash","Omniscience","Wallop"],"picked":"SKIP","floor":29},{"not_picked":["Indignation","Replay:BluntJabs"],"picked":"Replay:AtTheReady+1","floor":31},{"not_picked":["DeusExMachina","LessonLearned"],"picked":"Devotion","floor":33},{"not_picked":["Perseverance","CrushJoints+1"],"picked":"Replay:BluntJabs+1","floor":35},{"not_picked":["Prostrate","Replay:AtTheReady+1"],"picked":"SignatureMove+1","floor":37},{"not_picked":["Replay:AtTheReady","JustLucky+1"],"picked":"FearNoEvil","floor":38},{"not_picked":["Crescendo","Replay:AtTheReady+1"],"picked":"SignatureMove+1","floor":39},{"not_picked":["BowlingBash+1","WaveOfTheHand","Replay:Cycle+1"],"picked":"SKIP","floor":42},{"not_picked":["CrushJoints+1","EmptyFist"],"picked":"EmptyMind+1","floor":44},{"not_picked":["SignatureMove","Worship"],"picked":"PathToVictory+1","floor":46},{"not_picked":["Wireheading","SashWhip+1","Collect"],"picked":"SKIP","floor":48}],"player_experience":128504,"relics_obtained":[{"floor":6,"key":"Ancient Tea Set"},{"floor":9,"key":"hubris:PeanutButter"},{"floor":14,"key":"CaptainsWheel"},{"floor":24,"key":"Blue Candle"},{"floor":31,"key":"Eternal Feather"},{"floor":36,"key":"PreservedInsect"},{"floor":42,"key":"CeramicFish"},{"floor":43,"key":"Thread and Needle"},{"floor":44,"key":"Replay:Wax Seal"},{"floor":46,"key":"Shovel"}],"event_choices":[{"damage_healed":0,"gold_gain":0,"player_choice":"Forge","damage_taken":0,"max_hp_gain":0,"max_hp_loss":0,"event_name":"Accursed Blacksmith","floor":4,"gold_loss":0,"cards_upgraded":["BattleHymn"]},{"damage_healed":0,"gold_gain":0,"player_choice":"Entered Light","damage_taken":14,"max_hp_gain":0,"max_hp_loss":0,"event_name":"Shining Light","floor":13,"gold_loss":0,"cards_upgraded":["Vigilance","Defend_P"]},{"damage_healed":0,"gold_gain":0,"player_choice":"Success","damage_taken":7,"relics_obtained":["hubris:Zylophone"],"max_hp_gain":0,"max_hp_loss":0,"event_name":"Scrap Ooze","floor":15,"gold_loss":0},{"damage_healed":0,"gold_gain":0,"player_choice":"Relic","damage_taken":0,"max_hp_gain":0,"max_hp_loss":0,"event_name":"Wheel of Change","floor":36,"gold_loss":0},{"cards_removed":["Bullet Time"],"damage_healed":0,"gold_gain":0,"player_choice":"Purged","damage_taken":0,"max_hp_gain":0,"max_hp_loss":0,"event_name":"Purifier","floor":47,"gold_loss":0}],"is_beta":false,"boss_relics":[{"not_picked":["hubris:HollowSoul","Snecko Eye"],"picked":"hubris:GrandSneckoEye"},{"not_picked":["Cursed Key","Black Star"],"picked":"hubris:BlackHole"}],"items_purged_floors":[0,0,19],"is_endless":false,"potions_floor_spawned":[10,12,16,21,24,27,28,33,39,46,48],"killed_by":"Awakened One","ascension_level":3}}