{"host":"6ko66ogg91i6g7xq","time":1607945673,"event":{"mods":["AchievementEnabler","Act Like it!","BaseMod","Colored Map","Colored Powertips","Downfall","Hermit","Minty Spire (QoL Compilation)","Quick Restart","Relic Stats","StSLib","The Jungle","everything is the same but u backflip on backflip"],"gold_per_floor":[119,139,314,314,17,51,51,51,51],"floor_reached":8,"playtime":110,"items_purged":["Doubt"],"score":87,"play_id":"7aa7c533-f080-4da4-82dc-d60b3ec0ae62","local_time":"20201214063433","is_ascension_mode":true,"campfire_choices":[{"floor":7,"key":"RECALL"}],"circlet_count":0,"master_deck":["Strike_G","Strike_G","Strike_G","Strike_G","Strike_G","Defend_G","Defend_G","Defend_G","Defend_G","Defend_G","Survivor","Neutralize","Caltrops","A Thousand Cuts"],"relics":["Ring of the Snake","NeowsBlessing","Golden Idol","Juzu Bracelet","Sundial"],"acts_visited":["Exordium"],"potions_floor_usage":[],"damage_taken":[{"damage":0,"enemies":"Small Slimes","floor":1,"turns":1},{"damage":0,"enemies":"Jaw Worm","floor":2,"turns":1},{"damage":0,"enemies":"3 Sentries","floor":6,"turns":2},{"damage":6,"enemies":"Gremlin Nob","floor":8,"turns":3}],"seed_played":"1204149597932578842","potions_obtained":[{"floor":1,"key":"Dexterity Potion"}],"is_trial":false,"path_per_floor":["M","M","?","?","$","E","R","E"],"character_chosen":"THE_SILENT","items_purchased":["Caltrops","Juzu Bracelet"],"campfire_rested":0,"item_purchase_floors":[5,5],"current_hp_per_floor":[70,70,70,53,53,53,53,47,47],"gold":51,"neow_bonus":"THREE_ENEMY_KILL","is_daily":false,"chose_seed":false,"campfire_upgraded":0,"win_rate":0.0,"timestamp":1607945673,"path_taken":["M","M","?","?","?","E","R","E"],"items_purchased_type":["Card","Relic"],"build_version":"2020-12-13","purchased_purges":1,"victory":false,"max_hp_per_floor":[70,70,70,70,70,70,70,70,70],"relic_stats":{"counters":[4,7],"Golden Idol":7,"Sundial":[0],"Juzu Bracelet":0,"obtain_stats":[{"NeowsBlessing":0,"Golden Idol":4,"Sundial":6,"Juzu Bracelet":5,"Ring of the Snake":0},{"NeowsBlessing":0,"Golden Idol":2,"Sundial":3,"Juzu Bracelet":2,"Ring of the Snake":0},{"NeowsBlessing":0,"Golden Idol":2,"Sundial":4,"Juzu Bracelet":2,"Ring of the Snake":0}],"Ring of the Snake":[8]},"card_choices":[{"not_picked":["Concentrate","Masterful Stab","Acrobatics"],"picked":"SKIP","floor":1},{"not_picked":["Slice","Flying Knee","Escape Plan"],"picked":"SKIP","floor":2},{"not_picked":["Underhanded Strike","Masterful Stab"],"picked":"A Thousand Cuts","floor":6}],"player_experience":270730,"relics_obtained":[{"floor":6,"key":"Sundial"}],"event_choices":[{"damage_healed":0,"gold_gain":175,"player_choice":"AGREE","damage_taken":0,"max_hp_gain":0,"max_hp_loss":0,"event_name":"Liars Game","floor":3,"gold_loss":0,"cards_obtained":["Doubt"]},{"damage_healed":0,"gold_gain":0,"player_choice":"Take Damage","damage_taken":17,"relics_obtained":["Golden Idol"],"max_hp_gain":0,"max_hp_loss":0,"event_name":"Golden Idol","floor":4,"gold_loss":0}],"is_beta":false,"boss_relics":[],"items_purged_floors":[5],"is_endless":false,"potions_floor_spawned":[1],"killed_by":"Gremlin Nob","ascension_level":2}}