{"host":"vpnygm79y7yi43ig","time":1607906279,"event":{"mods":["BaseMod","Bestiary","Minty Spire (QoL Compilation)"],"gold_per_floor":[110,129,145,70,70,70,94,6,32,42,62,62,77,105,105,200,200,219,219,234,234,26,26,43,43,43,55,55,55,68,78,78,78,78],"floor_reached":33,"playtime":1364,"items_purged":["Strike_B","Strike_B","Writhe"],"score":251,"play_id":"6d33363e-e27b-4db9-bd89-563f066edf8a","local_time":"20201213163759","is_ascension_mode":false,"campfire_choices":[{"floor":6,"key":"DIG"},{"floor":12,"key":"DIG"},{"floor":15,"key":"DIG"},{"floor":23,"key":"DIG"},{"floor":25,"key":"DIG"},{"floor":28,"key":"DIG"},{"floor":32,"key":"REST"}],"circlet_count":0,"master_deck":["Strike_B","Defend_B","Defend_B","Defend_B","Defend_B","Dualcast","Gash","Melter","Coolheaded","Hologram","Rebound","Go for the Eyes","Chill","Buffer","Beam Cell","Hologram","Loop","Gash+1","Skim","Darkness","Glacier"],"relics":["Cracked Core","Shovel","FaceOfCleric","MawBank","Regal Pillow","StoneCalendar","Pen Nib","Gremlin Horn","Nuclear Battery","Oddly Smooth Stone","Bag of Marbles","Juzu Bracelet","DataDisk","Peace Pipe"],"acts_visited":["Exordium","TheCity"],"potions_floor_usage":[16,16,27,27,33],"damage_taken":[{"damage":1,"enemies":"2 Louse","floor":1,"turns":2},{"damage":1,"enemies":"Cultist","floor":2,"turns":3},{"damage":6,"enemies":"Jaw Worm","floor":3,"turns":3},{"damage":15,"enemies":"Blue Slaver","floor":7,"turns":3},{"damage":0,"enemies":"3 Louse","floor":10,"turns":2},{"damage":0,"enemies":"Exordium Wildlife","floor":11,"turns":2},{"damage":7,"enemies":"Blue Slaver","floor":13,"turns":2},{"damage":25,"enemies":"Lagavulin","floor":14,"turns":7},{"damage":1,"enemies":"Hexaghost","floor":16,"turns":8},{"damage":0,"enemies":"Chosen","floor":18,"turns":6},{"damage":30,"enemies":"3 Byrds","floor":20,"turns":7},{"damage":32,"enemies":"Snecko","floor":24,"turns":7},{"damage":0,"enemies":"Snake Plant","floor":27,"turns":3},{"damage":0,"enemies":"3 Cultists","floor":30,"turns":7},{"damage":12,"enemies":"Chosen and Byrds","floor":31,"turns":7},{"damage":64,"enemies":"Automaton","floor":33,"turns":12}],"seed_played":"3270676328120482520","potions_obtained":[{"floor":1,"key":"FocusPotion"},{"floor":3,"key":"Swift Potion"},{"floor":10,"key":"DistilledChaos"},{"floor":16,"key":"Fire Potion"},{"floor":18,"key":"FocusPotion"},{"floor":24,"key":"Swift Potion"}],"is_trial":false,"path_per_floor":["M","M","M","$","?","R","M","$","T","M","M","R","M","E","R","B",null,"M","?","M","?","$","R","M","R","T","M","R","?","M","M","R","B"],"character_chosen":"DEFECT","items_purchased":["Hologram","Loop"],"campfire_rested":1,"item_purchase_floors":[22,22],"current_hp_per_floor":[67,66,60,60,60,60,46,46,46,47,48,48,42,18,18,18,74,75,75,46,46,46,46,15,15,15,16,16,16,17,6,45,0,0],"gold":78,"neow_bonus":"ONE_RARE_RELIC","is_daily":false,"chose_seed":false,"campfire_upgraded":0,"win_rate":0.0,"timestamp":1607906279,"path_taken":["M","M","M","$","?","R","M","$","T","M","M","R","?","E","R","BOSS","M","?","M","?","$","R","M","R","T","M","R","?","M","M","R","BOSS"],"items_purchased_type":["Card","Card"],"build_version":"2020-11-30","purchased_purges":3,"victory":false,"max_hp_per_floor":[68,68,68,68,68,68,69,69,69,70,71,71,72,73,73,74,74,75,75,76,76,76,76,77,77,77,78,78,78,79,80,80,80,80],"card_choices":[{"not_picked":["Scrape","Heatsinks"],"picked":"Gash","floor":1},{"not_picked":["Auto Shields","Reinforced Body"],"picked":"Melter","floor":2},{"not_picked":["Heatsinks","Turbo"],"picked":"Coolheaded","floor":3},{"not_picked":["Turbo","Defragment"],"picked":"Hologram","floor":7},{"not_picked":["Capacitor","Stack"],"picked":"Rebound","floor":10},{"not_picked":["Fusion","Rebound","Cold Snap"],"picked":"SKIP","floor":11},{"not_picked":["Storm","Reprogram"],"picked":"Go for the Eyes","floor":13},{"not_picked":["Tempest","Sweeping Beam"],"picked":"Chill","floor":14},{"not_picked":["Creative AI","Fission"],"picked":"Buffer","floor":16},{"not_picked":["BootSequence+1","Rebound"],"picked":"Beam Cell","floor":18},{"not_picked":["Defragment","Stack","Streamline"],"picked":"SKIP","floor":20},{"not_picked":["Tempest","Compile Driver"],"picked":"Gash+1","floor":24},{"not_picked":["Steam+1","Turbo"],"picked":"Skim","floor":27},{"not_picked":["Redo","Streamline","Steam Power"],"picked":"SKIP","floor":30},{"not_picked":["Beam Cell","Turbo","Sunder"],"picked":"SKIP","floor":31}],"player_experience":175639,"relics_obtained":[{"floor":6,"key":"MawBank"},{"floor":9,"key":"Regal Pillow"},{"floor":12,"key":"StoneCalendar"},{"floor":14,"key":"Pen Nib"},{"floor":15,"key":"Gremlin Horn"},{"floor":23,"key":"Bag of Marbles"},{"floor":25,"key":"Juzu Bracelet"},{"floor":26,"key":"DataDisk"},{"floor":28,"key":"Peace Pipe"}],"event_choices":[{"damage_healed":0,"gold_gain":0,"player_choice":"Trade","damage_taken":0,"relics_obtained":["FaceOfCleric"],"max_hp_gain":0,"max_hp_loss":0,"event_name":"FaceTrader","floor":5,"gold_loss":0},{"damage_healed":0,"gold_gain":0,"player_choice":"Ignored","damage_taken":0,"max_hp_gain":0,"max_hp_loss":0,"event_name":"Vampires","floor":19,"gold_loss":0},{"damage_healed":0,"gold_gain":0,"player_choice":"Opened","damage_taken":0,"relics_obtained":["Oddly Smooth Stone"],"max_hp_gain":0,"max_hp_loss":0,"event_name":"The Mausoleum","floor":21,"gold_loss":0,"cards_obtained":["Writhe"]},{"damage_healed":0,"gold_gain":0,"cards_transformed":["Zap","Strike_B"],"player_choice":"Became Test Subject","damage_taken":0,"max_hp_gain":0,"max_hp_loss":0,"event_name":"Drug Dealer","floor":29,"gold_loss":0,"cards_obtained":["Darkness","Glacier"]}],"is_beta":false,"boss_relics":[{"not_picked":["Philosopher\u0027s Stone","Velvet Choker"],"picked":"Nuclear Battery"}],"items_purged_floors":[4,8,22],"is_endless":false,"potions_floor_spawned":[1,3,10,13,14,16,18,20,24],"killed_by":"Automaton","ascension_level":0}}