{"host":"dpbezu80jg8zk7un","time":1607971077,"event":{"mods":["BaseMod","Colored Map","Colored Powertips","Custom Start","DeckTracker","Minty Spire (QoL Compilation)","Quick Restart","StSLib","SuperFastMode"],"gold_per_floor":[116,22,22,38,38,38,77,77,100,112,139,191,203,215,227,330,342,375,405,442,454,466,478,509,555,567,579,604,616,642,670,682,789,801,827,864,907,933,959,971,1016,1048,1060,1122,1178,1190,1225,1260,1311,1323,1335,1347,1359,1371,665,708,708],"floor_reached":58,"playtime":2078,"items_purged":["CrushJoints"],"score":3287,"play_id":"a27788d5-fe77-454e-a16f-f2fa296b51a4","local_time":"20201215033757","is_ascension_mode":true,"campfire_choices":[{"data":"Eruption","floor":6.0,"key":"SMITH"},{"data":"WheelKick","floor":10.0,"key":"SMITH"},{"data":"CrushJoints","floor":15.0,"key":"SMITH"},{"floor":23.0,"key":"REST"},{"floor":27.0,"key":"REST"},{"data":"Conclude","floor":29.0,"key":"SMITH"},{"floor":32.0,"key":"REST"},{"data":"MentalFortress","floor":40.0,"key":"SMITH"},{"floor":50,"key":"RECALL"},{"data":"LikeWater","floor":54,"key":"SMITH"}],"circlet_count":0,"master_deck":["AscendersBane","Eruption+1","Vigilance","WheelKick+1","Conclude+1","Crescendo+1","CrushJoints+1","DeusExMachina+1","Prostrate+1","Prostrate+1","Vault+1","Vault+1","LikeWater+1","MentalFortress+1","Wallop+1","EmptyMind+1","Meditate+1","Scrawl+1","Pray+1","Adaptation","InnerPeace+1"],"relics":["PureWater","NeowsBlessing","Ancient Tea Set","Golden Idol","Bird Faced Urn","MawBank","Calipers","Empty Cage","Sundial","Whetstone","Toxic Egg 2","Pandora\u0027s Box","Turnip","HornCleat","War Paint","Lee\u0027s Waffle","Mercury Hourglass","Strawberry","CloakClasp"],"acts_visited":["Exordium","TheCity","TheBeyond","TheEnding"],"potions_floor_usage":[42,57],"damage_taken":[{"damage":0.0,"enemies":"Small Slimes","floor":1.0,"turns":1.0},{"damage":0.0,"enemies":"Cultist","floor":4.0,"turns":1.0},{"damage":0.0,"enemies":"Lagavulin","floor":7.0,"turns":2.0},{"damage":0.0,"enemies":"Jaw Worm","floor":11.0,"turns":2.0},{"damage":3.0,"enemies":"Gremlin Nob","floor":12.0,"turns":3.0},{"damage":2.0,"enemies":"Large Slime","floor":14.0,"turns":3.0},{"damage":35.0,"enemies":"The Guardian","floor":16.0,"turns":5.0},{"damage":0.0,"enemies":"3 Byrds","floor":18.0,"turns":3.0},{"damage":8.0,"enemies":"Shell Parasite","floor":19.0,"turns":2.0},{"damage":26.0,"enemies":"Shelled Parasite and Fungi","floor":20.0,"turns":3.0},{"damage":11.0,"enemies":"Snake Plant","floor":24.0,"turns":2.0},{"damage":10.0,"enemies":"Gremlin Leader","floor":25.0,"turns":3.0},{"damage":0.0,"enemies":"Snecko","floor":28.0,"turns":2.0},{"damage":9.0,"enemies":"Centurion and Healer","floor":30.0,"turns":4.0},{"damage":21.0,"enemies":"Chosen and Byrds","floor":31.0,"turns":7.0},{"damage":23.0,"enemies":"Champ","floor":33.0,"turns":6.0},{"damage":3.0,"enemies":"Orb Walker","floor":35.0,"turns":3.0},{"damage":0.0,"enemies":"3 Darklings","floor":36.0,"turns":3.0},{"damage":7.0,"enemies":"Mind Bloom Boss Battle","floor":37.0,"turns":5.0},{"damage":0.0,"enemies":"Writhing Mass","floor":38.0,"turns":5.0},{"damage":19.0,"enemies":"Sphere and 2 Shapes","floor":39.0,"turns":4.0},{"damage":0.0,"enemies":"Giant Head","floor":41.0,"turns":6.0},{"damage":19,"enemies":"4 Shapes","floor":42,"turns":4},{"damage":0,"enemies":"Nemesis","floor":45,"turns":3},{"damage":0,"enemies":"3 Darklings","floor":47,"turns":3},{"damage":0,"enemies":"Maw","floor":48,"turns":5},{"damage":0,"enemies":"Nemesis","floor":49,"turns":5},{"damage":0,"enemies":"Awakened One","floor":51,"turns":8},{"damage":0,"enemies":"Time Eater","floor":52,"turns":9},{"damage":0,"enemies":"Shield and Spear","floor":56,"turns":4},{"damage":20,"enemies":"The Heart","floor":57,"turns":8}],"seed_played":"-969638616937739711","potions_obtained":[{"floor":11.0,"key":"Ambrosia"},{"floor":12.0,"key":"GamblersBrew"},{"floor":20.0,"key":"Strength Potion"},{"floor":25.0,"key":"Fruit Juice"},{"floor":28.0,"key":"PowerPotion"},{"floor":30.0,"key":"Fruit Juice"},{"floor":31.0,"key":"SteroidPotion"},{"floor":38.0,"key":"Block Potion"},{"floor":41.0,"key":"BlessingOfTheForge"},{"floor":42,"key":"SteroidPotion"}],"is_trial":false,"path_per_floor":["M","?","$","M","?","R","E","?","T","R","M","E","?","M","R","B",null,"M","M","M","T","?","R","M","E","T","R","M","R","M","M","R","B",null,"M","M","?","M","M","R","E","M","T","?","E","E","M","M","E","R","B","B",null,"R","$","E","B",null],"character_chosen":"WATCHER","items_purchased":["Adaptation","Lee\u0027s Waffle","Mercury Hourglass","Strawberry"],"campfire_rested":3,"item_purchase_floors":[55,55,55,55],"current_hp_per_floor":[61,61,61,61,61,61,61,54,54,54,54,51,51,49,49,14,50,50,42,16,16,16,34,23,13,13,31,36,36,27,11,32,9,56,57,59,56,60,45,45,49,34,34,34,38,38,40,44,48,48,52,56,68,68,86,86,70],"gold":708,"neow_bonus":"THREE_ENEMY_KILL","is_daily":false,"chose_seed":false,"campfire_upgraded":6,"win_rate":0.0,"timestamp":1607971077,"path_taken":["M","?","$","?","?","R","E","?","T","R","M","E","?","?","R","BOSS","M","M","M","?","?","R","?","E","T","R","M","R","?","M","R","BOSS","M","M","?","M","M","R","E","M","T","?","E","E","M","?","E","R","BOSS","BOSS","R","$","E","BOSS"],"items_purchased_type":["Card","Relic","Relic","Relic"],"build_version":"2020-12-13","purchased_purges":1,"victory":true,"max_hp_per_floor":[68,68,68,68,62,62,62,62,62,62,62,62,62,62,62,62,62,62,62,62,62,62,62,62,62,62,62,67,67,67,72,72,72,72,72,72,72,72,72,72,72,72,72,72,72,72,72,72,72,72,72,72,72,72,86,86,86],"card_choices":[{"not_picked":["SashWhip","Prostrate"],"picked":"WheelKick","floor":1.0},{"not_picked":["Halt","Perseverance","WreathOfFlame"],"picked":"SKIP","floor":4.0},{"not_picked":["Consecrate","ForeignInfluence","JustLucky"],"picked":"SKIP","floor":7.0},{"not_picked":["TalkToTheHand","CutThroughFate"],"picked":"Conclude","floor":11.0},{"not_picked":["Judgement","TalkToTheHand","SashWhip"],"picked":"SKIP","floor":12.0},{"not_picked":["Wallop","Tantrum"],"picked":"CrushJoints","floor":14.0},{"not_picked":["Ragnarok","ConjureBlade"],"picked":"DeusExMachina","floor":16.0},{"not_picked":["EmptyBody","DeceiveReality"],"picked":"Prostrate+1","floor":18.0},{"not_picked":["WaveOfTheHand","BattleHymn","JustLucky+1"],"picked":"SKIP","floor":19.0},{"not_picked":["Consecrate","Nirvana","FlyingSleeves"],"picked":"SKIP","floor":20.0},{"not_picked":["EmptyBody","Weave","Fasting2"],"picked":"SKIP","floor":24.0},{"not_picked":["CutThroughFate","ConjureBlade","ThirdEye"],"picked":"SKIP","floor":25.0},{"not_picked":["EmptyBody+1","ThirdEye+1","WheelKick"],"picked":"SKIP","floor":28.0},{"not_picked":["Indignation+1","ClearTheMind+1"],"picked":"Prostrate+1","floor":30.0},{"not_picked":["PathToVictory+1","Perseverance+1"],"picked":"Vault+1","floor":31.0},{"not_picked":["Establishment","Devotion"],"picked":"Vault+1","floor":33.0},{"not_picked":["Wallop","Protect+1","CarveReality+1"],"picked":"SKIP","floor":35.0},{"not_picked":["ThirdEye+1","FollowUp"],"picked":"Wallop+1","floor":36.0},{"not_picked":["FlurryOfBlows","BowlingBash"],"picked":"EmptyMind+1","floor":37.0},{"not_picked":["Tantrum","Protect+1","LikeWater+1"],"picked":"SKIP","floor":38.0},{"not_picked":["BowlingBash","ThirdEye+1","FollowUp"],"picked":"SKIP","floor":39.0},{"not_picked":["Indignation+1","Halt+1"],"picked":"Meditate+1","floor":41.0},{"not_picked":["FlyingSleeves","Meditate+1"],"picked":"Scrawl+1","floor":42},{"not_picked":["Sanctity+1","ThirdEye+1","BowlingBash"],"picked":"SKIP","floor":45},{"not_picked":["TalkToTheHand","JustLucky","Indignation+1"],"picked":"SKIP","floor":47},{"not_picked":["TalkToTheHand","JustLucky","Indignation+1"],"picked":"SKIP","floor":47},{"not_picked":["Conclude+1","WaveOfTheHand+1","BowlingBash"],"picked":"SKIP","floor":48},{"not_picked":["Tantrum+1","CrushJoints"],"picked":"Pray+1","floor":49},{"not_picked":["EmptyFist+1","Meditate+1"],"picked":"InnerPeace+1","floor":56}],"player_experience":2746506,"relics_obtained":[{"floor":7.0,"key":"Bird Faced Urn"},{"floor":9.0,"key":"MawBank"},{"floor":12.0,"key":"Calipers"},{"floor":21.0,"key":"Sundial"},{"floor":25.0,"key":"Whetstone"},{"floor":26.0,"key":"Toxic Egg 2"},{"floor":37.0,"key":"Turnip"},{"floor":45,"key":"HornCleat"},{"floor":49,"key":"War Paint"},{"floor":56,"key":"CloakClasp"}],"event_choices":[{"damage_healed":0.0,"max_hp_gain":0.0,"max_hp_loss":0.0,"gold_gain":0.0,"event_name":"WeMeetAgain","player_choice":"Paid Gold","floor":2.0,"gold_loss":94.0,"damage_taken":0.0,"relics_obtained":["Ancient Tea Set"]},{"damage_healed":0.0,"max_hp_gain":0.0,"max_hp_loss":6.0,"gold_gain":0.0,"event_name":"Golden Idol","player_choice":"Lose Max HP","floor":5.0,"gold_loss":0.0,"damage_taken":0.0,"relics_obtained":["Golden Idol"]},{"cards_removed":["Defend_P"],"damage_healed":0.0,"max_hp_gain":0.0,"max_hp_loss":0.0,"gold_gain":0.0,"event_name":"Golden Wing","player_choice":"Card Removal","floor":8.0,"gold_loss":0.0,"damage_taken":7.0},{"damage_healed":0.0,"max_hp_gain":0.0,"max_hp_loss":0.0,"gold_gain":0.0,"cards_transformed":["Strike_P"],"event_name":"Transmorgrifier","player_choice":"Transformed","floor":13.0,"gold_loss":0.0,"damage_taken":0.0,"cards_obtained":["Crescendo"]},{"cards_removed":["Defend_P"],"damage_healed":0.0,"max_hp_gain":0.0,"max_hp_loss":0.0,"gold_gain":0.0,"event_name":"Purifier","player_choice":"Purged","floor":22.0,"gold_loss":0.0,"damage_taken":0.0},{"damage_healed":0.0,"max_hp_gain":0.0,"max_hp_loss":0.0,"gold_gain":0.0,"event_name":"MindBloom","player_choice":"Fight","floor":37.0,"gold_loss":0.0,"damage_taken":0.0},{"damage_healed":0,"gold_gain":50,"player_choice":"Pray","damage_taken":0,"max_hp_gain":0,"max_hp_loss":0,"event_name":"Golden Shrine","floor":44,"gold_loss":0}],"is_beta":false,"boss_relics":[{"not_picked":["Coffee Dripper","SlaversCollar"],"picked":"Empty Cage"},{"not_picked":["Black Star","Snecko Eye"],"picked":"Pandora\u0027s Box"}],"items_purged_floors":[55],"is_endless":false,"potions_floor_spawned":[11,12,14,16,18,20,25,28,30,31,38,41,42,47,49],"ascension_level":20}}