{"host":"0ojbcjhl22e0lupc","time":1607906534,"event":{"mods":["AchievementEnabler","BaseMod","Better Altar","Better Note","Better Sensory Stone","Better Skull","Better Third Choice","BetterRewards","Colored Map","Colored Powertips","Custom Start","Hermit","Highlight Path","Marked Mod","Minty Spire (QoL Compilation)","Permanent Neow","QueenMod","Random Character Button","Random Character Mod","Replay The Spire","Spicy Shops","StSLib","The Cursed","The Forsaken","The Hierophant","The Jungle","Transform Curses"],"gold_per_floor":[118,118,128,148,164,164,164],"floor_reached":6,"playtime":615,"items_purged":[],"score":48,"play_id":"250dea3a-41c2-409c-8c86-2ed3b7bcdb7d","local_time":"20201213194214","is_ascension_mode":true,"campfire_choices":[],"circlet_count":0,"master_deck":["theForsaken:TheForsaken_Strike","theForsaken:TheForsaken_Strike","theForsaken:TheForsaken_Strike","theForsaken:TheForsaken_Strike","theForsaken:TheForsaken_Defend","theForsaken:TheForsaken_Defend","theForsaken:TheForsaken_Defend","theForsaken:TheForsaken_Defend","theForsaken:Smite","theForsaken:Penitence","Mayhem","theForsaken:HymnOfPatience","Parasite","theForsaken:Eulogy+1","theForsaken:StoreUp","theForsaken:Retribution","theForsaken:WrathOfGod","theForsaken:CorruptedForm","theForsaken:MagicWeapon","theForsaken:WordsOfMight","theForsaken:PowerUp","Regret","theForsaken:PreciseStrike","theForsaken:Eulogy"],"relics":["theForsaken:JudgementScales","Kunai","Replay:WaspNest","ReplayTheSpireMod:CursedCoin","Orrery","Replay:Wax Seal"],"acts_visited":["Exordium"],"potions_floor_usage":[6,6],"damage_taken":[{"damage":8,"enemies":"2 Louse","floor":1,"turns":3},{"damage":0,"enemies":"Cultist","floor":3,"turns":4},{"damage":4,"enemies":"Small Slimes","floor":4,"turns":4},{"damage":38,"enemies":"Red Slaver","floor":5,"turns":5},{"damage":24,"enemies":"Gremlin Nob","floor":6,"turns":3}],"seed_played":"-2385102653917144970","potions_obtained":[{"floor":1,"key":"DuplicationPotion"},{"floor":5,"key":"Fire Potion"}],"is_trial":false,"path_per_floor":["M","?","M","M","M","E"],"character_chosen":"THE_FORSAKEN","items_purchased":["Kunai","Mayhem","theForsaken:HymnOfPatience","theForsaken:WordsOfMight","Replay:WaspNest","ReplayTheSpireMod:CursedCoin","theForsaken:Eulogy+1","Orrery","theForsaken:WordsOfMight"],"campfire_rested":0,"item_purchase_floors":[0,0,0,0,0,0,0,0,0],"current_hp_per_floor":[57,57,60,56,18,0,0],"gold":164,"neow_bonus":"","is_daily":false,"chose_seed":false,"campfire_upgraded":0,"win_rate":0.0,"timestamp":1607906534,"path_taken":["M","?","M","M","M","E"],"items_purchased_type":["Relic","Card","Card","Card","Relic","Relic","Card","Relic","Card"],"build_version":"2020-12-13","purchased_purges":0,"victory":false,"max_hp_per_floor":[65,65,65,65,65,65,65],"card_choices":[{"not_picked":["theForsaken:ScorchingSunlight","theForsaken:ShieldCharge"],"picked":"theForsaken:StoreUp","floor":0},{"not_picked":["theForsaken:PreciseStrike","theForsaken:Parry"],"picked":"theForsaken:Retribution","floor":0},{"not_picked":["theForsaken:CreepingInfection","theForsaken:RainingSunlight"],"picked":"theForsaken:WrathOfGod","floor":0},{"not_picked":["theForsaken:Backlash","theForsaken:LightRoll"],"picked":"theForsaken:CorruptedForm","floor":0},{"not_picked":["theForsaken:Riposte","theForsaken:HymnOfPatience"],"picked":"theForsaken:MagicWeapon","floor":0},{"not_picked":["theForsaken:CreepingInfection","theForsaken:SolarFlare"],"picked":"theForsaken:PowerUp","floor":1},{"not_picked":["theForsaken:CowardsBrand","theForsaken:RainingSunlight"],"picked":"theForsaken:PreciseStrike","floor":3},{"not_picked":["theForsaken:CowardsBrand","theForsaken:BlightOfFamine","theForsaken:ShieldCharge"],"picked":"SKIP","floor":4},{"not_picked":["theForsaken:ShieldBash","theForsaken:Backlash"],"picked":"theForsaken:Eulogy","floor":5}],"player_experience":295514,"relics_obtained":[],"event_choices":[{"damage_healed":0,"gold_gain":0,"player_choice":"Box","damage_taken":0,"relics_obtained":["Replay:Wax Seal"],"max_hp_gain":0,"max_hp_loss":0,"event_name":"Big Fish","floor":2,"gold_loss":0,"cards_obtained":["Regret"]}],"is_beta":false,"boss_relics":[],"items_purged_floors":[],"is_endless":false,"potions_floor_spawned":[1,5],"killed_by":"Gremlin Nob","ascension_level":5}}