{"host":"b6iqmq74l2bwzb3l","time":1607944304,"event":{"mods":["BaseMod","Colored Map","Colored Powertips","Googly Eyes","MarisaÅiñ∂âJÅ@ñÇóùçπÅj","Minty Spire (QoL Compilation)","StSLib","The Cursed"],"gold_per_floor":[111,124,49,62,76,76,92,92,140,140,152,163,163,181,181,307,307,327,227,227,227,245,245,120,120,120,143,143,143],"floor_reached":28,"playtime":552,"items_purged":["Strike_G","Strike_G","Strike_G"],"score":212,"play_id":"0343649a-e06c-4f94-b2df-8cc7bfe04e38","local_time":"20201214201144","is_ascension_mode":false,"campfire_choices":[{"data":"Catalyst","floor":6,"key":"SMITH"},{"data":"Deadly Poison","floor":8,"key":"SMITH"},{"data":"Neutralize","floor":10,"key":"SMITH"},{"data":"Terror","floor":15,"key":"SMITH"},{"data":"Bane","floor":23,"key":"SMITH"},{"data":"Survivor","floor":25,"key":"SMITH"}],"circlet_count":0,"master_deck":["Strike_G","Strike_G","Defend_G","Defend_G","Defend_G","Defend_G","Defend_G","Survivor+1","Neutralize+1","Deadly Poison+1","Catalyst+1","Bane+1","Terror+1","Writhe"],"relics":["Ring of the Snake","NeowsBlessing","Bronze Scales","Golden Idol","SacredBark","HornCleat","Blue Candle"],"acts_visited":["Exordium","TheCity"],"potions_floor_usage":[16,28,28],"damage_taken":[{"damage":0,"enemies":"Jaw Worm","floor":1,"turns":1},{"damage":0,"enemies":"2 Louse","floor":2,"turns":1},{"damage":0,"enemies":"Small Slimes","floor":4,"turns":1},{"damage":6,"enemies":"Exordium Wildlife","floor":5,"turns":5},{"damage":6,"enemies":"Large Slime","floor":7,"turns":10},{"damage":2,"enemies":"Looter","floor":11,"turns":3},{"damage":4,"enemies":"Exordium Thugs","floor":12,"turns":4},{"damage":10,"enemies":"2 Fungi Beasts","floor":14,"turns":4},{"damage":13,"enemies":"Hexaghost","floor":16,"turns":7},{"damage":15,"enemies":"Shell Parasite","floor":18,"turns":4},{"damage":21,"enemies":"3 Byrds","floor":22,"turns":7},{"damage":12,"enemies":"Snake Plant","floor":27,"turns":3},{"damage":28,"enemies":"Slavers","floor":28,"turns":4}],"seed_played":"-5069403268105041522","potions_obtained":[{"floor":1,"key":"Block Potion"},{"floor":4,"key":"Ancient Potion"},{"floor":5,"key":"BlessingOfTheForge"},{"floor":16,"key":"Poison Potion"},{"floor":18,"key":"Dexterity Potion"}],"is_trial":false,"path_per_floor":["M","M","$","M","M","R","M","R","T","R","M","M","?","M","R","B",null,"M","$","?","?","M","R","$","R","T","M","E"],"character_chosen":"THE_SILENT","items_purchased":[],"campfire_rested":0,"item_purchase_floors":[],"current_hp_per_floor":[70,70,70,70,64,64,58,58,58,58,56,52,52,42,42,29,65,50,50,50,50,29,29,29,29,29,17,0,0],"gold":143,"neow_bonus":"THREE_ENEMY_KILL","is_daily":false,"chose_seed":false,"campfire_upgraded":6,"win_rate":0.0,"timestamp":1607944304,"path_taken":["M","M","$","M","M","R","M","R","T","R","M","M","?","M","R","BOSS","M","$","?","?","M","R","$","R","T","M","E"],"items_purchased_type":[],"build_version":"2020-12-13","purchased_purges":3,"victory":false,"max_hp_per_floor":[70,70,70,70,70,70,70,70,70,70,70,70,65,65,65,65,65,65,65,65,65,65,65,65,65,65,65,65,65],"card_choices":[{"not_picked":["Well Laid Plans","Skewer","Flying Knee"],"picked":"SKIP","floor":1},{"not_picked":["Dodge and Roll","Sucker Punch"],"picked":"Deadly Poison","floor":2},{"not_picked":["Backflip","Calculated Gamble"],"picked":"Catalyst","floor":4},{"not_picked":["Dagger Throw","Deflect","Backstab"],"picked":"SKIP","floor":5},{"not_picked":["Tactician","Flying Knee","Dagger Spray"],"picked":"SKIP","floor":7},{"not_picked":["Quick Slash","Dagger Throw","After Image"],"picked":"SKIP","floor":11},{"not_picked":["Underhanded Strike","Sucker Punch"],"picked":"Bane","floor":12},{"not_picked":["Accuracy","Quick Slash"],"picked":"Terror","floor":14},{"not_picked":["Deflect+1","Accuracy","Crippling Poison"],"picked":"SKIP","floor":18},{"not_picked":["Flying Knee","Outmaneuver","Riddle With Holes"],"picked":"SKIP","floor":22},{"not_picked":["Accuracy","Endless Agony+1","Underhanded Strike+1"],"picked":"SKIP","floor":27}],"player_experience":298516,"relics_obtained":[{"floor":9,"key":"Bronze Scales"},{"floor":26,"key":"Blue Candle"}],"event_choices":[{"damage_healed":0,"gold_gain":0,"player_choice":"Lose Max HP","damage_taken":0,"relics_obtained":["Golden Idol"],"max_hp_gain":0,"max_hp_loss":5,"event_name":"Golden Idol","floor":13,"gold_loss":0},{"damage_healed":0,"gold_gain":0,"player_choice":"Opened","damage_taken":0,"relics_obtained":["HornCleat"],"max_hp_gain":0,"max_hp_loss":0,"event_name":"The Mausoleum","floor":20,"gold_loss":0,"cards_obtained":["Writhe"]},{"damage_healed":0,"gold_gain":0,"player_choice":"Ignored","damage_taken":0,"max_hp_gain":0,"max_hp_loss":0,"event_name":"Ghosts","floor":21,"gold_loss":0}],"is_beta":false,"boss_relics":[{"not_picked":["Fusion Hammer","Snecko Eye"],"picked":"SacredBark"}],"items_purged_floors":[3,19,24],"is_endless":false,"potions_floor_spawned":[1,4,5,16,18],"killed_by":"Slavers","ascension_level":0}}