{"host":"y89x8uui45kcjy42","time":1607905830,"event":{"mods":["2.2 Compatiblity","BaseMod","Colored Map","Colored Powertips","Friendly Minions","Highlight Path","Keyboard Shortcuts","Minty Spire (QoL Compilation)","StSLib","SuperFastMode","Waifu the Spire","WarShipGirlsR/??á´Ò³R mod"],"gold_per_floor":[112,37,37,137,156,194,194,217,217,237,237,276,297,326,326,430,430,440,440,459,478,478,478,478,478],"floor_reached":24,"playtime":1310,"items_purged":["rmod:strick"],"score":233,"play_id":"fb309f88-47e8-4aa7-a7ed-3f4449802477","local_time":"20201214093030","is_ascension_mode":false,"campfire_choices":[{"data":"rmod:basicallowance","floor":7.0,"key":"SMITH"},{"data":"rmod:expeditionaryescort","floor":11.0,"key":"SMITH"},{"data":"rmod:wife","floor":15,"key":"SMITH"},{"data":"rmod:steelsupply","floor":23,"key":"SMITH"}],"circlet_count":0,"master_deck":["rmod:strick+1","rmod:strick+1","rmod:strick+1","rmod:defend+1","rmod:defend+1","rmod:defend+1","rmod:defend+1","rmod:basicallowance+1","rmod:maingunfire","rmod:unsinkable","rmod:fuelsupply","rmod:supportescort","rmod:expeditionaryescort+1","rmod:lonelyqueen","rmod:windflower","rmod:ammunitionsupply","rmod:wife+1","rmod:seals","rmod:steelsupply+1"],"relics":["rmod:firstchargereward","NeowsBlessing","CeramicFish","Matryoshka","Toy Ornithopter","Coffee Dripper"],"acts_visited":["Exordium","TheCity"],"potions_floor_usage":[12,14,16],"damage_taken":[{"damage":0.0,"enemies":"Cultist","floor":1.0,"turns":1.0},{"damage":0.0,"enemies":"Small Slimes","floor":5.0,"turns":2.0},{"damage":0.0,"enemies":"Gremlin Nob","floor":6.0,"turns":1.0},{"damage":0.0,"enemies":"Jaw Worm","floor":8.0,"turns":5.0},{"damage":12.0,"enemies":"2 Fungi Beasts","floor":10.0,"turns":5.0},{"damage":35,"enemies":"Lagavulin","floor":12,"turns":9},{"damage":0,"enemies":"Large Slime","floor":13,"turns":9},{"damage":0,"enemies":"3 Louse","floor":14,"turns":2},{"damage":25,"enemies":"The Guardian","floor":16,"turns":16},{"damage":37,"enemies":"Spheric Guardian","floor":18,"turns":6},{"damage":2,"enemies":"2 Thieves","floor":20,"turns":5},{"damage":9,"enemies":"Snecko","floor":21,"turns":10},{"damage":19,"enemies":"Masked Bandits","floor":24,"turns":2}],"seed_played":"-6236774861927370451","potions_obtained":[{"floor":10.0,"key":"SteroidPotion"},{"floor":12,"key":"Explosive Potion"},{"floor":14,"key":"FearPotion"}],"is_trial":false,"path_per_floor":["M","$","$","?","M","E","R","M","T","M","R","E","M","M","R","B",null,"M","?","M","M","?","R","?"],"character_chosen":"PRAEFECT","items_purchased":[],"campfire_rested":0,"item_purchase_floors":[],"current_hp_per_floor":[75,75,75,75,75,75,75,75,75,63,63,28,28,33,33,13,75,38,38,36,27,13,13,0,0],"gold":478,"neow_bonus":"THREE_ENEMY_KILL","is_daily":false,"chose_seed":false,"campfire_upgraded":4,"win_rate":0.0,"timestamp":1607905830,"path_taken":["M","?","$","?","M","E","R","M","T","?","R","E","M","M","R","BOSS","M","?","M","M","?","R","?"],"items_purchased_type":[],"build_version":"2020-12-13","purchased_purges":1,"victory":false,"max_hp_per_floor":[75,75,75,75,75,75,75,75,75,75,75,75,75,75,75,75,75,75,75,75,75,80,80,80,80],"card_choices":[{"not_picked":["rmod:victimresponsibility","rmod:circuitoustactics"],"picked":"rmod:unsinkable","floor":1.0},{"not_picked":["rmod:goodsister","rmod:victimresponsibility"],"picked":"rmod:fuelsupply","floor":5.0},{"not_picked":["rmod:diamondstrike","rmod:goodsister"],"picked":"rmod:supportescort","floor":6.0},{"not_picked":["rmod:bulid","rmod:rockthrower"],"picked":"rmod:expeditionaryescort","floor":8.0},{"not_picked":["rmod:circuitoustactics","rmod:rockthrower"],"picked":"rmod:lonelyqueen","floor":10.0},{"not_picked":["rmod:diaomin","rmod:circuitoustactics"],"picked":"rmod:windflower","floor":12},{"not_picked":["rmod:aggressivemary","rmod:diamondstrike"],"picked":"rmod:ammunitionsupply","floor":13},{"not_picked":["rmod:ammunitionsupply","rmod:luckystar"],"picked":"rmod:wife","floor":14},{"not_picked":["rmod:u235","rmod:desperatesituation"],"picked":"rmod:seals","floor":16},{"not_picked":["rmod:victimresponsibility","rmod:fuelsupply","rmod:luckystar"],"picked":"SKIP","floor":18},{"not_picked":["rmod:aluminumsupply","rmod:aviationdawn+1"],"picked":"rmod:steelsupply","floor":20},{"not_picked":["rmod:diamondstrike","rmod:aluminumsupply+1","rmod:fuelsupply"],"picked":"SKIP","floor":21}],"player_experience":488012,"relics_obtained":[{"floor":6.0,"key":"CeramicFish"},{"floor":9.0,"key":"Matryoshka"},{"floor":12,"key":"Toy Ornithopter"}],"event_choices":[{"damage_healed":0.0,"max_hp_gain":0.0,"max_hp_loss":0.0,"gold_gain":100.0,"event_name":"Wheel of Change","player_choice":"Gold","floor":4.0,"gold_loss":0.0,"damage_taken":0.0},{"damage_healed":0,"gold_gain":0,"player_choice":"Simplicity","damage_taken":0,"max_hp_gain":0,"max_hp_loss":0,"event_name":"Back to Basics","floor":19,"gold_loss":0,"cards_upgraded":["rmod:strick","rmod:strick","rmod:strick","rmod:defend","rmod:defend","rmod:defend","rmod:defend"]},{"damage_healed":0,"gold_gain":0,"player_choice":"Shed Blood","damage_taken":19,"max_hp_gain":5,"max_hp_loss":0,"event_name":"Forgotten Altar","floor":22,"gold_loss":0},{"damage_healed":0,"gold_gain":0,"player_choice":"Fought Bandits","damage_taken":0,"max_hp_gain":0,"max_hp_loss":0,"event_name":"Masked Bandits","floor":24,"gold_loss":0}],"is_beta":false,"boss_relics":[{"not_picked":["Snecko Eye","Fusion Hammer"],"picked":"Coffee Dripper"}],"items_purged_floors":[2],"is_endless":false,"potions_floor_spawned":[10,12,14],"killed_by":"Masked Bandits","ascension_level":0}}