{"host":"cz3p2o9n3b1gdmkz","time":1607943253,"event":{"mods":["AchievementEnabler","BaseMod","CapriCore","GungeonMod","Hermit","Lobotomy","Minty Spire (QoL Compilation)","Replay The Spire","Shop Mod","StSLib","SuperFastMode","The Cursed","The Dragon Tamer","The Gatherer","The Jungle","The Poker Player","The Runesmith"],"gold_per_floor":[117,117,117,117,117,117,147,157,181,207,156,172,207,218,218,321,321,334,334,352,371,371,399,413,427,427,439,469,469,93,93,93,195,195,215,215,228,188,205,205,205,218,218,218,268,294,342,342,342,342,342],"floor_reached":52,"playtime":2096,"items_purged":["Normality"],"score":819,"play_id":"243161db-cd5d-4482-919f-388660711b9e","local_time":"20201214195413","is_ascension_mode":true,"campfire_choices":[{"data":"hermit:Snapshot","floor":6.0,"key":"SMITH"},{"data":"hermit:Magnum","floor":15.0,"key":"SMITH"},{"floor":29.0,"key":"REST"},{"data":"hermit:FatalDesire","floor":32.0,"key":"SMITH"},{"data":"hermit:Snipe","floor":40,"key":"SMITH"},{"data":"hermit:Manifest","floor":44,"key":"SMITH"},{"data":"hermit:Covet","floor":49,"key":"SMITH"}],"circlet_count":0,"master_deck":["hermit:Strike_Hermit","hermit:Strike_Hermit","hermit:Strike_Hermit","hermit:Defend_Hermit+1","hermit:Defend_Hermit+1","hermit:Defend_Hermit+1","hermit:Snapshot+1","hermit:Covet+1","ReplayTheSpireMod:IOU","hermit:Magnum+1","ReplayTheSpireMod:IOU","hermit:Manifest+1","hermit:FatalDesire+1","hermit:Snipe+1","hermit:Gambit","Trip+1","hermit:HeroicBravado+1","hermit:Magnum+1","Parasite","hermit:Adapt+1","hermit:LuckOfTheDraw"],"relics":["Cursed Key","Pocketwatch","DemoMod:Orange","Happy Flower","Runesmith:Nanobots","Onion Ring","DemoMod:WaxWing","DemoMod:Metronome","Replay:Wax Seal","Frozen Egg 2","Mummified Hand","SacredBark","DemoMod:GlassGuonStoneRelic","Replay:Bottled Eggs","Incense Burner","White Beast Statue","hermit:CharredGlove"],"acts_visited":["Exordium","TheCity","TheBeyond"],"potions_floor_usage":[42,47,50,50,50],"damage_taken":[{"damage":0.0,"enemies":"Small Slimes","floor":1.0,"turns":3.0},{"damage":9.0,"enemies":"3 Sentries","floor":7.0,"turns":7.0},{"damage":3.0,"enemies":"2 Louse","floor":8.0,"turns":2.0},{"damage":20.0,"enemies":"Lagavulin","floor":10.0,"turns":4.0},{"damage":5.0,"enemies":"Jaw Worm","floor":12.0,"turns":2.0},{"damage":0.0,"enemies":"Gremlin Nob","floor":13.0,"turns":3.0},{"damage":0.0,"enemies":"Blue Slaver","floor":14.0,"turns":1.0},{"damage":0.0,"enemies":"The Guardian","floor":16.0,"turns":10.0},{"damage":0.0,"enemies":"Shell Parasite","floor":18.0,"turns":3.0},{"damage":0.0,"enemies":"Chosen","floor":20.0,"turns":3.0},{"damage":0.0,"enemies":"Centurion and Healer","floor":21.0,"turns":4.0},{"damage":42.0,"enemies":"Gremlin Leader","floor":23.0,"turns":3.0},{"damage":0.0,"enemies":"Snecko","floor":24.0,"turns":3.0},{"damage":0.0,"enemies":"Snake Plant","floor":25.0,"turns":2.0},{"damage":0.0,"enemies":"Shelled Parasite and Fungi","floor":27.0,"turns":2.0},{"damage":5.0,"enemies":"Centurion and Healer","floor":28.0,"turns":3.0},{"damage":22.0,"enemies":"Champ","floor":33.0,"turns":9.0},{"damage":3.0,"enemies":"3 Shapes","floor":35.0,"turns":6.0},{"damage":0,"enemies":"Orb Walker","floor":37,"turns":2},{"damage":0,"enemies":"4 Shapes","floor":39,"turns":4},{"damage":0,"enemies":"Sphere and 2 Shapes","floor":42,"turns":2},{"damage":0,"enemies":"Mind Bloom Boss Battle","floor":45,"turns":3},{"damage":0,"enemies":"Nemesis","floor":46,"turns":3},{"damage":0,"enemies":"2 Orb Walkers","floor":47,"turns":2},{"damage":0,"enemies":"Replay:Hell Engine","floor":50,"turns":4}],"seed_played":"6193169589089616612","potions_obtained":[{"floor":1.0,"key":"Adrenaline Potion"},{"floor":8.0,"key":"DistilledChaos"},{"floor":10.0,"key":"Languid Potion"},{"floor":14.0,"key":"FearPotion"},{"floor":25.0,"key":"hermit:BlackBile"},{"floor":27.0,"key":"AttackPotion"},{"floor":28.0,"key":"LiquidBronze"},{"floor":33.0,"key":"Fire Potion"},{"floor":35.0,"key":"Explosive Potion"},{"floor":42,"key":"Adrenaline Potion"},{"floor":47,"key":"Energy Potion"}],"is_trial":false,"path_per_floor":["M","?","?","T","$","R","E","M","T","E","$","M","E","M","R","B",null,"M","?","M","M","?","E","M","M","T","M","M","R","$","?","R","B",null,"M","?","M","?","M","R","?","M","T","R","?","E","?","?","R","B",null,null],"character_chosen":"HERMIT","items_purchased":["hermit:Manifest","Mummified Hand","Block Potion"],"campfire_rested":1,"item_purchase_floors":[11,30,30],"current_hp_per_floor":[75,80,80,80,80,80,83,80,80,60,60,55,55,55,55,55,92,92,92,92,92,92,50,50,50,50,50,45,72,72,72,72,50,92,89,89,89,89,89,89,89,89,89,89,89,89,89,87,87,87,87],"gold":342,"neow_bonus":"BOSS_RELIC","is_daily":false,"chose_seed":false,"campfire_upgraded":6,"win_rate":0.0,"timestamp":1607943253,"path_taken":["M","?","?","?","?","R","E","M","T","E","$","?","E","M","R","BOSS","M","?","M","?","?","E","M","?","T","M","M","R","$","?","R","BOSS","M","?","?","?","?","R","?","?","T","R","?","E","?","?","R","BOSS"],"items_purchased_type":["Card","Relic","Potion"],"build_version":"2020-12-13","purchased_purges":1,"victory":true,"max_hp_per_floor":[75,80,80,80,80,80,92,92,92,92,92,92,92,92,92,92,92,92,92,92,92,92,92,92,92,92,92,92,92,92,92,92,92,92,92,92,92,92,92,92,92,92,92,92,92,92,92,87,87,87,87],"card_choices":[{"not_picked":["hermit:HoleUp","hermit:Misfire","hermit:Headshot"],"picked":"SKIP","floor":1.0},{"not_picked":["hermit:Enervate","hermit:Snipe"],"picked":"hermit:Magnum","floor":7.0},{"not_picked":["hermit:Glare","hermit:LowProfile","hermit:Horror"],"picked":"SKIP","floor":8.0},{"not_picked":["hermit:Dive","hermit:TrackingShot","hermit:Gestalt"],"picked":"SKIP","floor":10.0},{"not_picked":["hermit:EyeOfTheStorm","hermit:Roulette","hermit:SprayPray"],"picked":"SKIP","floor":12.0},{"not_picked":["hermit:FromBeyond","hermit:GhostlyPresence","hermit:LowProfile"],"picked":"SKIP","floor":13.0},{"not_picked":["hermit:Determination","hermit:Desperado","hermit:Dive"],"picked":"SKIP","floor":14.0},{"not_picked":["hermit:Adapt","hermit:HighNoon"],"picked":"hermit:FatalDesire","floor":16.0},{"not_picked":["hermit:Coalescence","hermit:PistolWhip","hermit:Dive"],"picked":"SKIP","floor":18.0},{"not_picked":["hermit:Shortfuse+1","hermit:GoldenBullet+1"],"picked":"hermit:Snipe","floor":20.0},{"not_picked":["hermit:FullyLoaded","hermit:HoleUp","hermit:WideOpen"],"picked":"SKIP","floor":21.0},{"not_picked":["hermit:LowProfile","hermit:Roulette","hermit:Dissolve"],"picked":"SKIP","floor":23.0},{"not_picked":["hermit:Feint","hermit:Malice+1","hermit:Headshot"],"picked":"SKIP","floor":24.0},{"not_picked":["hermit:Coalescence","hermit:HoleUp+1","hermit:PistolWhip"],"picked":"SKIP","floor":25.0},{"not_picked":["hermit:CalledShot","hermit:Scavenge","hermit:Ricochet+1"],"picked":"SKIP","floor":27.0},{"not_picked":["hermit:FlashPowder","hermit:WideOpen","hermit:Glare+1"],"picked":"SKIP","floor":28.0},{"not_picked":["hermit:BlackWind","hermit:Roughhouse"],"picked":"hermit:Gambit","floor":33.0},{"not_picked":["hermit:LuckOfTheDraw+1","hermit:HoleUp+1","hermit:TakeAim+1"],"picked":"SKIP","floor":35.0},{"not_picked":["hermit:Roulette+1","hermit:Misfire+1","hermit:Ricochet"],"picked":"SKIP","floor":37},{"not_picked":["hermit:Enervate","hermit:EyeOfTheStorm","hermit:ItchyTrigger+1"],"picked":"SKIP","floor":39},{"not_picked":["hermit:Enervate+1","hermit:LowProfile","hermit:Vantage+1"],"picked":"SKIP","floor":42},{"not_picked":["hermit:LowProfile+1","hermit:Headshot+1"],"picked":"hermit:Adapt+1","floor":46},{"not_picked":["hermit:SprayPray","hermit:Glare+1"],"picked":"hermit:LuckOfTheDraw","floor":47}],"player_experience":921128,"relics_obtained":[{"floor":4.0,"key":"Pocketwatch"},{"floor":7.0,"key":"DemoMod:Orange"},{"floor":9.0,"key":"Happy Flower"},{"floor":10.0,"key":"Runesmith:Nanobots"},{"floor":13.0,"key":"Onion Ring"},{"floor":23.0,"key":"Replay:Wax Seal"},{"floor":26.0,"key":"Frozen Egg 2"},{"floor":43,"key":"Replay:Bottled Eggs"},{"floor":45,"key":"Incense Burner"},{"floor":46,"key":"White Beast Statue"},{"floor":47,"key":"hermit:CharredGlove"}],"event_choices":[{"damage_healed":0.0,"max_hp_gain":5.0,"max_hp_loss":0.0,"gold_gain":0.0,"event_name":"Big Fish","player_choice":"Donut","floor":2.0,"gold_loss":0.0,"damage_taken":0.0},{"damage_healed":0.0,"max_hp_gain":0.0,"max_hp_loss":0.0,"gold_gain":0.0,"event_name":"The Cleric","player_choice":"Leave","floor":3.0,"gold_loss":0.0,"damage_taken":0.0},{"damage_healed":0.0,"max_hp_gain":0.0,"max_hp_loss":0.0,"gold_gain":0.0,"event_name":"WeMeetAgain","player_choice":"Gave Potion","floor":19.0,"gold_loss":0.0,"damage_taken":0.0,"relics_obtained":["DemoMod:Metronome"]},{"cards_removed":["hermit:Strike_Hermit"],"damage_healed":0.0,"max_hp_gain":0.0,"max_hp_loss":0.0,"gold_gain":0.0,"event_name":"Purifier","player_choice":"Purged","floor":22.0,"gold_loss":0.0,"damage_taken":0.0},{"cards_removed":["hermit:Defend_Hermit"],"damage_healed":0.0,"max_hp_gain":0.0,"max_hp_loss":0.0,"gold_gain":0.0,"event_name":"Bonfire Elementals","player_choice":"Offered Basic","floor":31.0,"gold_loss":0.0,"damage_taken":0.0},{"damage_healed":0,"gold_gain":0,"player_choice":"2 cards matched","damage_taken":0,"max_hp_gain":0,"max_hp_loss":0,"event_name":"Match and Keep!","floor":36,"gold_loss":0,"cards_obtained":["Trip","hermit:HeroicBravado"]},{"damage_healed":0,"gold_gain":0,"player_choice":"Upgraded Two","damage_taken":0,"max_hp_gain":0,"max_hp_loss":0,"event_name":"Designer","floor":38,"gold_loss":40,"cards_upgraded":["Trip","hermit:HeroicBravado"]},{"damage_healed":0,"gold_gain":0,"player_choice":"Copied","damage_taken":0,"max_hp_gain":0,"max_hp_loss":0,"event_name":"Duplicator","floor":41,"gold_loss":0,"cards_obtained":["hermit:Magnum"]},{"damage_healed":0,"gold_gain":0,"player_choice":"Fight","damage_taken":0,"max_hp_gain":0,"max_hp_loss":0,"event_name":"MindBloom","floor":45,"gold_loss":0},{"damage_healed":0,"gold_gain":0,"player_choice":"Fight","damage_taken":0,"max_hp_gain":0,"max_hp_loss":0,"event_name":"Mysterious Sphere","floor":47,"gold_loss":0},{"damage_healed":0,"gold_gain":0,"player_choice":"Max HP","damage_taken":0,"max_hp_gain":0,"max_hp_loss":5,"event_name":"Winding Halls","floor":48,"gold_loss":0}],"is_beta":false,"boss_relics":[{"not_picked":["Painkiller Herb","Snecko Heart"],"picked":"DemoMod:WaxWing"},{"not_picked":["Busted Crown","Fusion Hammer"],"picked":"SacredBark"}],"items_purged_floors":[30],"is_endless":false,"potions_floor_spawned":[1,8,10,14,25,27,28,33,35,37,42,47],"ascension_level":4}}