{"host":"kbax6ms1geh14ty6","time":1607935724,"event":{"mods":["Aspiration","BaseMod","BetterRewards","Colored Powertips","Downfall","GifTheSpireLib","Hubris","Mimic Mod","Minty Spire (QoL Compilation)","Quick Restart","Rare Cards Sparkle","Replay The Spire","StSLib","Stuff the Spire","The Jungle"],"gold_per_floor":[109,109,126,140,17,49,49,77,111,131,151,151,165,179,179,283,283,300,314,314,314,324,324,354,354,354,365,394,413,428,443,222,222,222],"floor_reached":33,"playtime":2602,"items_purged":[],"score":378,"play_id":"0a91155f-1d3a-48a0-aa85-55aa7d2bcd25","local_time":"20201214024844","is_ascension_mode":false,"campfire_choices":[{"floor":12,"key":"REST"},{"data":"Crystallizer","floor":15,"key":"SMITH"},{"floor":25,"key":"REST"}],"circlet_count":0,"master_deck":["Strike_B","Defend_B","Defend_B","Defend_B","Defend_B","Zap","Dualcast","hubris:PowerSurge","Panic Button","Darkness","StuffTheSpire:Synthwave","Time Bomb","Self Repair","Coolheaded","Underhanded Strike","Masterful Stab","Glass Knife","StuffTheSpire:Synthwave","StuffTheSpire:LoadUp","Crystallizer+1","StuffTheSpire:LoadUp","Consume","StuffTheSpire:Synthwave","Steam","aspiration:Polymerization","Barrage","Melter","Rainbow","Darkness","Ball Lightning","Steam","Double Energy+1","Coolheaded","Tempest","Beam Cell","BootSequence","Ball Lightning+1","StuffTheSpire:Brawn"],"relics":["StuffTheSpire:OccultApparatus","ReplayTheSpireMod:TigerMarble","Anchor","Orrery","StuffTheSpire:NeowsTribute","Garlic","Runic Pyramid","ReplayTheSpireMod:Ring of Addiction","SacredBark","Potion Belt","Ring of Panic","StuffTheSpire:Gunfinga","hubris:CrystalStatue","hubris:RGBLights"],"acts_visited":["Exordium","TheCity"],"potions_floor_usage":[10,16,24],"damage_taken":[{"damage":0,"enemies":"Small Slimes","floor":1,"turns":2},{"damage":0,"enemies":"Jaw Worm","floor":3,"turns":1},{"damage":0,"enemies":"2 Louse","floor":4,"turns":2},{"damage":0,"enemies":"Replay:BlueRogue","floor":6,"turns":3},{"damage":0,"enemies":"Lagavulin","floor":8,"turns":2},{"damage":0,"enemies":"Gremlin Gang","floor":9,"turns":4},{"damage":13,"enemies":"Gremlin Gang","floor":10,"turns":5},{"damage":5,"enemies":"Blue Slaver","floor":11,"turns":3},{"damage":0,"enemies":"Exordium Wildlife","floor":13,"turns":3},{"damage":0,"enemies":"2 Fungi Beasts","floor":14,"turns":2},{"damage":21,"enemies":"Slime Boss","floor":16,"turns":10},{"damage":13,"enemies":"2 Thieves","floor":18,"turns":3},{"damage":0,"enemies":"Shell Parasite","floor":19,"turns":2},{"damage":0,"enemies":"Snake Plant","floor":22,"turns":2},{"damage":5,"enemies":"Replay:Snechameleon","floor":24,"turns":4},{"damage":8,"enemies":"Sentry and Sphere","floor":27,"turns":3},{"damage":16,"enemies":"Book of Stabbing","floor":28,"turns":4},{"damage":0,"enemies":"Chosen and Byrds","floor":29,"turns":3},{"damage":0,"enemies":"Snake Plant","floor":30,"turns":2},{"damage":0,"enemies":"Snecko","floor":31,"turns":3},{"damage":70,"enemies":"Champ","floor":33,"turns":8}],"seed_played":"3761980261834867610","potions_obtained":[{"floor":1,"key":"FocusPotion"},{"floor":6,"key":"AttackPotion"},{"floor":8,"key":"Fire Potion"},{"floor":11,"key":"SneckoOil"},{"floor":16,"key":"DistilledChaos"},{"floor":21,"key":"Explosive Potion"},{"floor":21,"key":"Toxic Potion"},{"floor":24,"key":"Weak Potion"}],"is_trial":false,"path_per_floor":["M","?","M","M","$","E","?","E","MIM","M","M","R","M","M","R","B",null,"M","M","?","?","M","?","E","R","T","M","E","M","M","M","R","B"],"character_chosen":"DEFECT","items_purchased":["hubris:PowerSurge","ReplayTheSpireMod:TigerMarble","Anchor","Orrery","Crystallizer","StuffTheSpire:LoadUp"],"campfire_rested":2,"item_purchase_floors":[0,0,0,0,5,5],"current_hp_per_floor":[51,51,51,51,51,51,51,51,58,45,40,62,72,72,72,51,75,62,62,62,62,62,62,57,75,75,67,58,58,58,65,65,0,0],"gold":222,"neow_bonus":"","is_daily":false,"chose_seed":false,"campfire_upgraded":1,"win_rate":0.0,"timestamp":1607935724,"path_taken":["M","?","M","M","$","E","?","E","MIM","M","M","R","M","?","R","BOSS","M","M","?","?","M","?","E","R","T","M","E","M","M","M","R","BOSS"],"items_purchased_type":["Card","Relic","Relic","Relic","Card","Card"],"build_version":"2020-12-13","purchased_purges":0,"victory":false,"max_hp_per_floor":[75,75,75,75,75,75,75,75,75,75,75,75,75,75,75,75,75,75,75,75,75,75,75,75,75,75,75,73,73,73,71,71,71,71],"card_choices":[{"not_picked":["ReplayTheSpireMod:Calculation Training","StuffTheSpire:Plugnplay"],"picked":"Panic Button","floor":0},{"not_picked":["Beam Cell","Panic Button"],"picked":"Darkness","floor":0},{"not_picked":["Conserve Battery","Time Bomb"],"picked":"StuffTheSpire:Synthwave","floor":0},{"not_picked":["StuffTheSpire:CleanHardDrive","Chaos"],"picked":"Time Bomb","floor":0},{"not_picked":["Reprogram","StuffTheSpire:ShieldGenerator"],"picked":"Self Repair","floor":0},{"not_picked":["StuffTheSpire:SnapShoot","Leap"],"picked":"Coolheaded","floor":1},{"not_picked":["Storm","Gash"],"picked":"StuffTheSpire:Synthwave","floor":3},{"not_picked":["Compile Driver","Stack"],"picked":"StuffTheSpire:LoadUp","floor":4},{"not_picked":["Auto Shields","Machine Learning"],"picked":"Consume","floor":6},{"not_picked":["StuffTheSpire:Plugnplay","Turbo"],"picked":"StuffTheSpire:Synthwave","floor":8},{"not_picked":["Hologram","Streamline"],"picked":"Steam","floor":9},{"not_picked":["BasicCrystalCard","Go for the Eyes"],"picked":"aspiration:Polymerization","floor":10},{"not_picked":["Gash","FTL"],"picked":"hubris:SpecializedCircuitry","floor":11},{"not_picked":["Hologram","Conserve Battery"],"picked":"Barrage","floor":13},{"not_picked":["Stack","Leap"],"picked":"Melter","floor":14},{"not_picked":["hubris:DoWhile","Meteor Strike"],"picked":"Rainbow","floor":16},{"not_picked":["Redo+1","Turbo"],"picked":"Darkness","floor":18},{"not_picked":["Leap","Compile Driver+1"],"picked":"Ball Lightning","floor":19},{"not_picked":["Sweeping Beam+1","Core Surge"],"picked":"Steam","floor":22},{"not_picked":["Static Discharge+1","Coolheaded+1"],"picked":"Double Energy+1","floor":24},{"not_picked":["Streamline+1","Sunder"],"picked":"Coolheaded","floor":27},{"not_picked":["Panic Button","Cold Snap+1"],"picked":"Tempest","floor":28},{"not_picked":["Leap+1","Hologram"],"picked":"Beam Cell","floor":29},{"not_picked":["StuffTheSpire:NuclearReactor","BasicCrystalCard"],"picked":"BootSequence","floor":30},{"not_picked":["StuffTheSpire:LoadUp","Rebound"],"picked":"Ball Lightning+1","floor":31}],"player_experience":117637,"relics_obtained":[{"floor":6,"key":"StuffTheSpire:NeowsTribute"},{"floor":8,"key":"Garlic"},{"floor":21,"key":"ReplayTheSpireMod:Ring of Addiction"},{"floor":21,"key":"SacredBark"},{"floor":21,"key":"Potion Belt"},{"floor":21,"key":"Ring of Panic"},{"floor":24,"key":"StuffTheSpire:Gunfinga"},{"floor":26,"key":"hubris:CrystalStatue"},{"floor":28,"key":"hubris:RGBLights"}],"event_choices":[{"cards_removed":["hubris:SpecializedCircuitry"],"damage_healed":0,"gold_gain":0,"player_choice":"Elegance","damage_taken":0,"max_hp_gain":0,"max_hp_loss":0,"event_name":"Back to Basics","floor":20,"gold_loss":0}],"is_beta":false,"boss_relics":[{"not_picked":["hubris:CrackedHourglass","hubris:Backtick"],"picked":"Runic Pyramid"}],"items_purged_floors":[],"is_endless":false,"potions_floor_spawned":[1,6,8,11,16,24,27,30,31],"killed_by":"Champ","ascension_level":0}}