{"host":"Dean","time":1607964477,"event":{"mods":["2.2 Compatiblity","AchievementEnabler","BaseMod","Block Reminder","Colored Map","Colored Powertips","Downfall","Minty Spire (QoL Compilation)","Permanent Neow","Quick Restart","Relic Stats","Replay The Spire","StSLib"],"gold_per_floor":[99,99,99,24,51,51,76,103,119,119,138,153,166,166,183,286,286,286,303,303,4,22,33,86,86,112,112,132,145,145,145,162,265,265,265,265,430,430,430,430,482,482,495,526,546,59,59,73,89,89],"floor_reached":51,"playtime":4320,"items_purged":["champ:Strike","champ:Defend"],"score":745,"play_id":"2879ad8b-e01e-4037-956a-bd3c369bc432","local_time":"20201214114757","is_ascension_mode":false,"campfire_choices":[{"floor":1,"key":"RECALL"},{"data":"champ:EnGarde","floor":4,"key":"SMITH"},{"data":"champ:RisingSlash","floor":6,"key":"SMITH"},{"data":"champ:DefensiveShout","floor":10,"key":"SMITH"},{"data":"champ:DefensiveStyle","floor":18,"key":"SMITH"},{"data":"champ:ShieldThrow","floor":20,"key":"SMITH"},{"data":"champ:GutPunch","floor":25,"key":"SMITH"},{"data":"champ:VampiricStrike","floor":27,"key":"SMITH"},{"data":"champ:CheapShot","floor":35,"key":"SMITH"},{"data":"champ:GutPunch","floor":38,"key":"SMITH"},{"data":"expansioncontent:Chronoboost","floor":40,"key":"SMITH"},{"data":"champ:Execute","floor":42,"key":"SMITH"}],"circlet_count":0,"master_deck":["champ:Defend","champ:Defend+1","champ:Execute+1","champ:EnGarde+1","champ:Backstep+1","champ:RisingSlash+1","champ:DefensiveShout+1","champ:GutPunch+1","champ:DefensiveStyle+1","champ:DefensiveShout+1","champ:ShieldThrow+1","champ:Backstep+1","champ:BringItOn+1","champ:SkillfulDodge+1","champ:Backstep+1","champ:VampiricStrike+1","champ:EnGarde+1","champ:FocusedDefense+1","champ:CheapShot+1","champ:SkillfulDodge+1","champ:GutPunch+1","expansioncontent:Chronoboost+1","expansioncontent:SuperHexaguard+1","champ:ShieldWall+1","champ:Lariat+1","champ:FalseCounter+1","champ:ShieldWall+1"],"relics":["champ:ChampionCrown","downfall:HeartsMalice","downfall:HeartBlessingRed","Toy Ornithopter","Blood Vial","Odd Mushroom","Sozu","Toxic Egg 2","War Paint","Pet Ghost","Replay:Mystery Machine","champ:FightingForDummies","Replay:Grab Bag","Sozu","Sozu","Runic Pyramid","Ring of Chaos","Blue Doll","champ:FightingForDummies","Vajra","Centennial Puzzle"],"acts_visited":["Exordium","TheCity","TheBeyond"],"potions_floor_usage":[],"damage_taken":[{"damage":0,"enemies":"Small Slimes","floor":2,"turns":1},{"damage":0,"enemies":"Lagavulin","floor":5,"turns":1},{"damage":0,"enemies":"The Mushroom Lair","floor":8,"turns":1},{"damage":6,"enemies":"Jaw Worm","floor":9,"turns":2},{"damage":8,"enemies":"Cultist","floor":11,"turns":3},{"damage":0,"enemies":"Blue Slaver","floor":12,"turns":3},{"damage":19,"enemies":"Large Slime","floor":13,"turns":4},{"damage":9,"enemies":"Gremlin Gang","floor":15,"turns":4},{"damage":82,"enemies":"downfall:Defect","floor":16,"turns":6},{"damage":0,"enemies":"Chosen","floor":19,"turns":3},{"damage":7,"enemies":"downfall:FleeingMerchant","floor":21,"turns":4},{"damage":14,"enemies":"Centurion and Healer","floor":22,"turns":4},{"damage":12,"enemies":"Snake Plant","floor":23,"turns":4},{"damage":25,"enemies":"Gremlin Leader","floor":26,"turns":5},{"damage":5,"enemies":"Chosen and Byrds","floor":28,"turns":4},{"damage":5,"enemies":"Centurion and Healer","floor":29,"turns":6},{"damage":7,"enemies":"Sentry and Sphere","floor":32,"turns":3},{"damage":5,"enemies":"downfall:Silent","floor":33,"turns":5},{"damage":7,"enemies":"downfall:FleeingMerchant","floor":37,"turns":5},{"damage":20,"enemies":"3 Darklings","floor":43,"turns":4},{"damage":7,"enemies":"R_Hoarder","floor":44,"turns":5},{"damage":5,"enemies":"3 Shapes","floor":45,"turns":6},{"damage":6,"enemies":"Transient","floor":48,"turns":5},{"damage":4,"enemies":"Writhing Mass","floor":49,"turns":3},{"damage":44,"enemies":"downfall:Ironclad","floor":50,"turns":9}],"seed_played":"-744577715463331342","potions_obtained":[{"floor":5,"key":"Swift Potion"},{"floor":9,"key":"BlessingOfTheForge"},{"floor":13,"key":"Reflective Coating"}],"is_trial":false,"path_per_floor":["R","M","?","R","E","R","T","?","M","R","M","M","M","?","M","B",null,"R","M","R","$","M","M","T","R","E","R","M","M","?","?","M","B",null,"R","?","$","R","?","R","T","R","M","E","M","$","?","M","M","B",null],"character_chosen":"THE_CHAMP","items_purchased":["Toxic Egg 2","War Paint","champ:BringItOn+1","champ:SkillfulDodge+1","champ:GutPunch","champ:Lariat+1","Vajra","Centennial Puzzle"],"campfire_rested":0,"item_purchase_floors":[21,21,21,37,37,46,46,46],"current_hp_per_floor":[90,90,90,90,90,90,90,90,90,90,87,89,90,95,91,23,95,95,95,95,95,93,95,95,95,92,92,95,95,95,95,95,95,95,95,95,95,95,85,85,85,85,95,95,94,94,94,95,95,70],"gold":89,"neow_bonus":"THREE_ENEMY_KILL","is_daily":false,"chose_seed":false,"campfire_upgraded":11,"win_rate":0.0,"timestamp":1607964477,"path_taken":["R","M","?","R","E","R","T","?","M","R","M","M","M","?","M","BOSS","R","M","R","$","M","M","T","R","E","R","M","M","?","?","M","BOSS","R","?","?","R","?","R","T","R","M","E","M","$","?","M","M","BOSS"],"items_purchased_type":["Relic","Relic","Card","Card","Card","Card","Relic","Relic"],"build_version":"2020-12-07","purchased_purges":2,"victory":true,"max_hp_per_floor":[90,90,90,90,90,90,90,90,90,90,90,90,90,95,95,95,95,95,95,95,95,95,95,95,95,95,95,95,95,95,95,95,95,95,95,95,95,95,95,95,95,95,95,95,95,95,95,95,95,95],"relic_stats":{"Blood Vial":12,"Sozu":6,"Centennial Puzzle":[6],"counters":[25,97],"War Paint":["champ:Defend","champ:DefensiveShout"],"obtain_stats":[{"downfall:HeartBlessingRed":4,"Replay:Grab Bag":34,"Vajra":46,"champ:ChampionCrown":0,"downfall:HeartsMalice":0,"Blue Doll":41,"Ring of Chaos":34,"Odd Mushroom":8,"War Paint":21,"Replay:Mystery Machine":26,"Cursed Key":34,"Pet Ghost":24,"Blood Vial":7,"Sozu":17,"Centennial Puzzle":46,"Busted Crown":34,"Toxic Egg 2":21,"champ:FightingForDummies":30,"Toy Ornithopter":5,"Runic Pyramid":34},{"downfall:HeartBlessingRed":1,"Replay:Grab Bag":18,"Vajra":22,"champ:ChampionCrown":0,"downfall:HeartsMalice":0,"Blue Doll":19,"Ring of Chaos":18,"Odd Mushroom":3,"War Paint":11,"Replay:Mystery Machine":14,"Cursed Key":18,"Pet Ghost":13,"Blood Vial":2,"Sozu":9,"Centennial Puzzle":22,"Busted Crown":18,"Toxic Egg 2":11,"champ:FightingForDummies":16,"Toy Ornithopter":2,"Runic Pyramid":18},{"downfall:HeartBlessingRed":0,"Replay:Grab Bag":60,"Vajra":80,"champ:ChampionCrown":0,"downfall:HeartsMalice":0,"Blue Doll":65,"Ring of Chaos":60,"Odd Mushroom":0,"War Paint":29,"Replay:Mystery Machine":42,"Cursed Key":60,"Pet Ghost":37,"Blood Vial":0,"Sozu":22,"Centennial Puzzle":80,"Busted Crown":60,"Toxic Egg 2":29,"champ:FightingForDummies":52,"Toy Ornithopter":0,"Runic Pyramid":60}],"Toy Ornithopter":0},"card_choices":[{"not_picked":["champ:Backstep","champ:Haymaker"],"picked":"champ:EnGarde","floor":2},{"not_picked":["champ:BerserkersShout","champ:EnGarde"],"picked":"champ:RisingSlash","floor":5},{"not_picked":["champ:TornadoPunch","champ:BladeFlurry"],"picked":"champ:DefensiveShout","floor":9},{"not_picked":["champ:AdrenalArmor","champ:PerfectedStrike","champ:PreciseThrust"],"picked":"SKIP","floor":11},{"not_picked":["champ:CrookedStrike","champ:Haymaker"],"picked":"champ:GutPunch","floor":12},{"not_picked":["champ:SkillfulDodge","champ:Devastate"],"picked":"champ:DefensiveStyle","floor":13},{"not_picked":["champ:FlashCut","champ:CrookedStrike"],"picked":"champ:DefensiveShout","floor":15},{"not_picked":["champ:CheapShot","champ:MurderStrike"],"picked":"champ:ShieldThrow","floor":16},{"not_picked":["champ:BladeFlurry","champ:BerserkersShout+1","champ:FaceSlap"],"picked":"SKIP","floor":19},{"not_picked":["champ:DeathBlow","champ:FightOn"],"picked":"champ:Backstep+1","floor":21},{"not_picked":["champ:GladiatorsShout+1","champ:EnragedBash"],"picked":"champ:SkillfulDodge+1","floor":22},{"not_picked":["champ:FaceSlap","champ:PerfectedStrike"],"picked":"champ:Backstep+1","floor":23},{"not_picked":["champ:AdrenalArmor+1","champ:TornadoPunch+1"],"picked":"champ:VampiricStrike","floor":26},{"not_picked":["champ:Haymaker","champ:AdrenalArmor+1","champ:BladeFlurry"],"picked":"SKIP","floor":28},{"not_picked":["champ:GladiatorStyle","champ:ViciousMockery+1","champ:Shatter"],"picked":"SKIP","floor":29},{"not_picked":["champ:BerserkersShout+1","champ:AdrenalArmor+1"],"picked":"champ:FocusedDefense+1","floor":32},{"not_picked":["champ:SwordThrow","champ:Devastate"],"picked":"champ:CheapShot","floor":33},{"not_picked":["champ:DancingMaster","champ:EnragedBash+1","champ:BladeFlurry"],"picked":"SKIP","floor":37},{"not_picked":["expansioncontent:TimeRipple","expansioncontent:YouAreMine+1"],"picked":"expansioncontent:Chronoboost","floor":39},{"not_picked":["expansioncontent:DefensiveMode","Replay:SS_hec_1"],"picked":"expansioncontent:SuperHexaguard+1","floor":39},{"not_picked":["champ:FocusedBerserking+1","champ:StanceDance+1","champ:FanOfKnives"],"picked":"SKIP","floor":43},{"not_picked":["champ:RapidStrikes","champ:StanceDance+1"],"picked":"champ:ShieldWall+1","floor":44},{"not_picked":["champ:BringItOn+1","champ:FlashCut","champ:Haymaker"],"picked":"SKIP","floor":45},{"not_picked":["champ:BladeFlurry+1","champ:CrookedStrike"],"picked":"champ:FalseCounter+1","floor":48},{"not_picked":["champ:BladeFlurry","champ:BerserkersShout+1"],"picked":"champ:ShieldWall+1","floor":49}],"player_experience":985790,"relics_obtained":[{"floor":5,"key":"Toy Ornithopter"},{"floor":7,"key":"Blood Vial"},{"floor":8,"key":"Odd Mushroom"},{"floor":24,"key":"Pet Ghost"},{"floor":26,"key":"Replay:Mystery Machine"},{"floor":41,"key":"Blue Doll"},{"floor":44,"key":"champ:FightingForDummies"}],"event_choices":[{"damage_healed":0,"gold_gain":0,"player_choice":"Fought Mushrooms","damage_taken":0,"max_hp_gain":0,"max_hp_loss":0,"event_name":"Mushrooms","floor":8,"gold_loss":0},{"damage_healed":0,"gold_gain":0,"player_choice":"Donut","damage_taken":0,"max_hp_gain":5,"max_hp_loss":0,"event_name":"Big Fish","floor":14,"gold_loss":0},{"damage_healed":0,"gold_gain":0,"cards_transformed":["champ:Strike","champ:Strike"],"player_choice":"Became Test Subject","damage_taken":0,"max_hp_gain":0,"max_hp_loss":0,"event_name":"Drug Dealer","floor":31,"gold_loss":0,"cards_obtained":["champ:EndlessRage","champ:Encircle"]},{"cards_removed":["champ:Taunt"],"damage_healed":0,"gold_gain":0,"player_choice":"Card Removal","damage_taken":0,"max_hp_gain":0,"max_hp_loss":0,"event_name":"Wheel of Change","floor":36,"gold_loss":0}],"is_beta":true,"boss_relics":[{"not_picked":["Replay:Bronze Core","Replay:Wanted Poster"],"picked":"Sozu"},{"not_picked":["SacredBark","Runic Dome"],"picked":"Replay:Grab Bag"},{"not_picked":["Velvet Choker","ReplayTheSpireMod:DimensionalGlitch"],"picked":"Busted Crown"},{"not_picked":["Abe\u0027s Treasure","Coffee Dripper"],"picked":"Cursed Key"},{"not_picked":["Kintsugi","Calling Bell"],"picked":"Runic Pyramid"},{"not_picked":["Black Star","Snecko Eye"],"picked":"Ring of Chaos"}],"items_purged_floors":[21,46],"is_endless":false,"potions_floor_spawned":[5,9,13,16,22,23,28,33,45,48],"ascension_level":0}}