{"host":"4amcrcg6ktw8dbzk","time":1607943498,"event":{"mods":["BaseMod","Dota2Spire","Minty Spire (QoL Compilation)","MostiFishMod","Robot Space Explorer","Spicy Shops","StSLib","Waifu the Spire"],"gold_per_floor":[210,485,499,278,328,391,402,352,352,400,428,528,528,583,583,708,708,721,767,767,767,627,661,673,747,813,867,892,961,973,1018,1030,1168,1180,1202,1264,1319,1331,1389,1759,1376,1432,1432,1463,1463,1525,1554,1434,1434,1464,1464,1464,1227,1260,1290],"floor_reached":56,"playtime":2362,"items_purged":["Regret","Aggregate","MostiFishMod:IceShield","Strike_B","Strike_B"],"score":2593,"play_id":"0b8206e3-5984-4734-afc1-963003799dee","local_time":"20201214185818","is_ascension_mode":true,"campfire_choices":[{"floor":13.0,"key":"REST"},{"floor":15.0,"key":"REST"},{"floor":30,"key":"REST"},{"data":"White Noise","floor":32,"key":"SMITH"},{"floor":49,"key":"RECALL"},{"data":"MostiFishMod:GatherIntelligence","floor":52,"key":"SMITH"}],"circlet_count":0,"master_deck":["AscendersBane","Defend_B+1","Defend_B","Zap+1","Dualcast","Hologram","White Noise+1","Sweeping Beam","Cold Snap","Conserve Battery","Blizzard","Buffer","Self Repair","Coolheaded","Cold Snap","Chaos","Turbo+1","Multi-Cast","Capacitor+1","Coolheaded+1","MostiFishMod:GatherIntelligence+1","Chill+1","Loop","Madness","Cold Snap+1","Turbo"],"relics":["Cracked Core","DaveBox","CombinedTypeHook","Question Card","Dota2Spire:HandOfMidas","Dota2Spire:ArcaneBoots","Dota2Spire:BladeMail","InkBottle","Bag of Preparation","ImportantClient","Black Star","Medical Kit","MawBank","HornCleat","Dota2Spire:Vanguard","Potion Belt","Bag of Marbles","Anchor","Question Card","Dota2Spire:EchoSabre","BirthdayGift-Icosahedron","Emotion Chip","WingedGreaves","Mercury Hourglass","Old Coin","Membership Card","Runic Capacitor","Sundial","Dota2Spire:PhaseBoots","Du-Vu Doll","SynthV:C4","PreservedInsect","Ancient Tea Set","Dota2Spire:DrumOfEndurance","White Beast Statue","DataDisk","Blue Candle","Happy Flower","War Paint","Dota2Spire:BattleFury","Bottled Flame"],"acts_visited":["Exordium","TheCity","TheBeyond","TheEnding"],"potions_floor_usage":[27,54,54,55],"damage_taken":[{"damage":0.0,"enemies":"Jaw Worm","floor":1.0,"turns":3.0},{"damage":2.0,"enemies":"Cultist","floor":3.0,"turns":2.0},{"damage":8.0,"enemies":"Small Slimes","floor":5.0,"turns":2.0},{"damage":32.0,"enemies":"3 Sentries","floor":6.0,"turns":7.0},{"damage":15.0,"enemies":"Gremlin Gang","floor":7.0,"turns":2.0},{"damage":1.0,"enemies":"3 Louse","floor":10.0,"turns":2.0},{"damage":5.0,"enemies":"Gremlin Nob","floor":11.0,"turns":3.0},{"damage":24.0,"enemies":"3 Sentries","floor":14.0,"turns":6.0},{"damage":0.0,"enemies":"The Guardian","floor":16.0,"turns":6.0},{"damage":11.0,"enemies":"3 Byrds","floor":18.0,"turns":2.0},{"damage":0.0,"enemies":"Chosen","floor":19.0,"turns":3.0},{"damage":8.0,"enemies":"Gremlin Leader","floor":23.0,"turns":4.0},{"damage":12.0,"enemies":"Slavers","floor":25.0,"turns":2.0},{"damage":15,"enemies":"Sentry and Sphere","floor":27,"turns":9},{"damage":16,"enemies":"Snake Plant","floor":28,"turns":2},{"damage":0,"enemies":"Gremlin Leader","floor":29,"turns":3},{"damage":0,"enemies":"Book of Stabbing","floor":31,"turns":3},{"damage":24,"enemies":"Collector","floor":33,"turns":5},{"damage":0,"enemies":"3 Shapes","floor":35,"turns":1},{"damage":0,"enemies":"Mind Bloom Boss Battle","floor":36,"turns":3},{"damage":0,"enemies":"3 Darklings","floor":37,"turns":2},{"damage":0,"enemies":"2 Orb Walkers","floor":39,"turns":2},{"damage":0,"enemies":"Giant Head","floor":40,"turns":4},{"damage":8,"enemies":"Nemesis","floor":42,"turns":5},{"damage":0,"enemies":"Reptomancer","floor":44,"turns":2},{"damage":0,"enemies":"Nemesis","floor":46,"turns":3},{"damage":0,"enemies":"Reptomancer","floor":47,"turns":2},{"damage":0,"enemies":"Time Eater","floor":50,"turns":3},{"damage":0,"enemies":"Shield and Spear","floor":54,"turns":1},{"damage":0,"enemies":"The Heart","floor":55,"turns":4}],"seed_played":"634189820505017746","potions_obtained":[{"floor":1.0,"key":"Regen Potion"},{"floor":6.0,"key":"Weak Potion"},{"floor":7.0,"key":"Block Potion"},{"floor":11.0,"key":"Block Potion"},{"floor":18.0,"key":"SkillPotion"},{"floor":23.0,"key":"Swift Potion"},{"floor":28,"key":"PotionOfCapacity"},{"floor":29,"key":"SteroidPotion"},{"floor":39,"key":"CultistPotion"},{"floor":44,"key":"Regen Potion"},{"floor":54,"key":"Dota2Spire:HealingSalve"}],"is_trial":false,"path_per_floor":["M","?","M","$","M","E","M","?","T","M","E","?","R","E","R","B",null,"M","M","?","?","$","E","$","E","T","M","M","E","R","E","R","B",null,"M","?","M","?","?","E","$","E","T","E","?","E","E","$","R","B",null,"R","$","E","B",null],"character_chosen":"DEFECT","items_purchased":["Dota2Spire:HandOfMidas","Medical Kit","Membership Card","Runic Capacitor","Sundial","Dota2Spire:PhaseBoots","War Paint","Explosive Potion"],"campfire_rested":3,"item_purchase_floors":[4,22,41,41,41,41,53,53],"current_hp_per_floor":[68,68,66,66,58,40,25,25,25,24,19,19,41,17,39,39,66,55,55,55,55,55,47,47,35,35,27,11,11,33,33,33,16,60,68,75,75,75,75,75,75,75,75,75,75,75,75,75,75,75,75,75,75,75,75],"gold":1290,"neow_bonus":"HUNDRED_GOLD","is_daily":false,"chose_seed":false,"campfire_upgraded":2,"win_rate":0.0,"timestamp":1607943498,"path_taken":["M","?","M","$","?","E","M","?","T","M","E","?","R","E","R","BOSS","M","?","?","?","$","E","$","E","T","M","M","E","R","E","R","BOSS","M","?","M","?","?","E","$","E","T","E","?","E","E","$","R","BOSS","R","$","E","BOSS"],"items_purchased_type":["Relic","Relic","Relic","Relic","Relic","Relic","Relic","Potion"],"build_version":"2020-12-13","purchased_purges":5,"victory":true,"max_hp_per_floor":[75,75,75,75,75,75,75,75,75,75,75,75,75,75,75,75,75,75,75,75,75,75,75,75,75,75,75,75,75,75,75,75,75,75,75,75,75,75,75,75,75,75,75,75,75,75,75,75,75,75,75,75,75,75,75],"card_choices":[{"not_picked":["Force Field","Rebound"],"picked":"Hologram","floor":1.0},{"not_picked":["Hologram","FTL","Static Discharge","Aggregate"],"picked":"SKIP","floor":3.0},{"not_picked":["Gash","Conserve Battery","Leap"],"picked":"White Noise","floor":5.0},{"not_picked":["Streamline","Beam Cell","Compile Driver"],"picked":"Sweeping Beam","floor":6.0},{"not_picked":["Barrage","Undo","MostiFishMod:Tomorrow","Hologram"],"picked":"SKIP","floor":7.0},{"not_picked":["Barrage","Undo","MostiFishMod:Tomorrow","Hologram"],"picked":"SKIP","floor":7.0},{"not_picked":["Consume","Compile Driver","Turbo"],"picked":"Cold Snap","floor":10.0},{"not_picked":["Aggregate","Ball Lightning","Chaos"],"picked":"Conserve Battery","floor":11.0},{"not_picked":["Melter","Scrape","Stack","Rebound"],"picked":"SKIP","floor":14.0},{"not_picked":["MostiFishMod:Hijack","MostiFishMod:SeaWaves","Fission"],"picked":"MostiFishMod:IceShield","floor":16.0},{"not_picked":["Rebound","Reprogram","Steam","Beam Cell+1"],"picked":"SKIP","floor":18.0},{"not_picked":["Sunder","Auto Shields","FTL"],"picked":"Blizzard","floor":19.0},{"not_picked":["Barrage+1","Tempest","Stack"],"picked":"Self Repair","floor":23.0},{"not_picked":["Ball Lightning","Rebound","Doom and Gloom+1"],"picked":"Coolheaded","floor":25.0},{"not_picked":["Turbo","Barrage+1","Sweeping Beam"],"picked":"Cold Snap","floor":27},{"not_picked":["Rebound","Tempest","Stack","Leap"],"picked":"SKIP","floor":28},{"not_picked":["FTL","MostiFishMod:Prepare","Tempest"],"picked":"Chaos","floor":29},{"not_picked":["Stack","Conserve Battery","Go for the Eyes"],"picked":"Turbo+1","floor":31},{"not_picked":["All For One","MostiFishMod:DawningShadow","MostiFishMod:LinkProtocol","MostiFishMod:FluxCapactior"],"picked":"Multi-Cast","floor":33},{"not_picked":["Blizzard","Go for the Eyes","Tempest+1","Loop"],"picked":"Capacitor+1","floor":35},{"not_picked":["Barrage+1","Hologram+1","Tempest","Steam Power"],"picked":"Coolheaded+1","floor":36},{"not_picked":["Turbo+1","Redo+1","Double Energy+1","Cold Snap"],"picked":"MostiFishMod:GatherIntelligence","floor":37},{"not_picked":["Static Discharge+1","Go for the Eyes+1","Redo+1","MostiFishMod:Prepare","Rebound+1"],"picked":"SKIP","floor":40},{"not_picked":["MostiFishMod:ReprogramOld","Leap+1","Go for the Eyes","MostiFishMod:LinkProtocol"],"picked":"Chill+1","floor":42},{"not_picked":["Stack+1","Chaos","Recycle","Go for the Eyes+1"],"picked":"Loop","floor":44},{"not_picked":["Discovery","Blind","Enlightenment","Impatience"],"picked":"Madness","floor":45},{"not_picked":["Steam+1","Redo","MostiFishMod:DawningShadow","Coolheaded","Turbo"],"picked":"SKIP","floor":46},{"not_picked":["Sunder+1","Steam Power","Ball Lightning+1","FTL+1"],"picked":"Cold Snap+1","floor":47},{"not_picked":["Multi-Cast","Barrage","Steam Power","Heatsinks+1"],"picked":"Turbo","floor":54}],"player_experience":245007,"relics_obtained":[{"floor":1.0,"key":"Question Card"},{"floor":6.0,"key":"Dota2Spire:ArcaneBoots"},{"floor":9.0,"key":"Dota2Spire:BladeMail"},{"floor":11.0,"key":"InkBottle"},{"floor":14.0,"key":"Bag of Preparation"},{"floor":16.0,"key":"ImportantClient"},{"floor":23.0,"key":"MawBank"},{"floor":23.0,"key":"HornCleat"},{"floor":25.0,"key":"Dota2Spire:Vanguard"},{"floor":25.0,"key":"Potion Belt"},{"floor":29,"key":"Bag of Marbles"},{"floor":29,"key":"Anchor"},{"floor":31,"key":"Question Card"},{"floor":31,"key":"Dota2Spire:EchoSabre"},{"floor":36,"key":"Emotion Chip"},{"floor":39,"key":"WingedGreaves"},{"floor":40,"key":"Mercury Hourglass"},{"floor":40,"key":"Old Coin"},{"floor":42,"key":"Du-Vu Doll"},{"floor":42,"key":"SynthV:C4"},{"floor":43,"key":"PreservedInsect"},{"floor":44,"key":"Ancient Tea Set"},{"floor":44,"key":"Dota2Spire:DrumOfEndurance"},{"floor":46,"key":"White Beast Statue"},{"floor":46,"key":"DataDisk"},{"floor":47,"key":"Blue Candle"},{"floor":47,"key":"Happy Flower"},{"floor":54,"key":"Dota2Spire:BattleFury"},{"floor":54,"key":"Bottled Flame"}],"event_choices":[{"damage_healed":0.0,"max_hp_gain":0.0,"max_hp_loss":0.0,"gold_gain":275.0,"event_name":"Golden Shrine","player_choice":"Desecrate","floor":2.0,"gold_loss":0.0,"damage_taken":0.0,"cards_obtained":["Regret"]},{"cards_removed":["Strike_B"],"damage_healed":0.0,"max_hp_gain":0.0,"max_hp_loss":0.0,"gold_gain":0.0,"event_name":"The Cleric","player_choice":"Card Removal","floor":8.0,"gold_loss":50.0,"damage_taken":0.0},{"damage_healed":0.0,"max_hp_gain":0.0,"max_hp_loss":0.0,"gold_gain":100.0,"event_name":"Golden Shrine","player_choice":"Pray","floor":12.0,"gold_loss":0.0,"damage_taken":0.0},{"damage_healed":0.0,"max_hp_gain":0.0,"max_hp_loss":0.0,"gold_gain":0.0,"event_name":"Cursed Tome","player_choice":"Ignored","floor":20.0,"gold_loss":0.0,"damage_taken":0.0},{"damage_healed":0.0,"max_hp_gain":0.0,"max_hp_loss":0.0,"gold_gain":0.0,"cards_transformed":["Strike_B","Defend_B"],"event_name":"Drug Dealer","player_choice":"Became Test Subject","floor":21.0,"gold_loss":0.0,"damage_taken":0.0,"cards_obtained":["Buffer","Aggregate"]},{"damage_healed":0,"gold_gain":0,"player_choice":"Fight","damage_taken":0,"max_hp_gain":0,"max_hp_loss":0,"event_name":"MindBloom","floor":36,"gold_loss":0},{"cards_removed":["Defend_B"],"damage_healed":0,"gold_gain":0,"player_choice":"Removed Skill","damage_taken":0,"max_hp_gain":0,"max_hp_loss":0,"event_name":"Falling","floor":38,"gold_loss":0},{"damage_healed":0,"gold_gain":0,"player_choice":"Fight","damage_taken":0,"max_hp_gain":0,"max_hp_loss":0,"event_name":"Mysterious Sphere","floor":39,"gold_loss":0},{"damage_healed":0,"gold_gain":0,"player_choice":"Memory 1","damage_taken":0,"max_hp_gain":0,"max_hp_loss":0,"event_name":"SensoryStone","floor":45,"gold_loss":0}],"is_beta":false,"boss_relics":[{"not_picked":["DiscerningMonocle","NightmareShop"],"picked":"Black Star"},{"not_picked":["Dota2Spire:Bloodstone","Calling Bell"],"picked":"BirthdayGift-Icosahedron"}],"items_purged_floors":[4,22,41,48,53],"is_endless":false,"potions_floor_spawned":[1,6,7,11,18,23,28,29,39,44,46,47,54],"ascension_level":10}}