{"host":"3mdjmozz5rahgtdc","time":1607941339,"event":{"mods":["AchievementEnabler","BaseMod","Better Silent Start","Better-Laid Plans","Colored Map","Colored Powertips","Custom Start","DeckTracker","KOR Keyword Fix","Minty Spire (QoL Compilation)","Permanent Neow","Quick Restart","StSLib","SuperFastMode"],"gold_per_floor":[112,112,124,70,88,88,103,103,103,134,152,152,187,199,199,301,301,314,326,354,20,33,33,33],"floor_reached":23,"playtime":2225,"items_purged":["Strike_P"],"score":304,"play_id":"803cec67-72d8-4517-9d16-d35dc1868138","local_time":"20201214192219","is_ascension_mode":true,"campfire_choices":[{"data":"Eruption","floor":6.0,"key":"SMITH"},{"data":"Adaptation","floor":8.0,"key":"SMITH"},{"data":"Adaptation","floor":12.0,"key":"SMITH"},{"floor":15.0,"key":"REST"}],"circlet_count":0,"master_deck":["Strike_P","Strike_P","Defend_P","Defend_P","Defend_P","Defend_P","Eruption+1","Vigilance","BowlingBash","Adaptation+1","Halt","FlurryOfBlows","Adaptation+1","EmptyFist","Vengeance","Judgement","ClearTheMind","Adaptation"],"relics":["PureWater","TungstenRod","Lantern","Yang","White Beast Statue","Cursed Key","Red Mask","TeardropLocket"],"acts_visited":["Exordium","TheCity"],"potions_floor_usage":[23,23],"damage_taken":[{"damage":5.0,"enemies":"Small Slimes","floor":1.0,"turns":3.0},{"damage":0.0,"enemies":"Cultist","floor":3.0,"turns":3.0},{"damage":0.0,"enemies":"Jaw Worm","floor":5.0,"turns":2.0},{"damage":2.0,"enemies":"Blue Slaver","floor":7.0,"turns":3.0},{"damage":7.0,"enemies":"Gremlin Nob","floor":10.0,"turns":3.0},{"damage":10.0,"enemies":"Exordium Thugs","floor":11.0,"turns":3.0},{"damage":2.0,"enemies":"3 Sentries","floor":13.0,"turns":6.0},{"damage":14.0,"enemies":"Gremlin Gang","floor":14.0,"turns":4.0},{"damage":0.0,"enemies":"Slime Boss","floor":16.0,"turns":4.0},{"damage":19.0,"enemies":"2 Thieves","floor":18.0,"turns":3.0},{"damage":0.0,"enemies":"Chosen","floor":19.0,"turns":4.0},{"damage":0.0,"enemies":"Masked Bandits","floor":20.0,"turns":2.0},{"damage":0.0,"enemies":"Shelled Parasite and Fungi","floor":22.0,"turns":3.0},{"damage":53,"enemies":"Book of Stabbing","floor":23,"turns":7}],"seed_played":"-3747398909190156676","potions_obtained":[{"floor":1.0,"key":"SteroidPotion"},{"floor":3.0,"key":"Strength Potion"},{"floor":7.0,"key":"Weak Potion"},{"floor":11.0,"key":"FearPotion"},{"floor":13.0,"key":"Ancient Potion"},{"floor":16.0,"key":"LiquidMemories"},{"floor":18.0,"key":"Strength Potion"},{"floor":20.0,"key":"Swift Potion"},{"floor":22.0,"key":"Weak Potion"}],"is_trial":false,"path_per_floor":["M","?","M","$","M","R","M","R","T","E","M","R","E","M","R","B",null,"M","M","?","$","M","E"],"character_chosen":"WATCHER","items_purchased":["Halt","TeardropLocket"],"campfire_rested":1,"item_purchase_floors":[4,21],"current_hp_per_floor":[46,46,46,46,46,46,44,44,44,37,27,27,25,11,32,32,72,53,53,53,53,53,0,0],"gold":33,"neow_bonus":"ONE_RARE_RELIC","is_daily":false,"chose_seed":false,"campfire_upgraded":3,"win_rate":0.0,"timestamp":1607941339,"path_taken":["M","?","M","$","?","R","M","R","T","E","M","R","E","M","R","BOSS","M","M","?","$","M","E"],"items_purchased_type":["Card","Relic"],"build_version":"2020-12-13","purchased_purges":1,"victory":false,"max_hp_per_floor":[72,72,72,72,72,72,72,72,72,72,72,72,72,72,72,72,72,72,72,72,72,72,72,72],"card_choices":[{"not_picked":["Nirvana","Study"],"picked":"BowlingBash","floor":1.0},{"not_picked":["Halt","ThirdEye"],"picked":"Adaptation","floor":3.0},{"not_picked":["Halt","Prostrate","CarveReality"],"picked":"SKIP","floor":5.0},{"not_picked":["Crescendo","FlyingSleeves"],"picked":"FlurryOfBlows","floor":7.0},{"not_picked":["FollowUp","BowlingBash"],"picked":"Adaptation","floor":10.0},{"not_picked":["PathToVictory","ThirdEye"],"picked":"EmptyFist","floor":11.0},{"not_picked":["BowlingBash","Establishment"],"picked":"Vengeance","floor":13.0},{"not_picked":["Fasting2","CrushJoints","Consecrate"],"picked":"SKIP","floor":14.0},{"not_picked":["Brilliance","Ragnarok"],"picked":"Judgement","floor":16.0},{"not_picked":["CutThroughFate","ReachHeaven","Wireheading"],"picked":"SKIP","floor":18.0},{"not_picked":["Worship","Halt","SandsOfTime"],"picked":"SKIP","floor":19.0},{"not_picked":["EmptyFist","JustLucky"],"picked":"ClearTheMind","floor":20.0},{"not_picked":["EmptyBody","Prostrate"],"picked":"Adaptation","floor":22.0}],"player_experience":276452,"relics_obtained":[{"floor":9.0,"key":"Lantern"},{"floor":10.0,"key":"Yang"},{"floor":13.0,"key":"White Beast Statue"},{"floor":20.0,"key":"Red Mask"}],"event_choices":[{"cards_removed":["Strike_P"],"damage_healed":0.0,"max_hp_gain":0.0,"max_hp_loss":0.0,"gold_gain":0.0,"event_name":"Purifier","player_choice":"Purged","floor":2.0,"gold_loss":0.0,"damage_taken":0.0},{"damage_healed":0.0,"max_hp_gain":0.0,"max_hp_loss":0.0,"gold_gain":0.0,"event_name":"Masked Bandits","player_choice":"Fought Bandits","floor":20.0,"gold_loss":0.0,"damage_taken":0.0}],"is_beta":false,"boss_relics":[{"not_picked":["Velvet Choker","Calling Bell"],"picked":"Cursed Key"}],"items_purged_floors":[21],"is_endless":false,"potions_floor_spawned":[1,3,7,11,13,14,16,18,19,20,22],"killed_by":"Book of Stabbing","ascension_level":4}}