{"host":"3mdjmozz5rahgtdc","time":1607945623,"event":{"mods":["AchievementEnabler","BaseMod","Better Silent Start","Better-Laid Plans","Colored Map","Colored Powertips","Custom Start","DeckTracker","KOR Keyword Fix","Minty Spire (QoL Compilation)","Permanent Neow","Quick Restart","StSLib","SuperFastMode"],"gold_per_floor":[113,38,48,223,38,38,71,71,71,71,81,81,93,109,109,207,207,224,32,32,42,58,90,103,434,461,311,331,331,431,463,463,561,561,577,577,372,383,403,353,384,384,438,458,472,488,522,536,536,536],"floor_reached":51,"playtime":3405,"items_purged":["Nirvana","Doubt","CarveReality","Wallop","CarveReality","WheelKick+1"],"score":1033,"play_id":"c96b0fc5-1421-4934-ac1c-2878ba3b6c30","local_time":"20201214203343","is_ascension_mode":true,"campfire_choices":[{"data":"Eruption","floor":6.0,"key":"SMITH"},{"data":"Adaptation","floor":8.0,"key":"SMITH"},{"data":"MentalFortress","floor":10.0,"key":"SMITH"},{"data":"WheelKick","floor":12.0,"key":"SMITH"},{"data":"MentalFortress","floor":15.0,"key":"SMITH"},{"floor":29.0,"key":"REST"},{"data":"Scrawl","floor":32.0,"key":"SMITH"},{"floor":42.0,"key":"REST"},{"floor":49,"key":"REST"}],"circlet_count":0,"master_deck":["Eruption+1","Vigilance","Adaptation+1","EmptyFist","TalkToTheHand","Protect","Tantrum","MentalFortress+1","Halt","MentalFortress+1","CrushJoints+1","Adaptation","FlurryOfBlows+1","InnerPeace+1","Scrawl+1","LikeWater+1"],"relics":["Pandora\u0027s Box","Yang","Philosopher\u0027s Stone","Mummified Hand","Old Coin","Dream Catcher","Du-Vu Doll","Pantograph","Smiling Mask","Fusion Hammer","Oddly Smooth Stone","Orichalcum","Damaru","Blue Candle"],"acts_visited":["Exordium","TheCity","TheBeyond"],"potions_floor_usage":[50],"damage_taken":[{"damage":0.0,"enemies":"Small Slimes","floor":1.0,"turns":2.0},{"damage":3.0,"enemies":"2 Louse","floor":3.0,"turns":3.0},{"damage":18.0,"enemies":"3 Sentries","floor":7.0,"turns":4.0},{"damage":6.0,"enemies":"Jaw Worm","floor":11.0,"turns":2.0},{"damage":7.0,"enemies":"Looter","floor":13.0,"turns":3.0},{"damage":1.0,"enemies":"Exordium Wildlife","floor":14.0,"turns":2.0},{"damage":15.0,"enemies":"The Guardian","floor":16.0,"turns":8.0},{"damage":0.0,"enemies":"Spheric Guardian","floor":18.0,"turns":1.0},{"damage":0.0,"enemies":"3 Byrds","floor":21.0,"turns":3.0},{"damage":5.0,"enemies":"Centurion and Healer","floor":22.0,"turns":5.0},{"damage":43.0,"enemies":"Book of Stabbing","floor":23.0,"turns":5.0},{"damage":3.0,"enemies":"Shelled Parasite and Fungi","floor":24.0,"turns":3.0},{"damage":15.0,"enemies":"Slavers","floor":25.0,"turns":3.0},{"damage":0.0,"enemies":"Cultist and Chosen","floor":28.0,"turns":3.0},{"damage":9.0,"enemies":"Colosseum Slavers","floor":30.0,"turns":2.0},{"damage":0.0,"enemies":"Colosseum Nobs","floor":30.0,"turns":3.0},{"damage":4.0,"enemies":"Book of Stabbing","floor":31.0,"turns":4.0},{"damage":0.0,"enemies":"Champ","floor":33.0,"turns":5.0},{"damage":0.0,"enemies":"3 Darklings","floor":35.0,"turns":3.0},{"damage":0.0,"enemies":"3 Shapes","floor":38.0,"turns":2.0},{"damage":0.0,"enemies":"Maw","floor":39.0,"turns":3.0},{"damage":22.0,"enemies":"Reptomancer","floor":41.0,"turns":4.0},{"damage":4,"enemies":"Writhing Mass","floor":44,"turns":5},{"damage":18,"enemies":"Jaw Worm Horde","floor":45,"turns":2},{"damage":0,"enemies":"4 Shapes","floor":46,"turns":3},{"damage":0,"enemies":"Giant Head","floor":47,"turns":3},{"damage":12,"enemies":"Transient","floor":48,"turns":5},{"damage":46,"enemies":"Time Eater","floor":50,"turns":8}],"seed_played":"-7973886691530196693","potions_obtained":[{"floor":1.0,"key":"EssenceOfSteel"},{"floor":11.0,"key":"Weak Potion"},{"floor":13.0,"key":"ColorlessPotion"},{"floor":16.0,"key":"Regen Potion"},{"floor":22.0,"key":"ColorlessPotion"},{"floor":24.0,"key":"Block Potion"},{"floor":25.0,"key":"Dexterity Potion"},{"floor":30.0,"key":"Energy Potion"},{"floor":38.0,"key":"FairyPotion"},{"floor":44,"key":"LiquidBronze"}],"is_trial":false,"path_per_floor":["M","$","M","?","$","R","E","R","T","R","M","R","M","M","R","B",null,"M","$","?","M","M","E","M","E","T","$","M","R","?","E","R","B",null,"M","?","$","M","M","$","E","R","T","M","M","M","E","M","R","B",null],"character_chosen":"WATCHER","items_purchased":["MentalFortress","Halt","Adaptation","Oddly Smooth Stone"],"campfire_rested":3,"item_purchase_floors":[5,5,19,37],"current_hp_per_floor":[72,72,69,69,69,69,51,51,51,51,45,45,38,37,37,22,72,72,72,72,72,67,24,30,15,15,15,15,36,27,23,23,48,72,72,72,72,72,72,72,50,71,71,67,49,49,49,37,58,26],"gold":536,"neow_bonus":"BOSS_RELIC","is_daily":false,"chose_seed":false,"campfire_upgraded":6,"win_rate":0.0,"timestamp":1607945623,"path_taken":["M","$","M","?","$","R","E","R","T","R","M","R","M","M","R","BOSS","M","$","?","M","M","E","M","E","T","$","M","R","?","E","R","BOSS","M","?","$","M","M","$","E","R","T","M","M","M","E","M","R","BOSS"],"items_purchased_type":["Card","Card","Card","Relic"],"build_version":"2020-12-13","purchased_purges":6,"victory":true,"max_hp_per_floor":[72,72,72,72,72,72,72,72,72,72,72,72,72,72,72,72,72,72,72,72,72,72,72,72,72,72,72,72,72,72,72,72,72,72,72,72,72,72,72,72,72,72,72,72,72,72,72,72,72,72],"card_choices":[{"not_picked":["Consecrate","CrushJoints"],"picked":"Protect","floor":1.0},{"not_picked":["Halt","Crescendo"],"picked":"Tantrum","floor":3.0},{"not_picked":["Crescendo","Indignation","Wish"],"picked":"SKIP","floor":7.0},{"not_picked":["Consecrate","Halt"],"picked":"WheelKick","floor":11.0},{"not_picked":["BowlingBash","Crescendo","ThirdEye"],"picked":"SKIP","floor":13.0},{"not_picked":["SashWhip","Wireheading"],"picked":"MentalFortress","floor":14.0},{"not_picked":["Wallop+1","Protect"],"picked":"CrushJoints+1","floor":18.0},{"not_picked":["Halt","PathToVictory","Study"],"picked":"SKIP","floor":21.0},{"not_picked":["SashWhip","Prostrate"],"picked":"FlurryOfBlows+1","floor":22.0},{"not_picked":["JustLucky","Pray","Nirvana"],"picked":"SKIP","floor":23.0},{"not_picked":["SashWhip","Evaluate","PathToVictory"],"picked":"SKIP","floor":24.0},{"not_picked":["Consecrate","Meditate"],"picked":"InnerPeace+1","floor":25.0},{"not_picked":["EmptyFist","CutThroughFate"],"picked":"Scrawl","floor":28.0},{"not_picked":["Halt","JustLucky+1"],"picked":"LikeWater+1","floor":29.0},{"not_picked":["Study","FollowUp+1","Evaluate"],"picked":"SKIP","floor":31.0},{"not_picked":["BowlingBash+1","Indignation","CutThroughFate"],"picked":"SKIP","floor":35.0},{"not_picked":["Prostrate","CrushJoints+1","Meditate"],"picked":"SKIP","floor":38.0},{"not_picked":["EmptyBody","PathToVictory+1","ClearTheMind"],"picked":"SKIP","floor":39.0},{"not_picked":["FlurryOfBlows","WheelKick+1","PathToVictory"],"picked":"SKIP","floor":41.0},{"not_picked":["Nirvana+1","DeusExMachina","Prostrate+1"],"picked":"SKIP","floor":44},{"not_picked":["SandsOfTime+1","Evaluate+1","EmptyFist"],"picked":"SKIP","floor":45},{"not_picked":["SandsOfTime+1","Evaluate+1","EmptyFist"],"picked":"SKIP","floor":45},{"not_picked":["ReachHeaven","Consecrate","SashWhip+1"],"picked":"SKIP","floor":46},{"not_picked":["CutThroughFate+1","EmptyBody","Sanctity+1"],"picked":"SKIP","floor":47},{"not_picked":["ForeignInfluence+1","EmptyMind+1","Weave"],"picked":"SKIP","floor":48}],"player_experience":278677,"relics_obtained":[{"floor":7.0,"key":"Yang"},{"floor":23.0,"key":"Mummified Hand"},{"floor":25.0,"key":"Old Coin"},{"floor":26.0,"key":"Dream Catcher"},{"floor":30.0,"key":"Du-Vu Doll"},{"floor":30.0,"key":"Pantograph"},{"floor":31.0,"key":"Smiling Mask"},{"floor":41.0,"key":"Orichalcum"},{"floor":43.0,"key":"Damaru"},{"floor":47,"key":"Blue Candle"}],"event_choices":[{"damage_healed":0.0,"max_hp_gain":0.0,"max_hp_loss":0.0,"gold_gain":175.0,"event_name":"Liars Game","player_choice":"AGREE","floor":4.0,"gold_loss":0.0,"damage_taken":0.0,"cards_obtained":["Doubt"]},{"cards_removed":["Wish"],"damage_healed":0.0,"max_hp_gain":0.0,"max_hp_loss":0.0,"gold_gain":0.0,"event_name":"Back to Basics","player_choice":"Elegance","floor":20.0,"gold_loss":0.0,"damage_taken":0.0},{"damage_healed":0.0,"max_hp_gain":0.0,"max_hp_loss":0.0,"gold_gain":0.0,"event_name":"Colosseum","player_choice":"Fight","floor":30.0,"gold_loss":0.0,"damage_taken":0.0},{"damage_healed":0.0,"max_hp_gain":0.0,"max_hp_loss":0.0,"gold_gain":0.0,"event_name":"Colosseum","player_choice":"Fought Nobs","floor":30.0,"gold_loss":0.0,"damage_taken":0.0},{"damage_healed":0.0,"max_hp_gain":0.0,"max_hp_loss":0.0,"gold_gain":0.0,"event_name":"Tomb of Lord Red Mask","player_choice":"Ignored","floor":36.0,"gold_loss":0.0,"damage_taken":0.0}],"is_beta":false,"boss_relics":[{"not_picked":["Runic Dome","Velvet Choker"],"picked":"Philosopher\u0027s Stone"},{"not_picked":["Coffee Dripper","SlaversCollar"],"picked":"Fusion Hammer"}],"items_purged_floors":[2,5,19,27,37,40],"is_endless":false,"potions_floor_spawned":[1,11,13,16,22,23,24,25,30,38,44,47,48],"ascension_level":4}}