{"host":"91n1pc4te07j54gv","time":1607956652,"event":{"mods":["BaseMod","BetterRewards","Colored Powertips","Downfall","Highlight Path","Infinite Spire","Minty Spire (QoL Compilation)","Quick Restart","Relic Filter","Relic Stats","Replay The Spire","Spicy Shops","StSLib"],"gold_per_floor":[110,110,128,128,148,148,189,189,270,310,310,343,364,479,479,578,578,593,616,616,616,506,541,541,541,622,622,634,666,711,748,760,863,875,903,929,941,971,983,995,1032,1077,1171,1516,1547,1586,1598,1633,1645,1657,1669,1681,1693,752,783,783],"floor_reached":57,"playtime":3990,"items_purged":["Strike_B","ReplayTheSpireMod:Doomed"],"score":4007,"play_id":"73c72242-2058-4d91-af51-70540e61bdee","local_time":"20201214223732","is_ascension_mode":true,"campfire_choices":[{"floor":6.0,"key":"DIG"},{"floor":8.0,"key":"DIG"},{"floor":15.0,"key":"DIG"},{"floor":24.0,"key":"DIG"},{"floor":25.0,"key":"DIG"},{"floor":27.0,"key":"DIG"},{"floor":28.0,"key":"DIG"},{"floor":32.0,"key":"DIG"},{"floor":40.0,"key":"RECALL"},{"floor":47,"key":"DIG"},{"floor":49,"key":"DIG"},{"floor":53,"key":"DIG"}],"circlet_count":0,"master_deck":["AscendersBane","Zap","Defragment+1","Glacier+1","Glacier+1","Storm","Amplify","Heatsinks","Heatsinks","ReplayTheSpireMod:Brewmster","Coolheaded","Defragment","Skim","infinitespire:Starlight+1","White Noise","Buffer","Genetic Algorithm","Electrodynamics","Aggregate","Coolheaded","Glacier+1","Force Field","Coolheaded","Coolheaded","Buffer","Chaos+1","Amplify+1","Electrodynamics+1","Creative AI+1","Coolheaded+1","Double Energy+1","Heatsinks","Core Surge+1","sneckomod:Bewildered","Parasite","Barrage","Consume+1","Sunder+1","Capacitor","Glacier+1","Reboot+1","ReplayTheSpireMod:Faulty Equipment","Mirror Shield+1","Replay:SS_fish_2+1","Panache+1","Defragment+1","Undo+1","Ball Lightning+1","Lockon+1","Lockon+1","Undo+1"],"relics":["FrozenCore","Unceasing Top","Shovel","infinitespire:Freezer","Orrery","WingedGreaves","Membership Card","Quantum Egg","Calipers","Lee\u0027s Waffle","infinitespire:CursedDice","Replay:Frozen Program","OrangePellets","Gambling Chip","DataDisk","Prayer Wheel","Bag of Marbles","Whetstone","Prayer Wheel","Mango","infinitespire:Beetle Shell","Juzu Bracelet","infinitespire:CheckeredPen","Replay:Grab Bag","Cursed Key","Fusion Hammer","Pandora\u0027s Box","Prayer Wheel","Dead Branch","Strawberry","Art of War","ReplayTheSpireMod:Shallot","Golden Egg","MawBank","Orichalcum","infinitespire:Satchel","infinitespire:Joker Card","Prayer Wheel","Snecko Eye","infinitespire:Lychee Nut","Prayer Wheel","Happy Flower","Replay:Accelerometer","ReplayTheSpireMod:Lightbulb","Replay:Bottled Eggs","infinitespire:Lucky Rock","Replay:Bottled Snecko","Prayer Wheel","Solar Panel","Pet Ghost","Strange Spoon","Replay:Lucky Slots","infinitespire:PuzzleCube","Replay:Baseball","Lantern"],"acts_visited":["Exordium","TheCity","TheBeyond","TheEnding"],"potions_floor_usage":[51,56,56,56,56],"damage_taken":[{"damage":0.0,"enemies":"Cultist","floor":1.0,"turns":4.0},{"damage":0.0,"enemies":"Small Slimes","floor":3.0,"turns":4.0},{"damage":0.0,"enemies":"Jaw Worm","floor":5.0,"turns":4.0},{"damage":31.0,"enemies":"Gremlin Nob","floor":7.0,"turns":4.0},{"damage":0.0,"enemies":"Replay:BlueRogue","floor":10.0,"turns":8.0},{"damage":0.0,"enemies":"3 Sentries","floor":12.0,"turns":7.0},{"damage":0.0,"enemies":"Looter","floor":13.0,"turns":5.0},{"damage":0.0,"enemies":"Fading Forest","floor":16.0,"turns":13.0},{"damage":0.0,"enemies":"Spheric Guardian","floor":18.0,"turns":3.0},{"damage":0.0,"enemies":"3 Byrds","floor":19.0,"turns":5.0},{"damage":0.0,"enemies":"Nightmare","floor":23.0,"turns":6.0},{"damage":1.0,"enemies":"Snake Plant","floor":29.0,"turns":3.0},{"damage":0.0,"enemies":"Book of Stabbing","floor":30.0,"turns":5.0},{"damage":0.0,"enemies":"Sentry and Sphere","floor":31.0,"turns":3.0},{"damage":0.0,"enemies":"Champ","floor":33.0,"turns":7.0},{"damage":7.0,"enemies":"3 Shapes","floor":35.0,"turns":2.0},{"damage":0.0,"enemies":"3 Darklings","floor":36.0,"turns":1.0},{"damage":0.0,"enemies":"Sphere and 2 Shapes","floor":38.0,"turns":3.0},{"damage":0.0,"enemies":"Transient","floor":41.0,"turns":6.0},{"damage":0.0,"enemies":"R_Hoarder","floor":42.0,"turns":6.0},{"damage":12.0,"enemies":"Writhing Mass","floor":45.0,"turns":4.0},{"damage":0,"enemies":"Giant Head","floor":46,"turns":4},{"damage":15,"enemies":"infinitespire:MassOfShapes","floor":50,"turns":4},{"damage":12,"enemies":"Time Eater","floor":51,"turns":12},{"damage":20,"enemies":"Shield and Spear","floor":55,"turns":3},{"damage":6,"enemies":"The Heart","floor":56,"turns":7}],"seed_played":"-8688458174584570499","potions_obtained":[{"floor":1.0,"key":"DistilledChaos"},{"floor":18.0,"key":"Venom Potion"},{"floor":35.0,"key":"EssenceOfSteel"},{"floor":36.0,"key":"Fire Potion"}],"is_trial":false,"path_per_floor":["M","?","M","?","M","R","E","R","T","E","?","E","M","?","R","B",null,"M","M","?","AVR","?","NM","R","R","T","R","R","M","E","M","R","B",null,"M","M","AVR","M","?","R","M","E","T","?","M","E","R","T","R","B","B",null,"R","$","E","B",null],"character_chosen":"DEFECT","items_purchased":["Defragment+1","infinitespire:Freezer","Orrery","Storm","ReplayTheSpireMod:Fabricate Wheel","Amplify","Membership Card","Quantum Egg","Lee\u0027s Waffle","Heatsinks","Replay:Frozen Program","OrangePellets","Heatsinks","ReplayTheSpireMod:Brewmster","Coolheaded","Defragment","Pet Ghost","Replay:SS_fish_2","Panache","Strange Spoon","Defragment","Replay:Lucky Slots","infinitespire:PuzzleCube","Replay:Baseball","Undo","Ball Lightning","Lockon","PotionOfCapacity","SkillPotion"],"campfire_rested":0,"item_purchase_floors":[0,0,0,0,0,0,0,0,0,0,0,0,0,0,0,0,54,54,54,54,54,54,54,54,54,54,54,54,54],"current_hp_per_floor":[78,78,78,51,51,51,20,20,20,34,11,21,31,1,1,49,81,81,91,91,91,91,98,98,98,98,98,98,99,99,99,99,99,99,92,99,74,74,74,74,74,74,74,74,65,74,74,74,74,59,74,74,74,74,74,74],"gold":783,"neow_bonus":"","is_daily":false,"chose_seed":false,"campfire_upgraded":0,"win_rate":0.0,"timestamp":1607956652,"path_taken":["M","?","M","?","M","R","E","R","T","E","?","E","M","?","R","BOSS","M","M","?","AVR","?","NM","R","R","T","R","R","M","E","M","R","BOSS","M","M","AVR","M","?","R","M","E","T","?","M","E","R","?","R","BOSS","BOSS","R","$","E","BOSS"],"items_purchased_type":["Card","Relic","Relic","Card","Card","Card","Relic","Relic","Relic","Card","Relic","Relic","Card","Card","Card","Card","Relic","Card","Card","Relic","Card","Relic","Relic","Relic","Card","Card","Card","Potion","Potion"],"build_version":"2020-12-13","purchased_purges":2,"victory":true,"max_hp_per_floor":[78,78,78,78,78,78,78,78,78,92,92,92,92,92,92,92,92,92,92,92,92,92,99,99,99,99,99,99,99,99,99,99,99,99,99,99,74,74,74,74,74,74,74,74,74,74,74,74,74,74,74,74,74,74,74,74],"relic_stats":{"Lee\u0027s Waffle":112,"Happy Flower":[11],"counters":[451,1995],"Dead Branch":[398],"Juzu Bracelet":0,"Whetstone":["Strike_B","Strike_B"],"Orichalcum":[30],"Cursed Key":3,"MawBank":324,"FrozenCore":[9],"OrangePellets":[52],"Strange Spoon":[10],"Shovel":11,"Gambling Chip":[72],"Snecko Eye":[69,61,74,66],"Prayer Wheel":45,"Pandora\u0027s Box":["Aggregate","Reprogram","Coolheaded","ReplayTheSpireMod:Fabricate Wheel","Glacier","Force Field"],"Art of War":[49],"obtain_stats":[{"infinitespire:BottledMercury":54,"Golden Egg":31,"Replay:Accelerometer":31,"infinitespire:Cubic Diamond":2,"Ginger":0,"Whetstone":49,"Bottled Tornado":53,"Boot":8,"FrozenCore":17,"Old Coin":34,"Blood Vial":43,"Replay:Ringing Soul":9,"infinitespire:ShieldingShard":13,"Sundial":40,"Replay:Bronze Core":34,"MealTicket":26,"infinitespire:Golems Mask":13,"Fusion Hammer":17,"HandDrill":0,"Replay:Bottled Flurry":6,"Kunai":27,"Replay:Wax Seal":53,"Replay:Bottled Steam":45,"Counterbalance":25,"Blue Candle":0,"Eternal Feather":19,"Pen Nib":23,"ReplayTheSpireMod:SealedPack":17,"Guardian:PocketSentry":10,"infinitespire:Magic Flask":49,"Akabeko":55,"Cables":44,"infinitespire:EvilPickle":33,"SlaversCollar":17,"infinitespire:Lychee Nut":21,"infinitespire:Broken Mirror":10,"Bird Faced Urn":0,"Snecko Eye":34,"Pandora\u0027s Box":0,"CultistMask":3,"StrikeDummy":34,"Unceasing Top":0,"Abe\u0027s Treasure":34,"infinitespire:PuzzleCube":48,"Solar Panel":6,"Lantern":11,"Regal Pillow":14,"Carrot":31,"Singing Bowl":26,"Torii":53,"Blue Doll":13,"StoneCalendar":0,"Bag of Preparation":30,"Replay:Multitool":40,"Smiling Mask":12,"Ancient Tea Set":40,"Cursed Key":34,"Pet Ghost":46,"Replay:Rubber Ducky":17,"Matryoshka":12,"Shovel":0,"infinitespire:Bottled Soul":23,"WingedGreaves":7,"Replay:Lucky Slots":54,"Replay:Bottled Eggs":40,"Guardian:BottledAnomaly":21,"infinitespire:Eraser":43,"InkBottle":23,"Potion Belt":23,"Lee\u0027s Waffle":14,"Inserter":17,"Golden Idol":2,"Guardian:GemstoneGun":0,"Thread and Needle":0,"infinitespire:Joker Card":0,"The Courier":12,"PreservedInsect":0,"Geode":7,"Omamori":41,"infinitespire:CheckeredPen":40,"infinitespire:Lucky Rock":48,"Frozen Egg 2":0,"MawBank":43,"Replay:Arrowhead":0,"Nuclear Battery":17,"Orrery":0,"Turnip":0,"Garlic":8,"Art of War":53,"Durian":10,"Bottled Lightning":54,"ReplayTheSpireMod:Lightbulb":30,"Toy Ornithopter":42,"infinitespire:Freezer":43,"infinitespire:Midas Blood":55,"Ice Cream":21,"Divine Protection":17,"Calipers":7,"Gremlin Horn":49,"CeramicFish":25,"Vajra":10,"Runic Capacitor":0,"Sozu":17,"Lizard Tail":24,"Centennial Puzzle":48,"infinitespire:SolderingIron":0,"Replay:Frozen Program":19,"HornCleat":14,"FaceOfCleric":14,"DollysMirror":11,"Strawberry":9,"Prayer Wheel":34,"Philosopher\u0027s Stone":34,"Iron Hammer":12,"Toxic Egg 2":0,"Girya":0,"Happy Flower":40,"ReplayTheSpireMod:CursedCoin":0,"Replay:Grab Bag":17,"Dead Branch":0,"Oddly Smooth Stone":54,"infinitespire:Beetle Shell":10,"Letter Opener":32,"War Paint":54,"Question Card":42,"Du-Vu Doll":53,"OrangePellets":0,"Replay:Baseball":28,"Bottled Flame":14,"ReplayTheSpireMod:Shallot":25,"Bronze Scales":10,"Molten Egg 2":4,"Onion Ring":42,"Simple Rune":8,"ReplayTheSpireMod:TigerMarble":2,"infinitespire:EmpoweringShard":28,"Black Star":34,"Symbiotic Virus":3,"Mirror":52,"Meat on the Bone":0,"Pocketwatch":38,"Snecko Heart":34,"Replay:PocketPolymizer":0,"SacredBark":17,"Mango":40,"Incense Burner":24,"Juzu Bracelet":41,"Replay:Mystery Machine":47,"Empty Cage":17,"ClockworkSouvenir":0,"Frozen Eye":53,"SsserpentHead":3,"Nunchaku":23,"Dream Catcher":23,"Emotion Chip":0,"Replay:Bandana":25,"Chameleon Ring":10,"Mummified Hand":9,"Pantograph":17,"Gambling Chip":0,"Tiny Chest":21,"Red Mask":22,"Replay:Bottled Snecko":6,"Replay:Antivirus Software":53,"Cracked Core":0,"Gremlin Food":53,"ReplayTheSpireMod:Ninjato":44,"Replay:Towering Pillar of Hats":0,"infinitespire:CursedDice":54,"Quantum Egg":4,"Guide Book":47,"Replay:WaspNest":42,"infinitespire:FocusingShard":48,"Orichalcum":44,"White Beast Statue":28,"Mercury Hourglass":14,"Calling Bell":34,"Peace Pipe":37,"Strange Spoon":6,"DataDisk":29,"CaptainsWheel":0,"Anchor":6,"Pondfish Scales":9,"infinitespire:Satchel":34,"ChewingGum":17,"Coffee Dripper":17,"Bag of Marbles":13,"Membership Card":53,"FossilizedHelix":21,"TungstenRod":0,"ReplayTheSpireMod:ShopPack":53},{"infinitespire:BottledMercury":69,"Golden Egg":250,"Replay:Accelerometer":282,"infinitespire:Cubic Diamond":1,"Ginger":70,"Whetstone":384,"Bottled Tornado":68,"Boot":132,"FrozenCore":48,"Old Coin":375,"Blood Vial":379,"Replay:Ringing Soul":33,"infinitespire:ShieldingShard":36,"Sundial":166,"Replay:Bronze Core":161,"MealTicket":14,"infinitespire:Golems Mask":134,"Fusion Hammer":48,"HandDrill":29,"Replay:Bottled Flurry":393,"Kunai":157,"Replay:Wax Seal":126,"Replay:Bottled Steam":258,"Counterbalance":83,"Blue Candle":128,"Eternal Feather":366,"Pen Nib":140,"ReplayTheSpireMod:SealedPack":151,"Guardian:PocketSentry":34,"infinitespire:Magic Flask":96,"Akabeko":231,"Cables":290,"infinitespire:EvilPickle":57,"SlaversCollar":79,"infinitespire:Lychee Nut":12,"infinitespire:Broken Mirror":270,"Bird Faced Urn":29,"Snecko Eye":222,"Pandora\u0027s Box":0,"CultistMask":299,"StrikeDummy":57,"Unceasing Top":232,"Abe\u0027s Treasure":344,"infinitespire:PuzzleCube":353,"Solar Panel":131,"Lantern":6,"Regal Pillow":9,"Carrot":160,"Singing Bowl":53,"Torii":68,"Blue Doll":36,"StoneCalendar":202,"Bag of Preparation":55,"Replay:Multitool":224,"Smiling Mask":47,"Ancient Tea Set":120,"Cursed Key":222,"Pet Ghost":94,"Replay:Rubber Ducky":151,"Matryoshka":36,"Shovel":70,"infinitespire:Bottled Soul":155,"WingedGreaves":76,"Replay:Lucky Slots":295,"Replay:Bottled Eggs":120,"Guardian:BottledAnomaly":154,"infinitespire:Eraser":225,"InkBottle":13,"Potion Belt":27,"Lee\u0027s Waffle":22,"Inserter":306,"Golden Idol":265,"Guardian:GemstoneGun":202,"Thread and Needle":175,"infinitespire:Joker Card":15,"The Courier":209,"PreservedInsect":297,"Geode":4,"Omamori":289,"infinitespire:CheckeredPen":224,"infinitespire:Lucky Rock":447,"Frozen Egg 2":70,"MawBank":91,"Replay:Arrowhead":128,"Nuclear Battery":106,"Orrery":15,"Turnip":175,"Garlic":19,"Art of War":126,"Durian":238,"Bottled Lightning":355,"ReplayTheSpireMod:Lightbulb":85,"Toy Ornithopter":121,"infinitespire:Freezer":64,"infinitespire:Midas Blood":387,"Ice Cream":12,"Divine Protection":184,"Calipers":32,"Gremlin Horn":323,"CeramicFish":247,"Vajra":4,"Runic Capacitor":70,"Sozu":23,"Lizard Tail":53,"Centennial Puzzle":96,"infinitespire:SolderingIron":99,"Replay:Frozen Program":137,"HornCleat":150,"FaceOfCleric":332,"DollysMirror":76,"Strawberry":394,"Prayer Wheel":57,"Philosopher\u0027s Stone":87,"Iron Hammer":76,"Toxic Egg 2":99,"Girya":99,"Happy Flower":62,"ReplayTheSpireMod:CursedCoin":202,"Replay:Grab Bag":48,"Dead Branch":142,"Oddly Smooth Stone":127,"infinitespire:Beetle Shell":20,"Letter Opener":86,"War Paint":173,"Question Card":225,"Du-Vu Doll":97,"OrangePellets":70,"Replay:Baseball":27,"Bottled Flame":47,"ReplayTheSpireMod:Shallot":436,"Bronze Scales":45,"Molten Egg 2":16,"Onion Ring":196,"Simple Rune":302,"ReplayTheSpireMod:TigerMarble":30,"infinitespire:EmpoweringShard":54,"Black Star":116,"Symbiotic Virus":30,"Mirror":97,"Meat on the Bone":128,"Pocketwatch":319,"Snecko Heart":222,"Replay:PocketPolymizer":264,"SacredBark":10,"Mango":195,"Incense Burner":82,"Juzu Bracelet":90,"Replay:Mystery Machine":292,"Empty Cage":48,"ClockworkSouvenir":128,"Frozen Eye":97,"SsserpentHead":233,"Nunchaku":82,"Dream Catcher":187,"Emotion Chip":232,"Replay:Bandana":311,"Chameleon Ring":182,"Mummified Hand":76,"Pantograph":151,"Gambling Chip":202,"Tiny Chest":25,"Red Mask":51,"Replay:Bottled Snecko":43,"Replay:Antivirus Software":126,"Cracked Core":0,"Gremlin Food":97,"ReplayTheSpireMod:Ninjato":65,"Replay:Towering Pillar of Hats":232,"infinitespire:CursedDice":295,"Quantum Egg":2,"Guide Book":197,"Replay:WaspNest":64,"infinitespire:FocusingShard":198,"Orichalcum":322,"White Beast Statue":84,"Mercury Hourglass":78,"Calling Bell":57,"Peace Pipe":346,"Strange Spoon":17,"DataDisk":28,"CaptainsWheel":70,"Anchor":103,"Pondfish Scales":132,"infinitespire:Satchel":57,"ChewingGum":151,"Coffee Dripper":48,"Bag of Marbles":105,"Membership Card":97,"FossilizedHelix":80,"TungstenRod":99,"ReplayTheSpireMod:ShopPack":126},{"infinitespire:BottledMercury":336,"Golden Egg":1051,"Replay:Accelerometer":1246,"infinitespire:Cubic Diamond":2,"Ginger":342,"Whetstone":1682,"Bottled Tornado":332,"Boot":568,"FrozenCore":218,"Old Coin":1639,"Blood Vial":1655,"Replay:Ringing Soul":147,"infinitespire:ShieldingShard":158,"Sundial":709,"Replay:Bronze Core":684,"MealTicket":63,"infinitespire:Golems Mask":577,"Fusion Hammer":218,"HandDrill":137,"Replay:Bottled Flurry":1723,"Kunai":670,"Replay:Wax Seal":541,"Replay:Bottled Steam":1092,"Counterbalance":384,"Blue Candle":550,"Eternal Feather":1596,"Pen Nib":600,"ReplayTheSpireMod:SealedPack":650,"Guardian:PocketSentry":152,"infinitespire:Magic Flask":412,"Akabeko":976,"Cables":1280,"infinitespire:EvilPickle":276,"SlaversCollar":373,"infinitespire:Lychee Nut":50,"infinitespire:Broken Mirror":1178,"Bird Faced Urn":137,"Snecko Eye":952,"Pandora\u0027s Box":0,"CultistMask":1316,"StrikeDummy":276,"Unceasing Top":981,"Abe\u0027s Treasure":1503,"infinitespire:PuzzleCube":1529,"Solar Panel":563,"Lantern":23,"Regal Pillow":32,"Carrot":680,"Singing Bowl":246,"Torii":332,"Blue Doll":158,"StoneCalendar":891,"Bag of Preparation":256,"Replay:Multitool":958,"Smiling Mask":207,"Ancient Tea Set":516,"Cursed Key":952,"Pet Ghost":409,"Replay:Rubber Ducky":650,"Matryoshka":158,"Shovel":342,"infinitespire:Bottled Soul":662,"WingedGreaves":364,"Replay:Lucky Slots":1299,"Replay:Bottled Eggs":516,"Guardian:BottledAnomaly":659,"infinitespire:Eraser":960,"InkBottle":56,"Potion Belt":124,"Lee\u0027s Waffle":97,"Inserter":1354,"Golden Idol":1134,"Guardian:GemstoneGun":891,"Thread and Needle":771,"infinitespire:Joker Card":70,"The Courier":909,"PreservedInsect":1307,"Geode":14,"Omamori":1278,"infinitespire:CheckeredPen":958,"infinitespire:Lucky Rock":1969,"Frozen Egg 2":342,"MawBank":403,"Replay:Arrowhead":550,"Nuclear Battery":460,"Orrery":70,"Turnip":771,"Garlic":81,"Art of War":541,"Durian":1002,"Bottled Lightning":1539,"ReplayTheSpireMod:Lightbulb":388,"Toy Ornithopter":520,"infinitespire:Freezer":312,"infinitespire:Midas Blood":1700,"Ice Cream":50,"Divine Protection":811,"Calipers":145,"Gremlin Horn":1422,"CeramicFish":1040,"Vajra":14,"Runic Capacitor":342,"Sozu":108,"Lizard Tail":246,"Centennial Puzzle":412,"infinitespire:SolderingIron":421,"Replay:Frozen Program":591,"HornCleat":642,"FaceOfCleric":1453,"DollysMirror":364,"Strawberry":1725,"Prayer Wheel":276,"Philosopher\u0027s Stone":394,"Iron Hammer":364,"Toxic Egg 2":421,"Girya":421,"Happy Flower":299,"ReplayTheSpireMod:CursedCoin":891,"Replay:Grab Bag":218,"Dead Branch":608,"Oddly Smooth Stone":544,"infinitespire:Beetle Shell":87,"Letter Opener":390,"War Paint":756,"Question Card":960,"Du-Vu Doll":416,"OrangePellets":342,"Replay:Baseball":124,"Bottled Flame":207,"ReplayTheSpireMod:Shallot":1925,"Bronze Scales":197,"Molten Egg 2":73,"Onion Ring":866,"Simple Rune":1325,"ReplayTheSpireMod:TigerMarble":139,"infinitespire:EmpoweringShard":252,"Black Star":499,"Symbiotic Virus":139,"Mirror":416,"Meat on the Bone":550,"Pocketwatch":1408,"Snecko Heart":952,"Replay:PocketPolymizer":1125,"SacredBark":41,"Mango":862,"Incense Burner":379,"Juzu Bracelet":401,"Replay:Mystery Machine":1289,"Empty Cage":218,"ClockworkSouvenir":550,"Frozen Eye":416,"SsserpentHead":984,"Nunchaku":379,"Dream Catcher":822,"Emotion Chip":981,"Replay:Bandana":1383,"Chameleon Ring":800,"Mummified Hand":364,"Pantograph":650,"Gambling Chip":891,"Tiny Chest":114,"Red Mask":235,"Replay:Bottled Snecko":187,"Replay:Antivirus Software":541,"Cracked Core":0,"Gremlin Food":416,"ReplayTheSpireMod:Ninjato":317,"Replay:Towering Pillar of Hats":981,"infinitespire:CursedDice":1299,"Quantum Egg":4,"Guide Book":869,"Replay:WaspNest":312,"infinitespire:FocusingShard":874,"Orichalcum":1418,"White Beast Statue":386,"Mercury Hourglass":369,"Calling Bell":276,"Peace Pipe":1509,"Strange Spoon":76,"DataDisk":136,"CaptainsWheel":342,"Anchor":438,"Pondfish Scales":568,"infinitespire:Satchel":276,"ChewingGum":650,"Coffee Dripper":218,"Bag of Marbles":449,"Membership Card":416,"FossilizedHelix":375,"TungstenRod":421,"ReplayTheSpireMod:ShopPack":541}],"Unceasing Top":[16]},"card_choices":[{"not_picked":["Steam Power","Crystallizer"],"picked":"Glacier","floor":0.0},{"not_picked":["Blizzard","Steam"],"picked":"Glacier","floor":0.0},{"not_picked":["Streamline","Stack","Force Field"],"picked":"SKIP","floor":1.0},{"not_picked":["Leap","FIFO Queue"],"picked":"Skim","floor":3.0},{"not_picked":["Steam","Melter","Compile Driver"],"picked":"SKIP","floor":5.0},{"not_picked":["Go for the Eyes","BootSequence"],"picked":"ReplayTheSpireMod:Fabricate Wheel","floor":7.0},{"not_picked":["Sweeping Beam","Ball Lightning","Leap"],"picked":"SKIP","floor":10.0},{"not_picked":["ReplayTheSpireMod:??????????????????????","ReplayTheSpireMod:Black Plague"],"picked":"infinitespire:Starlight","floor":11.0},{"not_picked":["Beam Cell","Double Energy","Doom and Gloom"],"picked":"SKIP","floor":12.0},{"not_picked":["Sunder","Turbo"],"picked":"White Noise","floor":13.0},{"not_picked":["Static Discharge","Turbo","Sweeping Beam"],"picked":"SKIP","floor":13.0},{"not_picked":["Beam Cell","ReplayTheSpireMod:Calculation Training","Rebound"],"picked":"SKIP","floor":13.0},{"not_picked":["Beam Cell","Coolheaded"],"picked":"Buffer","floor":14.0},{"not_picked":["Barrage","Capacitor"],"picked":"Genetic Algorithm","floor":14.0},{"not_picked":["ReplayRNGCard","All For One"],"picked":"Electrodynamics","floor":16.0},{"not_picked":["Go for the Eyes","Tempest"],"picked":"Coolheaded","floor":18.0},{"not_picked":["Sweeping Beam+1","Melter","Aggregate"],"picked":"SKIP","floor":18.0},{"not_picked":["Scrape","Sweeping Beam","ReplayTheSpireMod:Reroute Power"],"picked":"SKIP","floor":18.0},{"not_picked":["Compile Driver","Beam Cell"],"picked":"Coolheaded","floor":19.0},{"not_picked":["Barrage","Cold Snap+1"],"picked":"Buffer","floor":19.0},{"not_picked":["Cold Snap","Stack+1","Sunder"],"picked":"SKIP","floor":19.0},{"not_picked":["Gash","Compile Driver","BootSequence"],"picked":"SKIP","floor":19.0},{"not_picked":["Conserve Battery","Reinforced Body","Cold Snap"],"picked":"SKIP","floor":23.0},{"not_picked":["Ball Lightning","Go for the Eyes"],"picked":"Chaos+1","floor":29.0},{"not_picked":["FTL","Hyperbeam","Stack"],"picked":"SKIP","floor":29.0},{"not_picked":["Steam","Hologram","Streamline"],"picked":"SKIP","floor":29.0},{"not_picked":["Hologram","Rebound","Leap"],"picked":"SKIP","floor":29.0},{"not_picked":["Compile Driver","Go for the Eyes","Leap"],"picked":"SKIP","floor":30.0},{"not_picked":["Leap","Hologram"],"picked":"Amplify","floor":31.0},{"not_picked":["Barrage","Streamline","Go for the Eyes"],"picked":"SKIP","floor":31.0},{"not_picked":["Fusion","Streamline","Time Bomb"],"picked":"SKIP","floor":31.0},{"not_picked":["Rebound","Reinforced Body","ReplaySort"],"picked":"SKIP","floor":31.0},{"not_picked":["Machine Learning","Fission"],"picked":"Creative AI","floor":33.0},{"not_picked":["Time Bomb","Turbo"],"picked":"Coolheaded","floor":35.0},{"not_picked":["Steam+1","Go for the Eyes","Barrage"],"picked":"SKIP","floor":35.0},{"not_picked":["Steam","Scrape","Beam Cell"],"picked":"SKIP","floor":35.0},{"not_picked":["Redo","Cold Snap","Hologram"],"picked":"SKIP","floor":35.0},{"not_picked":["Sweeping Beam","Hologram+1","Conserve Battery"],"picked":"SKIP","floor":35.0},{"not_picked":["Stack","Core Surge"],"picked":"Coolheaded+1","floor":36.0},{"not_picked":["Blizzard","Cold Snap"],"picked":"Double Energy+1","floor":36.0},{"not_picked":["Leap","Rebound+1","Cold Snap+1"],"picked":"SKIP","floor":36.0},{"not_picked":["Conserve Battery","ReplaySort","Auto Shields"],"picked":"SKIP","floor":36.0},{"not_picked":["Compile Driver+1","Self Repair","Panic Button+1"],"picked":"SKIP","floor":36.0},{"not_picked":["Go for the Eyes","Self Repair","Time Bomb"],"picked":"SKIP","floor":38.0},{"not_picked":["Ball Lightning+1","Time Bomb","Beam Cell"],"picked":"SKIP","floor":38.0},{"not_picked":["Streamline","Steam","Go for the Eyes"],"picked":"SKIP","floor":38.0},{"not_picked":["Reinforced Body","Chaos","Reprogram"],"picked":"SKIP","floor":38.0},{"not_picked":["ReplayTheSpireMod:Reroute Power","BasicCrystalCard","Beam Cell+1"],"picked":"SKIP","floor":38.0},{"not_picked":["Gash","Darkness"],"picked":"Heatsinks","floor":41.0},{"not_picked":["Scrape+1","Recycle+1"],"picked":"ReplayTheSpireMod:Fabricate Wheel","floor":41.0},{"not_picked":["Turbo","Cold Snap","Multi-Cast"],"picked":"SKIP","floor":41.0},{"not_picked":["Stack+1","Conserve Battery","Panic Button+1"],"picked":"SKIP","floor":41.0},{"not_picked":["Turbo","Consume","Beam Cell"],"picked":"SKIP","floor":41.0},{"not_picked":["Cold Snap+1","Hyperbeam","Steam"],"picked":"SKIP","floor":42.0},{"not_picked":["Conserve Battery+1","Sweeping Beam"],"picked":"Barrage","floor":45.0},{"not_picked":["Cold Snap","Time Bomb"],"picked":"Consume+1","floor":45.0},{"not_picked":["Static Discharge","Beam Cell"],"picked":"Sunder+1","floor":45.0},{"not_picked":["Turbo+1","Rip and Tear"],"picked":"Capacitor","floor":45.0},{"not_picked":["ReplayTheSpireMod:Repulse+1","Stack"],"picked":"Glacier+1","floor":45.0},{"not_picked":["Ball Lightning","Self Repair","Turbo"],"picked":"SKIP","floor":45.0},{"not_picked":["Ball Lightning","Conserve Battery"],"picked":"Reboot","floor":46},{"not_picked":["ReplaySolidLightProjector","Sunder"],"picked":"Undo+1","floor":55}],"player_experience":1004189,"relics_obtained":[{"floor":6.0,"key":"DataDisk"},{"floor":7.0,"key":"Bag of Marbles"},{"floor":8.0,"key":"Whetstone"},{"floor":10.0,"key":"Mango"},{"floor":12.0,"key":"infinitespire:Beetle Shell"},{"floor":14.0,"key":"Juzu Bracelet"},{"floor":15.0,"key":"infinitespire:CheckeredPen"},{"floor":23.0,"key":"Strawberry"},{"floor":24.0,"key":"Art of War"},{"floor":25.0,"key":"ReplayTheSpireMod:Shallot"},{"floor":26.0,"key":"Golden Egg"},{"floor":27.0,"key":"MawBank"},{"floor":28.0,"key":"Orichalcum"},{"floor":30.0,"key":"infinitespire:Satchel"},{"floor":32.0,"key":"infinitespire:Joker Card"},{"floor":42.0,"key":"Happy Flower"},{"floor":43.0,"key":"Replay:Accelerometer"},{"floor":46,"key":"ReplayTheSpireMod:Lightbulb"},{"floor":47,"key":"Replay:Bottled Eggs"},{"floor":48,"key":"infinitespire:Lucky Rock"},{"floor":49,"key":"Replay:Bottled Snecko"},{"floor":53,"key":"Solar Panel"},{"floor":55,"key":"Lantern"}],"event_choices":[{"cards_removed":["Strike_B"],"damage_healed":0.0,"max_hp_gain":0.0,"max_hp_loss":0.0,"gold_gain":0.0,"event_name":"Living Wall","player_choice":"Forget","floor":2.0,"gold_loss":0.0,"damage_taken":0.0},{"damage_healed":0.0,"max_hp_gain":0.0,"max_hp_loss":0.0,"gold_gain":0.0,"event_name":"Golden Idol","player_choice":"Take Damage","floor":4.0,"gold_loss":0.0,"damage_taken":27.0,"relics_obtained":["Golden Idol"]},{"cards_removed":["Reprogram"],"damage_healed":0.0,"max_hp_gain":0.0,"max_hp_loss":0.0,"gold_gain":0.0,"event_name":"Back to Basics","player_choice":"Elegance","floor":20.0,"gold_loss":0.0,"damage_taken":0.0},{"cards_removed":["Dualcast"],"damage_healed":0.0,"max_hp_gain":0.0,"max_hp_loss":0.0,"gold_gain":0.0,"event_name":"Designer","player_choice":"Upgrade and Remove","floor":22.0,"gold_loss":110.0,"damage_taken":0.0,"cards_upgraded":["infinitespire:Starlight"]},{"cards_removed":["Coolheaded"],"damage_healed":0.0,"max_hp_gain":0.0,"max_hp_loss":0.0,"gold_gain":0.0,"event_name":"Falling","player_choice":"Removed Skill","floor":39.0,"gold_loss":0.0,"damage_taken":0.0},{"damage_healed":0.0,"max_hp_gain":0.0,"max_hp_loss":0.0,"gold_gain":333.0,"event_name":"The Moai Head","player_choice":"Gave Idol","floor":44.0,"relics_lost":["Golden Idol"],"gold_loss":0.0,"damage_taken":0.0}],"is_beta":false,"boss_relics":[{"not_picked":["Snecko Heart","Calling Bell"],"picked":"Replay:Grab Bag"},{"not_picked":["Runic Dome","SlaversCollar"],"picked":"Cursed Key"},{"not_picked":["Busted Crown","Velvet Choker"],"picked":"Fusion Hammer"},{"not_picked":["Runic Pyramid","Empty Cage"],"picked":"Pandora\u0027s Box"},{"not_picked":["Nuclear Battery","ReplayTheSpireMod:SealedPack"],"picked":"FrozenCore"},{"not_picked":["Replay:Drink Me","Tiny House"],"picked":"Snecko Eye"}],"items_purged_floors":[0,54],"is_endless":false,"potions_floor_spawned":[1,3,12,18,19,23,33,35,36,38],"ascension_level":20}}