{"host":"bux1pdxjwq4dkad9","time":1607938041,"event":{"mods":["BaseMod","Colored Map","Minty Spire (QoL Compilation)","Quick Restart","Robot Space Explorer","Shop Mod","Spicy Shops","StSLib","SuperFastMode","The Alterego","Thieving Mod","Uncapped","【人物mod】游戏王New YuGiOh mod","【遗物Mod】简单游戏"],"gold_per_floor":[114,125,145,158,170,170,196,214,214,246,246,266,283,294,294,394,394,410,410,428,106,130,163,180,210,210,235,247,267,309,325,325,430,430,446,446,189,210,269,309,309,321,372,385,77,77,118,132,132,132,132,132,60,96,101],"floor_reached":56,"playtime":1689,"items_purged":["RobotSpaceExplorer:Strike","RobotSpaceExplorer:Strike"],"score":2116,"play_id":"ba6fddd0-69ff-4c24-a95a-02f44a65406c","local_time":"20201214172721","is_ascension_mode":true,"campfire_choices":[{"data":"Regret","floor":6,"key":"PURGE"},{"floor":15,"key":"RECALL"},{"data":"RobotSpaceExplorer:PowerCollector","floor":32,"key":"SMITH"},{"data":"RobotSpaceExplorer:MiniLasers","floor":41,"key":"SMITH"},{"data":"RobotSpaceExplorer:MiniDrones","floor":46,"key":"PURGE"},{"data":"RobotSpaceExplorer:Defend","floor":49,"key":"PURGE"},{"data":"RobotSpaceExplorer:Defend","floor":52,"key":"PURGE"}],"circlet_count":0,"master_deck":["RobotSpaceExplorer:Defend","RobotSpaceExplorer:Scan","RobotSpaceExplorer:MiniLasers+1","RobotSpaceExplorer:GlueShot","RobotSpaceExplorer:MetalStrike+1","RobotSpaceExplorer:PowerCollector+1","RobotSpaceExplorer:FranticSearch","RobotSpaceExplorer:TrailblazerForm","RobotSpaceExplorer:DualCore+1","RobotSpaceExplorer:PowerCollector","RobotSpaceExplorer:ChargingLaser+1","RobotSpaceExplorer:MiniBoosters"],"relics":["RobotSpaceExplorer:RoboCore","EasyRelic","Dead Branch","Akabeko","Singing Bowl","Bag of Preparation","Sozu","ClockworkSouvenir","RobotSpaceExplorer:ClockworkSextant","Pen Nib","StrikeDummy","CeramicFish","Strawberry","Black Star","Letter Opener","TungstenRod","Blood Vial","Ancient Tea Set","Regal Pillow","TheAbacus","Medical Kit","Peace Pipe","Gremlin Horn","Boot","Whetstone"],"acts_visited":["Exordium","TheCity","TheBeyond","TheEnding"],"potions_floor_usage":[55,55,55],"damage_taken":[{"damage":0,"enemies":"Cultist","floor":1,"turns":3},{"damage":0,"enemies":"Jaw Worm","floor":2,"turns":2},{"damage":0,"enemies":"Small Slimes","floor":3,"turns":2},{"damage":0,"enemies":"Exordium Thugs","floor":4,"turns":3},{"damage":0,"enemies":"Gremlin Gang","floor":5,"turns":3},{"damage":0,"enemies":"Lagavulin","floor":7,"turns":5},{"damage":0,"enemies":"Lots of Slimes","floor":8,"turns":2},{"damage":0,"enemies":"Gremlin Nob","floor":10,"turns":2},{"damage":0,"enemies":"Blue Slaver","floor":12,"turns":1},{"damage":0,"enemies":"Gremlin Gang","floor":13,"turns":1},{"damage":0,"enemies":"3 Louse","floor":14,"turns":2},{"damage":0,"enemies":"Slime Boss","floor":16,"turns":6},{"damage":0,"enemies":"Spheric Guardian","floor":18,"turns":2},{"damage":0,"enemies":"Shell Parasite","floor":20,"turns":2},{"damage":0,"enemies":"Gremlin Leader","floor":23,"turns":2},{"damage":0,"enemies":"Snecko","floor":24,"turns":2},{"damage":0,"enemies":"Book of Stabbing","floor":25,"turns":3},{"damage":0,"enemies":"Slavers","floor":27,"turns":1},{"damage":0,"enemies":"Chosen and Byrds","floor":28,"turns":2},{"damage":0,"enemies":"Centurion and Healer","floor":29,"turns":2},{"damage":0,"enemies":"Gremlin Leader","floor":30,"turns":3},{"damage":0,"enemies":"Shelled Parasite and Fungi","floor":31,"turns":2},{"damage":0,"enemies":"Champ","floor":33,"turns":6},{"damage":0,"enemies":"Orb Walker","floor":35,"turns":2},{"damage":0,"enemies":"3 Shapes","floor":38,"turns":3},{"damage":0,"enemies":"Mind Bloom Boss Battle","floor":39,"turns":4},{"damage":0,"enemies":"Reptomancer","floor":40,"turns":3},{"damage":0,"enemies":"Sphere and 2 Shapes","floor":42,"turns":1},{"damage":0,"enemies":"3 Darklings","floor":44,"turns":2},{"damage":0,"enemies":"Giant Head","floor":47,"turns":3},{"damage":0,"enemies":"Maw","floor":48,"turns":4},{"damage":0,"enemies":"Awakened One","floor":50,"turns":4},{"damage":0,"enemies":"Shield and Spear","floor":54,"turns":2},{"damage":0,"enemies":"The Heart","floor":55,"turns":6}],"seed_played":"5696716799088924869","potions_obtained":[{"floor":2,"key":"RobotSpaceExplorer:RecyclePotion"},{"floor":3,"key":"ColorlessPotion"},{"floor":4,"key":"DuplicationPotion"},{"floor":8,"key":"DuplicationPotion"}],"is_trial":false,"path_per_floor":["M","M","M","M","M","R","E","M","T","E","?","M","M","M","R","B",null,"M","?","M","$","T","E","M","E","T","E","M","M","E","M","R","B",null,"M","?","$","M","?","E","R","M","T","M","$","R","E","M","R","B",null,"R","$","E","B",null],"character_chosen":"RobotSpaceExplorer","items_purchased":["ClockworkSouvenir","Letter Opener","TheAbacus","Medical Kit","RobotSpaceExplorer:MiniBoosters"],"campfire_rested":0,"item_purchase_floors":[21,37,45,45,53],"current_hp_per_floor":[75,75,75,75,75,75,75,75,75,77,87,89,89,91,91,91,91,93,93,95,95,95,97,97,99,99,101,103,105,112,114,114,114,114,116,116,116,116,116,116,116,118,118,120,120,120,120,122,122,122,122,122,122,124,124],"gold":101,"neow_bonus":"ONE_RARE_RELIC","is_daily":false,"chose_seed":false,"campfire_upgraded":2,"win_rate":0.0,"timestamp":1607938041,"path_taken":["M","?","M","M","M","R","E","M","T","E","?","M","?","M","R","BOSS","M","?","M","$","?","E","?","E","T","E","M","M","E","?","R","BOSS","M","?","$","?","?","E","R","M","T","M","$","R","E","M","R","BOSS","R","$","E","BOSS"],"items_purchased_type":["Relic","Relic","Relic","Relic","Card"],"build_version":"2020-12-13","purchased_purges":2,"victory":true,"max_hp_per_floor":[75,75,75,75,75,75,75,75,75,77,87,89,89,91,91,91,91,93,93,95,95,95,97,97,99,99,101,103,105,112,114,114,114,114,116,116,116,116,116,116,116,118,118,120,120,120,120,122,122,122,122,122,122,124,124],"card_choices":[{"not_picked":["RobotSpaceExplorer:LuckyStrike","RobotSpaceExplorer:ImprovisedAttack","RobotSpaceExplorer:StunGrenade"],"picked":"SKIP","floor":1},{"not_picked":["RobotSpaceExplorer:Smokescreen","RobotSpaceExplorer:Pulsar"],"picked":"RobotSpaceExplorer:GlueShot","floor":2},{"not_picked":["RobotSpaceExplorer:MetalStrike","RobotSpaceExplorer:StunGrenade","RobotSpaceExplorer:Blitz"],"picked":"SKIP","floor":3},{"not_picked":["RobotSpaceExplorer:StunGrenade","RobotSpaceExplorer:Blitz"],"picked":"RobotSpaceExplorer:MetalStrike","floor":3},{"not_picked":["RobotSpaceExplorer:SurgingShield","RobotSpaceExplorer:MiniDrones"],"picked":"RobotSpaceExplorer:Autoloader","floor":4},{"not_picked":["RobotSpaceExplorer:FranticSearch","RobotSpaceExplorer:IronShell"],"picked":"RobotSpaceExplorer:MiniDrones","floor":5},{"not_picked":["RobotSpaceExplorer:SwiftStep","RobotSpaceExplorer:ShovelStrike","RobotSpaceExplorer:ShockKick"],"picked":"SKIP","floor":7},{"not_picked":["RobotSpaceExplorer:MetalStrike","RobotSpaceExplorer:ScrapShield","RobotSpaceExplorer:FrostMissile"],"picked":"SKIP","floor":8},{"not_picked":["RobotSpaceExplorer:RigExplosive","RobotSpaceExplorer:Ammunition","RobotSpaceExplorer:Jetpack"],"picked":"Singing Bowl","floor":10},{"not_picked":["RobotSpaceExplorer:StarLightning","RobotSpaceExplorer:Blaster","RobotSpaceExplorer:ScrapToss"],"picked":"Singing Bowl","floor":12},{"not_picked":["RobotSpaceExplorer:LaserBurst","RobotSpaceExplorer:SwiftStep"],"picked":"RobotSpaceExplorer:PowerCollector","floor":13},{"not_picked":["RobotSpaceExplorer:MiniDrones","RobotSpaceExplorer:PowerCollector","RobotSpaceExplorer:DualCore"],"picked":"Singing Bowl","floor":14},{"not_picked":["RobotSpaceExplorer:DroneSwarm","RobotSpaceExplorer:Explosion"],"picked":"RobotSpaceExplorer:Wormhole","floor":16},{"not_picked":["RobotSpaceExplorer:DoubleBlock","RobotSpaceExplorer:StunGrenade+1","RobotSpaceExplorer:FrostMissile"],"picked":"Singing Bowl","floor":18},{"not_picked":["RobotSpaceExplorer:Pulsar","RobotSpaceExplorer:SurgingStrike+1","RobotSpaceExplorer:MiniDrones+1"],"picked":"Singing Bowl","floor":20},{"not_picked":["RobotSpaceExplorer:ExhaustFan","RobotSpaceExplorer:Blitz+1","RobotSpaceExplorer:Blaster"],"picked":"Singing Bowl","floor":23},{"not_picked":["RobotSpaceExplorer:MiniDrones+1","RobotSpaceExplorer:SurgingStrike"],"picked":"RobotSpaceExplorer:FranticSearch","floor":24},{"not_picked":["RobotSpaceExplorer:ShockKick","RobotSpaceExplorer:Electropulse","RobotSpaceExplorer:Arsenal"],"picked":"Singing Bowl","floor":25},{"not_picked":["RobotSpaceExplorer:TurboDodge","RobotSpaceExplorer:Pulsar","RobotSpaceExplorer:JunkDive+1"],"picked":"Singing Bowl","floor":27},{"not_picked":["RobotSpaceExplorer:ImprovisedAttack+1","RobotSpaceExplorer:ShockKick","RobotSpaceExplorer:StunGrenade"],"picked":"Singing Bowl","floor":28},{"not_picked":["RobotSpaceExplorer:SurgingStrike","RobotSpaceExplorer:Probe","RobotSpaceExplorer:ShockKick+1"],"picked":"Singing Bowl","floor":29},{"not_picked":["RobotSpaceExplorer:PlasmaMissile","RobotSpaceExplorer:Calculate"],"picked":"RobotSpaceExplorer:Wormhole","floor":30},{"not_picked":["RobotSpaceExplorer:SurgingShield","RobotSpaceExplorer:ShovelStrike","RobotSpaceExplorer:Probe"],"picked":"Singing Bowl","floor":31},{"not_picked":["RobotSpaceExplorer:Autoloader","RobotSpaceExplorer:Multitool"],"picked":"RobotSpaceExplorer:TrailblazerForm","floor":33},{"not_picked":["RobotSpaceExplorer:SurgingStrike+1","RobotSpaceExplorer:ToxicBomb+1","RobotSpaceExplorer:MetalStrike+1"],"picked":"Singing Bowl","floor":35},{"not_picked":["RobotSpaceExplorer:ExhaustFan","RobotSpaceExplorer:FranticSearch+1"],"picked":"RobotSpaceExplorer:DualCore+1","floor":38},{"not_picked":["RobotSpaceExplorer:ToxicBomb","RobotSpaceExplorer:SurgingStrike"],"picked":"RobotSpaceExplorer:PowerCollector","floor":39},{"not_picked":["RobotSpaceExplorer:MiniDrones+1","RobotSpaceExplorer:Reload"],"picked":"RobotSpaceExplorer:Wormhole","floor":40},{"not_picked":["RobotSpaceExplorer:MetalStrike","RobotSpaceExplorer:IronShell+1","RobotSpaceExplorer:SurgingShield"],"picked":"Singing Bowl","floor":42},{"not_picked":["RobotSpaceExplorer:Ammunition","RobotSpaceExplorer:MiniDrones+1","RobotSpaceExplorer:ImprovisedAttack+1"],"picked":"Singing Bowl","floor":44},{"not_picked":["RobotSpaceExplorer:SlimeMissile","RobotSpaceExplorer:DoubleFind+1"],"picked":"RobotSpaceExplorer:ChargingLaser","floor":47},{"not_picked":["RobotSpaceExplorer:SurgingStrike+1","RobotSpaceExplorer:MiniDrones","RobotSpaceExplorer:Probe"],"picked":"Singing Bowl","floor":48},{"not_picked":["RobotSpaceExplorer:ScrapMissile+1","RobotSpaceExplorer:SwiftStep+1","RobotSpaceExplorer:StarLightning+1"],"picked":"Singing Bowl","floor":54}],"player_experience":2367250,"relics_obtained":[{"floor":7,"key":"Akabeko"},{"floor":9,"key":"Singing Bowl"},{"floor":10,"key":"Bag of Preparation"},{"floor":22,"key":"RobotSpaceExplorer:ClockworkSextant"},{"floor":23,"key":"Pen Nib"},{"floor":25,"key":"StrikeDummy"},{"floor":27,"key":"CeramicFish"},{"floor":30,"key":"Strawberry"},{"floor":39,"key":"TungstenRod"},{"floor":40,"key":"Blood Vial"},{"floor":40,"key":"Ancient Tea Set"},{"floor":43,"key":"Regal Pillow"},{"floor":47,"key":"Peace Pipe"},{"floor":47,"key":"Gremlin Horn"},{"floor":54,"key":"Boot"},{"floor":54,"key":"Whetstone"}],"event_choices":[{"cards_removed":["RobotSpaceExplorer:Autoloader"],"damage_healed":0,"gold_gain":0,"player_choice":"Offered Rare","damage_taken":0,"max_hp_gain":10,"max_hp_loss":0,"event_name":"Bonfire Elementals","floor":11,"gold_loss":0},{"damage_healed":0,"gold_gain":0,"player_choice":"Got Potions","damage_taken":0,"max_hp_gain":0,"max_hp_loss":0,"event_name":"Lab","floor":19,"gold_loss":0},{"damage_healed":0,"gold_gain":0,"player_choice":"Bought 0 Potions","damage_taken":0,"max_hp_gain":0,"max_hp_loss":0,"event_name":"The Woman in Blue","floor":36,"gold_loss":0},{"damage_healed":0,"gold_gain":0,"player_choice":"Fight","damage_taken":0,"max_hp_gain":0,"max_hp_loss":0,"event_name":"MindBloom","floor":39,"gold_loss":0}],"is_beta":false,"boss_relics":[{"not_picked":["Astrolabe","Busted Crown"],"picked":"Sozu"},{"not_picked":["Cursed Key","Tiny House"],"picked":"Black Star"}],"items_purged_floors":[21,21],"is_endless":false,"potions_floor_spawned":[2,3,4,8,13,14,18,20,23,29,30,33,35,44,47,48],"ascension_level":4}}