{"host":"egyxg9lnjq7g2hmw","time":1607939227,"event":{"mods":["AchievementEnabler","BaseMod","Block Reminder","Colored Map","Colored Powertips","Highlight Path","Minty Spire (QoL Compilation)","Rare Cards Sparkle","StSLib"],"gold_per_floor":[109,109,121,133,152,178,178,212,212,212,229,229,262,18,18,95,95,95,95,95,95,95,95,95,95,95,95,95,95,95,95,95,95,95,95,95,95,95,95,95,95,95,95,95,95,95,95],"floor_reached":46,"playtime":4070,"items_purged":[],"score":904,"play_id":"201f76b1-836e-4597-9686-eae684c6458f","local_time":"20201214014707","is_ascension_mode":true,"campfire_choices":[{"floor":7.0,"key":"REST"},{"data":"Sucker Punch","floor":10.0,"key":"SMITH"},{"floor":12.0,"key":"REST"},{"data":"Caltrops","floor":15.0,"key":"SMITH"},{"floor":23.0,"key":"REST"},{"data":"Flechettes","floor":28.0,"key":"SMITH"},{"data":"Tools of the Trade","floor":32.0,"key":"SMITH"},{"floor":44.0,"key":"REST"}],"circlet_count":0,"master_deck":["AscendersBane","Strike_G","Strike_G","Strike_G","Strike_G","Strike_G","Defend_G","Defend_G","Defend_G","Defend_G","Defend_G","Survivor","Neutralize+1","Dagger Throw","Caltrops+1","Sucker Punch+1","Underhanded Strike","Tools of the Trade+1","Backflip+1","Outmaneuver+1","Adrenaline+1","Reflex+1","PiercingWail+1","Flechettes+1","Dodge and Roll+1","Tactician+1","Acrobatics+1","Envenom+1","Neutralize","Night Terror+1","Dodge and Roll+1","Concentrate+1","Tactician+1","After Image+1","Setup+1","Finisher","Storm of Steel+1","Envenom+1","Footwork+1","Secret Weapon+1","Sadistic Nature+1","Blade Dance+1","Catalyst+1","Calculated Gamble+1","Prepared+1","Tactician+1","PiercingWail+1"],"relics":["Ring of the Snake","Anchor","Regal Pillow","Art of War","Toxic Egg 2","Prayer Wheel","Frozen Egg 2","Ectoplasm","Question Card","Gremlin Horn","Centennial Puzzle","WristBlade","Ginger","Incense Burner","Shuriken"],"acts_visited":["Exordium","TheCity","TheBeyond"],"potions_floor_usage":[46,46],"damage_taken":[{"damage":1.0,"enemies":"Small Slimes","floor":1.0,"turns":4.0},{"damage":2.0,"enemies":"Cultist","floor":3.0,"turns":4.0},{"damage":0.0,"enemies":"2 Louse","floor":4.0,"turns":3.0},{"damage":18.0,"enemies":"Exordium Thugs","floor":5.0,"turns":9.0},{"damage":27.0,"enemies":"Gremlin Nob","floor":6.0,"turns":5.0},{"damage":27.0,"enemies":"3 Sentries","floor":8.0,"turns":8.0},{"damage":1.0,"enemies":"Red Slaver","floor":11.0,"turns":3.0},{"damage":8.0,"enemies":"Lagavulin","floor":13.0,"turns":10.0},{"damage":22.0,"enemies":"Hexaghost","floor":16.0,"turns":11.0},{"damage":16.0,"enemies":"Spheric Guardian","floor":18.0,"turns":5.0},{"damage":0.0,"enemies":"3 Byrds","floor":19.0,"turns":5.0},{"damage":7.0,"enemies":"Centurion and Healer","floor":21.0,"turns":8.0},{"damage":10.0,"enemies":"Shelled Parasite and Fungi","floor":24.0,"turns":5.0},{"damage":7.0,"enemies":"Snecko","floor":25.0,"turns":4.0},{"damage":1.0,"enemies":"Cultist and Chosen","floor":27.0,"turns":7.0},{"damage":0.0,"enemies":"Gremlin Leader","floor":29.0,"turns":8.0},{"damage":0.0,"enemies":"Snake Plant","floor":30.0,"turns":5.0},{"damage":11.0,"enemies":"Centurion and Healer","floor":31.0,"turns":6.0},{"damage":44.0,"enemies":"Champ","floor":33.0,"turns":9.0},{"damage":6.0,"enemies":"3 Darklings","floor":35.0,"turns":6.0},{"damage":0.0,"enemies":"Mind Bloom Boss Battle","floor":39.0,"turns":4.0},{"damage":30.0,"enemies":"Reptomancer","floor":40.0,"turns":4.0},{"damage":4.0,"enemies":"Orb Walker","floor":41.0,"turns":3.0},{"damage":18.0,"enemies":"Maw","floor":45.0,"turns":5.0},{"damage":29,"enemies":"Nemesis","floor":46,"turns":2}],"seed_played":"913818004953406575","potions_obtained":[{"floor":5.0,"key":"Ancient Potion"},{"floor":6.0,"key":"EssenceOfSteel"},{"floor":8.0,"key":"SpeedPotion"},{"floor":16.0,"key":"FairyPotion"},{"floor":21.0,"key":"PowerPotion"},{"floor":35.0,"key":"DuplicationPotion"},{"floor":39.0,"key":"Ancient Potion"},{"floor":40.0,"key":"PowerPotion"}],"is_trial":false,"path_per_floor":["M","?","M","M","M","E","R","E","T","R","M","R","E","$","R","B",null,"M","M","?","M","?","R","M","M","T","M","R","E","M","M","R","B",null,"M","$","?","?","?","E","M","T","T","R","M","E"],"character_chosen":"THE_SILENT","items_purchased":["Frozen Egg 2"],"campfire_rested":4,"item_purchase_floors":[14],"current_hp_per_floor":[58,58,56,56,38,11,45,18,18,18,17,51,43,43,43,21,55,39,39,39,32,32,66,56,49,49,48,48,48,48,37,37,19,54,48,48,48,43,43,13,9,9,9,42,24,0,0],"gold":95,"neow_bonus":"RANDOM_COMMON_RELIC","is_daily":false,"chose_seed":false,"campfire_upgraded":4,"win_rate":0.0,"timestamp":1607939227,"path_taken":["M","?","M","M","?","E","R","E","T","R","M","R","E","$","R","BOSS","M","M","?","?","?","R","M","M","T","M","R","E","?","M","R","BOSS","M","$","?","?","?","E","?","?","T","R","?","E"],"items_purchased_type":["Relic"],"build_version":"2020-12-13","purchased_purges":0,"victory":false,"max_hp_per_floor":[66,66,66,66,66,66,66,66,66,66,66,66,66,66,66,66,66,66,66,66,66,66,66,66,66,66,66,66,66,66,66,66,66,66,66,66,63,63,63,63,63,63,63,63,63,63,63],"card_choices":[{"not_picked":["Quick Slash","PiercingWail"],"picked":"Dagger Throw","floor":1.0},{"not_picked":["Escape Plan","Eviscerate"],"picked":"Caltrops","floor":3.0},{"not_picked":["Blade Dance","Backflip","Cloak And Dagger"],"picked":"SKIP","floor":4.0},{"not_picked":["Well Laid Plans","Poisoned Stab"],"picked":"Sucker Punch","floor":5.0},{"not_picked":["Escape Plan","Sucker Punch"],"picked":"Underhanded Strike","floor":6.0},{"not_picked":["Concentrate","Blade Dance"],"picked":"Tools of the Trade","floor":8.0},{"not_picked":["Predator","Blur+1"],"picked":"Backflip+1","floor":11.0},{"not_picked":["Dash","Accuracy"],"picked":"Outmaneuver+1","floor":13.0},{"not_picked":["Wraith Form v2+1","Storm of Steel+1"],"picked":"Adrenaline+1","floor":16.0},{"not_picked":["Eviscerate","Setup+1"],"picked":"Reflex+1","floor":18.0},{"not_picked":["Backflip+1","Dash+1"],"picked":"PiercingWail+1","floor":18.0},{"not_picked":["Quick Slash","Heel Hook"],"picked":"Flechettes","floor":19.0},{"not_picked":["Outmaneuver+1","Eviscerate"],"picked":"Dodge and Roll+1","floor":19.0},{"not_picked":["Acrobatics+1","Outmaneuver+1","Underhanded Strike+1"],"picked":"Tactician+1","floor":21.0},{"not_picked":["Backflip+1","Bouncing Flask+1","Crippling Poison+1"],"picked":"Acrobatics+1","floor":21.0},{"not_picked":["Deflect+1","Dash","Dodge and Roll+1"],"picked":"Night Terror+1","floor":24.0},{"not_picked":["Quick Slash","Noxious Fumes+1","Flying Knee"],"picked":"Dodge and Roll+1","floor":24.0},{"not_picked":["Sucker Punch","Cloak And Dagger+1","All Out Attack"],"picked":"Concentrate+1","floor":25.0},{"not_picked":["Quick Slash","Eviscerate","Bane","Caltrops+1"],"picked":"SKIP","floor":25.0},{"not_picked":["Choke","Well Laid Plans+1","Setup+1"],"picked":"Tactician+1","floor":27.0},{"not_picked":["Concentrate+1","Poisoned Stab","Escape Plan+1"],"picked":"After Image+1","floor":27.0},{"not_picked":["Poisoned Stab","Backflip+1","Sucker Punch","Quick Slash"],"picked":"SKIP","floor":29.0},{"not_picked":["Outmaneuver+1","Endless Agony+1","Quick Slash"],"picked":"Setup+1","floor":30.0},{"not_picked":["PiercingWail+1","Dodge and Roll+1","Heel Hook+1","Cloak And Dagger+1"],"picked":"SKIP","floor":30.0},{"not_picked":["PiercingWail+1","Quick Slash","Dagger Spray"],"picked":"Finisher","floor":31.0},{"not_picked":["Blade Dance+1","Heel Hook+1","Sucker Punch"],"picked":"Storm of Steel+1","floor":31.0},{"not_picked":["Wraith Form v2+1","Tools of the Trade+1","After Image+1"],"picked":"Envenom+1","floor":33.0},{"not_picked":["Predator+1","Underhanded Strike","Skewer"],"picked":"Footwork+1","floor":35.0},{"not_picked":["Cloak And Dagger+1","Setup+1","Poisoned Stab","Endless Agony"],"picked":"SKIP","floor":35.0},{"not_picked":["Flash of Steel","Good Instincts+1","Impatience+1"],"picked":"Secret Weapon+1","floor":38.0},{"not_picked":["Mind Blast","Violence+1","Enlightenment+1"],"picked":"Sadistic Nature+1","floor":38.0},{"not_picked":["Riddle With Holes","Prepared+1","Backflip+1"],"picked":"Blade Dance+1","floor":39.0},{"not_picked":["Skewer","All Out Attack","Dagger Spray"],"picked":"Catalyst+1","floor":40.0},{"not_picked":["Outmaneuver+1","Backstab","Dodge and Roll+1"],"picked":"Calculated Gamble+1","floor":41.0},{"not_picked":["Blade Dance+1","Acrobatics+1","Dodge and Roll+1"],"picked":"Prepared+1","floor":41.0},{"not_picked":["Blur+1","Acrobatics+1","Dagger Spray+1"],"picked":"Tactician+1","floor":45.0},{"not_picked":["Riddle With Holes","Dodge and Roll+1","Slice"],"picked":"PiercingWail+1","floor":45.0}],"player_experience":447356,"relics_obtained":[{"floor":6.0,"key":"Regal Pillow"},{"floor":8.0,"key":"Art of War"},{"floor":9.0,"key":"Toxic Egg 2"},{"floor":13.0,"key":"Prayer Wheel"},{"floor":26.0,"key":"Gremlin Horn"},{"floor":29.0,"key":"Centennial Puzzle"},{"floor":39.0,"key":"Ginger"},{"floor":40.0,"key":"Incense Burner"},{"floor":42.0,"key":"Shuriken"}],"event_choices":[{"damage_healed":0.0,"max_hp_gain":0.0,"max_hp_loss":0.0,"gold_gain":0.0,"event_name":"Upgrade Shrine","player_choice":"Upgraded","floor":2.0,"gold_loss":0.0,"damage_taken":0.0,"cards_upgraded":["Neutralize"]},{"damage_healed":0.0,"max_hp_gain":0.0,"max_hp_loss":0.0,"gold_gain":0.0,"event_name":"WeMeetAgain","player_choice":"Gave Potion","floor":20.0,"gold_loss":0.0,"damage_taken":0.0,"relics_obtained":["Question Card"]},{"damage_healed":0.0,"max_hp_gain":0.0,"max_hp_loss":0.0,"gold_gain":0.0,"event_name":"Match and Keep!","player_choice":"2 cards matched","floor":22.0,"gold_loss":0.0,"damage_taken":0.0,"cards_obtained":["Envenom","Neutralize"]},{"damage_healed":0.0,"max_hp_gain":0.0,"max_hp_loss":3.0,"gold_gain":0.0,"event_name":"Winding Halls","player_choice":"Max HP","floor":37.0,"gold_loss":0.0,"damage_taken":0.0},{"damage_healed":0.0,"max_hp_gain":0.0,"max_hp_loss":0.0,"gold_gain":0.0,"event_name":"SensoryStone","player_choice":"Memory 2","floor":38.0,"gold_loss":0.0,"damage_taken":5.0},{"damage_healed":0.0,"max_hp_gain":0.0,"max_hp_loss":0.0,"gold_gain":0.0,"event_name":"MindBloom","player_choice":"Fight","floor":39.0,"gold_loss":0.0,"damage_taken":0.0}],"is_beta":false,"boss_relics":[{"not_picked":["Philosopher\u0027s Stone","SacredBark"],"picked":"Ectoplasm"},{"not_picked":["Astrolabe","Runic Dome"],"picked":"WristBlade"}],"items_purged_floors":[],"is_endless":false,"potions_floor_spawned":[5,6,8,16,21,24,25,30,35,39,40],"killed_by":"Nemesis","ascension_level":14}}