{"host":"dcj2yvrgcvh5dl2s","time":1607980042,"event":{"mods":["BaseMod","Better Note","Block Reminder","Colored Powertips","DeckTracker","Minty Spire (QoL Compilation)","Quick Restart","Rare Cards Sparkle","Relic Stats","StSLib"],"gold_per_floor":[119,69,144,156,37,37,67,97,97,131,151,161,191,201,201,296,296,308,49,65,65,65,98,13,41,117,117,117,128,138,238,238,341,341,359,372,282,16,34,65,65,65,65,0,0,0,34,54,54,54],"floor_reached":51,"playtime":2719,"items_purged":["Strike_R"],"score":1165,"play_id":"a180b2d7-7357-4e97-9751-06ef4b22d344","local_time":"20201215070722","is_ascension_mode":true,"campfire_choices":[{"data":"True Grit","floor":6.0,"key":"SMITH"},{"floor":15.0,"key":"REST"},{"data":"Heavy Blade","floor":27.0,"key":"SMITH"},{"data":"Uppercut","floor":32.0,"key":"SMITH"},{"data":"Intimidate","floor":41.0,"key":"SMITH"},{"data":"Madness","floor":45,"key":"SMITH"},{"data":"Offering","floor":49,"key":"SMITH"}],"circlet_count":0,"master_deck":["Defend_R","Defend_R","Defend_R","Defend_R","Demon Form","True Grit+1","Flex","Panacea","Offering","Flex","Shrug It Off","Inflame","Inflame","Reaper","Thunderclap","Heavy Blade+1","Bandage Up","Uppercut+1","Inflame","Shrug It Off","Bite","Bite","Bite+1","Bite","Bite","Thunderclap+1","Shrug It Off+1","Pommel Strike+1","Offering+1","Sword Boomerang+1","Battle Trance","Master of Strategy","Flex+1","Intimidate+1","Madness+1","Madness","Shrug It Off","Pummel+1"],"relics":["Burning Blood","Peace Pipe","The Courier","PreservedInsect","Thread and Needle","Coffee Dripper","Paper Frog","Question Card","HornCleat","Molten Egg 2","StoneCalendar","Meat on the Bone","Black Star","Vajra","Smiling Mask","Lizard Tail","Regal Pillow","Red Mask","Shuriken","Ice Cream","Unceasing Top"],"acts_visited":["Exordium","TheCity","TheBeyond"],"potions_floor_usage":[50,50,50],"damage_taken":[{"damage":3.0,"enemies":"2 Louse","floor":1.0,"turns":3.0},{"damage":6.0,"enemies":"Cultist","floor":4.0,"turns":3.0},{"damage":41.0,"enemies":"3 Sentries","floor":7.0,"turns":9.0},{"damage":26.0,"enemies":"Gremlin Nob","floor":10.0,"turns":3.0},{"damage":7.0,"enemies":"Small Slimes","floor":11.0,"turns":3.0},{"damage":9.0,"enemies":"3 Louse","floor":12.0,"turns":4.0},{"damage":6.0,"enemies":"Lagavulin","floor":13.0,"turns":6.0},{"damage":0.0,"enemies":"Exordium Wildlife","floor":14.0,"turns":4.0},{"damage":28.0,"enemies":"Hexaghost","floor":16.0,"turns":8.0},{"damage":26.0,"enemies":"Spheric Guardian","floor":18.0,"turns":4.0},{"damage":6.0,"enemies":"Shell Parasite","floor":20.0,"turns":3.0},{"damage":32.0,"enemies":"Slavers","floor":23.0,"turns":7.0},{"damage":58.0,"enemies":"Gremlin Leader","floor":25.0,"turns":6.0},{"damage":26.0,"enemies":"Snake Plant","floor":29.0,"turns":3.0},{"damage":0.0,"enemies":"3 Cultists","floor":30.0,"turns":4.0},{"damage":11.0,"enemies":"Colosseum Slavers","floor":31.0,"turns":4.0},{"damage":6.0,"enemies":"Colosseum Nobs","floor":31.0,"turns":4.0},{"damage":23.0,"enemies":"Champ","floor":33.0,"turns":8.0},{"damage":14.0,"enemies":"Orb Walker","floor":35.0,"turns":2.0},{"damage":17.0,"enemies":"3 Shapes","floor":36.0,"turns":3.0},{"damage":31.0,"enemies":"Spire Growth","floor":39.0,"turns":4.0},{"damage":32.0,"enemies":"Reptomancer","floor":40.0,"turns":5.0},{"damage":35,"enemies":"Nemesis","floor":47,"turns":5},{"damage":17,"enemies":"3 Darklings","floor":48,"turns":5},{"damage":54,"enemies":"Awakened One","floor":50,"turns":9}],"seed_played":"4710977277609888408","potions_obtained":[{"floor":1.0,"key":"GamblersBrew"},{"floor":12.0,"key":"GamblersBrew"},{"floor":13.0,"key":"Ancient Potion"},{"floor":14.0,"key":"Block Potion"},{"floor":18.0,"key":"Ancient Potion"},{"floor":20.0,"key":"PowerPotion"},{"floor":25.0,"key":"FairyPotion"},{"floor":33.0,"key":"Dexterity Potion"},{"floor":35.0,"key":"Regen Potion"},{"floor":36.0,"key":"LiquidBronze"},{"floor":48,"key":"ColorlessPotion"}],"is_trial":false,"path_per_floor":["M","?","?","M","$","R","E","?","T","E","M","M","E","M","R","B",null,"M","$","M","?","$","E","?","E","T","R","?","M","M","?","R","B",null,"M","M","?","$","M","E","R","?","T","?","R","T","E","M","R","B",null],"character_chosen":"IRONCLAD","items_purchased":["Flex","Panacea","Heavy Blade","Bandage Up","Uppercut","Inflame","Vajra","Master of Strategy"],"campfire_rested":1,"item_purchase_floors":[5,5,19,19,19,19,38,38],"current_hp_per_floor":[75,75,67,67,67,67,32,32,32,12,11,8,8,14,38,16,64,44,44,59,56,56,55,55,20,20,20,11,24,50,61,61,61,61,57,48,48,48,39,47,47,39,39,39,39,39,44,60,60,51],"gold":54,"neow_bonus":"THREE_RARE_CARDS","is_daily":false,"chose_seed":false,"campfire_upgraded":6,"win_rate":0.0,"timestamp":1607980042,"path_taken":["M","?","?","?","$","R","E","?","T","E","M","M","E","M","R","BOSS","M","$","M","?","$","E","?","E","T","R","?","?","M","?","R","BOSS","M","M","?","$","?","E","R","?","T","?","R","?","E","M","R","BOSS"],"items_purchased_type":["Card","Card","Card","Card","Card","Card","Relic","Card"],"build_version":"2020-12-13","purchased_purges":1,"victory":true,"max_hp_per_floor":[80,80,80,80,80,80,80,80,80,80,80,80,80,80,80,80,80,80,80,80,56,56,56,56,56,56,56,61,61,61,61,61,61,61,61,61,61,61,61,61,61,61,61,61,61,61,61,61,61,61],"relic_stats":{"Regal Pillow":0,"counters":[25,119],"StoneCalendar":[52],"PreservedInsect":265,"Question Card":11,"Smiling Mask":0,"Burning Blood":138,"Peace Pipe":0,"Lizard Tail":0,"Shuriken":[8],"Black Star":2,"obtain_stats":[{"Ice Cream":47,"Regal Pillow":43,"Vajra":38,"Thread and Needle":13,"StoneCalendar":31,"The Courier":9,"PreservedInsect":10,"Question Card":24,"Smiling Mask":40,"Burning Blood":0,"Peace Pipe":7,"Lizard Tail":40,"HornCleat":25,"Shuriken":46,"Molten Egg 2":26,"Coffee Dripper":17,"Black Star":34,"Red Mask":44,"Unceasing Top":47,"Paper Frog":23,"Meat on the Bone":31},{"Ice Cream":23,"Regal Pillow":22,"Vajra":20,"Thread and Needle":7,"StoneCalendar":17,"The Courier":3,"PreservedInsect":4,"Question Card":12,"Smiling Mask":22,"Burning Blood":0,"Peace Pipe":3,"Lizard Tail":22,"HornCleat":13,"Shuriken":22,"Molten Egg 2":13,"Coffee Dripper":9,"Black Star":18,"Red Mask":22,"Unceasing Top":23,"Paper Frog":12,"Meat on the Bone":17},{"Ice Cream":105,"Regal Pillow":100,"Vajra":91,"Thread and Needle":31,"StoneCalendar":78,"The Courier":15,"PreservedInsect":18,"Question Card":57,"Smiling Mask":100,"Burning Blood":0,"Peace Pipe":15,"Lizard Tail":100,"HornCleat":63,"Shuriken":100,"Molten Egg 2":63,"Coffee Dripper":43,"Black Star":86,"Red Mask":100,"Unceasing Top":105,"Paper Frog":57,"Meat on the Bone":78}],"Unceasing Top":[4],"Meat on the Bone":12},"card_choices":[{"not_picked":["Impervious","Brutality"],"picked":"Demon Form","floor":0.0},{"not_picked":["Warcry","Perfected Strike","True Grit"],"picked":"SKIP","floor":1.0},{"not_picked":["Warcry","Perfected Strike"],"picked":"True Grit","floor":1.0},{"not_picked":["Anger","Headbutt","Perfected Strike"],"picked":"SKIP","floor":4.0},{"not_picked":["Uppercut","Heavy Blade"],"picked":"Offering","floor":7.0},{"not_picked":["Clothesline","Perfected Strike"],"picked":"Flex","floor":10.0},{"not_picked":["Metallicize","Armaments"],"picked":"Shrug It Off","floor":11.0},{"not_picked":["Intimidate","Blood for Blood"],"picked":"Inflame","floor":12.0},{"not_picked":["Headbutt","Twin Strike","Brutality"],"picked":"SKIP","floor":13.0},{"not_picked":["Perfected Strike","Body Slam"],"picked":"Inflame","floor":14.0},{"not_picked":["Corruption","Fiend Fire"],"picked":"Reaper","floor":16.0},{"not_picked":["Iron Wave","Twin Strike"],"picked":"Thunderclap","floor":18.0},{"not_picked":["True Grit+1","Clash"],"picked":"Shrug It Off","floor":20.0},{"not_picked":["Rage","True Grit"],"picked":"Thunderclap+1","floor":23.0},{"not_picked":["Fire Breathing","Searing Blow+1","Feel No Pain"],"picked":"Shrug It Off+1","floor":25.0},{"not_picked":["Pommel Strike+1","Spot Weakness","Headbutt+1","Armaments"],"picked":"SKIP","floor":29.0},{"not_picked":["Spot Weakness","Headbutt+1","Armaments"],"picked":"Pommel Strike+1","floor":29.0},{"not_picked":["Ghostly Armor","Armaments","Clothesline+1","Spot Weakness"],"picked":"SKIP","floor":30.0},{"not_picked":["Limit Break","Brutality","Corruption"],"picked":"Offering","floor":33.0},{"not_picked":["Power Through+1","Pommel Strike+1","Wild Strike+1"],"picked":"Sword Boomerang+1","floor":35.0},{"not_picked":["Reckless Charge+1","Ghostly Armor","Entrench"],"picked":"Battle Trance","floor":36.0},{"not_picked":["Iron Wave+1","Pommel Strike+1","Spot Weakness+1"],"picked":"Flex+1","floor":39.0},{"not_picked":["Barricade","Rupture","Anger+1"],"picked":"Intimidate","floor":40.0},{"not_picked":["Warcry","Perfected Strike+1","Cleave+1"],"picked":"Shrug It Off","floor":47},{"not_picked":["Cleave+1","Pommel Strike+1","Wild Strike+1"],"picked":"Pummel+1","floor":48}],"player_experience":1959368,"relics_obtained":[{"floor":7.0,"key":"Peace Pipe"},{"floor":9.0,"key":"The Courier"},{"floor":10.0,"key":"PreservedInsect"},{"floor":13.0,"key":"Thread and Needle"},{"floor":23.0,"key":"Paper Frog"},{"floor":25.0,"key":"HornCleat"},{"floor":26.0,"key":"Molten Egg 2"},{"floor":31.0,"key":"StoneCalendar"},{"floor":31.0,"key":"Meat on the Bone"},{"floor":40.0,"key":"Smiling Mask"},{"floor":40.0,"key":"Lizard Tail"},{"floor":43,"key":"Regal Pillow"},{"floor":46,"key":"Shuriken"},{"floor":47,"key":"Ice Cream"},{"floor":47,"key":"Unceasing Top"}],"event_choices":[{"cards_removed":["Clumsy"],"damage_healed":0.0,"max_hp_gain":0.0,"max_hp_loss":0.0,"gold_gain":0.0,"event_name":"The Cleric","player_choice":"Card Removal","floor":2.0,"gold_loss":50.0,"damage_taken":0.0},{"damage_healed":0.0,"max_hp_gain":0.0,"max_hp_loss":0.0,"gold_gain":75.0,"event_name":"FaceTrader","player_choice":"Touch","floor":3.0,"gold_loss":0.0,"damage_taken":8.0},{"damage_healed":0.0,"max_hp_gain":0.0,"max_hp_loss":0.0,"gold_gain":30.0,"event_name":"Dead Adventurer","player_choice":"Searched \u00271\u0027 times","floor":8.0,"gold_loss":0.0,"damage_taken":0.0},{"damage_healed":0.0,"max_hp_gain":0.0,"max_hp_loss":24.0,"gold_gain":0.0,"event_name":"Vampires","player_choice":"Became a vampire","floor":21.0,"gold_loss":0.0,"damage_taken":0.0,"cards_obtained":["Bite","Bite","Bite","Bite","Bite"]},{"damage_healed":0.0,"max_hp_gain":0.0,"max_hp_loss":0.0,"gold_gain":0.0,"event_name":"Addict","player_choice":"Obtained Relic","floor":24.0,"gold_loss":85.0,"damage_taken":0.0,"relics_obtained":["Question Card"]},{"damage_healed":0.0,"max_hp_gain":5.0,"max_hp_loss":0.0,"gold_gain":0.0,"event_name":"Forgotten Altar","player_choice":"Shed Blood","floor":28.0,"gold_loss":0.0,"damage_taken":14.0},{"damage_healed":0.0,"max_hp_gain":0.0,"max_hp_loss":0.0,"gold_gain":0.0,"event_name":"Colosseum","player_choice":"Fight","floor":31.0,"gold_loss":0.0,"damage_taken":0.0},{"damage_healed":0.0,"max_hp_gain":0.0,"max_hp_loss":0.0,"gold_gain":0.0,"event_name":"Colosseum","player_choice":"Fought Nobs","floor":31.0,"gold_loss":0.0,"damage_taken":0.0},{"cards_removed":["Bash"],"damage_healed":0.0,"max_hp_gain":0.0,"max_hp_loss":0.0,"gold_gain":0.0,"event_name":"Designer","player_choice":"Upgrade and Remove","floor":37.0,"gold_loss":90.0,"damage_taken":0.0,"cards_upgraded":["Bite"]},{"damage_healed":0,"gold_gain":0,"player_choice":"Embrace Madness","damage_taken":8,"max_hp_gain":0,"max_hp_loss":0,"event_name":"Winding Halls","floor":42,"gold_loss":0,"cards_obtained":["Madness","Madness"]},{"damage_healed":0,"gold_gain":0,"player_choice":"Paid","damage_taken":0,"relics_obtained":["Red Mask"],"max_hp_gain":0,"max_hp_loss":0,"event_name":"Tomb of Lord Red Mask","floor":44,"gold_loss":65}],"is_beta":false,"boss_relics":[{"not_picked":["Astrolabe","Empty Cage"],"picked":"Coffee Dripper"},{"not_picked":["Philosopher\u0027s Stone","Mark of Pain"],"picked":"Black Star"}],"items_purged_floors":[19],"is_endless":false,"potions_floor_spawned":[1,12,13,14,18,20,23,25,33,35,36,47,48],"ascension_level":8}}