{"host":"126yiuos2nq86se7","time":1607910256,"event":{"mods":["AchievementEnabler","Act Like it!","BaseMod","Colored Map","Colored Powertips","Friendly Minions","Highlight Path","Minty Spire (QoL Compilation)","StSLib","SuperFastMode","The Hierophant"],"gold_per_floor":[12,12,26,44,44,44,44,58,58,58,82,82,102,27,27,150,150,171,194,0,0,25,25,39,62,62,62,62,76,0,21,21,21,21],"floor_reached":33,"playtime":820,"items_purged":["Strike_G"],"score":241,"play_id":"cd7c4b53-05c8-4eb3-981d-2043b2762f46","local_time":"20201214124416","is_ascension_mode":false,"campfire_choices":[{"data":"Apotheosis","floor":6,"key":"SMITH"},{"floor":10,"key":"REST"},{"floor":12,"key":"REST"},{"data":"Survivor","floor":15,"key":"SMITH"},{"data":"Footwork","floor":23,"key":"SMITH"},{"data":"Caltrops","floor":28,"key":"SMITH"},{"floor":32,"key":"REST"}],"circlet_count":0,"master_deck":["Strike_G","Strike_G","Strike_G","Defend_G","Defend_G","Defend_G","Defend_G","Defend_G","Survivor+1","Neutralize","Apotheosis+1","Eviscerate","Dagger Throw","All Out Attack","All Out Attack","Footwork+1","Caltrops+1","Noxious Fumes","Blur","Infinite Blades","Prepared"],"relics":["Ring of the Snake","Golden Idol","Blue Candle","Sozu","Darkstone Periapt"],"acts_visited":["Exordium","TheCity"],"potions_floor_usage":[16,16,16],"damage_taken":[{"damage":7,"enemies":"Small Slimes","floor":1,"turns":4},{"damage":6,"enemies":"Cultist","floor":3,"turns":4},{"damage":0,"enemies":"Jaw Worm","floor":4,"turns":5},{"damage":9,"enemies":"2 Fungi Beasts","floor":8,"turns":4},{"damage":5,"enemies":"Red Slaver","floor":11,"turns":4},{"damage":2,"enemies":"Exordium Thugs","floor":13,"turns":5},{"damage":4,"enemies":"Slime Boss","floor":16,"turns":8},{"damage":1,"enemies":"Shell Parasite","floor":18,"turns":6},{"damage":0,"enemies":"3 Byrds","floor":19,"turns":5},{"damage":20,"enemies":"Centurion and Healer","floor":22,"turns":6},{"damage":2,"enemies":"Snecko","floor":24,"turns":5},{"damage":7,"enemies":"Shelled Parasite and Fungi","floor":25,"turns":6},{"damage":21,"enemies":"Snake Plant","floor":29,"turns":5},{"damage":17,"enemies":"3 Cultists","floor":31,"turns":5},{"damage":24,"enemies":"Automaton","floor":33,"turns":12}],"seed_played":"-7224807934943619539","potions_obtained":[{"floor":1,"key":"AttackPotion"},{"floor":2,"key":"Strength Potion"},{"floor":2,"key":"Fire Potion"},{"floor":2,"key":"Ancient Potion"},{"floor":13,"key":"BlessingOfTheForge"}],"is_trial":false,"path_per_floor":["M","?","M","M","?","R","?","M","T","R","M","R","M","$","R","B",null,"M","M","?","?","M","R","M","M","T","?","R","M","$","M","R","B"],"character_chosen":"THE_SILENT","items_purchased":["Infinite Blades"],"campfire_rested":3,"item_purchase_floors":[30],"current_hp_per_floor":[63,63,57,57,40,40,40,31,31,52,47,68,66,66,66,62,70,69,69,69,69,49,49,47,40,40,40,40,19,19,2,23,0,0],"gold":21,"neow_bonus":"RANDOM_COLORLESS_2","is_daily":false,"chose_seed":false,"campfire_upgraded":4,"win_rate":0.0,"timestamp":1607910256,"path_taken":["M","?","?","M","?","R","?","M","T","R","?","R","M","$","R","BOSS","M","M","?","?","M","R","M","M","T","?","R","M","$","M","R","BOSS"],"items_purchased_type":["Card"],"build_version":"2020-12-13","purchased_purges":1,"victory":false,"max_hp_per_floor":[70,70,70,70,70,70,70,70,70,70,70,70,70,70,70,70,70,70,70,70,70,70,70,70,70,70,70,70,70,70,70,70,70,70],"card_choices":[{"not_picked":["Master of Strategy","Thinking Ahead"],"picked":"Apotheosis","floor":0},{"not_picked":["Dodge and Roll","Reflex"],"picked":"Eviscerate","floor":1},{"not_picked":["Bane","Distraction","Outmaneuver"],"picked":"SKIP","floor":3},{"not_picked":["Die Die Die","Deflect"],"picked":"Dagger Throw","floor":4},{"not_picked":["Escape Plan","Masterful Stab"],"picked":"All Out Attack","floor":8},{"not_picked":["Escape Plan","Bane"],"picked":"All Out Attack","floor":11},{"not_picked":["Heel Hook","Dagger Spray","Dagger Throw"],"picked":"SKIP","floor":13},{"not_picked":["Setup","Catalyst+1","Outmaneuver+1"],"picked":"SKIP","floor":18},{"not_picked":["Backstab+1","Quick Slash","Bane"],"picked":"SKIP","floor":19},{"not_picked":["Deadly Poison","Setup","Choke"],"picked":"SKIP","floor":22},{"not_picked":["Bane","Riddle With Holes"],"picked":"Caltrops","floor":24},{"not_picked":["Setup","Night Terror"],"picked":"Noxious Fumes","floor":25},{"not_picked":["Flying Knee","Cloak And Dagger"],"picked":"Blur","floor":29},{"not_picked":["Expertise","Dodge and Roll"],"picked":"Prepared","floor":31}],"player_experience":1426260,"relics_obtained":[{"floor":9,"key":"Blue Candle"},{"floor":26,"key":"Darkstone Periapt"}],"event_choices":[{"damage_healed":0,"gold_gain":0,"player_choice":"Got Potions","damage_taken":0,"max_hp_gain":0,"max_hp_loss":0,"event_name":"Lab","floor":2,"gold_loss":0},{"damage_healed":0,"gold_gain":0,"player_choice":"Take Damage","damage_taken":17,"relics_obtained":["Golden Idol"],"max_hp_gain":0,"max_hp_loss":0,"event_name":"Golden Idol","floor":5,"gold_loss":0},{"cards_removed":["Strike_G"],"damage_healed":0,"gold_gain":0,"player_choice":"Offered Basic","damage_taken":0,"max_hp_gain":0,"max_hp_loss":0,"event_name":"Bonfire Elementals","floor":7,"gold_loss":0},{"damage_healed":0,"gold_gain":0,"player_choice":"Paid Fearfully","damage_taken":0,"max_hp_gain":0,"max_hp_loss":0,"event_name":"Masked Bandits","floor":20,"gold_loss":194},{"damage_healed":0,"gold_gain":0,"player_choice":"Read","damage_taken":0,"max_hp_gain":0,"max_hp_loss":0,"event_name":"The Library","floor":21,"gold_loss":0,"cards_obtained":["Footwork"]},{"damage_healed":0,"gold_gain":0,"player_choice":"Ignored","damage_taken":0,"max_hp_gain":0,"max_hp_loss":0,"event_name":"Vampires","floor":27,"gold_loss":0}],"is_beta":false,"boss_relics":[{"not_picked":["Cursed Key","Empty Cage"],"picked":"Sozu"}],"items_purged_floors":[14],"is_endless":false,"potions_floor_spawned":[1,4,13,18,19,25],"killed_by":"Automaton","ascension_level":0}}