{"host":"4t0jwv2xqla89y5e","time":1607947347,"event":{"mods":["AchievementEnabler","Act Like it!","Aspiration","BaseMod","Better Skull","BetterRewards","Colored Map","Colored Powertips","Downfall","Friendly Minions","Hallownest","Hermit","Highlight Path","Hubris","Infinite Spire","Minty Spire (QoL Compilation)","Quick Restart","Rare Cards Sparkle","Relic Stats","Replay The Spire","Shop Mod","Spicy Shops","StSLib","The Construct","The Disciple","The Hierophant","The Runesmith"],"gold_per_floor":[114,129,144,69,69,99,99,99,124,154,154,169,184,199,199,299,299,314,274,304,304,81,81,111,126,151,181,196,211,211,226,226,326,326,341,341,371,371,386,416,446,461,486,501,501,516,531,561,561,561],"floor_reached":51,"playtime":4706,"items_purged":["hubris:SpiceAddiction"],"score":1114,"play_id":"4035f721-00f3-423f-b024-4c8beca09b69","local_time":"20201214130227","daily_mods":["Shiny","Hoarder","DeadlyEvents"],"is_ascension_mode":false,"campfire_choices":[{"data":"Creative AI","floor":7.0,"key":"SMITH"},{"floor":23.0,"key":"REST"},{"data":"Amplify","floor":30.0,"key":"SMITH"},{"data":"Storm","floor":32.0,"key":"SMITH"},{"data":"Buffer","floor":49,"key":"SMITH"}],"circlet_count":1,"master_deck":["Hyperbeam","Machine Learning","Buffer+1","All For One","Core Surge","Multi-Cast","Thunder Strike","hubris:DoWhile","Electrodynamics","ReplayTheSpireMod:Omega Cannon","Rainbow","hubris:Prefetch","hubris:SpecializedCircuitry","Mirror Shield","Seek","Echo Form","Reboot","Fission+1","Biased Cognition","ReplayRNGCard","Meteor Strike","Amplify+1","Creative AI+1","FIFO Queue","FIFO Queue","FIFO Queue","Defragment","Defragment+1","Defragment","infinitespire:Execution","infinitespire:Execution","infinitespire:Execution","Zap","Zap","Zap","Storm+1","Storm","Storm","Mirror Shield","Mirror Shield","Mirror Shield+1","Leap+1","Leap","Leap","Buffer","Buffer","Buffer+1","Cold Snap","Cold Snap","Cold Snap","Self Repair","Self Repair","Self Repair","Aggregate","Aggregate","Aggregate","Time Bomb","Time Bomb","Time Bomb","Cold Snap+1","Cold Snap+1","Cold Snap+1","White Noise+1","White Noise+1","White Noise+1","Replay:SS_hec_2","Replay:SS_hec_2","Replay:SS_hec_2","BasicCrystalCard+1","BasicCrystalCard+1","BasicCrystalCard+1","Crystallizer+1","Crystallizer+1","Crystallizer+1","Double Energy","Double Energy","Double Energy","Amplify+1","Amplify+1","Amplify+1","infinitespire:Punishment","infinitespire:Punishment","infinitespire:Punishment","infinitespire:NeuralNetwork","infinitespire:NeuralNetwork","infinitespire:NeuralNetwork","ReplayTheSpireMod:GoodbyeWorld+1","ReplayTheSpireMod:GoodbyeWorld+1","ReplayTheSpireMod:GoodbyeWorld+1"],"relics":["Cracked Core","hubris:ToyBattleship","ReplayTheSpireMod:TigerMarble","Geode","hubris:Spice","DataDisk","SlaversCollar","infinitespire:SolderingIron","Enchiridion","Guide Book","Runesmith:AutoHammer","Circlet","Replay:Bronze Core","hubris:MysteriousPyramids","infinitespire:Joker Card","Vajra","DollysMirror","Prayer Wheel"],"acts_visited":["Exordium","TheCity","TheBeyond"],"potions_floor_usage":[50,50,50],"damage_taken":[{"damage":6.0,"enemies":"Cultist","floor":1.0,"turns":4.0},{"damage":3.0,"enemies":"Small Slimes","floor":2.0,"turns":2.0},{"damage":0.0,"enemies":"2 Louse","floor":3.0,"turns":1.0},{"damage":2.0,"enemies":"Gremlin Nob","floor":6.0,"turns":5.0},{"damage":36.0,"enemies":"Lagavulin","floor":10.0,"turns":4.0},{"damage":0.0,"enemies":"Gremlin Gang","floor":12.0,"turns":1.0},{"damage":0.0,"enemies":"2 Fungi Beasts","floor":13.0,"turns":1.0},{"damage":3.0,"enemies":"Blue Slaver","floor":14.0,"turns":3.0},{"damage":0.0,"enemies":"The Guardian","floor":16.0,"turns":5.0},{"damage":27.0,"enemies":"Shell Parasite","floor":18.0,"turns":5.0},{"damage":3.0,"enemies":"Replay:Snechameleon","floor":20.0,"turns":4.0},{"damage":10.0,"enemies":"Slavers","floor":24.0,"turns":4.0},{"damage":10.0,"enemies":"Spheric Guardian","floor":25.0,"turns":3.0},{"damage":12.0,"enemies":"Book of Stabbing","floor":27.0,"turns":5.0},{"damage":0.0,"enemies":"Shelled Parasite and Fungi","floor":28.0,"turns":3.0},{"damage":15.0,"enemies":"Snecko","floor":29.0,"turns":5.0},{"damage":6.0,"enemies":"3 Cultists","floor":31.0,"turns":4.0},{"damage":31.0,"enemies":"Collector","floor":33.0,"turns":6.0},{"damage":0.0,"enemies":"3 Darklings","floor":35.0,"turns":4.0},{"damage":8.0,"enemies":"Nemesis","floor":37.0,"turns":5.0},{"damage":11.0,"enemies":"Orb Walker","floor":39.0,"turns":1.0},{"damage":0.0,"enemies":"Reptomancer","floor":40.0,"turns":2.0},{"damage":0.0,"enemies":"Giant Head","floor":41.0,"turns":4.0},{"damage":0,"enemies":"Jaw Worm Horde","floor":42,"turns":1},{"damage":4,"enemies":"3 Darklings","floor":44,"turns":3},{"damage":0,"enemies":"Transient","floor":46,"turns":5},{"damage":16,"enemies":"Spire Growth","floor":47,"turns":1},{"damage":0,"enemies":"Reptomancer","floor":48,"turns":3},{"damage":33,"enemies":"Awakened One","floor":50,"turns":4}],"seed_played":"1880613833527945180","potions_obtained":[{"floor":2.0,"key":"Explosive Potion"},{"floor":3.0,"key":"Fire Potion"},{"floor":6.0,"key":"Swift Potion"},{"floor":12.0,"key":"Adrenaline Potion"},{"floor":16.0,"key":"PowerPotion"},{"floor":27.0,"key":"LiquidMemories"},{"floor":28.0,"key":"Strength Potion"},{"floor":31.0,"key":"FearPotion"},{"floor":33.0,"key":"sneckomod:MuddlingPotion"},{"floor":36.0,"key":"GamblersBrew"},{"floor":36.0,"key":"Guardian:BlockOnCardUsePotion"},{"floor":36.0,"key":"CultistPotion"},{"floor":41,"key":"Ancient Potion"}],"is_trial":false,"path_per_floor":["M","M","M","$","?","E","R","?","T","E","T","M","M","M","R_BF","B",null,"M","?","E","?","$","R","E","M","T","E","M","M","R","M","R","B",null,"M","?","E","?","M","E","E","M","T","M","AVR","M","M","E","R","B",null],"character_chosen":"DEFECT","items_purchased":["hubris:ToyBattleship","Guide Book","Self Repair"],"campfire_rested":1,"item_purchase_floors":[4,22,22],"current_hp_per_floor":[69,66,66,66,48,46,46,46,46,18,18,18,18,15,39,39,83,56,56,53,37,37,61,72,69,69,79,91,91,91,91,91,91,91,91,91,83,83,72,75,75,67,59,55,55,59,43,43,43,10],"gold":561,"neow_bonus":"","is_daily":true,"chose_seed":false,"campfire_upgraded":4,"win_rate":0.0,"timestamp":1607947347,"path_taken":["M","M","M","?","?","E","R","?","T","?","?","M","?","M","R_BF","BOSS","M","?","?","?","$","R","E","?","T","?","M","M","R","M","R","BOSS","M","?","?","?","?","E","?","M","T","M","AVR","M","?","?","R","BOSS"],"items_purchased_type":["Relic","Relic","Card"],"build_version":"2020-12-13","purchased_purges":1,"victory":true,"max_hp_per_floor":[75,75,75,75,75,75,75,75,75,83,83,83,83,83,83,83,83,83,83,83,83,83,83,83,83,83,91,91,91,91,91,91,91,91,91,91,83,83,75,75,75,67,59,59,59,59,59,51,51,51],"relic_stats":{"counters":[29,98],"Prayer Wheel":0,"obtain_stats":[{"Guide Book":22,"Dead Branch":24,"Enchiridion":21,"Circlet":0,"Vajra":41,"infinitespire:Joker Card":40,"Geode":9,"hubris:MysteriousPyramids":37,"SlaversCollar":17,"BranchBurnRelic":30,"DataDisk":11,"infinitespire:SolderingIron":20,"hubris:Spice":10,"DollysMirror":45,"Replay:Bronze Core":34,"Prayer Wheel":50,"hubris:ToyBattleship":4,"ReplayTheSpireMod:TigerMarble":6,"Runesmith:AutoHammer":26,"Cracked Core":0},{"Guide Book":11,"Dead Branch":12,"Enchiridion":11,"Circlet":0,"Vajra":23,"infinitespire:Joker Card":22,"Geode":4,"hubris:MysteriousPyramids":20,"SlaversCollar":9,"BranchBurnRelic":16,"DataDisk":5,"infinitespire:SolderingIron":11,"hubris:Spice":5,"DollysMirror":25,"Replay:Bronze Core":18,"Prayer Wheel":29,"hubris:ToyBattleship":3,"ReplayTheSpireMod:TigerMarble":4,"Runesmith:AutoHammer":13,"Cracked Core":0},{"Guide Book":35,"Dead Branch":39,"Enchiridion":35,"Circlet":0,"Vajra":81,"infinitespire:Joker Card":77,"Geode":12,"hubris:MysteriousPyramids":74,"SlaversCollar":26,"BranchBurnRelic":55,"DataDisk":16,"infinitespire:SolderingIron":35,"hubris:Spice":16,"DollysMirror":85,"Replay:Bronze Core":65,"Prayer Wheel":96,"hubris:ToyBattleship":7,"ReplayTheSpireMod:TigerMarble":12,"Runesmith:AutoHammer":42,"Cracked Core":0}]},"card_choices":[{"not_picked":["Stack","Conserve Battery"],"picked":"FIFO Queue","floor":1.0},{"not_picked":["Gash","Barrage","BasicCrystalCard"],"picked":"SKIP","floor":2.0},{"not_picked":["Leap","Chill"],"picked":"Defragment","floor":3.0},{"not_picked":["ReplayTheSpireMod:??????????????????????","ReplayTheSpireMod:Chaos Vortex"],"picked":"infinitespire:Execution","floor":5.0},{"not_picked":["Panic Button","Glacier","Gash"],"picked":"SKIP","floor":6.0},{"not_picked":["ReplaySolidLightProjector","Barrage"],"picked":"Mirror Shield","floor":10.0},{"not_picked":["Steam Power","Blizzard"],"picked":"Leap","floor":12.0},{"not_picked":["hubris:Ukulele","Hologram","Scrape"],"picked":"SKIP","floor":13.0},{"not_picked":["ReplayTheSpireMod:Calculation Training","Fission","hubris:Ukulele"],"picked":"SKIP","floor":14.0},{"not_picked":["Thunder Strike","ReplayTheSpireMod:Omega Cannon"],"picked":"Buffer","floor":16.0},{"not_picked":["Gash+1","Go for the Eyes"],"picked":"Cold Snap","floor":18.0},{"not_picked":["ReplayTheSpireMod:Reroute Power","Cold Snap","Lockon"],"picked":"SKIP","floor":20.0},{"not_picked":["ReplaySort+1","Cold Snap","Consume"],"picked":"SKIP","floor":24.0},{"not_picked":["Streamline","Sweeping Beam"],"picked":"Aggregate","floor":25.0},{"not_picked":["Stack","Biased Cognition","Blizzard"],"picked":"SKIP","floor":27.0},{"not_picked":["Redo","Hologram","Steam"],"picked":"SKIP","floor":28.0},{"not_picked":["Sweeping Beam","Chill"],"picked":"Time Bomb","floor":29.0},{"not_picked":["Sweeping Beam","Echo Form"],"picked":"Cold Snap+1","floor":31.0},{"not_picked":["Lockon+1","Sunder"],"picked":"White Noise+1","floor":35.0},{"not_picked":["Ball Lightning+1","Auto Shields+1"],"picked":"hubris:SpiceAddiction","floor":37.0},{"not_picked":["expansioncontent:Torchfire","expansioncontent:DashGenerateEvil"],"picked":"Replay:SS_hec_2","floor":38.0},{"not_picked":["Go for the Eyes+1","BasicCrystalCard+1"],"picked":"hubris:SpiceAddiction","floor":39.0},{"not_picked":["Rip and Tear","hubris:SpiceAddiction"],"picked":"BasicCrystalCard+1","floor":40.0},{"not_picked":["Blizzard","Rebound"],"picked":"Crystallizer+1","floor":41},{"not_picked":["Compile Driver","Doom and Gloom+1"],"picked":"hubris:SpiceAddiction","floor":42},{"not_picked":["Rebound+1","hubris:SpiceAddiction"],"picked":"Double Energy","floor":44},{"not_picked":["Compile Driver+1","Creative AI","Barrage+1"],"picked":"SKIP","floor":46},{"not_picked":["hubris:SpiceAddiction","Self Repair","Go for the Eyes+1"],"picked":"SKIP","floor":47},{"not_picked":["Gash+1","Rebound+1"],"picked":"ReplayTheSpireMod:GoodbyeWorld+1","floor":48}],"player_experience":238849,"relics_obtained":[{"floor":6.0,"key":"ReplayTheSpireMod:TigerMarble"},{"floor":9.0,"key":"Geode"},{"floor":10.0,"key":"hubris:Spice"},{"floor":11.0,"key":"DataDisk"},{"floor":20.0,"key":"infinitespire:SolderingIron"},{"floor":21.0,"key":"Enchiridion"},{"floor":24.0,"key":"Dead Branch"},{"floor":26.0,"key":"Runesmith:AutoHammer"},{"floor":27.0,"key":"hubris:Spice"},{"floor":37.0,"key":"hubris:MysteriousPyramids"},{"floor":40.0,"key":"infinitespire:Joker Card"},{"floor":41,"key":"Vajra"},{"floor":43,"key":"hubris:Spice"},{"floor":48,"key":"hubris:Spice"}],"event_choices":[{"damage_healed":0.0,"max_hp_gain":0.0,"max_hp_loss":0.0,"gold_gain":0.0,"event_name":"Match and Keep!","player_choice":"2 cards matched","floor":8.0,"gold_loss":0.0,"damage_taken":0.0,"cards_obtained":["Zap","Storm"]},{"damage_healed":0.0,"max_hp_gain":0.0,"max_hp_loss":0.0,"gold_gain":0.0,"event_name":"Designer","player_choice":"Upgraded Two","floor":19.0,"gold_loss":40.0,"damage_taken":0.0,"cards_upgraded":["Leap","Buffer"]},{"damage_healed":0.0,"max_hp_gain":0.0,"max_hp_loss":0.0,"gold_gain":0.0,"event_name":"Cursed Tome","player_choice":"Obtained Book","floor":21.0,"gold_loss":0.0,"damage_taken":16.0},{"damage_healed":0.0,"max_hp_gain":0.0,"max_hp_loss":0.0,"gold_gain":0.0,"event_name":"Lab","player_choice":"Got Potions","floor":36.0,"gold_loss":0.0,"damage_taken":0.0},{"damage_healed":0.0,"max_hp_gain":0.0,"max_hp_loss":0.0,"gold_gain":0.0,"event_name":"SensoryStone","player_choice":"Memory 1","floor":38.0,"gold_loss":0.0,"damage_taken":0.0}],"is_beta":false,"boss_relics":[{"not_picked":["Replay:Drink Me","Snecko Eye"],"picked":"SlaversCollar"},{"not_picked":["Empty Cage","hubris:Spice"],"picked":"Replay:Bronze Core"}],"items_purged_floors":[45],"is_endless":false,"potions_floor_spawned":[2,3,6,12,16,27,28,31,33,41,42,44],"ascension_level":0}}