{"host":"a0bi5e935fpwrwib","time":1607971640,"event":{"mods":["AchievementEnabler","BaseMod","BetterRewards","Colored Powertips","Hubris","Minty Spire (QoL Compilation)","Rare Cards Sparkle","Relic Stats","Replay The Spire","Spicy Shops","StSLib"],"gold_per_floor":[116,66,83,83,94,128,128,192,192,192,220,270,270,300,300,495,495,506,31,81,97,147,229,229,328,352,362,362],"floor_reached":27,"playtime":1538,"items_purged":["Clash+1"],"score":290,"play_id":"f2e917df-f5a7-4c72-81bd-6069c6013065","local_time":"20201214124720","is_ascension_mode":true,"campfire_choices":[{"data":"Offering","floor":10,"key":"SMITH"},{"floor":13,"key":"REST"},{"data":"ReplayTheSpireMod:Limb From Limb","floor":15,"key":"SMITH"},{"data":"Whirlwind","floor":24,"key":"SMITH"}],"circlet_count":0,"master_deck":["Strike_R","Strike_R","Strike_R","Defend_R","Defend_R","Defend_R","Bash+1","Panacea","Twin Strike","ReplayTheSpireMod:Stacked","Thunderclap","Offering+1","Armaments","Barricade","Hemokinesis+1","Havoc+1","Whirlwind+1","Inflame","Body Slam","Shrug It Off"],"relics":["Burning Blood","ReplayTheSpireMod:Ninjato","SsserpentHead","Pear","King of Hearts","hubris:Icosahedron","HornCleat","Astrolabe","hubris:ChampionShield","BargainBundle","Tiny Chest","hubris:BottledHeart","Red Mask","Replay:Bandana","Akabeko"],"acts_visited":["Exordium","TheCity"],"potions_floor_usage":[6,11,21,21,23,27],"damage_taken":[{"damage":8,"enemies":"2 Louse","floor":1,"turns":3},{"damage":8,"enemies":"Jaw Worm","floor":3,"turns":4},{"damage":20,"enemies":"Small Slimes","floor":5,"turns":4},{"damage":23,"enemies":"Gremlin Nob","floor":6,"turns":4},{"damage":0,"enemies":"2 Fungi Beasts","floor":8,"turns":4},{"damage":26,"enemies":"3 Sentries","floor":11,"turns":7},{"damage":6,"enemies":"Gremlin Nob","floor":14,"turns":2},{"damage":38,"enemies":"Slime Boss","floor":16,"turns":12},{"damage":8,"enemies":"Shell Parasite","floor":18,"turns":3},{"damage":0,"enemies":"2 Thieves","floor":21,"turns":4},{"damage":0,"enemies":"Masked Bandits","floor":23,"turns":1},{"damage":27,"enemies":"Book of Stabbing","floor":27,"turns":3}],"seed_played":"-4417697797062828424","potions_obtained":[{"floor":3,"key":"LiquidBronze"},{"floor":5,"key":"LiquidMemories"},{"floor":8,"key":"Explosive Potion"},{"floor":11,"key":"PowerPotion"},{"floor":23,"key":"Death Potion"}],"is_trial":false,"path_per_floor":["M","?","M","?","M","E","?","M","T","R","E","?","R","E","R","B",null,"M","$","?","M","?","?","R","T","T","E"],"character_chosen":"IRONCLAD","items_purchased":["hubris:ChampionShield","BargainBundle","Whirlwind","DuplicationPotion","Energy Potion","Tiny Chest","Inflame"],"campfire_rested":1,"item_purchase_floors":[19,19,19,19,19,19,19],"current_hp_per_floor":[78,78,76,76,62,45,45,51,61,61,41,41,68,68,68,36,90,88,88,1,1,1,1,1,1,1,0,0],"gold":362,"neow_bonus":"RANDOM_COLORLESS","is_daily":false,"chose_seed":false,"campfire_upgraded":3,"win_rate":0.0,"timestamp":1607971640,"path_taken":["M","?","M","?","M","E","?","?","T","R","E","?","R","E","R","BOSS","M","$","?","M","?","?","R","?","T","E"],"items_purchased_type":["Relic","Relic","Card","Potion","Potion","Relic","Card"],"build_version":"2020-12-13","purchased_purges":1,"victory":false,"max_hp_per_floor":[80,80,80,80,80,80,80,80,90,90,90,90,90,90,90,90,90,90,90,1,1,1,1,1,1,1,1,1],"relic_stats":{"SsserpentHead":300,"counters":[93,339],"Astrolabe":["Hemokinesis","Havoc","Clash"],"Tiny Chest":2,"obtain_stats":[{"Ice Cream":23,"Golden Egg":20,"hubris:CrystalStatue":0,"Tiny House":17,"Gremlin Horn":22,"Nilry\u0027s Codex":21,"CeramicFish":42,"Ginger":42,"Sling":0,"HornCleat":14,"VioletLotus":34,"Replay:Wax Seal":0,"Pear":9,"Happy Flower":9,"Blue Candle":24,"Astrolabe":17,"hubris:FruitBowl":22,"Eternal Feather":31,"Pen Nib":9,"Akabeko":26,"hubris:Zylophone":0,"ReplayTheSpireMod:Spearhead":0,"hubris:BottledHeart":20,"Bronze Scales":43,"Molten Egg 2":19,"Simple Rune":0,"hubris:PeanutButter":9,"Onion Ring":9,"Black Star":17,"ReplayFunnel":17,"Lantern":43,"Torii":0,"Enchiridion":24,"StoneCalendar":20,"King of Hearts":11,"Replay:Multitool":0,"Juzu Bracelet":0,"Incense Burner":0,"Ancient Tea Set":6,"Burning Blood":0,"hubris:BlackHole":34,"SsserpentHead":7,"Nunchaku":29,"Replay:Bandana":25,"Shovel":46,"hubris:Icosahedron":4,"hubris:Backtick":17,"Matryoshka":26,"Chameleon Ring":11,"Mummified Hand":22,"Tiny Chest":7,"Red Mask":19,"hubris:ChampionShield":19,"Potion Belt":31,"hubris:DisguiseKit":6,"BargainBundle":0,"Lee\u0027s Waffle":0,"Replay:M_StaffOfTheSnake":3,"ReplayTheSpireMod:Ninjato":39,"Guide Book":20,"Quantum Egg":6,"Thread and Needle":43,"PreservedInsect":36,"MawBank":22,"Pondfish Scales":0,"CaptainsWheel":11,"Ring of Misfortune":36,"hubris:GrandSneckoEye":17,"Garlic":28,"Art of War":40,"Membership Card":0,"Champion Belt":0,"PureWater":0,"ReplayTheSpireMod:Ring of Challenge":36,"TungstenRod":19,"hubris:OldNail":0},{"Ice Cream":80,"Golden Egg":13,"hubris:CrystalStatue":1,"Tiny House":12,"Gremlin Horn":27,"Nilry\u0027s Codex":79,"CeramicFish":39,"Ginger":65,"Sling":43,"HornCleat":88,"VioletLotus":61,"Replay:Wax Seal":1,"Pear":86,"Happy Flower":73,"Blue Candle":28,"Astrolabe":89,"hubris:FruitBowl":27,"Eternal Feather":33,"Pen Nib":7,"Akabeko":92,"hubris:Zylophone":1,"ReplayTheSpireMod:Spearhead":69,"hubris:BottledHeart":90,"Bronze Scales":65,"Molten Egg 2":13,"Simple Rune":16,"hubris:PeanutButter":20,"Onion Ring":47,"Black Star":78,"ReplayFunnel":52,"Lantern":65,"Torii":1,"Enchiridion":56,"StoneCalendar":79,"King of Hearts":87,"Replay:Multitool":1,"Juzu Bracelet":1,"Incense Burner":16,"Ancient Tea Set":19,"Burning Blood":0,"hubris:BlackHole":34,"SsserpentHead":85,"Nunchaku":58,"Replay:Bandana":92,"Shovel":41,"hubris:Icosahedron":45,"hubris:Backtick":52,"Matryoshka":57,"Chameleon Ring":75,"Mummified Hand":27,"Tiny Chest":73,"Red Mask":54,"hubris:ChampionShield":90,"Potion Belt":60,"hubris:DisguiseKit":5,"BargainBundle":16,"Lee\u0027s Waffle":43,"Replay:M_StaffOfTheSnake":17,"ReplayTheSpireMod:Ninjato":63,"Guide Book":13,"Quantum Egg":46,"Thread and Needle":39,"PreservedInsect":35,"MawBank":79,"Pondfish Scales":1,"CaptainsWheel":9,"Ring of Misfortune":62,"hubris:GrandSneckoEye":24,"Garlic":57,"Art of War":64,"Membership Card":1,"Champion Belt":69,"PureWater":0,"ReplayTheSpireMod:Ring of Challenge":62,"TungstenRod":13,"hubris:OldNail":16},{"Ice Cream":285,"Golden Egg":57,"hubris:CrystalStatue":3,"Tiny House":52,"Gremlin Horn":108,"Nilry\u0027s Codex":279,"CeramicFish":142,"Ginger":222,"Sling":157,"HornCleat":316,"VioletLotus":210,"Replay:Wax Seal":3,"Pear":307,"Happy Flower":250,"Blue Candle":112,"Astrolabe":328,"hubris:FruitBowl":108,"Eternal Feather":125,"Pen Nib":29,"Akabeko":336,"hubris:Zylophone":3,"ReplayTheSpireMod:Spearhead":233,"hubris:BottledHeart":331,"Bronze Scales":222,"Molten Egg 2":57,"Simple Rune":75,"hubris:PeanutButter":84,"Onion Ring":169,"Black Star":274,"ReplayFunnel":183,"Lantern":222,"Torii":3,"Enchiridion":195,"StoneCalendar":279,"King of Hearts":314,"Replay:Multitool":3,"Juzu Bracelet":3,"Incense Burner":75,"Ancient Tea Set":83,"Burning Blood":0,"hubris:BlackHole":130,"SsserpentHead":303,"Nunchaku":199,"Replay:Bandana":336,"Shovel":148,"hubris:Icosahedron":164,"hubris:Backtick":183,"Matryoshka":198,"Chameleon Ring":257,"Mummified Hand":108,"Tiny Chest":250,"Red Mask":189,"hubris:ChampionShield":331,"Potion Belt":206,"hubris:DisguiseKit":19,"BargainBundle":75,"Lee\u0027s Waffle":157,"Replay:M_StaffOfTheSnake":78,"ReplayTheSpireMod:Ninjato":217,"Guide Book":57,"Quantum Egg":166,"Thread and Needle":142,"PreservedInsect":132,"MawBank":279,"Pondfish Scales":3,"CaptainsWheel":36,"Ring of Misfortune":213,"hubris:GrandSneckoEye":98,"Garlic":198,"Art of War":221,"Membership Card":3,"Champion Belt":233,"PureWater":0,"ReplayTheSpireMod:Ring of Challenge":213,"TungstenRod":57,"hubris:OldNail":75}],"Burning Blood":120},"card_choices":[{"not_picked":["Replay:Parry","Blind"],"picked":"Panacea","floor":0},{"not_picked":["Warcry","Clash"],"picked":"Twin Strike","floor":1},{"not_picked":["Dropkick","True Grit"],"picked":"ReplayTheSpireMod:Stacked","floor":3},{"not_picked":["Havoc","Heavy Blade","Flex"],"picked":"SKIP","floor":5},{"not_picked":["Shockwave","Burning Pact"],"picked":"Thunderclap","floor":6},{"not_picked":["Rupture","Battle Trance"],"picked":"Offering","floor":8},{"not_picked":["Battle Trance","Run Through"],"picked":"ReplayTheSpireMod:Limb From Limb","floor":11},{"not_picked":["Heavy Blade","Flex"],"picked":"Armaments","floor":14},{"not_picked":["Juggernaut","Demonic Infusion"],"picked":"Barricade","floor":16},{"not_picked":["Run Through+1","Dropkick","Rage"],"picked":"SKIP","floor":18},{"not_picked":["Burning Pact","Combust"],"picked":"Body Slam","floor":21},{"not_picked":["Rupture+1","ReplayReversal+1"],"picked":"Shrug It Off","floor":23}],"player_experience":137186,"relics_obtained":[{"floor":6,"key":"ReplayTheSpireMod:Ninjato"},{"floor":9,"key":"Pear"},{"floor":11,"key":"King of Hearts"},{"floor":14,"key":"HornCleat"},{"floor":23,"key":"Red Mask"},{"floor":25,"key":"Replay:Bandana"},{"floor":26,"key":"Akabeko"}],"event_choices":[{"cards_removed":["Strike_R"],"damage_healed":0,"gold_gain":0,"player_choice":"Card Removal","damage_taken":0,"max_hp_gain":0,"max_hp_loss":0,"event_name":"The Cleric","floor":2,"gold_loss":50},{"damage_healed":0,"gold_gain":0,"player_choice":"Grow","damage_taken":0,"max_hp_gain":0,"max_hp_loss":0,"event_name":"Living Wall","floor":4,"gold_loss":0,"cards_upgraded":["Bash"]},{"damage_healed":0,"gold_gain":0,"player_choice":"Trade","damage_taken":0,"relics_obtained":["SsserpentHead"],"max_hp_gain":0,"max_hp_loss":0,"event_name":"FaceTrader","floor":7,"gold_loss":0},{"damage_healed":0,"gold_gain":0,"player_choice":"Ignored","damage_taken":0,"max_hp_gain":0,"max_hp_loss":0,"event_name":"Vampires","floor":22,"gold_loss":0},{"damage_healed":0,"gold_gain":0,"player_choice":"Fought Bandits","damage_taken":0,"max_hp_gain":0,"max_hp_loss":0,"event_name":"Masked Bandits","floor":23,"gold_loss":0}],"is_beta":false,"boss_relics":[{"not_picked":["Mark of Pain","Sozu"],"picked":"Astrolabe"}],"items_purged_floors":[19],"is_endless":false,"potions_floor_spawned":[3,5,8,11,23],"killed_by":"Book of Stabbing","ascension_level":3}}