{"host":"jmyzvm1p6bjfuoy1","time":1607976336,"event":{"mods":["2.2 Compatiblity","AchievementEnabler","Aspiration","BaseMod","BetterRewards","Conspire","Hubris","Hunter ??","Jedi Mod","Minty Spire (QoL Compilation)","Permanent Neow","Rare Cards Sparkle","Shop Mod","Spicy Shops","StSLib","The Runesmith"],"gold_per_floor":[112,75,94,94,46,46,71,84,108,165,165,179,179,33,33,129,129,139,154,165,165,165,165,190,145,224,224,238,238,238],"floor_reached":29,"playtime":3109,"items_purged":[],"score":291,"play_id":"83176f1c-5f13-4990-9ed7-0fde0f34a998","local_time":"20201214150536","is_ascension_mode":false,"campfire_choices":[{"floor":6.0,"key":"REST"},{"floor":13,"key":"REST"},{"floor":15,"key":"REST"},{"floor":23,"key":"REST"}],"circlet_count":0,"master_deck":["Strike_P","Strike_P","Strike_P","Strike_P","Defend_P","Defend_P","Defend_P","Defend_P","Eruption","Vigilance","FlurryOfBlows","FlurryOfBlows","EmptyFist","SashWhip","Nirvana","DeceiveReality","FlurryOfBlows","Devotion","SandsOfTime","Halt","FearNoEvil","WreathOfFlame","jedi:collectorstrike","Meteor Strike","Swift Strike","Wild Strike","Perfected Strike","Beam Cell+1","SandsOfTime","Blade Dance"],"relics":["PureWater","hubris:Towel","White Beast Statue","Meat on the Bone","Damaru","PrismaticShard","MerchantsRug","aspiration:FrozenJewel","conspire:BottledYoYo"],"acts_visited":["Exordium","TheCity"],"potions_floor_usage":[16,16,16,29,29],"damage_taken":[{"damage":9.0,"enemies":"Jaw Worm","floor":1.0,"turns":5.0},{"damage":0.0,"enemies":"Small Slimes","floor":3.0,"turns":2.0},{"damage":14,"enemies":"3 Sentries","floor":7,"turns":6},{"damage":0,"enemies":"2 Louse","floor":8,"turns":2},{"damage":13,"enemies":"3 Sentries","floor":10,"turns":6},{"damage":5,"enemies":"Lots of Slimes","floor":12,"turns":4},{"damage":43,"enemies":"The Guardian","floor":16,"turns":7},{"damage":2,"enemies":"Chosen","floor":18,"turns":3},{"damage":17,"enemies":"2 Thieves","floor":19,"turns":4},{"damage":34,"enemies":"3 Cultists","floor":20,"turns":5},{"damage":0,"enemies":"conspire:SneckoGhost","floor":24,"turns":3},{"damage":34,"enemies":"Centurion and Healer","floor":28,"turns":6},{"damage":22,"enemies":"Snake Plant","floor":29,"turns":3}],"seed_played":"-4818633878837467990","potions_obtained":[{"floor":0.0,"key":"CultistPotion"},{"floor":0.0,"key":"Energy Potion"},{"floor":0.0,"key":"jedi:tentaclejuice"},{"floor":3.0,"key":"SpeedPotion"},{"floor":8,"key":"Dexterity Potion"},{"floor":16,"key":"BottledMiracle"},{"floor":28,"key":"Swift Potion"}],"is_trial":false,"path_per_floor":["M","?","M","?","$","R","E","M","T","?","?","M","R","$","R","B",null,"M","M","M","?","?","R","E","$","T","T","M","M"],"character_chosen":"WATCHER","items_purchased":["EmptyFist","Damaru","MerchantsRug","SandsOfTime"],"campfire_rested":4,"item_purchase_floors":[5,14,25,25],"current_hp_per_floor":[63,63,63,63,63,72,58,58,58,45,38,45,66,66,72,41,72,70,53,31,23,23,44,44,44,44,44,22,0,0],"gold":238,"neow_bonus":"THREE_SMALL_POTIONS","is_daily":false,"chose_seed":false,"campfire_upgraded":0,"win_rate":0.0,"timestamp":1607976336,"path_taken":["M","?","M","?","$","R","E","?","T","?","?","M","R","$","R","BOSS","M","?","M","?","?","R","E","?","T","?","?","M"],"items_purchased_type":["Card","Relic","Relic","Card"],"build_version":"2020-12-13","purchased_purges":0,"victory":false,"max_hp_per_floor":[72,72,72,72,72,72,72,72,72,72,72,72,72,72,72,72,72,72,72,72,72,72,72,72,72,72,72,72,72,72],"card_choices":[{"not_picked":["WheelKick","Wallop"],"picked":"FlurryOfBlows","floor":1.0},{"not_picked":["BowlingBash","FollowUp"],"picked":"FlurryOfBlows","floor":3.0},{"not_picked":["JustLucky","Pray"],"picked":"SashWhip","floor":7},{"not_picked":["Adaptation","Vengeance"],"picked":"Nirvana","floor":8},{"not_picked":["FlyingSleeves","Establishment"],"picked":"DeceiveReality","floor":10},{"not_picked":["InnerPeace","PathToVictory"],"picked":"FlurryOfBlows","floor":12},{"not_picked":["jedi:nirvanicrebirth","LessonLearned"],"picked":"Devotion","floor":16},{"not_picked":["MentalFortress","FlurryOfBlows"],"picked":"SandsOfTime","floor":18},{"not_picked":["Nirvana","ClearTheMind"],"picked":"Halt","floor":19},{"not_picked":["Worship","Study"],"picked":"FearNoEvil","floor":20},{"not_picked":["Protect","InnerPeace"],"picked":"WreathOfFlame","floor":21},{"not_picked":["jedi:collectorstrike","hubris:Sniper"],"picked":"Beam Cell+1","floor":24},{"not_picked":["Runesmith:FrozenChisel","Evaluate"],"picked":"Blade Dance","floor":28}],"player_experience":279696,"relics_obtained":[{"floor":7,"key":"White Beast Statue"},{"floor":9,"key":"Runesmith:AutoHammer"},{"floor":10,"key":"Meat on the Bone"},{"floor":21,"key":"PrismaticShard"},{"floor":24,"key":"MawBank"},{"floor":26,"key":"aspiration:FrozenJewel"},{"floor":27,"key":"conspire:BottledYoYo"}],"event_choices":[{"damage_healed":0.0,"max_hp_gain":0.0,"max_hp_loss":0.0,"gold_gain":0.0,"event_name":"World of Goop","player_choice":"Left Gold","floor":2.0,"gold_loss":37.0,"damage_taken":0.0},{"damage_healed":0,"gold_gain":0,"player_choice":"Searched \u00271\u0027 times","damage_taken":0,"max_hp_gain":0,"max_hp_loss":0,"event_name":"Dead Adventurer","floor":10,"gold_loss":0},{"damage_healed":0,"gold_gain":0,"player_choice":"Damaged","damage_taken":7,"max_hp_gain":0,"max_hp_loss":0,"event_name":"Wheel of Change","floor":11,"gold_loss":0}],"is_beta":false,"boss_relics":[{"not_picked":["Runesmith:UraniumAnvil","Pandora\u0027s Box"],"picked":"Sozu"}],"items_purged_floors":[],"is_endless":false,"potions_floor_spawned":[3,8,10,12,16,18,19,20,24,28],"killed_by":"Snake Plant","ascension_level":0}}