{"host":"3ek78t4i81ecmdy1","time":1607920526,"event":{"mods":["2.2 Compatiblity","AchievementEnabler","BaseMod","Colored Map","DeckTracker","Filter the Spire","Keyboard Shortcuts","Minty Spire (QoL Compilation)","Permanent Neow","Quick Restart","SuperFastMode","everything is the same but u backflip on backflip"],"gold_per_floor":[112,130,140,215,215,241,18,18,18,53,71,102,122,148,148,246,246,260,185,202,34,51,51,51,62,62,62,95,114,114,114,114,217,217,234,284,15,15,15,15,15,15],"floor_reached":41,"playtime":1744,"items_purged":["Strike_G","Escape Plan","A Thousand Cuts"],"score":470,"play_id":"3821028d-4d5f-4341-af94-39a7ddfa774e","local_time":"20201214133526","is_ascension_mode":true,"campfire_choices":[{"floor":8,"key":"REST"},{"floor":15,"key":"REST"},{"data":"Adrenaline","floor":23,"key":"SMITH"},{"data":"Tactician","floor":27,"key":"SMITH"},{"data":"Neutralize","floor":30,"key":"SMITH"},{"floor":32,"key":"REST"},{"floor":40,"key":"REST"}],"circlet_count":0,"master_deck":["Survivor","Neutralize+1","Poisoned Stab","Noxious Fumes","Backflip","Bane","Catalyst","Calculated Gamble","Endless Agony","Blade Dance","Escape Plan","Accuracy","Prepared","Adrenaline+1","Outmaneuver","Concentrate","Dagger Throw","Caltrops","Quick Slash","Dodge and Roll","Skewer+1","Tactician+1","Backflip+1","Heel Hook","Deflect","Blade Dance+1","Slice+1","After Image","CurseOfTheBell","Underhanded Strike+1","Swift Strike"],"relics":["Ring of the Snake","Toy Ornithopter","Ninja Scroll","MealTicket","Bag of Marbles","Odd Mushroom","Pandora\u0027s Box","Question Card","Ancient Tea Set","Calling Bell","Tiny Chest","Darkstone Periapt","Incense Burner","The Specimen","Anchor"],"acts_visited":["Exordium","TheCity","TheBeyond"],"potions_floor_usage":[6,6,10,11,12,14,22,33,33],"damage_taken":[{"damage":16,"enemies":"Small Slimes","floor":1,"turns":5},{"damage":0,"enemies":"Cultist","floor":2,"turns":4},{"damage":2,"enemies":"Jaw Worm","floor":3,"turns":5},{"damage":20,"enemies":"Gremlin Nob","floor":6,"turns":5},{"damage":22,"enemies":"3 Sentries","floor":10,"turns":6},{"damage":6,"enemies":"Blue Slaver","floor":11,"turns":3},{"damage":23,"enemies":"Lagavulin","floor":12,"turns":4},{"damage":0,"enemies":"2 Fungi Beasts","floor":13,"turns":1},{"damage":14,"enemies":"The Mushroom Lair","floor":14,"turns":3},{"damage":30,"enemies":"Hexaghost","floor":16,"turns":10},{"damage":0,"enemies":"Spheric Guardian","floor":18,"turns":3},{"damage":15,"enemies":"Shell Parasite","floor":20,"turns":3},{"damage":5,"enemies":"Cultist and Chosen","floor":22,"turns":4},{"damage":3,"enemies":"3 Cultists","floor":25,"turns":4},{"damage":29,"enemies":"Gremlin Leader","floor":28,"turns":4},{"damage":9,"enemies":"Centurion and Healer","floor":29,"turns":4},{"damage":48,"enemies":"Automaton","floor":33,"turns":8},{"damage":25,"enemies":"3 Darklings","floor":35,"turns":5},{"damage":33,"enemies":"Mind Bloom Boss Battle","floor":36,"turns":6},{"damage":63,"enemies":"Nemesis","floor":41,"turns":6}],"seed_played":"6525887352545589855","potions_obtained":[{"floor":2,"key":"EntropicBrew"},{"floor":3,"key":"Weak Potion"},{"floor":11,"key":"CunningPotion"},{"floor":13,"key":"Swift Potion"},{"floor":16,"key":"SteroidPotion"},{"floor":18,"key":"GhostInAJar"},{"floor":22,"key":"GamblersBrew"},{"floor":29,"key":"DuplicationPotion"}],"is_trial":false,"path_per_floor":["M","M","M","?","?","E","$","R","T","E","M","E","M","?","R","B",null,"M","?","M","$","M","R","?","M","T","R","E","M","R","?","R","B",null,"M","?","$","?","?","R","E"],"character_chosen":"THE_SILENT","items_purchased":["Catalyst","Calculated Gamble","Tactician","Anchor"],"campfire_rested":4,"item_purchase_floors":[7,7,21,37],"current_hp_per_floor":[47,47,45,34,34,19,19,37,37,20,19,1,1,18,36,6,63,63,63,48,63,62,62,62,59,59,59,30,21,21,21,39,1,63,38,5,20,20,20,38,0,0],"gold":15,"neow_bonus":"THREE_RARE_CARDS","is_daily":false,"chose_seed":false,"campfire_upgraded":3,"win_rate":0.0,"timestamp":1607920526,"path_taken":["M","M","M","?","?","E","$","R","T","E","M","E","?","?","R","BOSS","M","?","M","$","M","R","?","M","T","R","E","M","R","?","R","BOSS","M","?","$","?","?","R","E"],"items_purchased_type":["Card","Card","Card","Relic"],"build_version":"2020-12-13","purchased_purges":3,"victory":false,"max_hp_per_floor":[63,63,63,63,63,63,63,63,63,63,63,63,63,63,63,63,63,63,63,63,63,63,63,63,63,63,63,63,63,63,63,63,63,63,63,63,63,63,60,60,60,60],"card_choices":[{"not_picked":["Die Die Die","Burst"],"picked":"A Thousand Cuts","floor":0},{"not_picked":["Dagger Throw","Acrobatics"],"picked":"Poisoned Stab","floor":1},{"not_picked":["Quick Slash","Dagger Spray"],"picked":"Noxious Fumes","floor":2},{"not_picked":["Flying Knee","Flechettes"],"picked":"Backflip","floor":3},{"not_picked":["Poisoned Stab","Choke"],"picked":"Bane","floor":6},{"not_picked":["Flying Knee","Flechettes"],"picked":"Endless Agony","floor":10},{"not_picked":["Slice","Expertise"],"picked":"Blade Dance","floor":11},{"not_picked":["Well Laid Plans","Burst"],"picked":"Escape Plan","floor":12},{"not_picked":["Deadly Poison","Caltrops"],"picked":"Accuracy","floor":13},{"not_picked":["Backflip","Noxious Fumes"],"picked":"Prepared","floor":14},{"not_picked":["After Image","Grand Finale"],"picked":"Adrenaline","floor":16},{"not_picked":["Prepared+1","Blade Dance"],"picked":"Skewer+1","floor":18},{"not_picked":["Acrobatics","Predator","Flying Knee"],"picked":"SKIP","floor":20},{"not_picked":["Accuracy","Sucker Punch+1"],"picked":"Backflip+1","floor":22},{"not_picked":["Dagger Throw+1","Die Die Die"],"picked":"Deflect","floor":25},{"not_picked":["Cloak And Dagger","Accuracy","Infinite Blades"],"picked":"Blade Dance+1","floor":28},{"not_picked":["Backflip+1","Grand Finale","Flying Knee"],"picked":"Slice+1","floor":29},{"not_picked":["Phantasmal Killer","Malaise","Adrenaline"],"picked":"After Image","floor":33},{"not_picked":["Deflect","Slice","All Out Attack","PiercingWail"],"picked":"SKIP","floor":35},{"not_picked":["Dagger Throw","Terror","Skewer+1"],"picked":"Underhanded Strike+1","floor":36},{"not_picked":["Impatience","Good Instincts","Dark Shackles"],"picked":"Swift Strike","floor":38}],"player_experience":142792,"relics_obtained":[{"floor":6,"key":"Toy Ornithopter"},{"floor":9,"key":"Ninja Scroll"},{"floor":10,"key":"MealTicket"},{"floor":12,"key":"Bag of Marbles"},{"floor":14,"key":"Odd Mushroom"},{"floor":26,"key":"Question Card"},{"floor":28,"key":"Ancient Tea Set"},{"floor":34,"key":"Tiny Chest"},{"floor":34,"key":"Darkstone Periapt"},{"floor":34,"key":"Incense Burner"},{"floor":36,"key":"The Specimen"}],"event_choices":[{"damage_healed":0,"gold_gain":75,"player_choice":"Gather Gold","damage_taken":11,"max_hp_gain":0,"max_hp_loss":0,"event_name":"World of Goop","floor":4,"gold_loss":0},{"cards_removed":["Defend_G"],"damage_healed":0,"gold_gain":0,"player_choice":"Purged","damage_taken":0,"max_hp_gain":0,"max_hp_loss":0,"event_name":"Purifier","floor":5,"gold_loss":0},{"damage_healed":0,"gold_gain":0,"player_choice":"Fought Mushrooms","damage_taken":0,"max_hp_gain":0,"max_hp_loss":0,"event_name":"Mushrooms","floor":14,"gold_loss":0},{"cards_removed":["Prepared"],"damage_healed":0,"gold_gain":0,"player_choice":"Gave Gold","damage_taken":0,"max_hp_gain":0,"max_hp_loss":0,"event_name":"Beggar","floor":19,"gold_loss":75},{"damage_healed":0,"gold_gain":0,"player_choice":"Read","damage_taken":0,"max_hp_gain":0,"max_hp_loss":0,"event_name":"The Library","floor":24,"gold_loss":0,"cards_obtained":["Heel Hook"]},{"damage_healed":0,"gold_gain":0,"player_choice":"Ignored","damage_taken":0,"max_hp_gain":0,"max_hp_loss":0,"event_name":"Ghosts","floor":31,"gold_loss":0},{"damage_healed":0,"gold_gain":0,"player_choice":"Fight","damage_taken":0,"max_hp_gain":0,"max_hp_loss":0,"event_name":"MindBloom","floor":36,"gold_loss":0},{"damage_healed":0,"gold_gain":0,"player_choice":"Memory 1","damage_taken":0,"max_hp_gain":0,"max_hp_loss":0,"event_name":"SensoryStone","floor":38,"gold_loss":0},{"damage_healed":0,"gold_gain":0,"player_choice":"Max HP","damage_taken":0,"max_hp_gain":0,"max_hp_loss":3,"event_name":"Winding Halls","floor":39,"gold_loss":0}],"is_beta":false,"boss_relics":[{"not_picked":["SlaversCollar","Velvet Choker"],"picked":"Pandora\u0027s Box"},{"not_picked":["Fusion Hammer","Philosopher\u0027s Stone"],"picked":"Calling Bell"}],"items_purged_floors":[7,21,37],"is_endless":false,"potions_floor_spawned":[2,3,11,13,16,18,22,29],"killed_by":"Nemesis","ascension_level":2}}