{"host":"og6lam4kt3nibbw0","time":1607949764,"event":{"mods":["AchievementEnabler","BaseMod","Colored Map","DeckTracker","Highlight Path","Keyboard Shortcuts","Minty Spire (QoL Compilation)","Permanent Neow","Quick Restart","StSLib","SuperFastMode"],"gold_per_floor":[118,133,208,208,224,224,65,65,138,138,155,171,71,89,89,161,161,174,174,224,224,244,244,276,276,276,307,307,337,348,368,368,440,440,450,450,450,470,470,504,504,535,535,535,547,45,45,45,45,45,45,45,45,21,46,46,46],"floor_reached":56,"playtime":3116,"items_purged":["Defend_G","Defend_G","Masterful Stab"],"score":2102,"play_id":"48ad886e-80fb-4c41-ac88-75dd5be369a3","local_time":"20201214214244","is_ascension_mode":true,"campfire_choices":[{"floor":6.0,"key":"REST"},{"data":"Calculated Gamble","floor":10.0,"key":"SMITH"},{"floor":15.0,"key":"REST"},{"data":"Acrobatics","floor":23.0,"key":"SMITH"},{"data":"Well Laid Plans","floor":25.0,"key":"SMITH"},{"floor":28.0,"key":"REST"},{"data":"Tactician","floor":32.0,"key":"SMITH"},{"data":"Concentrate","floor":41.0,"key":"SMITH"},{"data":"Neutralize","floor":44.0,"key":"SMITH"},{"floor":49.0,"key":"RECALL"},{"data":"Backflip","floor":53.0,"key":"SMITH"}],"circlet_count":0,"master_deck":["AscendersBane","Strike_G","Survivor","Neutralize+1","Grand Finale","Backflip+1","Heel Hook","Calculated Gamble+1","Dagger Throw","Acrobatics","Concentrate+1","Venomology","Grand Finale+1","Endless Agony+1","Masterful Stab+1","Acrobatics+1","Well Laid Plans+1","Tactician+1","Tactician+1","Master of Strategy","Prepared"],"relics":["Ring of the Snake","Astrolabe","Orichalcum","Du-Vu Doll","Bottled Lightning","Lantern","Empty Cage","Bottled Tornado","The Courier","Oddly Smooth Stone","Meat on the Bone","DollysMirror","HornCleat","Pen Nib"],"acts_visited":["Exordium","TheCity","TheBeyond","TheEnding"],"potions_floor_usage":[],"damage_taken":[{"damage":6.0,"enemies":"Small Slimes","floor":1.0,"turns":5.0},{"damage":6.0,"enemies":"Jaw Worm","floor":2.0,"turns":6.0},{"damage":4.0,"enemies":"Cultist","floor":5.0,"turns":4.0},{"damage":0.0,"enemies":"Looter","floor":11.0,"turns":3.0},{"damage":0.0,"enemies":"Exordium Wildlife","floor":12.0,"turns":2.0},{"damage":7.0,"enemies":"3 Louse","floor":14.0,"turns":4.0},{"damage":34.0,"enemies":"Slime Boss","floor":16.0,"turns":8.0},{"damage":0.0,"enemies":"Chosen","floor":18.0,"turns":5.0},{"damage":22.0,"enemies":"2 Thieves","floor":22.0,"turns":2.0},{"damage":0.0,"enemies":"Gremlin Leader","floor":24.0,"turns":5.0},{"damage":14.0,"enemies":"Book of Stabbing","floor":27.0,"turns":3.0},{"damage":0.0,"enemies":"Gremlin Leader","floor":29.0,"turns":3.0},{"damage":0.0,"enemies":"3 Cultists","floor":30.0,"turns":2.0},{"damage":5.0,"enemies":"Snake Plant","floor":31.0,"turns":2.0},{"damage":16.0,"enemies":"Collector","floor":33.0,"turns":4.0},{"damage":0.0,"enemies":"3 Darklings","floor":35.0,"turns":1.0},{"damage":2.0,"enemies":"3 Shapes","floor":38.0,"turns":1.0},{"damage":20.0,"enemies":"Reptomancer","floor":40.0,"turns":4.0},{"damage":0.0,"enemies":"Giant Head","floor":42.0,"turns":3.0},{"damage":7.0,"enemies":"Sphere and 2 Shapes","floor":45.0,"turns":2.0},{"damage":10.0,"enemies":"Donu and Deca","floor":50.0,"turns":3.0},{"damage":23.0,"enemies":"Awakened One","floor":51.0,"turns":5.0},{"damage":34.0,"enemies":"Shield and Spear","floor":55.0,"turns":3.0},{"damage":0,"enemies":"The Heart","floor":56,"turns":1}],"seed_played":"-2392769223484953378","potions_obtained":[{"floor":1.0,"key":"PowerPotion"},{"floor":2.0,"key":"Explosive Potion"},{"floor":18.0,"key":"Fire Potion"},{"floor":29.0,"key":"SpeedPotion"},{"floor":33.0,"key":"CultistPotion"},{"floor":38.0,"key":"Explosive Potion"},{"floor":45.0,"key":"EssenceOfSteel"}],"is_trial":false,"path_per_floor":["M","M","?","?","M","R","$","?","T","R","M","M","$","M","R","B",null,"M","?","?","?","M","R","E","R","T","E","R","E","M","M","R","B",null,"M","?","T","M","?","E","R","E","T","R","M","$","?","$","R","B","B",null,"R","$","E","B"],"character_chosen":"THE_SILENT","items_purchased":["Calculated Gamble","DollysMirror","HornCleat","Swift Potion","Prepared"],"campfire_rested":3,"item_purchase_floors":[7,46,46,46,54],"current_hp_per_floor":[38,32,21,21,17,36,36,36,36,36,36,36,36,29,48,14,53,53,53,53,53,31,31,31,31,31,17,36,36,36,31,31,15,53,53,53,53,51,51,31,31,31,31,31,36,36,36,36,36,38,27,56,56,56,34,34,34],"gold":46,"neow_bonus":"THREE_RARE_CARDS","is_daily":false,"chose_seed":false,"campfire_upgraded":7,"win_rate":0.0,"timestamp":1607949764,"path_taken":["M","M","?","?","?","R","$","?","T","R","M","M","?","M","R","BOSS","M","?","?","?","M","R","E","R","T","E","R","E","?","M","R","BOSS","M","?","?","M","?","E","R","E","T","R","M","$","?","$","R","BOSS","BOSS","R","$","E","BOSS"],"items_purchased_type":["Card","Relic","Relic","Potion","Card"],"build_version":"2020-12-13","purchased_purges":3,"victory":false,"max_hp_per_floor":[66,66,66,66,66,66,66,66,66,66,66,66,66,66,66,66,66,66,66,66,66,66,66,66,66,66,66,66,66,66,66,66,66,66,66,66,66,66,66,66,66,66,66,66,66,66,66,66,66,66,66,66,66,66,66,66,66],"card_choices":[{"not_picked":["Doppelganger","Corpse Explosion"],"picked":"Grand Finale","floor":0.0},{"not_picked":["Finisher","Expertise"],"picked":"Masterful Stab","floor":1.0},{"not_picked":["Predator","Cloak And Dagger"],"picked":"Backflip","floor":2.0},{"not_picked":["Setup","Dodge and Roll","Outmaneuver"],"picked":"SKIP","floor":5.0},{"not_picked":["Dagger Spray","Backflip"],"picked":"Dagger Throw","floor":11.0},{"not_picked":["Escape Plan","Dagger Throw"],"picked":"Acrobatics","floor":12.0},{"not_picked":["Unload","Crippling Poison"],"picked":"Concentrate","floor":14.0},{"not_picked":["Storm of Steel","Corpse Explosion"],"picked":"Venomology","floor":16.0},{"not_picked":["Catalyst","Quick Slash"],"picked":"Acrobatics","floor":18.0},{"not_picked":["Infinite Blades","Outmaneuver","Blade Dance"],"picked":"SKIP","floor":22.0},{"not_picked":["Terror","Blur"],"picked":"Tactician","floor":24.0},{"not_picked":["Slice","Underhanded Strike","Flying Knee+1"],"picked":"SKIP","floor":27.0},{"not_picked":["Underhanded Strike","Quick Slash+1","Distraction+1"],"picked":"SKIP","floor":29.0},{"not_picked":["Backflip","Dagger Throw","Bouncing Flask"],"picked":"SKIP","floor":30.0},{"not_picked":["Dodge and Roll","PiercingWail"],"picked":"Prepared","floor":31.0},{"not_picked":["Flying Knee","Slice","Cloak And Dagger"],"picked":"SKIP","floor":35.0},{"not_picked":["Sucker Punch+1","Acrobatics","Bane+1"],"picked":"SKIP","floor":38.0},{"not_picked":["Night Terror","Poisoned Stab","Distraction"],"picked":"SKIP","floor":40.0},{"not_picked":["Underhanded Strike+1","Sucker Punch+1","Dodge and Roll"],"picked":"SKIP","floor":42.0},{"not_picked":["Phantasmal Killer","Accuracy","Dagger Spray"],"picked":"SKIP","floor":45.0},{"not_picked":["Trip","Chrysalis"],"picked":"Master of Strategy","floor":47.0},{"not_picked":["Heel Hook","Dagger Spray","Slice"],"picked":"SKIP","floor":55.0}],"player_experience":742416,"relics_obtained":[{"floor":24.0,"key":"Orichalcum"},{"floor":26.0,"key":"Du-Vu Doll"},{"floor":27.0,"key":"Bottled Lightning"},{"floor":29.0,"key":"Lantern"},{"floor":37.0,"key":"Bottled Tornado"},{"floor":40.0,"key":"The Courier"},{"floor":42.0,"key":"Oddly Smooth Stone"},{"floor":43.0,"key":"Meat on the Bone"},{"floor":55.0,"key":"Pen Nib"}],"event_choices":[{"damage_healed":0.0,"max_hp_gain":0.0,"max_hp_loss":0.0,"gold_gain":75.0,"event_name":"World of Goop","player_choice":"Gather Gold","floor":3.0,"gold_loss":0.0,"damage_taken":11.0},{"damage_healed":0.0,"max_hp_gain":0.0,"max_hp_loss":0.0,"gold_gain":0.0,"cards_transformed":["Strike_G"],"event_name":"Transmorgrifier","player_choice":"Transformed","floor":4.0,"gold_loss":0.0,"damage_taken":0.0,"cards_obtained":["Heel Hook"]},{"cards_removed":["Strike_G"],"damage_healed":0.0,"max_hp_gain":0.0,"max_hp_loss":0.0,"gold_gain":0.0,"event_name":"Living Wall","player_choice":"Forget","floor":8.0,"gold_loss":0.0,"damage_taken":0.0},{"damage_healed":0.0,"max_hp_gain":0.0,"max_hp_loss":0.0,"gold_gain":0.0,"event_name":"The Library","player_choice":"Read","floor":19.0,"gold_loss":0.0,"damage_taken":0.0,"cards_obtained":["Well Laid Plans"]},{"damage_healed":0.0,"max_hp_gain":0.0,"max_hp_loss":0.0,"gold_gain":50.0,"event_name":"Nest","player_choice":"Stole From Cult","floor":20.0,"gold_loss":0.0,"damage_taken":0.0},{"damage_healed":0.0,"max_hp_gain":0.0,"max_hp_loss":0.0,"gold_gain":0.0,"event_name":"Ghosts","player_choice":"Ignored","floor":21.0,"gold_loss":0.0,"damage_taken":0.0},{"cards_removed":["Prepared"],"damage_healed":0.0,"max_hp_gain":0.0,"max_hp_loss":0.0,"gold_gain":0.0,"event_name":"Falling","player_choice":"Removed Skill","floor":36.0,"gold_loss":0.0,"damage_taken":0.0},{"damage_healed":0.0,"max_hp_gain":0.0,"max_hp_loss":0.0,"gold_gain":0.0,"event_name":"Tomb of Lord Red Mask","player_choice":"Ignored","floor":39.0,"gold_loss":0.0,"damage_taken":0.0},{"damage_healed":0.0,"max_hp_gain":0.0,"max_hp_loss":0.0,"gold_gain":0.0,"event_name":"SensoryStone","player_choice":"Memory 1","floor":47.0,"gold_loss":0.0,"damage_taken":0.0}],"is_beta":false,"boss_relics":[{"not_picked":["Philosopher\u0027s Stone","SlaversCollar"],"picked":"Astrolabe"},{"not_picked":["Velvet Choker","Coffee Dripper"],"picked":"Empty Cage"}],"items_purged_floors":[7,13,46],"is_endless":false,"potions_floor_spawned":[1,2,11,18,29,33,38,42,45],"killed_by":"The Heart","ascension_level":20}}