{"host":"q9718omregw4er46","time":1607979199,"event":{"mods":["BaseMod","Bestiary","Colored Powertips","Custom Start","Highlight Path","Minty Spire (QoL Compilation)","Practice Mode","Quick Restart","Relic Stats"],"gold_per_floor":[112,129,129,13,13,38,38,56,110,129,161,161,186,197,197,274,274,287,287,304,323,333,333,333],"floor_reached":23,"playtime":821,"items_purged":["Strike_B"],"score":415,"play_id":"c300f5a2-f935-4407-bdac-69d024f54e89","local_time":"20201215015319","is_ascension_mode":true,"campfire_choices":[{"data":"Sunder","floor":7.0,"key":"SMITH"},{"floor":12,"key":"REST"},{"data":"Defragment","floor":15,"key":"SMITH"}],"circlet_count":0,"master_deck":["AscendersBane","Strike_B+1","Strike_B+1","Defend_B+1","Defend_B+1","Defend_B+1","Defend_B+1","Zap+1","Dualcast","White Noise","White Noise","Sunder+1","Recycle","Genetic Algorithm","BootSequence","Defragment+1","Reboot","CurseOfTheBell","Genetic Algorithm","Cold Snap"],"relics":["Cracked Core","Nunchaku","MealTicket","White Beast Statue","Pear","Calling Bell","Happy Flower","HornCleat","CaptainsWheel"],"acts_visited":["Exordium","TheCity"],"potions_floor_usage":[11,22,23],"damage_taken":[{"damage":2.0,"enemies":"Cultist","floor":1.0,"turns":4.0},{"damage":2.0,"enemies":"2 Louse","floor":2.0,"turns":3.0},{"damage":20.0,"enemies":"Lagavulin","floor":6.0,"turns":5.0},{"damage":0.0,"enemies":"Small Slimes","floor":8.0,"turns":3.0},{"damage":6.0,"enemies":"Exordium Thugs","floor":10.0,"turns":4.0},{"damage":14,"enemies":"Gremlin Nob","floor":11,"turns":3},{"damage":15,"enemies":"Lagavulin","floor":13,"turns":7},{"damage":0,"enemies":"Looter","floor":14,"turns":2},{"damage":37,"enemies":"The Guardian","floor":16,"turns":10},{"damage":20,"enemies":"Spheric Guardian","floor":18,"turns":6},{"damage":0,"enemies":"Chosen","floor":20,"turns":3},{"damage":5,"enemies":"Snake Plant","floor":21,"turns":4},{"damage":1,"enemies":"Snecko","floor":22,"turns":7},{"damage":40,"enemies":"Book of Stabbing","floor":23,"turns":5}],"seed_played":"8737617915957499930","potions_obtained":[{"floor":1.0,"key":"FocusPotion"},{"floor":6.0,"key":"GamblersBrew"},{"floor":10.0,"key":"LiquidBronze"},{"floor":13,"key":"BlessingOfTheForge"},{"floor":20,"key":"Explosive Potion"},{"floor":21,"key":"Fire Potion"},{"floor":22,"key":"Dexterity Potion"}],"is_trial":false,"path_per_floor":["M","M","?","$","?","E","R","M","T","M","E","R","E","M","R","B",null,"M","?","M","M","M","E"],"character_chosen":"DEFECT","items_purchased":["Sunder"],"campfire_rested":1,"item_purchase_floors":[4],"current_hp_per_floor":[69,67,67,67,60,40,40,40,40,34,20,43,38,38,38,1,66,46,46,46,41,40,0,0],"gold":333,"neow_bonus":"TEN_PERCENT_HP_BONUS","is_daily":false,"chose_seed":false,"campfire_upgraded":2,"win_rate":0.0,"timestamp":1607979199,"path_taken":["M","M","?","$","?","E","R","M","T","M","E","R","E","M","R","BOSS","M","?","M","M","M","E"],"items_purchased_type":["Card"],"build_version":"2020-12-13","purchased_purges":1,"victory":false,"max_hp_per_floor":[78,78,78,78,78,78,78,78,78,78,78,78,88,88,88,88,88,88,88,88,88,88,88,88],"relic_stats":{"Nunchaku":[3],"Happy Flower":[8],"counters":[14,66],"MealTicket":0,"obtain_stats":[{"Calling Bell":17,"Nunchaku":6,"CaptainsWheel":17,"Pear":13,"HornCleat":17,"Happy Flower":17,"MealTicket":9,"Cracked Core":0,"White Beast Statue":11},{"Calling Bell":9,"Nunchaku":3,"CaptainsWheel":9,"Pear":7,"HornCleat":9,"Happy Flower":9,"MealTicket":4,"Cracked Core":0,"White Beast Statue":6},{"Calling Bell":41,"Nunchaku":12,"CaptainsWheel":41,"Pear":29,"HornCleat":41,"Happy Flower":41,"MealTicket":15,"Cracked Core":0,"White Beast Statue":22}]},"card_choices":[{"not_picked":["Coolheaded","Sweeping Beam"],"picked":"White Noise","floor":1.0},{"not_picked":["Static Discharge","Storm"],"picked":"White Noise","floor":2.0},{"not_picked":["Double Energy","Conserve Battery"],"picked":"Recycle","floor":6.0},{"not_picked":["Gash","Redo"],"picked":"Genetic Algorithm","floor":8.0},{"not_picked":["Barrage","Steam"],"picked":"BootSequence","floor":10.0},{"not_picked":["Streamline","Leap","Steam"],"picked":"SKIP","floor":11},{"not_picked":["Conserve Battery","Go for the Eyes","Aggregate"],"picked":"SKIP","floor":13},{"not_picked":["Thunder Strike","Fusion"],"picked":"Defragment","floor":14},{"not_picked":["Buffer","Thunder Strike"],"picked":"Reboot","floor":16},{"not_picked":["Turbo","Hello World"],"picked":"Genetic Algorithm","floor":18},{"not_picked":["Stack","Rebound","Turbo"],"picked":"SKIP","floor":20},{"not_picked":["Reinforced Body","Steam"],"picked":"Cold Snap","floor":21},{"not_picked":["Hyperbeam","Turbo","Consume"],"picked":"SKIP","floor":22}],"player_experience":1012209,"relics_obtained":[{"floor":6.0,"key":"Nunchaku"},{"floor":9.0,"key":"MealTicket"},{"floor":11,"key":"White Beast Statue"},{"floor":13,"key":"Pear"},{"floor":17,"key":"Happy Flower"},{"floor":17,"key":"HornCleat"},{"floor":17,"key":"CaptainsWheel"}],"event_choices":[{"damage_healed":0.0,"max_hp_gain":0.0,"max_hp_loss":0.0,"gold_gain":0.0,"event_name":"Living Wall","player_choice":"Grow","floor":3.0,"gold_loss":0.0,"damage_taken":0.0,"cards_upgraded":["Zap"]},{"cards_removed":["Strike_B"],"damage_healed":0.0,"max_hp_gain":0.0,"max_hp_loss":0.0,"gold_gain":0.0,"event_name":"Golden Wing","player_choice":"Card Removal","floor":5.0,"gold_loss":0.0,"damage_taken":7.0},{"damage_healed":0,"gold_gain":0,"player_choice":"Simplicity","damage_taken":0,"max_hp_gain":0,"max_hp_loss":0,"event_name":"Back to Basics","floor":19,"gold_loss":0,"cards_upgraded":["Strike_B","Strike_B","Defend_B","Defend_B","Defend_B","Defend_B"]}],"is_beta":false,"boss_relics":[{"not_picked":["Velvet Choker","Ectoplasm"],"picked":"Calling Bell"}],"items_purged_floors":[4],"is_endless":false,"potions_floor_spawned":[1,6,10,13,14,16,18,20,21,22],"killed_by":"Book of Stabbing","ascension_level":19}}