{"host":"85dtmvttrcbdj5h5","time":1607982432,"event":{"mods":["AchievementEnabler","BaseMod","Bestiary","Colored Map","Colored Powertips","Filter the Spire","Minty Spire (QoL Compilation)","RNG Fix","Relic Stats"],"gold_per_floor":[109,128,144,144,219,219,244,301,379,389,414,374,152,164,164,269,269,281,6,16,16,34,34,67,67,67,81,113,132,157,157,157,259,259,271,271,281,77,124,124,143,143,143,143,170,170,189,205,205,205],"floor_reached":51,"playtime":6802,"items_purged":["Defend_G"],"score":735,"play_id":"125a4131-40c8-4d80-b5ee-da4ae810429d","local_time":"20201214164712","is_ascension_mode":false,"campfire_choices":[{"data":"Dash","floor":6.0,"key":"SMITH"},{"data":"Deadly Poison","floor":15.0,"key":"SMITH"},{"data":"Neutralize","floor":23.0,"key":"SMITH"},{"floor":25.0,"key":"REST"},{"floor":32.0,"key":"REST"},{"data":"Leap","floor":40.0,"key":"SMITH"},{"data":"Survivor","floor":42.0,"key":"SMITH"},{"data":"Prepared","floor":44.0,"key":"SMITH"},{"data":"Dark Shackles","floor":46.0,"key":"SMITH"},{"data":"Streamline","floor":49,"key":"SMITH"}],"circlet_count":0,"master_deck":["Strike_G+1","Strike_G+1","Defend_G","Defend_G","Defend_G","Survivor+1","Neutralize+1","Deadly Poison+1","Dash+1","Poisoned Stab","Prepared+1","Deadly Poison+1","Dagger Throw","BootSequence","Buffer+1","Dagger Spray","ThirdEye+1","Poisoned Stab+1","Streamline+1","Terror","Quick Slash","Die Die Die","Leap+1","Tactician","Well Laid Plans+1","Dark Shackles+1","Discovery+1","Rage+1"],"relics":["Ring of the Snake","Happy Flower","Bronze Scales","Frozen Egg 2","Odd Mushroom","PrismaticShard","Empty Cage","ClockworkSouvenir","War Paint","Pantograph","Ancient Tea Set","Ginger","Coffee Dripper","Membership Card","TungstenRod","Kunai"],"acts_visited":["Exordium","TheCity","TheBeyond"],"potions_floor_usage":[50,50,50],"damage_taken":[{"damage":2.0,"enemies":"Cultist","floor":1.0,"turns":4.0},{"damage":2.0,"enemies":"Jaw Worm","floor":2.0,"turns":4.0},{"damage":2.0,"enemies":"Small Slimes","floor":3.0,"turns":3.0},{"damage":16.0,"enemies":"Gremlin Nob","floor":7.0,"turns":4.0},{"damage":3.0,"enemies":"Gremlin Gang","floor":10.0,"turns":4.0},{"damage":2.0,"enemies":"The Mushroom Lair","floor":11.0,"turns":5.0},{"damage":0.0,"enemies":"Red Slaver","floor":14.0,"turns":2.0},{"damage":0.0,"enemies":"Slime Boss","floor":16.0,"turns":4.0},{"damage":0.0,"enemies":"Chosen","floor":18.0,"turns":4.0},{"damage":5.0,"enemies":"Spheric Guardian","floor":20.0,"turns":5.0},{"damage":8.0,"enemies":"3 Cultists","floor":22.0,"turns":6.0},{"damage":28.0,"enemies":"Gremlin Leader","floor":24.0,"turns":8.0},{"damage":5.0,"enemies":"Snake Plant","floor":27.0,"turns":3.0},{"damage":2.0,"enemies":"Book of Stabbing","floor":28.0,"turns":4.0},{"damage":0.0,"enemies":"Sentry and Sphere","floor":29.0,"turns":8.0},{"damage":23.0,"enemies":"Slavers","floor":30.0,"turns":5.0},{"damage":66.0,"enemies":"Collector","floor":33.0,"turns":11.0},{"damage":15.0,"enemies":"Orb Walker","floor":35.0,"turns":3.0},{"damage":0.0,"enemies":"3 Shapes","floor":37.0,"turns":3.0},{"damage":28.0,"enemies":"2 Orb Walkers","floor":39.0,"turns":6.0},{"damage":0.0,"enemies":"Maw","floor":41.0,"turns":7.0},{"damage":2.0,"enemies":"Nemesis","floor":45.0,"turns":7.0},{"damage":0.0,"enemies":"Writhing Mass","floor":47.0,"turns":6.0},{"damage":0,"enemies":"3 Darklings","floor":48,"turns":5},{"damage":47,"enemies":"Donu and Deca","floor":50,"turns":14}],"seed_played":"-107886686235449487","potions_obtained":[{"floor":1.0,"key":"Strength Potion"},{"floor":10.0,"key":"SpeedPotion"},{"floor":12.0,"key":"Strength Potion"},{"floor":12.0,"key":"AttackPotion"},{"floor":12.0,"key":"Fire Potion"},{"floor":18.0,"key":"SkillPotion"},{"floor":20.0,"key":"Energy Potion"},{"floor":21.0,"key":"EntropicBrew"},{"floor":30.0,"key":"LiquidBronze"},{"floor":37.0,"key":"Explosive Potion"},{"floor":41.0,"key":"Ancient Potion"},{"floor":47.0,"key":"Block Potion"},{"floor":48,"key":"Ancient Potion"}],"is_trial":false,"path_per_floor":["M","M","M","?","?","R","E","?","T","M","?","?","$","M","R","B",null,"M","$","M","?","M","R","E","R","T","M","E","M","E","?","R","B",null,"M","?","M","$","?","R","M","R","T","R","E","R","M","M","R","B",null],"character_chosen":"THE_SILENT","items_purchased":["PrismaticShard","ClockworkSouvenir","Dagger Spray","DuplicationPotion","Membership Card","Tactician","Well Laid Plans+1"],"campfire_rested":2,"item_purchase_floors":[13,19,19,19,38,38,38],"current_hp_per_floor":[68,66,64,50,39,39,23,23,23,20,18,18,18,18,18,18,70,70,70,65,65,57,57,29,50,50,45,43,43,20,20,41,21,70,55,55,55,55,27,27,27,27,27,27,25,25,25,25,25,3],"gold":205,"neow_bonus":"RANDOM_COMMON_RELIC","is_daily":false,"chose_seed":false,"campfire_upgraded":8,"win_rate":0.0,"timestamp":1607982432,"path_taken":["M","M","M","?","?","R","E","?","T","M","?","?","$","M","R","BOSS","M","$","M","?","M","R","E","R","T","?","E","M","E","?","R","BOSS","M","?","M","$","?","R","M","R","T","R","E","R","M","?","R","BOSS"],"items_purchased_type":["Relic","Relic","Card","Potion","Relic","Card","Card"],"build_version":"2020-12-13","purchased_purges":1,"victory":true,"max_hp_per_floor":[70,70,70,70,70,70,70,70,70,70,70,70,70,70,70,70,70,70,70,70,70,70,70,70,70,70,70,70,70,70,70,70,70,70,70,70,70,70,70,70,70,70,70,70,70,70,70,70,70,70],"relic_stats":{"Happy Flower":[45],"counters":[25,135],"Bronze Scales":[338],"Pantograph":50,"Ginger":[8],"Kunai":[10],"War Paint":["ThirdEye","Deadly Poison"],"obtain_stats":[{"Happy Flower":0,"Ginger":30,"Frozen Egg 2":9,"Odd Mushroom":11,"War Paint":24,"PrismaticShard":13,"Empty Cage":17,"Ancient Tea Set":28,"ClockworkSouvenir":19,"Bronze Scales":7,"Pantograph":26,"Coffee Dripper":34,"Membership Card":38,"Kunai":45,"TungstenRod":39,"Ring of the Snake":0},{"Happy Flower":0,"Ginger":16,"Frozen Egg 2":4,"Odd Mushroom":6,"War Paint":12,"PrismaticShard":6,"Empty Cage":8,"Ancient Tea Set":14,"ClockworkSouvenir":9,"Bronze Scales":4,"Pantograph":12,"Coffee Dripper":17,"Membership Card":19,"Kunai":22,"TungstenRod":20,"Ring of the Snake":0},{"Happy Flower":0,"Ginger":73,"Frozen Egg 2":15,"Odd Mushroom":24,"War Paint":53,"PrismaticShard":24,"Empty Cage":30,"Ancient Tea Set":60,"ClockworkSouvenir":34,"Bronze Scales":15,"Pantograph":53,"Coffee Dripper":84,"Membership Card":90,"Kunai":110,"TungstenRod":96,"Ring of the Snake":0}],"TungstenRod":9,"Ring of the Snake":[50]},"card_choices":[{"not_picked":["Prepared","Terror"],"picked":"Deadly Poison","floor":1.0},{"not_picked":["Footwork","Leg Sweep"],"picked":"Dash","floor":2.0},{"not_picked":["Well Laid Plans","Acrobatics"],"picked":"Poisoned Stab","floor":3.0},{"not_picked":["Sucker Punch","Choke"],"picked":"Prepared","floor":7.0},{"not_picked":["Calculated Gamble","Backflip"],"picked":"Deadly Poison","floor":10.0},{"not_picked":["Deflect","Terror"],"picked":"Dagger Throw","floor":11.0},{"not_picked":["Reckless Charge","Redo"],"picked":"BootSequence","floor":14.0},{"not_picked":["A Thousand Cuts+1","Demon Form+1"],"picked":"Buffer+1","floor":16.0},{"not_picked":["Choke+1","Shockwave","Backflip"],"picked":"SKIP","floor":18.0},{"not_picked":["Dagger Spray","Warcry+1"],"picked":"ThirdEye","floor":20.0},{"not_picked":["Dropkick+1","Beam Cell"],"picked":"Poisoned Stab+1","floor":22.0},{"not_picked":["Consecrate","Leap+1"],"picked":"Streamline","floor":24.0},{"not_picked":["Halt+1","Clothesline+1","Deadly Poison"],"picked":"SKIP","floor":27.0},{"not_picked":["Coolheaded","Anger","Brilliance"],"picked":"SKIP","floor":28.0},{"not_picked":["Fire Breathing+1","Sweeping Beam","FearNoEvil"],"picked":"SKIP","floor":29.0},{"not_picked":["InnerPeace","Expertise+1","Weave"],"picked":"SKIP","floor":30.0},{"not_picked":["Burst","ConjureBlade"],"picked":"Die Die Die","floor":33.0},{"not_picked":["Meditate+1","Swift Strike"],"picked":"Leap","floor":35.0},{"not_picked":["Cold Snap+1","Steam Power+1","Quick Slash+1"],"picked":"SKIP","floor":37.0},{"not_picked":["Glacier","Lockon+1","Redo+1"],"picked":"SKIP","floor":41.0},{"not_picked":["Multi-Cast","Mind Blast+1"],"picked":"Dark Shackles","floor":45.0},{"not_picked":["Dagger Throw+1","EmptyFist"],"picked":"Discovery+1","floor":47.0},{"not_picked":["Heel Hook+1","Impatience"],"picked":"Rage+1","floor":48}],"player_experience":30780,"relics_obtained":[{"floor":7.0,"key":"Bronze Scales"},{"floor":9.0,"key":"Frozen Egg 2"},{"floor":11.0,"key":"Odd Mushroom"},{"floor":24.0,"key":"War Paint"},{"floor":26.0,"key":"Pantograph"},{"floor":28.0,"key":"Ancient Tea Set"},{"floor":30.0,"key":"Ginger"},{"floor":39.0,"key":"TungstenRod"},{"floor":45.0,"key":"Kunai"}],"event_choices":[{"damage_healed":0.0,"max_hp_gain":0.0,"max_hp_loss":0.0,"gold_gain":0.0,"event_name":"Shining Light","player_choice":"Entered Light","floor":4.0,"gold_loss":0.0,"damage_taken":14.0,"cards_upgraded":["Strike_G","Strike_G"]},{"damage_healed":0.0,"max_hp_gain":0.0,"max_hp_loss":0.0,"gold_gain":75.0,"event_name":"World of Goop","player_choice":"Gather Gold","floor":5.0,"gold_loss":0.0,"damage_taken":11.0},{"damage_healed":0.0,"max_hp_gain":0.0,"max_hp_loss":0.0,"gold_gain":57.0,"event_name":"Golden Wing","player_choice":"Gained Gold","floor":8.0,"gold_loss":0.0,"damage_taken":0.0},{"damage_healed":0.0,"max_hp_gain":0.0,"max_hp_loss":0.0,"gold_gain":0.0,"event_name":"Mushrooms","player_choice":"Fought Mushrooms","floor":11.0,"gold_loss":0.0,"damage_taken":0.0},{"damage_healed":0.0,"max_hp_gain":0.0,"max_hp_loss":0.0,"gold_gain":0.0,"event_name":"The Woman in Blue","player_choice":"Bought 3 Potions","floor":12.0,"gold_loss":0.0,"damage_taken":0.0},{"damage_healed":0.0,"max_hp_gain":0.0,"max_hp_loss":0.0,"gold_gain":0.0,"event_name":"Lab","player_choice":"Got Potions","floor":21.0,"gold_loss":0.0,"damage_taken":0.0},{"damage_healed":0.0,"max_hp_gain":0.0,"max_hp_loss":0.0,"gold_gain":0.0,"cards_transformed":["Strike_G","Strike_G"],"event_name":"Drug Dealer","player_choice":"Became Test Subject","floor":31.0,"gold_loss":0.0,"damage_taken":0.0,"cards_obtained":["Terror","Quick Slash"]},{"damage_healed":0.0,"max_hp_gain":0.0,"max_hp_loss":0.0,"gold_gain":0.0,"event_name":"Tomb of Lord Red Mask","player_choice":"Ignored","floor":36.0,"gold_loss":0.0,"damage_taken":0.0},{"damage_healed":0.0,"max_hp_gain":0.0,"max_hp_loss":0.0,"gold_gain":0.0,"event_name":"Mysterious Sphere","player_choice":"Fight","floor":39.0,"gold_loss":0.0,"damage_taken":0.0}],"is_beta":false,"boss_relics":[{"not_picked":["Busted Crown","Sozu"],"picked":"Empty Cage"},{"not_picked":["Runic Dome","Black Star"],"picked":"Coffee Dripper"}],"items_purged_floors":[13],"is_endless":false,"potions_floor_spawned":[1,10,14,18,20,30,37,41,47,48],"ascension_level":0}}