{"host":"otf1z5955ddlv5pq","time":1607916539,"event":{"mods":["BaseMod","Beaked The Cultist","Better Altar","Better Match","Better Note","Better Sensory Stone","Better Skull","Better Third Choice","Colored Map","Colored Powertips","Downfall","Minty Spire (QoL Compilation)","Rare Cards Sparkle","Replay The Spire","StSLib"],"gold_per_floor":[20,35,50,50,50,80,80,5,31,31,48,48,48],"floor_reached":12,"playtime":686,"items_purged":["Strike_R"],"score":82,"play_id":"29fb94cb-0f3c-49db-a048-fe01e145bd95","local_time":"20201213192859","is_ascension_mode":true,"campfire_choices":[{"data":"Iron Wave","floor":7,"key":"SMITH"},{"data":"ReplayReversal","floor":10,"key":"SMITH"}],"circlet_count":0,"master_deck":["Strike_R","Strike_R","Defend_R","Defend_R","Defend_R+1","Bash","Thunderclap","ReplayReversal+1","Fire Breathing","Headbutt","Iron Wave+1","Body Slam"],"relics":["Burning Blood","Regal Pillow","PreservedInsect"],"acts_visited":["Exordium"],"potions_floor_usage":[],"damage_taken":[{"damage":8,"enemies":"Cultist","floor":1,"turns":5},{"damage":6,"enemies":"Small Slimes","floor":2,"turns":3},{"damage":11,"enemies":"Jaw Worm","floor":3,"turns":4},{"damage":18,"enemies":"3 Sentries","floor":6,"turns":6},{"damage":3,"enemies":"Exordium Wildlife","floor":11,"turns":4},{"damage":64,"enemies":"Gremlin Nob","floor":12,"turns":5}],"seed_played":"-4785322689021824888","potions_obtained":[{"floor":1,"key":"FearPotion"},{"floor":3,"key":"Strength Potion"},{"floor":11,"key":"SpeedPotion"}],"is_trial":false,"path_per_floor":["M","M","M","?","?","E","R","$","T","R","M","E"],"character_chosen":"IRONCLAD","items_purchased":[],"campfire_rested":0,"item_purchase_floors":[],"current_hp_per_floor":[78,78,73,73,73,61,61,61,61,61,64,0,0],"gold":48,"neow_bonus":"REMOVE_TWO","is_daily":false,"chose_seed":false,"campfire_upgraded":2,"win_rate":0.0,"timestamp":1607916539,"path_taken":["M","M","M","?","?","E","R","$","T","R","M","E"],"items_purchased_type":[],"build_version":"2020-12-13","purchased_purges":1,"victory":false,"max_hp_per_floor":[80,80,80,80,80,80,80,80,80,80,80,80,80],"card_choices":[{"not_picked":["Life Link","Dual Wield"],"picked":"Thunderclap","floor":1},{"not_picked":["Battle Trance","ReplayTheSpireMod:Strike From Hell"],"picked":"ReplayReversal","floor":2},{"not_picked":["ReplayTheSpireMod:Strike From Hell","Dual Wield"],"picked":"Fire Breathing","floor":3},{"not_picked":["Reckless Charge","Bloodletting"],"picked":"Iron Wave","floor":6},{"not_picked":["Metallicize","Sentinel"],"picked":"Body Slam","floor":11}],"player_experience":885788,"relics_obtained":[{"floor":6,"key":"Regal Pillow"},{"floor":9,"key":"PreservedInsect"}],"event_choices":[{"damage_healed":0,"gold_gain":0,"cards_transformed":["Strike_R"],"player_choice":"Transformed","damage_taken":0,"max_hp_gain":0,"max_hp_loss":0,"event_name":"Transmorgrifier","floor":5,"gold_loss":0,"cards_obtained":["Headbutt"]}],"is_beta":false,"boss_relics":[],"items_purged_floors":[8],"is_endless":false,"potions_floor_spawned":[1,3,11],"killed_by":"Gremlin Nob","ascension_level":1}}