{"host":"pl1fbpkom0aq337f","time":1607968819,"event":{"mods":["AchievementEnabler","BaseMod","Colored Map","Minty Spire (QoL Compilation)"],"gold_per_floor":[217,13,29,29,48,81,81,107,107,125,135,145,145,70,70,175,175,188,17,34,34,44,44,44,73,73,73,73,103,103,33,52,52,52,151,151,164,21,40,52,107,123,123,135,168,218,218,252,272,272,286,311,331,331,331,331],"floor_reached":57,"playtime":5331,"items_purged":["Strike_G","Strike_G"],"score":1135,"play_id":"15e7234d-ec63-46cf-8885-9d0c7301bfde","local_time":"20201214190019","is_ascension_mode":true,"campfire_choices":[{"floor":7.0,"key":"REST"},{"floor":13.0,"key":"REST"},{"data":"Footwork","floor":15.0,"key":"SMITH"},{"floor":24,"key":"REST"},{"data":"Well Laid Plans","floor":26,"key":"SMITH"},{"data":"Tools of the Trade","floor":30,"key":"SMITH"},{"floor":34,"key":"REST"},{"floor":43,"key":"REST"},{"floor":50,"key":"REST"},{"floor":54,"key":"REST"},{"floor":55,"key":"REST"}],"circlet_count":0,"master_deck":["Strike_G","Strike_G","Strike_G","Defend_G","Defend_G","Defend_G","Defend_G","Defend_G","Survivor","Neutralize","Well Laid Plans+1","Footwork+1","Dagger Throw","Tactician","Deflect","PiercingWail","Backflip","Reflex","Flechettes","Backflip","Corpse Explosion","Dodge and Roll+1","Eviscerate","Grand Finale","Acrobatics","Underhanded Strike+1","Tools of the Trade+1","Footwork+1","Tactician+1","Backflip+1","Backflip+1","Underhanded Strike+1","Prepared+1","Prepared+1","Reflex+1","Reflex+1","Underhanded Strike+1","Underhanded Strike+1","Escape Plan+1","PiercingWail+1"],"relics":["Ring of the Snake","Singing Bowl","Omamori","Matryoshka","Cursed Key","PreservedInsect","Ancient Tea Set","StrikeDummy","Dream Catcher","Nunchaku","Toxic Egg 2","Fusion Hammer","Potion Belt","Gambling Chip","White Beast Statue","Lizard Tail","Question Card","Oddly Smooth Stone"],"acts_visited":["Exordium","TheCity","TheBeyond"],"potions_floor_usage":[22,25,29,35,48,56,56,56],"damage_taken":[{"damage":0.0,"enemies":"Cultist","floor":1.0,"turns":4.0},{"damage":6.0,"enemies":"Small Slimes","floor":3.0,"turns":3.0},{"damage":0.0,"enemies":"2 Louse","floor":5.0,"turns":3.0},{"damage":42.0,"enemies":"Gremlin Nob","floor":6.0,"turns":6.0},{"damage":16.0,"enemies":"Lagavulin","floor":8.0,"turns":10.0},{"damage":7.0,"enemies":"Exordium Wildlife","floor":10.0,"turns":7.0},{"damage":0.0,"enemies":"3 Louse","floor":11.0,"turns":1.0},{"damage":5.0,"enemies":"Gremlin Gang","floor":12.0,"turns":7.0},{"damage":24.0,"enemies":"Slime Boss","floor":16.0,"turns":16.0},{"damage":4.0,"enemies":"3 Byrds","floor":18.0,"turns":4.0},{"damage":14.0,"enemies":"Shell Parasite","floor":20.0,"turns":7.0},{"damage":7,"enemies":"Snecko","floor":22,"turns":4},{"damage":1,"enemies":"Slavers","floor":25,"turns":7},{"damage":14,"enemies":"Book of Stabbing","floor":29,"turns":6},{"damage":5,"enemies":"Centurion and Healer","floor":32,"turns":4},{"damage":13,"enemies":"Champ","floor":35,"turns":11},{"damage":1,"enemies":"Orb Walker","floor":37,"turns":4},{"damage":0,"enemies":"3 Shapes","floor":39,"turns":3},{"damage":12,"enemies":"Spire Growth","floor":40,"turns":6},{"damage":7,"enemies":"2 Orb Walkers","floor":41,"turns":3},{"damage":20,"enemies":"Writhing Mass","floor":42,"turns":5},{"damage":0,"enemies":"3 Darklings","floor":44,"turns":3},{"damage":0,"enemies":"Giant Head","floor":45,"turns":5},{"damage":0,"enemies":"Mind Bloom Boss Battle","floor":46,"turns":5},{"damage":3,"enemies":"Reptomancer","floor":48,"turns":4},{"damage":3,"enemies":"4 Shapes","floor":49,"turns":4},{"damage":0,"enemies":"Maw","floor":51,"turns":5},{"damage":7,"enemies":"Nemesis","floor":52,"turns":3},{"damage":0,"enemies":"Writhing Mass","floor":53,"turns":4},{"damage":10,"enemies":"Awakened One","floor":56,"turns":15}],"seed_played":"3143002575099319960","potions_obtained":[{"floor":3.0,"key":"LiquidMemories"},{"floor":6.0,"key":"BlessingOfTheForge"},{"floor":10.0,"key":"Explosive Potion"},{"floor":12.0,"key":"ColorlessPotion"},{"floor":16.0,"key":"SpeedPotion"},{"floor":18.0,"key":"Strength Potion"},{"floor":20.0,"key":"Block Potion"},{"floor":22,"key":"SkillPotion"},{"floor":35,"key":"ColorlessPotion"},{"floor":40,"key":"LiquidMemories"},{"floor":41,"key":"Fire Potion"},{"floor":42,"key":"DistilledChaos"},{"floor":45,"key":"SkillPotion"},{"floor":46,"key":"DuplicationPotion"},{"floor":48,"key":"FairyPotion"},{"floor":52,"key":"DuplicationPotion"}],"is_trial":false,"path_per_floor":["M","$","M","?","M","E","R","E","T","M","M","M","R","$","R","B",null,"M","$","M","?","M","?","R","E","R","T","T","E","R","$","M","?","R","B",null,"M","$","M","M","?","M","R","M","E","?","T","E","M","R","M","E","M","R","R","B",null],"character_chosen":"THE_SILENT","items_purchased":["Footwork","Dagger Throw","Tactician","Eviscerate","Tactician+1","Potion Belt"],"campfire_rested":8,"item_purchase_floors":[2,2,2,19,31,38],"current_hp_per_floor":[63,63,57,62,62,20,42,26,26,19,19,14,36,36,36,12,59,55,55,41,41,34,20,44,43,43,43,43,29,29,29,26,14,38,27,70,69,69,69,57,52,34,60,60,62,64,64,63,60,90,90,83,83,96,98,88],"gold":331,"neow_bonus":"HUNDRED_GOLD","is_daily":false,"chose_seed":false,"campfire_upgraded":3,"win_rate":0.0,"timestamp":1607968819,"path_taken":["M","$","M","?","M","E","R","E","T","M","M","M","R","$","R","BOSS","M","$","M","?","M","?","R","E","R","T","T","E","R","?","M","?","R","BOSS","M","$","?","?","?","M","R","M","E","?","T","E","M","R","M","E","M","R","R","BOSS"],"items_purchased_type":["Card","Card","Card","Card","Card","Relic"],"build_version":"2020-12-13","purchased_purges":2,"victory":true,"max_hp_per_floor":[70,70,70,75,75,75,75,75,75,75,75,75,75,75,75,75,75,75,75,75,75,75,80,80,80,80,80,80,80,80,80,82,82,82,84,84,84,84,84,84,86,88,88,88,90,92,92,94,94,96,96,96,96,96,98,98],"card_choices":[{"not_picked":["Dagger Spray","Infinite Blades"],"picked":"Well Laid Plans","floor":1.0},{"not_picked":["Outmaneuver","Caltrops"],"picked":"Deflect","floor":3.0},{"not_picked":["Slice","Bane","Outmaneuver"],"picked":"SKIP","floor":5.0},{"not_picked":["Sucker Punch","Tools of the Trade"],"picked":"PiercingWail","floor":6.0},{"not_picked":["Glass Knife","Backstab"],"picked":"Backflip","floor":8.0},{"not_picked":["Prepared","Dagger Throw"],"picked":"Reflex","floor":10.0},{"not_picked":["All Out Attack","Noxious Fumes"],"picked":"Flechettes","floor":11.0},{"not_picked":["Quick Slash","Prepared"],"picked":"Backflip","floor":12.0},{"not_picked":["Night Terror","Wraith Form v2"],"picked":"Corpse Explosion","floor":16.0},{"not_picked":["PiercingWail+1","Blade Dance"],"picked":"Dodge and Roll+1","floor":18.0},{"not_picked":["Cloak And Dagger","Poisoned Stab+1"],"picked":"Grand Finale","floor":20.0},{"not_picked":["Bouncing Flask+1","Crippling Poison"],"picked":"Underhanded Strike+1","floor":22},{"not_picked":["Noxious Fumes","Slice"],"picked":"Tools of the Trade","floor":25},{"not_picked":["PiercingWail+1","Backflip+1"],"picked":"Footwork+1","floor":29},{"not_picked":["Slice","Bouncing Flask+1","Unload"],"picked":"Singing Bowl","floor":32},{"not_picked":["Dash","Deflect+1"],"picked":"Backflip+1","floor":34},{"not_picked":["Unload","Bullet Time+1","Storm of Steel+1"],"picked":"Singing Bowl","floor":35},{"not_picked":["Deflect+1","Slice"],"picked":"Backflip+1","floor":37},{"not_picked":["Catalyst+1","Predator+1"],"picked":"Underhanded Strike+1","floor":39},{"not_picked":["Cloak And Dagger+1","Deflect+1"],"picked":"Prepared+1","floor":40},{"not_picked":["Quick Slash","Heel Hook+1","Infinite Blades"],"picked":"Singing Bowl","floor":41},{"not_picked":["Choke+1","Backflip+1","Caltrops+1"],"picked":"Singing Bowl","floor":42},{"not_picked":["Cloak And Dagger+1","Underhanded Strike"],"picked":"Prepared+1","floor":43},{"not_picked":["Accuracy","Deflect+1"],"picked":"Reflex+1","floor":44},{"not_picked":["Deflect+1","Choke","Venomology+1"],"picked":"Singing Bowl","floor":45},{"not_picked":["Backflip+1","Catalyst+1","Quick Slash"],"picked":"Singing Bowl","floor":46},{"not_picked":["Quick Slash+1","Poisoned Stab","Deadly Poison+1"],"picked":"Singing Bowl","floor":48},{"not_picked":["Cloak And Dagger+1","Predator+1","Sucker Punch+1"],"picked":"Reflex+1","floor":49},{"not_picked":["Flying Knee+1","Catalyst+1","Backflip+1","Masterful Stab"],"picked":"Singing Bowl","floor":50},{"not_picked":["Heel Hook+1","Leg Sweep+1","Acrobatics+1"],"picked":"Underhanded Strike+1","floor":51},{"not_picked":["All Out Attack+1","Die Die Die","Flying Knee+1"],"picked":"Underhanded Strike+1","floor":52},{"not_picked":["Reflex+1","Backstab+1","Finisher"],"picked":"Escape Plan+1","floor":53},{"not_picked":["Acrobatics+1","Noxious Fumes","Quick Slash"],"picked":"PiercingWail+1","floor":54},{"not_picked":["Masterful Stab+1","All Out Attack+1","Dagger Throw","Sucker Punch+1"],"picked":"Singing Bowl","floor":55}],"player_experience":379432,"relics_obtained":[{"floor":6.0,"key":"Singing Bowl"},{"floor":8.0,"key":"Omamori"},{"floor":9.0,"key":"Matryoshka"},{"floor":25,"key":"PreservedInsect"},{"floor":27,"key":"Ancient Tea Set"},{"floor":27,"key":"StrikeDummy"},{"floor":28,"key":"Dream Catcher"},{"floor":28,"key":"Nunchaku"},{"floor":29,"key":"Toxic Egg 2"},{"floor":41,"key":"Gambling Chip"},{"floor":45,"key":"White Beast Statue"},{"floor":46,"key":"Lizard Tail"},{"floor":48,"key":"Question Card"},{"floor":52,"key":"Oddly Smooth Stone"}],"event_choices":[{"damage_healed":0.0,"max_hp_gain":5.0,"max_hp_loss":0.0,"gold_gain":0.0,"event_name":"Big Fish","player_choice":"Donut","floor":4.0,"gold_loss":0.0,"damage_taken":0.0},{"damage_healed":0.0,"max_hp_gain":0.0,"max_hp_loss":0.0,"gold_gain":0.0,"event_name":"The Library","player_choice":"Read","floor":21.0,"gold_loss":0.0,"damage_taken":0.0,"cards_obtained":["Acrobatics"]},{"damage_healed":0,"gold_gain":0,"player_choice":"Shed Blood","damage_taken":19,"max_hp_gain":5,"max_hp_loss":0,"event_name":"Forgotten Altar","floor":23,"gold_loss":0},{"damage_healed":0,"gold_gain":0,"player_choice":"POTION ","damage_taken":12,"max_hp_gain":0,"max_hp_loss":0,"event_name":"Knowing Skull","floor":33,"potions_obtained":["GhostInAJar"],"gold_loss":0,"cards_obtained":[]},{"damage_healed":0,"gold_gain":0,"player_choice":"Fight","damage_taken":0,"max_hp_gain":0,"max_hp_loss":0,"event_name":"Mysterious Sphere","floor":41,"gold_loss":0},{"damage_healed":0,"gold_gain":0,"player_choice":"Fight","damage_taken":0,"max_hp_gain":0,"max_hp_loss":0,"event_name":"MindBloom","floor":46,"gold_loss":0}],"is_beta":false,"boss_relics":[{"not_picked":["Ring of the Serpent","Astrolabe"],"picked":"Cursed Key"},{"not_picked":["Busted Crown","WristBlade"],"picked":"Fusion Hammer"}],"items_purged_floors":[14,19],"is_endless":false,"potions_floor_spawned":[3,6,10,12,16,18,20,22,35,40,41,42,45,46,48,49,51,52,53],"ascension_level":6}}