{"host":"yecadp3kwkksam5a","time":1607965765,"event":{"mods":["BaseMod","Minty Spire (QoL Compilation)","Replay The Spire","StSLib"],"gold_per_floor":[117,131,151,167,177,177,196,196,196,196,196,41,63,95,95,199,199,215,233,148,163,176,176,210,224,224,224,257,272,306,339,339,440,440,452,466,180,180,196,196,221,221,221,221,250,267,32,59,59,59,59,59,9,43,43],"floor_reached":56,"playtime":4556,"items_purged":["Normality","Strike_G","Strike_G","Defend_G"],"score":1796,"play_id":"c81f14c8-1b7f-459e-bb96-c3d9aee50a75","local_time":"20201215020925","is_ascension_mode":true,"campfire_choices":[{"data":"Toxin Wave","floor":6.0,"key":"SMITH"},{"floor":8.0,"key":"REST"},{"data":"Noxious Fumes","floor":11.0,"key":"SMITH"},{"data":"Crippling Poison","floor":15.0,"key":"SMITH"},{"data":"Neutralize","floor":23.0,"key":"SMITH"},{"floor":32,"key":"RECALL"},{"data":"After Image","floor":40,"key":"SMITH"},{"data":"Dodge and Roll","floor":42,"key":"SMITH"},{"data":"Dodge and Roll","floor":44,"key":"SMITH"},{"data":"Escape Plan","floor":52,"key":"SMITH"}],"circlet_count":0,"master_deck":["Defend_G","Defend_G","Defend_G","Survivor","Neutralize+1","Toxin Wave+1","Noxious Fumes+1","Escape Plan+1","Fluid Movement","Dodge and Roll","Backflip","Crippling Poison+1","Backflip","Adrenaline","Corpse Explosion","CommonCold","Prepared+1","PiercingWail","Dodge and Roll","Caltrops+1","CommonCold","Draining Mist+1","Dodge and Roll+1","Toxin Wave+1","After Image+1","Replay:Poison Smokescreen","Footwork+1","Fluid Movement","Dodge and Roll+1","Backstab","Dodge and Roll+1","Sneak Up","Thinking Ahead","Bouncing Flask","Venomology","PiercingWail+1"],"relics":["Ring of the Snake","Garlic","ReplayTheSpireMod:Ring of Collecting","Ring of Misfortune","Odd Mushroom","Omamori","Replay:Ancient Bell","Replay:Rubber Ducky","Iron Hammer","TungstenRod","Bronze Scales","StoneCalendar","Ring of Peace","InkBottle","Mirror","Bag of Preparation","Red Mask","Honey Jar","Oddly Smooth Stone","Replay:Bottled Flurry","ReplayTheSpireMod:Ring of Addiction","Onion Ring","SacredBark","Toy Ornithopter","Smiling Mask","Bottled Flame","Boot"],"acts_visited":["Exordium","TheCity","TheBeyond","TheEnding"],"potions_floor_usage":[50,55],"damage_taken":[{"damage":4.0,"enemies":"Jaw Worm","floor":1.0,"turns":5.0},{"damage":0.0,"enemies":"Small Slimes","floor":2.0,"turns":2.0},{"damage":0.0,"enemies":"2 Louse","floor":3.0,"turns":3.0},{"damage":8.0,"enemies":"Red Slaver","floor":4.0,"turns":5.0},{"damage":8.0,"enemies":"3 Louse","floor":5.0,"turns":3.0},{"damage":0.0,"enemies":"2 Fungi Beasts","floor":7.0,"turns":4.0},{"damage":4.0,"enemies":"The Mushroom Lair","floor":13.0,"turns":4.0},{"damage":16.0,"enemies":"Lagavulin","floor":14.0,"turns":7.0},{"damage":13.0,"enemies":"The Guardian","floor":16.0,"turns":9.0},{"damage":0.0,"enemies":"3 Byrds","floor":18.0,"turns":2.0},{"damage":0.0,"enemies":"Shell Parasite","floor":19.0,"turns":6.0},{"damage":0.0,"enemies":"Snake Plant","floor":21.0,"turns":4.0},{"damage":1.0,"enemies":"Sentry and Sphere","floor":22.0,"turns":5.0},{"damage":0.0,"enemies":"Book of Stabbing","floor":24.0,"turns":6.0},{"damage":0,"enemies":"Cultist and Chosen","floor":25,"turns":4},{"damage":0,"enemies":"Gremlin Leader","floor":28,"turns":7},{"damage":0,"enemies":"Chosen and Byrds","floor":29,"turns":4},{"damage":0,"enemies":"Book of Stabbing","floor":30,"turns":5},{"damage":5,"enemies":"Masked Bandits","floor":31,"turns":3},{"damage":9,"enemies":"Collector","floor":33,"turns":9},{"damage":0,"enemies":"3 Darklings","floor":35,"turns":3},{"damage":0,"enemies":"Orb Walker","floor":36,"turns":4},{"damage":0,"enemies":"Spire Growth","floor":39,"turns":6},{"damage":1,"enemies":"Reptomancer","floor":41,"turns":6},{"damage":0,"enemies":"Nemesis","floor":45,"turns":7},{"damage":0,"enemies":"3 Darklings","floor":46,"turns":3},{"damage":0,"enemies":"R_Hoarder","floor":48,"turns":9},{"damage":0,"enemies":"Replay:Hell Engine","floor":50,"turns":10},{"damage":0,"enemies":"Shield and Spear","floor":54,"turns":5},{"damage":0,"enemies":"The Heart","floor":55,"turns":11}],"seed_played":"3409414240004842826","potions_obtained":[{"floor":1.0,"key":"GamblersBrew"},{"floor":2.0,"key":"Regen Potion"},{"floor":5.0,"key":"Strength Potion"},{"floor":22.0,"key":"GhostInAJar"},{"floor":30,"key":"GhostInAJar"},{"floor":36,"key":"LiquidMemories"},{"floor":39,"key":"Reflective Coating"},{"floor":43,"key":"LiquidMemories"},{"floor":43,"key":"Death Potion"},{"floor":43,"key":"LifebloodPotion"},{"floor":46,"key":"Poison Potion"},{"floor":54,"key":"SkillPotion"}],"is_trial":false,"path_per_floor":["M","M","M","M","M","R","M","R","T","?","R","$","?","E","R","B",null,"M","M","?","M","M","R","E","M","T","?","E","M","E","?","R","B",null,"M","M","$","?","M","R","E","R","T","R","E","M","$","E","R","B",null,"R","$","E","B",null],"character_chosen":"THE_SILENT","items_purchased":["Crippling Poison","Fluid Movement","Oddly Smooth Stone","Thinking Ahead"],"campfire_rested":1,"item_purchase_floors":[12,37,37,47],"current_hp_per_floor":[41,41,41,33,25,25,25,46,46,46,46,46,42,26,26,13,56,56,56,56,56,55,55,55,55,55,55,55,55,55,50,50,41,63,63,63,63,63,63,63,62,62,62,62,62,62,62,62,62,66,66,66,66,64,64],"gold":43,"neow_bonus":"REMOVE_TWO","is_daily":false,"chose_seed":false,"campfire_upgraded":8,"win_rate":0.0,"timestamp":1607965765,"path_taken":["M","M","M","M","M","R","M","R","T","?","R","$","?","E","R","BOSS","M","M","?","M","M","R","E","M","T","?","E","M","E","?","R","BOSS","M","M","$","?","M","R","E","R","T","R","E","?","$","E","R","BOSS","R","$","E","BOSS"],"items_purchased_type":["Card","Card","Relic","Card"],"build_version":"2020-12-13","purchased_purges":4,"victory":true,"max_hp_per_floor":[70,70,70,70,70,70,70,70,70,70,70,70,70,70,70,70,70,70,70,70,70,70,70,70,70,70,70,70,70,70,70,70,70,70,70,70,70,70,70,70,70,70,70,70,70,70,68,68,68,66,66,66,66,64,64],"card_choices":[{"not_picked":["Endless Agony","Deadly Poison"],"picked":"Toxin Wave","floor":1.0},{"not_picked":["Bane","Dodge and Roll"],"picked":"Noxious Fumes","floor":2.0},{"not_picked":["Flying Knee","Hidden Blade"],"picked":"Escape Plan","floor":3.0},{"not_picked":["Deflect","Sucker Punch"],"picked":"Fluid Movement","floor":4.0},{"not_picked":["Underhanded Strike","Choke"],"picked":"Dodge and Roll","floor":5.0},{"not_picked":["Sucker Punch","Dagger Spray"],"picked":"Backflip","floor":7.0},{"not_picked":["Flying Knee","Dagger Throw"],"picked":"Backflip","floor":13.0},{"not_picked":["PiercingWail","Flechettes"],"picked":"Adrenaline","floor":14.0},{"not_picked":["Doppelganger","Tools of the Trade"],"picked":"Corpse Explosion","floor":16.0},{"not_picked":["Shame","Overencumbered"],"picked":"Amnesia","floor":17.0},{"not_picked":["Shame","CurseOfTheBell"],"picked":"CommonCold","floor":17.0},{"not_picked":["Amnesia","ReplayTheSpireMod:IOU"],"picked":"CommonCold","floor":17.0},{"not_picked":["Dagger Spray+1","Choke","Backflip"],"picked":"SKIP","floor":18.0},{"not_picked":["Predator","Well Laid Plans","Phantasmal Killer"],"picked":"SKIP","floor":19.0},{"not_picked":["PiercingWail","Slice"],"picked":"Prepared+1","floor":21.0},{"not_picked":["Skewer+1","Cloak And Dagger"],"picked":"PiercingWail","floor":22.0},{"not_picked":["Calculated Gamble+1","Tactician"],"picked":"Dodge and Roll","floor":24.0},{"not_picked":["Backstab","Infinite Blades"],"picked":"Caltrops+1","floor":25},{"not_picked":["Hidden Blade","Slice","Outmaneuver"],"picked":"SKIP","floor":28},{"not_picked":["Dash+1","Setup+1"],"picked":"Draining Mist+1","floor":29},{"not_picked":["Underhanded Strike","Outmaneuver+1"],"picked":"Dodge and Roll","floor":30},{"not_picked":["Acrobatics","Replay:Poison Smokescreen"],"picked":"Toxin Wave+1","floor":31},{"not_picked":["ReplayTheSpireMod:From All Sides","Glass Knife"],"picked":"After Image","floor":33},{"not_picked":["Sucker Punch","Leg Sweep+1","ReplayTheSpireMod:Tripwire"],"picked":"Replay:Poison Smokescreen","floor":35},{"not_picked":["Acrobatics+1","Deadly Poison","Deflect+1"],"picked":"Footwork+1","floor":36},{"not_picked":["Deflect","PiercingWail","Prepared"],"picked":"Dodge and Roll","floor":39},{"not_picked":["Sucker Punch","ReplayTheSpireMod:Scrap Shanks+1","Blade Dance"],"picked":"Backstab","floor":41},{"not_picked":["Deflect","Accuracy+1","Atom Bomb"],"picked":"Dodge and Roll+1","floor":45},{"not_picked":["Cloak And Dagger+1","Quick Slash+1","Outmaneuver+1"],"picked":"Sneak Up","floor":46},{"not_picked":["Tools of the Trade","Poisoned Stab+1","Deadly Poison+1"],"picked":"Bouncing Flask","floor":48},{"not_picked":["Deadly Poison","Expertise+1","Hidden Blade+1"],"picked":"PiercingWail+1","floor":54}],"player_experience":175068,"relics_obtained":[{"floor":9.0,"key":"Garlic"},{"floor":10.0,"key":"ReplayTheSpireMod:Ring of Collecting"},{"floor":10.0,"key":"Ring of Misfortune"},{"floor":13.0,"key":"Odd Mushroom"},{"floor":14.0,"key":"Omamori"},{"floor":24.0,"key":"StoneCalendar"},{"floor":26,"key":"Ring of Peace"},{"floor":28,"key":"Mirror"},{"floor":30,"key":"Bag of Preparation"},{"floor":31,"key":"Red Mask"},{"floor":41,"key":"Replay:Bottled Flurry"},{"floor":43,"key":"ReplayTheSpireMod:Ring of Addiction"},{"floor":43,"key":"Onion Ring"},{"floor":43,"key":"SacredBark"},{"floor":43,"key":"Toy Ornithopter"},{"floor":45,"key":"Smiling Mask"},{"floor":48,"key":"Bottled Flame"},{"floor":54,"key":"Boot"}],"event_choices":[{"damage_healed":0.0,"max_hp_gain":0.0,"max_hp_loss":0.0,"gold_gain":0.0,"event_name":"Mushrooms","player_choice":"Fought Mushrooms","floor":13.0,"gold_loss":0.0,"damage_taken":0.0},{"damage_healed":0.0,"max_hp_gain":0.0,"max_hp_loss":0.0,"gold_gain":0.0,"event_name":"Addict","player_choice":"Obtained Relic","floor":20.0,"gold_loss":85.0,"damage_taken":0.0,"relics_obtained":["Bronze Scales"]},{"damage_healed":0,"gold_gain":0,"player_choice":"Fought Bandits","damage_taken":0,"max_hp_gain":0,"max_hp_loss":0,"event_name":"Masked Bandits","floor":31,"gold_loss":0},{"cards_removed":["Strike_G"],"damage_healed":0,"gold_gain":0,"player_choice":"Purged","damage_taken":0,"max_hp_gain":0,"max_hp_loss":0,"event_name":"Purifier","floor":38,"gold_loss":0}],"is_beta":false,"boss_relics":[{"not_picked":["Cursed Key","Pandora\u0027s Box"],"picked":"Replay:Ancient Bell"},{"not_picked":["Toy Ornithopter","Replay:Bandana"],"picked":"Replay:Rubber Ducky"},{"not_picked":["ReplayTheSpireMod:Ninjato","Replay:Bottled Snecko"],"picked":"Iron Hammer"},{"not_picked":["Old Coin","Tingsha"],"picked":"TungstenRod"},{"not_picked":["Snecko Eye","Replay:Drink Me"],"picked":"Honey Jar"}],"items_purged_floors":[12,37,47,53],"is_endless":false,"potions_floor_spawned":[1,2,5,14,16,18,22,30,33,36,39,46,54],"ascension_level":9}}