{"host":"h0xw20cia6ppa69g","time":1607934317,"event":{"mods":["AchievementEnabler","BaseMod","Colored Map","Googly Eyes","Minty Spire (QoL Compilation)","Relic Stats","StSLib","The Awakened One except there are too many feathers","everything is the same but u backflip on backflip"],"gold_per_floor":[118,118,136,14,14,47,47,60,60,60,75,95,105,125,125,227,227,247,61,160,160,176,203,118,146,146,172,172,205,228,228,228,327,327,342,357,405,73,73,73,100,100,124,124,139,139,154,189,189,189,189,189,6,35,35,35],"floor_reached":55,"playtime":4482,"items_purged":["Strike_B","Strike_B"],"score":919,"play_id":"daa84fc0-e646-4077-a9ed-f74392a6fe4a","local_time":"20201214022517","is_ascension_mode":true,"campfire_choices":[{"data":"Dualcast","floor":7.0,"key":"SMITH"},{"data":"Consume","floor":15.0,"key":"SMITH"},{"floor":28.0,"key":"REST"},{"floor":32.0,"key":"REST"},{"floor":40.0,"key":"RECALL"},{"data":"Turbo","floor":44.0,"key":"SMITH"},{"data":"Amplify","floor":49,"key":"SMITH"},{"data":"Seek","floor":52,"key":"SMITH"}],"circlet_count":0,"master_deck":["Defend_B","Defend_B","Defend_B","Dualcast+1","Electrodynamics","Cold Snap","Capacitor","Self Repair","Thunder Strike","Leap","Consume+1","Lockon","Hologram","Sweeping Beam","Creative AI","Turbo+1","Glacier","Aggregate","Coolheaded","Heatsinks","Tempest","Core Surge","Consume+1","Amplify+1","Streamline+1","Skim+1","Recycle+1","Glacier+1","Stack","Seek+1","Madness","Impatience","Fusion+1","Madness","Madness","Parasite","Coolheaded+1","Redo+1","Turbo","Echo Form","Storm"],"relics":["Cracked Core","DataDisk","Pear","Thread and Needle","Inserter","MealTicket","Juzu Bracelet","Potion Belt","Ancient Tea Set","Nunchaku","Astrolabe","Emotion Chip","OrangePellets","Letter Opener","PreservedInsect","Art of War","Cables"],"acts_visited":["Exordium","TheCity","TheBeyond","TheEnding"],"potions_floor_usage":[47,55,55,55,55],"damage_taken":[{"damage":0.0,"enemies":"2 Louse","floor":1.0,"turns":2.0},{"damage":0.0,"enemies":"Jaw Worm","floor":3.0,"turns":3.0},{"damage":28.0,"enemies":"3 Sentries","floor":6.0,"turns":5.0},{"damage":12.0,"enemies":"Small Slimes","floor":8.0,"turns":2.0},{"damage":0.0,"enemies":"Blue Slaver","floor":11.0,"turns":3.0},{"damage":1.0,"enemies":"Lots of Slimes","floor":12.0,"turns":3.0},{"damage":3.0,"enemies":"3 Louse","floor":13.0,"turns":4.0},{"damage":1.0,"enemies":"Exordium Thugs","floor":14.0,"turns":3.0},{"damage":0.0,"enemies":"Hexaghost","floor":16.0,"turns":8.0},{"damage":13.0,"enemies":"Shell Parasite","floor":18.0,"turns":12.0},{"damage":6.0,"enemies":"2 Thieves","floor":22.0,"turns":4.0},{"damage":20.0,"enemies":"Book of Stabbing","floor":23.0,"turns":10.0},{"damage":25.0,"enemies":"Slavers","floor":25.0,"turns":2.0},{"damage":23.0,"enemies":"Gremlin Leader","floor":27.0,"turns":11.0},{"damage":48.0,"enemies":"Book of Stabbing","floor":29.0,"turns":6.0},{"damage":0.0,"enemies":"Champ","floor":33.0,"turns":13.0},{"damage":8.0,"enemies":"3 Darklings","floor":35.0,"turns":3.0},{"damage":10.0,"enemies":"Orb Walker","floor":36.0,"turns":5.0},{"damage":21.0,"enemies":"2 Orb Walkers","floor":37.0,"turns":4.0},{"damage":42.0,"enemies":"Giant Head","floor":41.0,"turns":12.0},{"damage":1,"enemies":"4 Shapes","floor":45,"turns":15},{"damage":9,"enemies":"Writhing Mass","floor":47,"turns":11},{"damage":2,"enemies":"Reptomancer","floor":48,"turns":45},{"damage":29,"enemies":"Awakened One","floor":50,"turns":45},{"damage":32,"enemies":"Shield and Spear","floor":54,"turns":4},{"damage":60,"enemies":"The Heart","floor":55,"turns":6}],"seed_played":"8168899962956334594","potions_obtained":[{"floor":8.0,"key":"Block Potion"},{"floor":11.0,"key":"AttackPotion"},{"floor":13.0,"key":"SkillPotion"},{"floor":18.0,"key":"PowerPotion"},{"floor":23.0,"key":"Strength Potion"},{"floor":27.0,"key":"SneckoOil"},{"floor":29.0,"key":"Ancient Potion"},{"floor":35.0,"key":"FocusPotion"},{"floor":41.0,"key":"PotionOfCapacity"},{"floor":48,"key":"LiquidBronze"}],"is_trial":false,"path_per_floor":["M","?","M","$","?","E","R","M","T","?","M","M","M","M","R","B",null,"M","$","?","?","M","E","?","E","T","E","R","E","T","?","R","B",null,"M","M","?","$","?","R","E","?","T","R","M","?","M","E","R","B",null,"R","$","E","B"],"character_chosen":"DEFECT","items_purchased":["Self Repair","Barrage","Glacier","Aggregate","OrangePellets","Seek","Turbo","Echo Form"],"campfire_rested":2,"item_purchase_floors":[4,4,19,19,38,38,53,53],"current_hp_per_floor":[54,47,47,47,47,26,26,21,31,6,13,19,23,29,29,36,85,79,79,79,79,80,67,67,42,42,26,51,10,10,10,35,42,85,84,74,67,82,72,72,44,33,33,33,46,46,44,42,42,27,85,85,85,60,0,0],"gold":35,"neow_bonus":"THREE_RARE_CARDS","is_daily":false,"chose_seed":false,"campfire_upgraded":5,"win_rate":0.0,"timestamp":1607934317,"path_taken":["M","?","M","$","?","E","R","M","T","?","M","M","M","M","R","BOSS","M","$","?","?","?","E","?","E","T","E","R","E","?","?","R","BOSS","M","M","?","$","?","R","E","?","T","R","M","?","M","E","R","BOSS","R","$","E","BOSS"],"items_purchased_type":["Card","Card","Card","Card","Relic","Card","Card","Card"],"build_version":"2020-12-13","purchased_purges":2,"victory":false,"max_hp_per_floor":[75,75,75,75,75,75,75,75,85,85,85,85,85,85,85,85,85,85,85,85,85,85,85,85,85,85,85,85,85,85,85,85,85,85,85,85,85,85,85,85,85,85,85,85,85,85,85,85,85,85,85,85,85,85,85,85],"relic_stats":{"Inserter":[79],"counters":[26,241],"Astrolabe":["Streamline","Skim","Recycle"],"PreservedInsect":126,"Juzu Bracelet":1,"Letter Opener":[436],"Cables":[9,5,4,0,0],"OrangePellets":[8],"Nunchaku":[12],"Emotion Chip":[71,35,35,0,1],"MealTicket":15,"Art of War":[13],"obtain_stats":[{"Potion Belt":27,"Pear":9,"Inserter":17,"Astrolabe":34,"Thread and Needle":10,"PreservedInsect":43,"Juzu Bracelet":24,"Letter Opener":41,"Ancient Tea Set":29,"Cables":54,"OrangePellets":38,"DataDisk":6,"Nunchaku":30,"Emotion Chip":37,"MealTicket":23,"Art of War":48,"Cracked Core":0},{"Potion Belt":14,"Pear":4,"Inserter":9,"Astrolabe":16,"Thread and Needle":4,"PreservedInsect":20,"Juzu Bracelet":12,"Letter Opener":20,"Ancient Tea Set":15,"Cables":25,"OrangePellets":19,"DataDisk":3,"Nunchaku":15,"Emotion Chip":19,"MealTicket":12,"Art of War":23,"Cracked Core":0},{"Potion Belt":72,"Pear":12,"Inserter":33,"Astrolabe":91,"Thread and Needle":12,"PreservedInsect":115,"Juzu Bracelet":59,"Letter Opener":115,"Ancient Tea Set":78,"Cables":235,"OrangePellets":103,"DataDisk":10,"Nunchaku":78,"Emotion Chip":103,"MealTicket":59,"Art of War":186,"Cracked Core":0}]},"card_choices":[{"not_picked":["Buffer","Reboot"],"picked":"Electrodynamics","floor":0.0},{"not_picked":["Conserve Battery","Redo"],"picked":"Cold Snap","floor":1.0},{"not_picked":["Steam","Reprogram"],"picked":"Capacitor","floor":3.0},{"not_picked":["Static Discharge","Steam"],"picked":"Thunder Strike","floor":6.0},{"not_picked":["Go for the Eyes","Darkness"],"picked":"Leap","floor":8.0},{"not_picked":["Gash","BootSequence"],"picked":"Consume","floor":11.0},{"not_picked":["Cold Snap","Undo"],"picked":"Lockon","floor":12.0},{"not_picked":["Go for the Eyes","Steam"],"picked":"Hologram","floor":13.0},{"not_picked":["Heatsinks","Gash"],"picked":"Sweeping Beam","floor":14.0},{"not_picked":["Core Surge","Thunder Strike"],"picked":"Creative AI","floor":16.0},{"not_picked":["Glacier","Undo+1"],"picked":"Turbo","floor":18.0},{"not_picked":["Reprogram+1","Stack"],"picked":"Coolheaded","floor":22.0},{"not_picked":["Tempest","Melter"],"picked":"Heatsinks","floor":23.0},{"not_picked":["Redo","Chaos","Scrape"],"picked":"SKIP","floor":25.0},{"not_picked":["Sunder+1","Redo"],"picked":"Tempest","floor":27.0},{"not_picked":["Turbo","Reprogram"],"picked":"Core Surge","floor":29.0},{"not_picked":["Rainbow","Machine Learning"],"picked":"Amplify","floor":33.0},{"not_picked":["Gash+1","Rebound"],"picked":"Glacier+1","floor":35.0},{"not_picked":["Rebound","Gash+1"],"picked":"Stack","floor":36.0},{"not_picked":["Flash of Steel","Transmutation"],"picked":"Madness","floor":39.0},{"not_picked":["Swift Strike","HandOfGreed"],"picked":"Impatience","floor":39.0},{"not_picked":["Blizzard","Sweeping Beam+1"],"picked":"Fusion+1","floor":41.0},{"not_picked":["Sweeping Beam","Rebound"],"picked":"Coolheaded+1","floor":47},{"not_picked":["Beam Cell+1","Self Repair"],"picked":"Redo+1","floor":48},{"not_picked":["Doom and Gloom","Ball Lightning+1"],"picked":"Storm","floor":54}],"player_experience":3494927,"relics_obtained":[{"floor":6.0,"key":"DataDisk"},{"floor":9.0,"key":"Pear"},{"floor":23.0,"key":"MealTicket"},{"floor":27.0,"key":"Potion Belt"},{"floor":29.0,"key":"Ancient Tea Set"},{"floor":30.0,"key":"Nunchaku"},{"floor":37.0,"key":"Emotion Chip"},{"floor":41.0,"key":"Letter Opener"},{"floor":43.0,"key":"PreservedInsect"},{"floor":48,"key":"Art of War"},{"floor":54,"key":"Cables"}],"event_choices":[{"cards_removed":["Strike_B"],"damage_healed":0.0,"max_hp_gain":0.0,"max_hp_loss":0.0,"gold_gain":0.0,"event_name":"Golden Wing","player_choice":"Card Removal","floor":2.0,"gold_loss":0.0,"damage_taken":7.0},{"damage_healed":0.0,"max_hp_gain":0.0,"max_hp_loss":0.0,"gold_gain":0.0,"event_name":"Liars Game","player_choice":"Ignored","floor":5.0,"gold_loss":0.0,"damage_taken":0.0},{"damage_healed":0.0,"max_hp_gain":0.0,"max_hp_loss":0.0,"gold_gain":0.0,"event_name":"Scrap Ooze","player_choice":"Success","floor":10.0,"gold_loss":0.0,"damage_taken":25.0,"relics_obtained":["Thread and Needle"]},{"damage_healed":0.0,"max_hp_gain":0.0,"max_hp_loss":0.0,"gold_gain":99.0,"event_name":"Nest","player_choice":"Stole From Cult","floor":20.0,"gold_loss":0.0,"damage_taken":0.0},{"damage_healed":0.0,"max_hp_gain":0.0,"max_hp_loss":0.0,"gold_gain":0.0,"event_name":"NoteForYourself","player_choice":"Ignored","floor":21.0,"gold_loss":0.0,"damage_taken":0.0},{"damage_healed":0.0,"max_hp_gain":0.0,"max_hp_loss":0.0,"gold_gain":0.0,"event_name":"Addict","player_choice":"Obtained Relic","floor":24.0,"gold_loss":85.0,"damage_taken":0.0,"relics_obtained":["Juzu Bracelet"]},{"damage_healed":0.0,"max_hp_gain":0.0,"max_hp_loss":0.0,"gold_gain":0.0,"event_name":"Duplicator","player_choice":"Copied","floor":31.0,"gold_loss":0.0,"damage_taken":0.0,"cards_obtained":["Consume"]},{"damage_healed":0.0,"max_hp_gain":0.0,"max_hp_loss":0.0,"gold_gain":0.0,"event_name":"Mysterious Sphere","player_choice":"Fight","floor":37.0,"gold_loss":0.0,"damage_taken":0.0},{"damage_healed":0.0,"max_hp_gain":0.0,"max_hp_loss":0.0,"gold_gain":0.0,"event_name":"SensoryStone","player_choice":"Memory 3","floor":39.0,"gold_loss":0.0,"damage_taken":10.0},{"damage_healed":0.0,"max_hp_gain":0.0,"max_hp_loss":0.0,"gold_gain":0.0,"event_name":"Winding Halls","player_choice":"Embrace Madness","floor":42.0,"gold_loss":0.0,"damage_taken":11.0,"cards_obtained":["Madness","Madness"]},{"cards_removed":["Barrage"],"damage_healed":0,"gold_gain":0,"player_choice":"Removed Attack","damage_taken":0,"max_hp_gain":0,"max_hp_loss":0,"event_name":"Falling","floor":46,"gold_loss":0}],"is_beta":false,"boss_relics":[{"not_picked":["Tiny House","Cursed Key"],"picked":"Inserter"},{"not_picked":["SlaversCollar","SacredBark"],"picked":"Astrolabe"}],"items_purged_floors":[19,38],"is_endless":false,"potions_floor_spawned":[8,11,13,14,18,23,27,29,35,41,48],"killed_by":"The Heart","ascension_level":1}}