{"host":"1tl36azeqm6yhdgj","time":1607964084,"event":{"mods":["AchievementEnabler","BaseMod","Minty Spire (QoL Compilation)","StSLib","The IronCluck","everything is the same but u backflip on backflip"],"gold_per_floor":[113,113,131,141,155,155,188,188,188,199,217,217,248,261,261,365,365,376,45,59,70,81,81,96,126,126,126,225,252,252,252,252,354,354,374,429,704,36,46,46,57,57,57],"floor_reached":42,"playtime":1403,"items_purged":["Pain","Regret"],"score":808,"play_id":"5e102637-ebfa-4ea1-b195-39aac00c718a","local_time":"20201214114124","is_ascension_mode":true,"campfire_choices":[{"data":"Cleave","floor":6.0,"key":"SMITH"},{"data":"Shrug It Off","floor":8.0,"key":"SMITH"},{"data":"Bash","floor":12.0,"key":"SMITH"},{"data":"Immolate","floor":15.0,"key":"SMITH"},{"floor":23.0,"key":"REST"},{"floor":27.0,"key":"RECALL"},{"data":"Demon Form","floor":32.0,"key":"SMITH"}],"circlet_count":0,"master_deck":["AscendersBane","Strike_R","Strike_R","Strike_R","Strike_R","Strike_R","Defend_R","Defend_R","Defend_R","Defend_R","Bash+1","Flex","Shrug It Off+1","Cleave+1","Fiend Fire","Shrug It Off+1","Dual Wield+1","Ghostly Armor+1","Immolate+1","Limit Break+1","CurseOfTheBell","Anger+1","Madness+1","Havoc+1","Warcry+1","Demon Form+1","Thunderclap+1","Burning Pact+1","Armaments+1","Exhume+1","True Grit+1","Feel No Pain","Barricade","Apotheosis+1","Madness+1","Rainbow+1","JustLucky"],"relics":["Burning Blood","NeowsBlessing","WarpedTongs","Shuriken","Toxic Egg 2","Lantern","Calling Bell","Red Skull","Question Card","Ginger","Sling","Torii","Mummified Hand","Bottled Flame","Black Star","Ice Cream","PrismaticShard"],"acts_visited":["Exordium","TheCity","TheBeyond"],"potions_floor_usage":[42],"damage_taken":[{"damage":0.0,"enemies":"2 Louse","floor":1.0,"turns":1.0},{"damage":1.0,"enemies":"Cultist","floor":3.0,"turns":1.0},{"damage":0.0,"enemies":"Small Slimes","floor":4.0,"turns":1.0},{"damage":14.0,"enemies":"Looter","floor":5.0,"turns":2.0},{"damage":10.0,"enemies":"3 Sentries","floor":7.0,"turns":5.0},{"damage":12.0,"enemies":"Blue Slaver","floor":10.0,"turns":3.0},{"damage":22.0,"enemies":"Exordium Thugs","floor":11.0,"turns":6.0},{"damage":21.0,"enemies":"Gremlin Nob","floor":13.0,"turns":4.0},{"damage":6.0,"enemies":"Red Slaver","floor":14.0,"turns":2.0},{"damage":12.0,"enemies":"Slime Boss","floor":16.0,"turns":11.0},{"damage":10.0,"enemies":"3 Byrds","floor":18.0,"turns":6.0},{"damage":0.0,"enemies":"Chosen","floor":20.0,"turns":4.0},{"damage":10.0,"enemies":"Snake Plant","floor":21.0,"turns":3.0},{"damage":26.0,"enemies":"Centurion and Healer","floor":22.0,"turns":3.0},{"damage":20.0,"enemies":"Shelled Parasite and Fungi","floor":24.0,"turns":5.0},{"damage":9.0,"enemies":"Slavers","floor":25.0,"turns":3.0},{"damage":13.0,"enemies":"Book of Stabbing","floor":29.0,"turns":4.0},{"damage":43.0,"enemies":"Champ","floor":33.0,"turns":8.0},{"damage":0.0,"enemies":"3 Darklings","floor":35.0,"turns":3.0},{"damage":28.0,"enemies":"2 Orb Walkers","floor":36.0,"turns":3.0},{"damage":16.0,"enemies":"3 Shapes","floor":39.0,"turns":3.0},{"damage":0.0,"enemies":"Giant Head","floor":40.0,"turns":1.0},{"damage":47,"enemies":"Maw","floor":41,"turns":9},{"damage":14,"enemies":"Spire Growth","floor":42,"turns":2}],"seed_played":"-1534681788936976396","potions_obtained":[{"floor":3.0,"key":"LiquidMemories"},{"floor":4.0,"key":"AttackPotion"},{"floor":10.0,"key":"ColorlessPotion"},{"floor":14.0,"key":"Block Potion"},{"floor":18.0,"key":"EssenceOfSteel"},{"floor":22.0,"key":"Explosive Potion"},{"floor":24.0,"key":"Swift Potion"},{"floor":29.0,"key":"SmokeBomb"},{"floor":36.0,"key":"SteroidPotion"},{"floor":41,"key":"Energy Potion"}],"is_trial":false,"path_per_floor":["M","?","M","M","M","R","E","R","T","M","M","R","E","M","R","B",null,"M","$","M","M","M","R","M","E","T","R","?","E","?","?","R","B",null,"M","?","?","$","M","E","M","M"],"character_chosen":"IRONCLAD","items_purchased":["Madness+1","Sling","Havoc+1","Barricade","PrismaticShard","Apotheosis+1","Madness+1"],"campfire_rested":1,"item_purchase_floors":[19,19,19,38,38,38,38],"current_hp_per_floor":[78,78,80,80,72,72,68,68,68,62,46,46,31,31,31,25,66,62,62,68,64,44,68,54,51,51,51,51,44,44,70,70,33,68,74,52,52,52,42,48,7,0,0],"gold":57,"neow_bonus":"THREE_ENEMY_KILL","is_daily":false,"chose_seed":false,"campfire_upgraded":5,"win_rate":0.0,"timestamp":1607964084,"path_taken":["M","?","M","M","?","R","E","R","T","M","M","R","E","M","R","BOSS","M","?","?","M","M","R","M","E","T","R","?","E","?","?","R","BOSS","M","?","?","$","?","E","M","M"],"items_purchased_type":["Card","Relic","Card","Card","Relic","Card","Card"],"build_version":"2020-12-13","purchased_purges":2,"victory":false,"max_hp_per_floor":[80,80,80,80,80,80,80,80,80,80,80,80,80,80,80,80,80,80,80,80,80,80,80,80,80,80,80,80,80,80,80,80,80,80,80,80,80,80,80,80,80,80,80],"card_choices":[{"not_picked":["Sword Boomerang","Ghostly Armor"],"picked":"Flex","floor":1.0},{"not_picked":["Second Wind","Armaments","Clothesline"],"picked":"SKIP","floor":3.0},{"not_picked":["Armaments","Havoc"],"picked":"Shrug It Off","floor":4.0},{"not_picked":["Twin Strike","Sever Soul"],"picked":"Cleave","floor":5.0},{"not_picked":["Headbutt","Perfected Strike"],"picked":"Fiend Fire","floor":7.0},{"not_picked":["Cleave","Dark Embrace"],"picked":"Shrug It Off+1","floor":10.0},{"not_picked":["Headbutt","Pommel Strike"],"picked":"Dual Wield+1","floor":11.0},{"not_picked":["Searing Blow","Warcry+1"],"picked":"Ghostly Armor+1","floor":13.0},{"not_picked":["Body Slam","Wild Strike"],"picked":"Immolate","floor":14.0},{"not_picked":["Fiend Fire","Brutality"],"picked":"Limit Break+1","floor":16.0},{"not_picked":["Perfected Strike","True Grit+1","Body Slam"],"picked":"Anger+1","floor":18.0},{"not_picked":["Flex+1","Anger","Cleave","Perfected Strike"],"picked":"SKIP","floor":20.0},{"not_picked":["Clash","Havoc+1","Cleave"],"picked":"Warcry+1","floor":21.0},{"not_picked":["Seeing Red+1","Wild Strike","Heavy Blade+1"],"picked":"Demon Form","floor":22.0},{"not_picked":["Perfected Strike","Anger","Heavy Blade"],"picked":"Thunderclap+1","floor":24.0},{"not_picked":["Headbutt","Heavy Blade","Twin Strike"],"picked":"Burning Pact+1","floor":25.0},{"not_picked":["Berserk","Rampage+1","Headbutt"],"picked":"Armaments+1","floor":29.0},{"not_picked":["Reaper","Limit Break+1","Demon Form"],"picked":"Exhume+1","floor":33.0},{"not_picked":["Rupture+1","Pommel Strike+1","Wild Strike+1"],"picked":"True Grit+1","floor":35.0},{"not_picked":["Hemokinesis","Flex+1","Pummel+1"],"picked":"Feel No Pain","floor":36.0},{"not_picked":["Thunderclap","Anger","Accuracy+1"],"picked":"Rainbow+1","floor":39.0},{"not_picked":["Consecrate+1","Hello World","Catalyst+1"],"picked":"JustLucky","floor":41}],"player_experience":1933967,"relics_obtained":[{"floor":7.0,"key":"Shuriken"},{"floor":9.0,"key":"Toxic Egg 2"},{"floor":13.0,"key":"Lantern"},{"floor":17.0,"key":"Red Skull"},{"floor":17.0,"key":"Question Card"},{"floor":17.0,"key":"Ginger"},{"floor":25.0,"key":"Torii"},{"floor":26.0,"key":"Mummified Hand"},{"floor":29.0,"key":"Bottled Flame"},{"floor":36.0,"key":"Ice Cream"}],"event_choices":[{"damage_healed":0.0,"max_hp_gain":0.0,"max_hp_loss":0.0,"gold_gain":0.0,"event_name":"Accursed Blacksmith","player_choice":"Rummage","floor":2.0,"gold_loss":0.0,"damage_taken":0.0,"relics_obtained":["WarpedTongs"],"cards_obtained":["Pain"]},{"damage_healed":0.0,"max_hp_gain":0.0,"max_hp_loss":0.0,"gold_gain":99.0,"event_name":"Nest","player_choice":"Stole From Cult","floor":28.0,"gold_loss":0.0,"damage_taken":0.0},{"damage_healed":0.0,"max_hp_gain":0.0,"max_hp_loss":0.0,"gold_gain":0.0,"event_name":"Ghosts","player_choice":"Ignored","floor":30.0,"gold_loss":0.0,"damage_taken":0.0},{"damage_healed":26.0,"max_hp_gain":0.0,"max_hp_loss":0.0,"gold_gain":0.0,"event_name":"The Library","player_choice":"Heal","floor":31.0,"gold_loss":0.0,"damage_taken":0.0},{"damage_healed":0.0,"max_hp_gain":0.0,"max_hp_loss":0.0,"gold_gain":0.0,"event_name":"Mysterious Sphere","player_choice":"Fight","floor":36.0,"gold_loss":0.0,"damage_taken":0.0},{"damage_healed":0.0,"max_hp_gain":0.0,"max_hp_loss":0.0,"gold_gain":275.0,"event_name":"Golden Shrine","player_choice":"Desecrate","floor":37.0,"gold_loss":0.0,"damage_taken":0.0,"cards_obtained":["Regret"]}],"is_beta":false,"boss_relics":[{"not_picked":["Runic Cube","Cursed Key"],"picked":"Calling Bell"},{"not_picked":["Empty Cage","Astrolabe"],"picked":"Black Star"}],"items_purged_floors":[19,38],"is_endless":false,"potions_floor_spawned":[3,4,10,14,18,22,24,29,36,41],"killed_by":"Spire Growth","ascension_level":11}}