{"host":"esh3dox4shm0x7nt","time":1607955068,"event":{"mods":["Act Like it!","Ascension Reborn","Aspiration","BaseMod","Colored Powertips","Gensokyo","GungeonMod","KomeijiMod","Marisa£®ÏF”Í°°ƒß¿Ì…≥£©","Minty Spire (QoL Compilation)","Pale of the Ancients","Reimu£®≤©¿ˆ¡È√Œ£©","Remilia£®¿Ÿ√◊¿Ú—«£©","Replay The Spire","RumiaBox-¬∂√◊Ê´µƒ…Ò√ÿ∫–◊”","Spicy Shops","StSLib","TestMod","The Administrix","The Servant 0.9.4","Waifu the Spire","Youmu£®ªÍ∆«—˝√Œ£©","Yuyuko","vexMod"],"gold_per_floor":[119,119,119,119,22,54,73,84,84,84,103,103,129,139,139,236,236,252,267,287,299,9,40,40,54,54,54,71,71,71,71,71,85,85,85,85],"floor_reached":35,"playtime":3261,"items_purged":[],"score":314,"play_id":"39f648f4-07bf-4abe-b681-37cacd17de04","local_time":"20201214221108","is_ascension_mode":true,"campfire_choices":[{"data":"HiganSword","floor":10.0,"key":"SMITH"},{"floor":15.0,"key":"REST"},{"data":"SanzenSekai","floor":24.0,"key":"SMITH"},{"data":"FlashingScatteredFlowers","floor":27.0,"key":"SMITH"},{"data":"SlashOfTheEternalFuture","floor":31.0,"key":"SMITH"},{"floor":34.0,"key":"DIG"}],"circlet_count":0,"master_deck":["Strike_YM","Strike_YM","Strike_YM","Strike_YM","Defend_YM","Defend_YM","Defend_YM","Defend_YM","SlashOfPresentWorld","WheelOfPainOfLivingAndDead","CherryBlossomFlashing+1","LowerRealmReflectionSlash","HiganSword+1","HumanKnowledgeSword","ThreeKonsSevenHakus","SlashOfAscensionToBuddhahood","LowerRealmReflectionSlash","DoubleWheelOfPain","DispleasureOfTheSevenHakus","SlashOfTheEternalFuture+1","DispleasureOfTheSevenHakus","FantasyOfEnteringEnlightenment+1","SanzenSekai+1","EchoesOfTheInclemencyOfAllBeings+1","SwordExtraction+1","FlashingScatteredFlowers+1","GhostSword+1","HellFireSword"],"relics":["HalfPhantom","testmod-TestBox","testmod-Antiphasic","Gensokyo:NagashiBinaDoll","Pen Nib","testmod-AssaultLearning","Shuriken","InkBottle","SlaversCollar","testmod-Alchemist","Sundial","testmod-BalancedPeriapt","Blood Vial","DemoMod:PinkGuonStone"],"acts_visited":["Gensokyo:Gensokyo","Gensokyo:Gensokyoer"],"potions_floor_usage":[],"damage_taken":[{"damage":5.0,"enemies":"Gensokyo:Gryphon","floor":1.0,"turns":4.0},{"damage":16.0,"enemies":"Gensokyo:Mamizou","floor":6.0,"turns":7.0},{"damage":0.0,"enemies":"Gensokyo:3_Fairies","floor":7.0,"turns":2.0},{"damage":0.0,"enemies":"Gensokyo:2_Kodama","floor":8.0,"turns":3.0},{"damage":7.0,"enemies":"Gensokyo:VengefulSpirit","floor":11.0,"turns":3.0},{"damage":20.0,"enemies":"Gensokyo:Cirno","floor":13.0,"turns":6.0},{"damage":7.0,"enemies":"Gensokyo:2_Rabbits","floor":14.0,"turns":3.0},{"damage":19.0,"enemies":"Gensokyo:Reimu","floor":16.0,"turns":6.0},{"damage":0.0,"enemies":"Gensokyo:CosmicMonolith","floor":18.0,"turns":4.0},{"damage":0.0,"enemies":"Gensokyo:2_Gloops","floor":19.0,"turns":3.0},{"damage":25.0,"enemies":"Gensokyo:Monolith_and_Dog","floor":20.0,"turns":5.0},{"damage":2.0,"enemies":"Gensokyo:Slime_Group","floor":21.0,"turns":4.0},{"damage":0.0,"enemies":"Gensokyo:Koishi","floor":23.0,"turns":3.0},{"damage":0.0,"enemies":"Gensokyo:Swordslinger","floor":25.0,"turns":3.0},{"damage":13.0,"enemies":"Gensokyo:Monolith_and_Dog","floor":28.0,"turns":3.0},{"damage":13.0,"enemies":"Gensokyo:Mirror_and_Dog","floor":33.0,"turns":3.0},{"damage":92,"enemies":"Gensokyo:Eternal_Rivals","floor":35,"turns":4}],"seed_played":"2094787298856349069","potions_obtained":[{"floor":7.0,"key":"BlessingOfTheForge"},{"floor":8.0,"key":"EssenceOfSteel"},{"floor":20.0,"key":"DuplicationPotion"},{"floor":33.0,"key":"CausticAgent"}],"is_trial":false,"path_per_floor":["M","?","?","?","$","E","M","M","T","R","M","T","E","M","R","B",null,"M","M","M","M","$","E","R","M","T","R","M","PTL","PTL","R","?","M","R","B"],"character_chosen":"YOUMU","items_purchased":["LowerRealmReflectionSlash","HiganSword","testmod-Alchemist"],"campfire_rested":1,"item_purchase_floors":[5,5,22],"current_hp_per_floor":[77,82,82,82,82,66,66,66,66,66,59,59,39,32,56,37,82,82,82,57,55,55,55,55,55,55,55,42,42,42,42,36,25,46,0,0],"gold":85,"neow_bonus":"TEN_PERCENT_HP_BONUS","is_daily":false,"chose_seed":false,"campfire_upgraded":4,"win_rate":0.0,"timestamp":1607955068,"path_taken":["M","?","?","?","?","E","?","M","T","R","M","?","E","?","R","BOSS","M","M","M","M","$","E","R","M","T","R","M","PTL","PTL","R","?","M","R","BOSS"],"items_purchased_type":["Card","Card","Relic"],"build_version":"2020-12-13","purchased_purges":0,"victory":false,"max_hp_per_floor":[82,82,82,82,82,82,82,82,82,82,82,82,82,82,82,82,82,82,82,82,82,82,82,82,82,82,82,82,82,82,82,82,82,82,82,82],"card_choices":[{"not_picked":["PreachingAvici","SanzenSekai"],"picked":"CherryBlossomFlashing","floor":1.0},{"not_picked":["HumanRealmSword","BizarrenessOfSixRealms"],"picked":"HumanKnowledgeSword","floor":6.0},{"not_picked":["SanzenSekai","TwoHundredYojanaInOneSlash"],"picked":"ThreeKonsSevenHakus","floor":7.0},{"not_picked":["LifeCuttingSword","SlashOfDelusionalInnerEye"],"picked":"SlashOfAscensionToBuddhahood","floor":8.0},{"not_picked":["ObsessionWithThePresentWorld","LifeCuttingSword"],"picked":"LowerRealmReflectionSlash","floor":11.0},{"not_picked":["SwordOfBindingDesires","ThreeKonsSevenHakus"],"picked":"DoubleWheelOfPain","floor":13.0},{"not_picked":["PhosphoricSlash","LowerRealmReflectionSlash"],"picked":"DispleasureOfTheSevenHakus","floor":14.0},{"not_picked":["GreatEnlightenmentAppearingAndDisappearing","AsuraSword"],"picked":"SlashOfTheEternalFuture","floor":16.0},{"not_picked":["LowerRealmReflectionSlash","KarmicPunishmentOfTheIdleAndUnfocused"],"picked":"DispleasureOfTheSevenHakus","floor":18.0},{"not_picked":["SwordOfBindingDesires","HumanKnowledgeSword"],"picked":"FantasyOfEnteringEnlightenment+1","floor":19.0},{"not_picked":["SpiderLilyBurial","ThreeKonsSevenHakus"],"picked":"SanzenSekai","floor":20.0},{"not_picked":["SpiritMediumsBind","CrescentMoonSlash"],"picked":"EchoesOfTheInclemencyOfAllBeings+1","floor":21.0},{"not_picked":["HumanKnowledgeSword","HellFireSword"],"picked":"SwordExtraction+1","floor":23.0},{"not_picked":["IrresoluteSoul","SanzenSekai+1"],"picked":"FlashingScatteredFlowers","floor":25.0},{"not_picked":["HiganSword+1","CherryBlossomFlashing+1"],"picked":"GhostSword+1","floor":28.0},{"not_picked":["CherryBlossomFlashing","KarmicPunishmentOfTheIdleAndUnfocused+1"],"picked":"HellFireSword","floor":33.0}],"player_experience":10432,"relics_obtained":[{"floor":6.0,"key":"Pen Nib"},{"floor":9.0,"key":"testmod-AssaultLearning"},{"floor":12.0,"key":"Shuriken"},{"floor":13.0,"key":"InkBottle"},{"floor":23.0,"key":"Sundial"},{"floor":26.0,"key":"testmod-BalancedPeriapt"},{"floor":34.0,"key":"DemoMod:PinkGuonStone"}],"event_choices":[],"is_beta":false,"boss_relics":[{"not_picked":["SacredBark","aspiration:RunicSpoon"],"picked":"SlaversCollar"}],"items_purged_floors":[],"is_endless":false,"potions_floor_spawned":[7,8,11,18,20,33],"killed_by":"Gensokyo:Eternal_Rivals","ascension_level":0}}