{"host":"l2821e3dgmq4sghh","time":1607970453,"event":{"mods":["BaseMod","Colored Powertips","Minty Spire (QoL Compilation)","StSLib"],"gold_per_floor":[214,214,234,20,36,66,80,109,135,153,184,30,30,61,61,135,135,152,171,171,204,216,216,249,261,273,319,347,359,371,403,415,503,515,539,551,576,20,37,72,72,72,97,122,12,40,40,74,74,74],"floor_reached":51,"playtime":7756,"items_purged":["Strike_G","Strike_G","Strike_G"],"score":1809,"play_id":"b9277609-a5ea-4e84-8711-746ac4e05c96","local_time":"20201214192733","is_ascension_mode":true,"campfire_choices":[{"data":"Footwork","floor":13,"key":"SMITH"},{"data":"Well Laid Plans","floor":15,"key":"SMITH"},{"floor":23,"key":"REST"},{"floor":25,"key":"REST"},{"floor":30,"key":"REST"},{"data":"Ghostly","floor":32,"key":"SMITH"},{"floor":41,"key":"REST"},{"floor":47,"key":"REST"},{"data":"Ghostly","floor":49,"key":"SMITH"}],"circlet_count":0,"master_deck":["AscendersBane","Strike_G","Defend_G","Defend_G","Defend_G","Defend_G","Defend_G","Survivor","Neutralize","Poisoned Stab","Flying Knee+1","Footwork+1","Quick Slash","Backstab","Backflip","Well Laid Plans+1","Backstab","Glass Knife","PiercingWail","Corpse Explosion","Blur","Predator","Ghostly+1","Ghostly+1","Ghostly","Outmaneuver","Burst","Sucker Punch+1","Footwork","Leg Sweep","Calculated Gamble","Malaise","Blade Dance","Backstab","Acrobatics","Cloak And Dagger","Infinite Blades+1","Backflip","Poisoned Stab+1","Setup","Acrobatics+1"],"relics":["Ring of the Snake","Sundial","Anchor","Ninja Scroll","PreservedInsect","Pantograph","Ancient Tea Set","WristBlade","Red Mask","MawBank","HornCleat","Dream Catcher","MutagenicStrength","SlaversCollar","Bag of Marbles","Letter Opener","Ice Cream","Gambling Chip","Kunai","Bag of Preparation"],"acts_visited":["Exordium","TheCity","TheBeyond"],"potions_floor_usage":[14,21,22,33,50],"damage_taken":[{"damage":3.0,"enemies":"Cultist","floor":1.0,"turns":5.0},{"damage":0.0,"enemies":"2 Louse","floor":3.0,"turns":3.0},{"damage":18.0,"enemies":"Small Slimes","floor":5.0,"turns":4.0},{"damage":4.0,"enemies":"Gremlin Nob","floor":6.0,"turns":3.0},{"damage":2,"enemies":"2 Fungi Beasts","floor":7,"turns":4},{"damage":9,"enemies":"3 Sentries","floor":8,"turns":12},{"damage":0,"enemies":"Large Slime","floor":10,"turns":6},{"damage":0,"enemies":"Gremlin Nob","floor":11,"turns":2},{"damage":0,"enemies":"3 Sentries","floor":14,"turns":3},{"damage":34,"enemies":"The Guardian","floor":16,"turns":14},{"damage":0,"enemies":"3 Byrds","floor":18,"turns":5},{"damage":7,"enemies":"Shell Parasite","floor":19,"turns":6},{"damage":19,"enemies":"Masked Bandits","floor":21,"turns":6},{"damage":9,"enemies":"Snake Plant","floor":22,"turns":4},{"damage":0,"enemies":"Slavers","floor":24,"turns":1},{"damage":0,"enemies":"Book of Stabbing","floor":27,"turns":5},{"damage":9,"enemies":"Snecko","floor":28,"turns":4},{"damage":0,"enemies":"Centurion and Healer","floor":31,"turns":10},{"damage":33,"enemies":"Automaton","floor":33,"turns":17},{"damage":16,"enemies":"3 Darklings","floor":35,"turns":5},{"damage":2,"enemies":"Orb Walker","floor":37,"turns":3},{"damage":0,"enemies":"4 Shapes","floor":39,"turns":4},{"damage":0,"enemies":"Nemesis","floor":40,"turns":1},{"damage":0,"enemies":"Mind Bloom Boss Battle","floor":44,"turns":6},{"damage":27,"enemies":"Giant Head","floor":46,"turns":6},{"damage":0,"enemies":"Reptomancer","floor":48,"turns":1},{"damage":6,"enemies":"Donu and Deca","floor":50,"turns":5}],"seed_played":"9179724475287689093","potions_obtained":[{"floor":1.0,"key":"SneckoOil"},{"floor":3.0,"key":"Fruit Juice"},{"floor":5.0,"key":"AttackPotion"},{"floor":14,"key":"PowerPotion"},{"floor":19,"key":"GhostInAJar"},{"floor":21,"key":"LiquidMemories"},{"floor":27,"key":"LiquidMemories"},{"floor":31,"key":"Strength Potion"},{"floor":37,"key":"Fire Potion"},{"floor":39,"key":"FairyPotion"},{"floor":40,"key":"DistilledChaos"}],"is_trial":false,"path_per_floor":["M","T","M","$","M","E","M","E","T","M","E","$","R","E","R","B",null,"M","M","?","?","M","R","E","R","T","E","M","?","R","M","R","B",null,"M","?","M","$","M","E","R","$","T","?","?","E","R","E","R","B",null],"character_chosen":"THE_SILENT","items_purchased":["Footwork","Strength Potion","BlessingOfTheForge","Bag of Marbles","Letter Opener"],"campfire_rested":5,"item_purchase_floors":[4,4,12,38,38],"current_hp_per_floor":[56,56,61,61,43,39,37,28,28,28,28,28,28,28,28,19,58,58,51,35,16,7,17,17,27,27,27,18,18,28,28,28,2,27,11,11,9,9,9,9,19,19,19,35,35,8,18,18,18,29],"gold":74,"neow_bonus":"HUNDRED_GOLD","is_daily":false,"chose_seed":false,"campfire_upgraded":4,"win_rate":0.0,"timestamp":1607970453,"path_taken":["M","?","M","$","M","E","M","E","T","M","E","$","R","E","R","BOSS","M","M","?","?","M","R","E","R","T","E","M","?","R","M","R","BOSS","M","?","M","$","M","E","R","$","T","?","?","E","R","E","R","BOSS"],"items_purchased_type":["Card","Potion","Potion","Relic","Relic"],"build_version":"2020-12-13","purchased_purges":3,"victory":true,"max_hp_per_floor":[66,66,71,71,71,71,71,71,71,71,71,71,71,71,71,71,71,71,71,35,35,35,35,35,35,35,35,35,35,35,35,35,35,35,35,35,35,35,35,35,35,35,35,35,35,35,35,35,35,35],"card_choices":[{"not_picked":["Setup","PiercingWail"],"picked":"Poisoned Stab","floor":1.0},{"not_picked":["Escape Plan","Blur"],"picked":"Flying Knee","floor":3.0},{"not_picked":["Cloak And Dagger","Outmaneuver"],"picked":"Quick Slash","floor":5.0},{"not_picked":["Night Terror","Terror"],"picked":"Backstab","floor":6.0},{"not_picked":["Bane","Acrobatics"],"picked":"Backflip","floor":7},{"not_picked":["Outmaneuver","Distraction"],"picked":"Well Laid Plans","floor":8},{"not_picked":["Setup","Bane"],"picked":"Backstab","floor":10},{"not_picked":["Underhanded Strike","All Out Attack"],"picked":"Glass Knife","floor":11},{"not_picked":["Outmaneuver","Backstab"],"picked":"PiercingWail","floor":14},{"not_picked":["Bullet Time","Storm of Steel"],"picked":"Corpse Explosion","floor":16},{"not_picked":["Terror","Setup"],"picked":"Blur","floor":18},{"not_picked":["Setup","Flying Knee"],"picked":"Predator","floor":19},{"not_picked":["Prepared","Dagger Spray"],"picked":"Outmaneuver","floor":21},{"not_picked":["Dagger Spray","Underhanded Strike","Flechettes"],"picked":"SKIP","floor":22},{"not_picked":["Escape Plan","Blade Dance"],"picked":"Burst","floor":24},{"not_picked":["Bane","Catalyst"],"picked":"Sucker Punch+1","floor":27},{"not_picked":["Well Laid Plans","Caltrops"],"picked":"Footwork","floor":28},{"not_picked":["Blade Dance","Flying Knee"],"picked":"Leg Sweep","floor":30},{"not_picked":["Catalyst","Terror"],"picked":"Calculated Gamble","floor":31},{"not_picked":["Burst","Venomology"],"picked":"Malaise","floor":33},{"not_picked":["Bane+1","Prepared"],"picked":"Blade Dance","floor":35},{"not_picked":["Cloak And Dagger","Underhanded Strike"],"picked":"Backstab","floor":37},{"not_picked":["Bane","Dagger Spray"],"picked":"Acrobatics","floor":39},{"not_picked":["Grand Finale","Blade Dance"],"picked":"Cloak And Dagger","floor":40},{"not_picked":["Quick Slash","Deflect"],"picked":"Infinite Blades+1","floor":41},{"not_picked":["Dagger Spray","Prepared"],"picked":"Backflip","floor":44},{"not_picked":["Blade Dance","Dagger Throw"],"picked":"Poisoned Stab+1","floor":46},{"not_picked":["Sucker Punch","Underhanded Strike+1"],"picked":"Setup","floor":47},{"not_picked":["Night Terror","Poisoned Stab+1"],"picked":"Acrobatics+1","floor":48}],"player_experience":5298362,"relics_obtained":[{"floor":2.0,"key":"Sundial"},{"floor":6.0,"key":"Anchor"},{"floor":8,"key":"Ninja Scroll"},{"floor":9,"key":"PreservedInsect"},{"floor":11,"key":"Pantograph"},{"floor":14,"key":"Ancient Tea Set"},{"floor":21,"key":"Red Mask"},{"floor":24,"key":"MawBank"},{"floor":26,"key":"HornCleat"},{"floor":27,"key":"Dream Catcher"},{"floor":40,"key":"Ice Cream"},{"floor":44,"key":"Gambling Chip"},{"floor":46,"key":"Kunai"},{"floor":48,"key":"Bag of Preparation"}],"event_choices":[{"damage_healed":0,"gold_gain":0,"player_choice":"Became a Ghost","damage_taken":0,"max_hp_gain":0,"max_hp_loss":36,"event_name":"Ghosts","floor":20,"gold_loss":0,"cards_obtained":["Ghostly","Ghostly","Ghostly"]},{"damage_healed":0,"gold_gain":0,"player_choice":"Fought Bandits","damage_taken":0,"max_hp_gain":0,"max_hp_loss":0,"event_name":"Masked Bandits","floor":21,"gold_loss":0},{"damage_healed":0,"gold_gain":0,"player_choice":"Inject Mutagens","damage_taken":0,"relics_obtained":["MutagenicStrength"],"max_hp_gain":0,"max_hp_loss":0,"event_name":"Drug Dealer","floor":29,"gold_loss":0},{"damage_healed":0,"gold_gain":0,"player_choice":"Ignored","damage_taken":0,"max_hp_gain":0,"max_hp_loss":0,"event_name":"The Moai Head","floor":36,"gold_loss":0},{"damage_healed":0,"gold_gain":0,"player_choice":"Fight","damage_taken":0,"max_hp_gain":0,"max_hp_loss":0,"event_name":"MindBloom","floor":44,"gold_loss":0},{"cards_removed":["Strike_G"],"damage_healed":0,"gold_gain":0,"player_choice":"Upgrade and Remove","damage_taken":0,"max_hp_gain":0,"max_hp_loss":0,"event_name":"Designer","floor":45,"gold_loss":110,"cards_upgraded":["Flying Knee"]}],"is_beta":false,"boss_relics":[{"not_picked":["Philosopher\u0027s Stone","Pandora\u0027s Box"],"picked":"WristBlade"},{"not_picked":["Tiny House","Astrolabe"],"picked":"SlaversCollar"}],"items_purged_floors":[4,12,38],"is_endless":false,"potions_floor_spawned":[1,3,5,14,19,21,27,28,31,37,39,40,44,46],"ascension_level":18}}