{"host":"h792lphzw6wlba86","time":1607916915,"event":{"mods":["AchievementEnabler","Aspiration","Bard","BaseMod","Beaked The Cultist","Better Altar","Better Match","Better Note","Better Sensory Stone","Better Skull","Better Third Choice","BetterRewards","CCEM","Clawfect","Colored Map","Conspire","Downfall","GifTheSpireLib","Googly Eyes","Halation","Hermit","Highlight Path","Hubris","Hunter ??","Jedi Mod","Jorbs\u0027s Wanderer Trilogy","Mad Scientist","Marisa????????","Mimic Mod","Minty Spire (QoL Compilation)","Permanent Neow","Replay The Spire","Shade Mod","Shop Mod","Spicy Shops","StSLib","Stuff the Spire","The Administrix","The Blackbeard","The Bug Knight","The Construct","The Cursed","The Disciple","The Gatherer","The Hierophant","The IronCluck","The Jungle","The Mystic","The Necromancer","The Problem Sleuth","The Runesmith","The Servant 0.9.4","The Spell Scribe","The Witch","Unceasing Turn Reminder","everything is the same but u backflip on backflip","slay the spire mod where everything is the same but ironclad has a cowboy hat"],"gold_per_floor":[99,132,132,157,157,157,187,197,197,222,33,33,43,43,58,157,157,157,170,189,217,7,7,7,26,26,52,66,51,51,244,257,360,360,360,376,405,226,326,101,101,120,120,149,165,183,183,200,214,214,214,243,93,93,93],"floor_reached":56,"playtime":5469,"items_purged":["Injury","Guardian:Defend_Guardian","Guardian:Strike_Guardian","Guardian:Strike_Guardian"],"score":1338,"play_id":"18b308a3-5bc7-4a68-b234-17f402aea382","local_time":"20201213213515","is_ascension_mode":false,"campfire_choices":[{"data":"Guardian:CurlUp","floor":1.0,"key":"SMITH"},{"data":"Guardian:Orbwalk","floor":9.0,"key":"SMITH"},{"data":"Guardian:Orbwalk","floor":18,"key":"SMITH"},{"data":"Guardian:Preprogram","floor":23,"key":"SMITH"},{"data":"Guardian:ChargeUp","floor":26,"key":"SMITH"},{"floor":35,"key":"RECALL"},{"data":"Guardian:PolyBeam","floor":40,"key":"SMITH"},{"data":"Guardian:Defend_Guardian","floor":43,"key":"PURGE"},{"floor":54,"key":"REST"}],"circlet_count":0,"master_deck":["Guardian:Strike_Guardian","Guardian:Defend_Guardian","Guardian:Defend_Guardian","Guardian:CurlUp+1","Guardian:TwinSlam","Guardian:ChargeUp+1","Guardian:CrystalBeam","Guardian:Preprogram+1","Guardian:Orbwalk+1","Guardian:Recover+1","Guardian:BronzeArmor+1","Guardian:Orbwalk+1","Guardian:TemporalShield+1","Guardian:TemporalShield+1","Guardian:RevengeProtocol","Guardian:PiercingHide+1","Guardian:PiercingHide+1","Guardian:TemporalShield+1","Guardian:PolyBeam+1","Guardian:DonusPower+1","Guardian:VentSteam+1","Guardian:Harden+1","Guardian:Suspension+1","Guardian:Repulse+1","Guardian:Incinerate+1","Guardian:GemFinder","Guardian:PrismaticBeam","Guardian:Repulse+1","Guardian:DecasProtection+1","Guardian:Orbwalk+1","Guardian:PiercingHide+1","Guardian:Clone+1","Guardian:BronzeArmor+1"],"relics":["Guardian:ModeShifter","downfall:HeartsMalice","hubris:PeanutButter","aspiration:DSix","Toxic Egg 2","MealTicket","hubris:CrystalStatue","ReplayTheSpireMod:DimensionalGlitch","hubris:ToyBattleship","jedi:shrinkray","conspire:SlowCooker","Peace Pipe","Toy Ornithopter","downfall:HeartBlessingRed","downfall:HeartBlessingBlue","downfall:HeartBlessingGreen","StuffTheSpire:Rhapsscallions","halation:BlackBeret","Sling","Pen Nib"],"acts_visited":["Exordium","TheCity","TheBeyond","TheEnding"],"potions_floor_usage":[20,21,28,44,55,55,55,55,55],"damage_taken":[{"damage":0.0,"enemies":"Lagavulin","floor":2.0,"turns":1.0},{"damage":0.0,"enemies":"2 Louse","floor":3.0,"turns":1.0},{"damage":0.0,"enemies":"3 Sentries","floor":4.0,"turns":1.0},{"damage":0.0,"enemies":"Small Slimes","floor":7.0,"turns":7.0},{"damage":0.0,"enemies":"Small Slimes","floor":8.0,"turns":4.0},{"damage":33.0,"enemies":"Gremlin Nob","floor":10.0,"turns":6.0},{"damage":0.0,"enemies":"downfall:FleeingMerchant","floor":11.0,"turns":4.0},{"damage":0.0,"enemies":"Cultist","floor":13.0,"turns":2.0},{"damage":0.0,"enemies":"Exordium Wildlife","floor":15.0,"turns":4.0},{"damage":11.0,"enemies":"downfall:Defect","floor":16.0,"turns":9.0},{"damage":0,"enemies":"Shell Parasite","floor":19,"turns":4},{"damage":4,"enemies":"Centurion and Healer","floor":20,"turns":7},{"damage":0,"enemies":"Slavers","floor":21,"turns":6},{"damage":0,"enemies":"downfall:FleeingMerchant","floor":22,"turns":4},{"damage":0,"enemies":"conspire:HollyBat","floor":25,"turns":9},{"damage":0,"enemies":"HollowMod:Nosk","floor":27,"turns":6},{"damage":0,"enemies":"Shelled Parasite and Fungi","floor":28,"turns":4},{"damage":0,"enemies":"downfall:FleeingMerchant","floor":29,"turns":4},{"damage":0,"enemies":"downfall:FleeingMerchant","floor":31,"turns":4},{"damage":0,"enemies":"Snake Plant","floor":32,"turns":3},{"damage":15,"enemies":"downfall:Watcher","floor":33,"turns":7},{"damage":10,"enemies":"3 Shapes","floor":36,"turns":4},{"damage":4,"enemies":"Nemesis","floor":37,"turns":5},{"damage":0,"enemies":"downfall:LadyInBlue","floor":39,"turns":10},{"damage":0,"enemies":"3 Darklings","floor":42,"turns":5},{"damage":5,"enemies":"Giant Head","floor":44,"turns":7},{"damage":0,"enemies":"Spire Growth","floor":45,"turns":6},{"damage":2,"enemies":"Jaw Worm Horde","floor":46,"turns":5},{"damage":47,"enemies":"4 Shapes","floor":48,"turns":8},{"damage":4,"enemies":"Sphere and 2 Shapes","floor":49,"turns":5},{"damage":7,"enemies":"downfall:Ironclad","floor":50,"turns":6},{"damage":57,"enemies":"downfall:CharBossMerchant","floor":52,"turns":7},{"damage":3,"enemies":"downfall:NeowBoss","floor":55,"turns":16}],"seed_played":"6826232982870002554","potions_obtained":[{"floor":8.0,"key":"jedi:StrikingPotion"},{"floor":10.0,"key":"jedi:wingpotion"},{"floor":13.0,"key":"LifebloodPotion"},{"floor":15.0,"key":"Block Potion"},{"floor":19,"key":"PowerPotion"},{"floor":21,"key":"BlessingOfTheForge"},{"floor":27,"key":"Guardian:DefensiveModePotion"},{"floor":28,"key":"Guardian:AcceleratePotion"},{"floor":32,"key":"Elixir"},{"floor":39,"key":"EntropicBrew"},{"floor":42,"key":"Dexterity Potion"},{"floor":45,"key":"ColorlessPotion"},{"floor":48,"key":"Strength Potion"}],"is_trial":false,"path_per_floor":["R","E","M","E","?","?","MIM","M","R","E","$","?","M","?","M","B",null,"R","M","M","E","$","R","T","M","R","E","M","$","?","$","M","B",null,"R","M","E","$","?","R","T","M","R","E","M","M","?","M","M","B",null,"E","$","R","B",null],"character_chosen":"GUARDIAN","items_purchased":["Guardian:Orbwalk","Guardian:TemporalShield+1","Guardian:Gem_Blue","Guardian:PolyBeam","Guardian:DonusPower+1","Guardian:Gem_Yellow","Guardian:Gem_Red"],"campfire_rested":1,"item_purchase_floors":[11,11,22,22,22,31,38],"current_hp_per_floor":[80,80,80,80,80,80,80,80,80,47,62,62,62,62,62,51,80,80,80,76,76,80,80,80,80,80,80,80,80,80,80,80,65,80,80,70,66,80,80,90,92,92,92,87,87,85,85,38,34,27,92,35,50,77,89],"gold":93,"neow_bonus":"THREE_ENEMY_KILL","is_daily":false,"chose_seed":false,"campfire_upgraded":6,"win_rate":0.0,"timestamp":1607916915,"path_taken":["R","E","M","E","?","?","MIM","?","R","E","$","?","M","?","M","BOSS","R","M","M","E","$","R","T","M","R","E","M","?","?","$","M","BOSS","R","M","E","$","?","R","T","M","R","E","M","?","?","M","M","BOSS","E","$","R","BOSS"],"items_purchased_type":["Card","Card","Card","Card","Card","Card","Card"],"build_version":"2020-12-13","purchased_purges":4,"victory":true,"max_hp_per_floor":[80,80,80,80,80,80,80,80,80,80,80,80,80,80,80,80,80,80,80,80,80,80,80,80,80,80,80,80,80,80,80,80,80,80,80,80,80,80,80,90,92,92,92,92,92,92,92,92,92,92,92,92,92,92,92],"card_choices":[{"not_picked":["Guardian:VentSteam","Guardian:TemporalShield"],"picked":"Guardian:ChargeUp","floor":2.0},{"not_picked":["Guardian:Planning","Guardian:ChargeCore"],"picked":"Guardian:CrystalBeam","floor":3.0},{"not_picked":["Guardian:Planning","Guardian:TemporalShield"],"picked":"Guardian:Preprogram","floor":4.0},{"not_picked":["Guardian:TimeSifter","Guardian:Gem_Red"],"picked":"Guardian:Orbwalk","floor":7.0},{"not_picked":["Guardian:TimeBomb+1","Guardian:WalkerClaw"],"picked":"Guardian:Recover+1","floor":8.0},{"not_picked":["Guardian:RevengeProtocol","Guardian:Emergency+1"],"picked":"Guardian:Gem_Green","floor":10.0},{"not_picked":["Guardian:TemporalShield+1","Guardian:Reroute"],"picked":"Guardian:BronzeArmor+1","floor":11.0},{"not_picked":["Guardian:GatlingBeam","Guardian:Suspension+1"],"picked":"Guardian:Gem_Yellow","floor":13.0},{"not_picked":["Guardian:Suspension+1","Guardian:EvasiveProtocol"],"picked":"Guardian:TemporalShield+1","floor":15.0},{"not_picked":["Guardian:GemFire","Guardian:FierceBash"],"picked":"Guardian:RevengeProtocol","floor":16.0},{"not_picked":["Guardian:Planning+1","Guardian:VentSteam+1"],"picked":"Guardian:PiercingHide+1","floor":19},{"not_picked":["Guardian:DonusPower+1","Guardian:EvasiveProtocol"],"picked":"Guardian:PiercingHide+1","floor":20},{"not_picked":["Guardian:PrismaticBarrier+1","Guardian:Harden+1"],"picked":"Guardian:TemporalShield+1","floor":21},{"not_picked":["Guardian:VentSteam+1","Guardian:Gem_Blue"],"picked":"Guardian:Gem_Orange","floor":22},{"not_picked":["Guardian:ChargeCore","Guardian:Incinerate"],"picked":"Guardian:VentSteam+1","floor":25},{"not_picked":["Guardian:Reroute","Guardian:BronzeOrb"],"picked":"Guardian:Harden+1","floor":27},{"not_picked":["Guardian:Reroute","Guardian:WalkerClaw+1"],"picked":"Guardian:Suspension+1","floor":28},{"not_picked":["Guardian:PrismaticBarrier+1","Guardian:Gem_Lightblue"],"picked":"Guardian:Repulse+1","floor":29},{"not_picked":["Guardian:ChargeCore+1","Guardian:WalkerClaw+1","Guardian:Planning+1"],"picked":"SKIP","floor":31},{"not_picked":["Guardian:VentSteam+1","Guardian:TimeBomb+1"],"picked":"Guardian:Incinerate+1","floor":32},{"not_picked":["Guardian:StasisStrike","Guardian:SphericShield+1"],"picked":"Guardian:GemFinder","floor":33},{"not_picked":["Guardian:Gem_Cyan","Guardian:Gem_Green"],"picked":"Guardian:Gem_Red","floor":36},{"not_picked":["Guardian:EvasiveProtocol","Guardian:Incinerate","Guardian:Harden+1"],"picked":"SKIP","floor":36},{"not_picked":["Guardian:Gem_Green","Guardian:Gem_Yellow"],"picked":"Guardian:PrismaticBeam","floor":37},{"not_picked":["Guardian:Gem_Cyan","Guardian:Gem_Lightblue"],"picked":"Guardian:Gem_Red","floor":37},{"not_picked":["Guardian:MultiBeam","Guardian:TemporalStrike+1"],"picked":"Guardian:Repulse+1","floor":39},{"not_picked":["Guardian:Gem_Green","Guardian:Incinerate+1"],"picked":"Guardian:DecasProtection+1","floor":42},{"not_picked":["Guardian:Gem_Red","Guardian:Gem_Lightblue"],"picked":"Guardian:Gem_Cyan","floor":42},{"not_picked":["Guardian:PrismaticBarrier+1","Guardian:Recover+1"],"picked":"Guardian:Orbwalk+1","floor":44},{"not_picked":["Guardian:Gem_Blue","Guardian:Gem_Red"],"picked":"Guardian:PiercingHide+1","floor":45},{"not_picked":["Guardian:Gem_Cyan","Guardian:PrismaticBeam+1","Guardian:ChargeCore"],"picked":"SKIP","floor":46},{"not_picked":["Guardian:FloatingOrbs+1","Guardian:VentSteam+1"],"picked":"Guardian:Clone+1","floor":48},{"not_picked":["Guardian:PrimingBeam","Guardian:Gem_White"],"picked":"Guardian:BronzeArmor+1","floor":49},{"not_picked":["Guardian:Gem_Red","Guardian:WalkerClaw","Guardian:TemporalStrike+1"],"picked":"SKIP","floor":52}],"player_experience":611725,"relics_obtained":[{"floor":2.0,"key":"hubris:PeanutButter"},{"floor":4.0,"key":"aspiration:DSix"},{"floor":7.0,"key":"MealTicket"},{"floor":10.0,"key":"hubris:CrystalStatue"},{"floor":21,"key":"hubris:ToyBattleship"},{"floor":27,"key":"jedi:shrinkray"},{"floor":37,"key":"Peace Pipe"},{"floor":39,"key":"Toy Ornithopter"},{"floor":41,"key":"StuffTheSpire:Rhapsscallions"},{"floor":44,"key":"halation:BlackBeret"},{"floor":52,"key":"Sling"},{"floor":52,"key":"Pen Nib"}],"event_choices":[{"damage_healed":0,"gold_gain":0,"player_choice":"Ignored","damage_taken":0,"max_hp_gain":0,"max_hp_loss":0,"event_name":"betterNote:BetterNote","floor":30,"gold_loss":0,"cards_obtained":["Bludgeon"]}],"is_beta":false,"boss_relics":[{"not_picked":["conspire:RoyalGoblet","aspiration:MobileForge"],"picked":"ReplayTheSpireMod:DimensionalGlitch"},{"not_picked":["hubris:HollowSoul","conspire:RunicOctahedron"],"picked":"conspire:SlowCooker"}],"items_purged_floors":[11,31,38,53],"is_endless":false,"potions_floor_spawned":[8,10,13,15,19,21,27,28,32,37,42,45,48],"ascension_level":0}}