{"host":"7xrfhfoo16q2v8hj","time":1607931040,"event":{"mods":["BaseMod","Colored Map","DeckTracker","Highlight Path","Minty Spire (QoL Compilation)","StSLib","SuperFastMode"],"gold_per_floor":[119,142,142,160,435,470,482,497,546,534,554,587,587,597,597,597,597],"floor_reached":16,"playtime":376,"items_purged":[],"score":160,"play_id":"0db92b1e-b3b5-4964-9ef9-f1234bc0a012","local_time":"20201214013040","is_ascension_mode":true,"campfire_choices":[{"data":"Seeing Red","floor":13,"key":"SMITH"},{"data":"Inflame","floor":15,"key":"SMITH"}],"circlet_count":0,"master_deck":["Strike_R","Strike_R","Strike_R","Strike_R","Strike_R","Defend_R","Defend_R","Defend_R","Defend_R","Bash","Body Slam","Rampage","Regret","Intimidate","Berserk","Seeing Red+1","Metallicize","Pommel Strike","Impervious","Inflame+1"],"relics":["Burning Blood","NeowsBlessing","Lantern","Mummified Hand","Boot","Matryoshka"],"acts_visited":["Exordium"],"potions_floor_usage":[11,12,12,14],"damage_taken":[{"damage":0,"enemies":"Cultist","floor":1,"turns":1},{"damage":0,"enemies":"Jaw Worm","floor":4,"turns":1},{"damage":0,"enemies":"3 Sentries","floor":6,"turns":1},{"damage":2,"enemies":"2 Louse","floor":7,"turns":3},{"damage":9,"enemies":"Red Slaver","floor":8,"turns":4},{"damage":19,"enemies":"Exordium Thugs","floor":10,"turns":4},{"damage":0,"enemies":"3 Louse","floor":11,"turns":2},{"damage":25,"enemies":"Gremlin Nob","floor":12,"turns":4},{"damage":27,"enemies":"Gremlin Gang","floor":14,"turns":5},{"damage":49,"enemies":"The Guardian","floor":16,"turns":6}],"seed_played":"-69753347881587664","potions_obtained":[{"floor":4,"key":"Weak Potion"},{"floor":7,"key":"Regen Potion"},{"floor":10,"key":"Explosive Potion"},{"floor":11,"key":"Dexterity Potion"}],"is_trial":false,"path_per_floor":["M","T","?","M","?","E","M","M","T","M","M","E","R","M","R","B"],"character_chosen":"IRONCLAD","items_purchased":[],"campfire_rested":0,"item_purchase_floors":[],"current_hp_per_floor":[80,80,80,80,80,80,80,77,77,64,70,51,51,44,44,0,0],"gold":597,"neow_bonus":"THREE_ENEMY_KILL","is_daily":false,"chose_seed":false,"campfire_upgraded":2,"win_rate":0.0,"timestamp":1607931040,"path_taken":["M","?","?","M","?","E","M","M","T","?","M","E","R","M","R","BOSS"],"items_purchased_type":[],"build_version":"2020-12-13","purchased_purges":0,"victory":false,"max_hp_per_floor":[80,80,80,80,80,80,80,80,80,80,80,80,80,80,80,80,80],"card_choices":[{"not_picked":["Perfected Strike","Rupture"],"picked":"Body Slam","floor":1},{"not_picked":["Intimidate","Iron Wave"],"picked":"Rampage","floor":4},{"not_picked":["Perfected Strike","Hemokinesis"],"picked":"Intimidate","floor":6},{"not_picked":["Warcry","Thunderclap"],"picked":"Berserk","floor":7},{"not_picked":["Shrug It Off","Wild Strike"],"picked":"Seeing Red","floor":8},{"not_picked":["Flex","Cleave"],"picked":"Metallicize","floor":10},{"not_picked":["Perfected Strike","Sword Boomerang"],"picked":"Pommel Strike","floor":11},{"not_picked":["Warcry","Clothesline"],"picked":"Impervious","floor":12},{"not_picked":["Cleave","Ghostly Armor"],"picked":"Inflame","floor":14}],"player_experience":536816,"relics_obtained":[{"floor":2,"key":"Lantern"},{"floor":6,"key":"Mummified Hand"},{"floor":9,"key":"Boot"},{"floor":12,"key":"Matryoshka"}],"event_choices":[{"damage_healed":0,"gold_gain":0,"player_choice":"Leave","damage_taken":0,"max_hp_gain":0,"max_hp_loss":0,"event_name":"The Cleric","floor":3,"gold_loss":0},{"damage_healed":0,"gold_gain":275,"player_choice":"Desecrate","damage_taken":0,"max_hp_gain":0,"max_hp_loss":0,"event_name":"Golden Shrine","floor":5,"gold_loss":0,"cards_obtained":["Regret"]}],"is_beta":false,"boss_relics":[],"items_purged_floors":[],"is_endless":false,"potions_floor_spawned":[4,7,10,11],"killed_by":"The Guardian","ascension_level":3}}