{"host":"y9jgkjnf95sujozk","time":1607982984,"event":{"mods":["2.2 Compatiblity","AchievementEnabler","BaseMod","Block Reminder","Colored Map","Colored Powertips","Downfall","Friendly Minions","GifTheSpireLib","Hermit","Highlight Path","MarisaÅiñ∂âJÅ@ñÇóùçπÅj","Minty Spire (QoL Compilation)","Random Character Button","Rare Cards Sparkle","Replay The Spire","StSLib","SuperFastMode","The Animator","The Bug Knight","The Cursed","The Servant 0.9.4"],"gold_per_floor":[99,99,99,115,115,115,195,225,225,238,13,13,463,48,48,143,143,155,169,169,184,198,198,198],"floor_reached":23,"playtime":772,"items_purged":[],"score":237,"play_id":"359bc696-f68a-4f03-9a23-1997de119482","local_time":"20201214225624","is_ascension_mode":false,"campfire_choices":[{"data":"champ:ViciousMockery","floor":6,"key":"SMITH"},{"floor":15,"key":"REST"}],"circlet_count":0,"master_deck":["champ:Strike","champ:Strike","champ:Strike","champ:Strike","champ:Defend","champ:Defend","champ:Defend","champ:Defend","champ:Execute","champ:Taunt","champ:DefensiveShout","champ:RapidStrikes","champ:FocusedBerserking","champ:ViciousMockery+1","champ:DefensiveShout","Amnesia","champ:DefensiveShout","champ:GladiatorsShout","champ:HoldFirm","champ:BerserkersShout","Panacea","Slimebound:Icky","Slimebound:Icky","Slimebound:Icky","champ:Shatter","champ:RecklessLeap","Poisoned Strike","champ:CrownThrow","champ:TornadoPunch+1","champ:BerserkerStyle","champ:BerserkersShout","champ:BerserkersShout"],"relics":["champ:ChampionCrown","downfall:HeartsMalice","Replay:Ringing Soul","Ring of Peace","Ring of Panic","Toolbox","Honey Jar"],"acts_visited":["Exordium","TheCity"],"potions_floor_usage":[8,11],"damage_taken":[{"damage":0,"enemies":"2 Louse","floor":1,"turns":1},{"damage":0,"enemies":"Small Slimes","floor":2,"turns":1},{"damage":0,"enemies":"Cultist","floor":3,"turns":1},{"damage":8,"enemies":"Red Slaver","floor":4,"turns":4},{"damage":72,"enemies":"Lagavulin","floor":8,"turns":9},{"damage":31,"enemies":"3 Louse","floor":10,"turns":5},{"damage":13,"enemies":"downfall:FleeingMerchant","floor":11,"turns":4},{"damage":5,"enemies":"downfall:FleeingMerchant","floor":14,"turns":4},{"damage":52,"enemies":"downfall:Watcher","floor":16,"turns":8},{"damage":76,"enemies":"Spheric Guardian","floor":18,"turns":6},{"damage":49,"enemies":"Centurion and Healer","floor":19,"turns":9},{"damage":26,"enemies":"Snecko","floor":21,"turns":5},{"damage":40,"enemies":"Snake Plant","floor":22,"turns":4},{"damage":44,"enemies":"Cultist and Chosen","floor":23,"turns":4}],"seed_played":"-8353298197921488321","potions_obtained":[{"floor":4,"key":"SkillPotion"},{"floor":10,"key":"hexamod:EctoCoolerPotion"},{"floor":19,"key":"Explosive Potion"},{"floor":20,"key":"LiquidMemories"},{"floor":20,"key":"FearPotion"},{"floor":20,"key":"Languid Potion"}],"is_trial":false,"path_per_floor":["M","M","M","M","?","R","T","E","?","M","$","?","?","$","R","B",null,"M","M","?","M","M","M"],"character_chosen":"THE_CHAMP","items_purchased":["champ:HoldFirm","champ:BerserkersShout","Panacea","champ:RecklessLeap","Toolbox","Poisoned Strike"],"campfire_rested":1,"item_purchase_floors":[11,11,11,14,14,14],"current_hp_per_floor":[90,90,90,87,90,90,90,42,96,78,76,76,79,87,108,84,111,67,48,48,51,34,0,0],"gold":198,"neow_bonus":"THREE_ENEMY_KILL","is_daily":false,"chose_seed":false,"campfire_upgraded":1,"win_rate":0.0,"timestamp":1607982984,"path_taken":["M","M","M","M","?","R","T","E","?","M","$","?","?","?","R","BOSS","M","M","?","M","?","M"],"items_purchased_type":["Card","Card","Card","Card","Relic","Card"],"build_version":"2020-12-13","purchased_purges":0,"victory":false,"max_hp_per_floor":[90,90,90,90,90,90,90,93,96,99,102,102,105,108,108,111,111,114,117,117,120,123,123,123],"card_choices":[{"not_picked":["champ:ShieldWall","champ:Backstep"],"picked":"champ:DefensiveShout","floor":1},{"not_picked":["champ:Backstep","champ:BringItOn"],"picked":"champ:RapidStrikes","floor":2},{"not_picked":["champ:DefensiveStyle","champ:PerfectedStrike"],"picked":"champ:FocusedBerserking","floor":3},{"not_picked":["champ:FocusedBerserking","champ:DefensiveShout"],"picked":"champ:ViciousMockery","floor":4},{"not_picked":["champ:Duel","champ:FaceSlap"],"picked":"champ:DefensiveShout","floor":8},{"not_picked":["champ:EndlessRage","champ:Duel"],"picked":"champ:DefensiveShout","floor":10},{"not_picked":["champ:Haymaker","champ:DeathBlow"],"picked":"champ:GladiatorsShout","floor":11},{"not_picked":["champ:SwordThrow","champ:DefensiveStyle"],"picked":"champ:Shatter","floor":14},{"not_picked":["champ:Improvising","champ:HeavySlash"],"picked":"champ:CrownThrow","floor":16},{"not_picked":["champ:Backstep","champ:BringItOn","champ:EnragedBash"],"picked":"champ:TornadoPunch+1","floor":18},{"not_picked":["champ:CalledShot+1","champ:StanceDance+1","champ:FocusedBerserking"],"picked":"champ:BerserkerStyle","floor":19},{"not_picked":["champ:FanOfKnives+1","champ:Improvising","champ:HeartStrike"],"picked":"champ:BerserkersShout","floor":21},{"not_picked":["champ:DeathBlow+1","champ:FocusedBerserking+1","champ:CrookedStrike"],"picked":"champ:BerserkersShout","floor":22}],"player_experience":92370,"relics_obtained":[{"floor":7,"key":"Replay:Ringing Soul"},{"floor":8,"key":"Eternal Feather"},{"floor":12,"key":"Ring of Peace"},{"floor":12,"key":"Ring of Panic"}],"event_choices":[{"damage_healed":30,"gold_gain":0,"player_choice":"Banana","damage_taken":0,"max_hp_gain":0,"max_hp_loss":0,"event_name":"Big Fish","floor":5,"gold_loss":0}],"is_beta":false,"boss_relics":[{"not_picked":["Tiny House","Calling Bell"],"picked":"Honey Jar"}],"items_purged_floors":[],"is_endless":false,"potions_floor_spawned":[4,10,19],"killed_by":"Cultist and Chosen","ascension_level":0}}