{"host":"svdrdpvpxtppvaze","time":1607944445,"event":{"mods":["AchievementEnabler","BaseMod","BetterRewards","Colored Powertips","Downfall","Googly Eyes","Hubris","Infinite Spire","Minty Spire (QoL Compilation)","Quick Restart","Rare Cards Sparkle","Replay The Spire","Shop Mod","StSLib","The Disciple"],"gold_per_floor":[117,133,133,133,149,174,174,174,174,194,208,254,12,12,12,114,114,131,143,143,143],"floor_reached":20,"playtime":699,"items_purged":[],"score":199,"play_id":"d3dfc483-1b0a-4870-9dd2-7ebbb2606996","local_time":"20201214171405","is_ascension_mode":false,"campfire_choices":[{"data":"Eruption","floor":8,"key":"SMITH"},{"floor":15,"key":"RECALL"}],"circlet_count":0,"master_deck":["Strike_P","Strike_P","Strike_P","Strike_P","Defend_P","Defend_P","Defend_P","Defend_P","Eruption+1","Vigilance","sneckomod:Defend","sneckomod:Strike","expansioncontent:QuickStudy+1","CutThroughFate","ThirdEye","Vault+1","EmptyBody+1","Crescendo+1","Enlightenment+1","Decay","DeusExMachina+1","CurseOfTheBell","Pray+1","InnerPeace+1"],"relics":["PureWater","Toxic Egg 2","hubris:Towel","infinitespire:Bottled Soul","ClockworkSouvenir","Calling Bell","hubris:OldNail","Ornamental Fan","hubris:Zylophone"],"acts_visited":["Exordium","TheCity"],"potions_floor_usage":[19,19],"damage_taken":[{"damage":1,"enemies":"Jaw Worm","floor":1,"turns":2},{"damage":0,"enemies":"2 Louse","floor":2,"turns":2},{"damage":1,"enemies":"Cultist","floor":5,"turns":3},{"damage":6,"enemies":"Lagavulin","floor":6,"turns":3},{"damage":0,"enemies":"2 Fungi Beasts","floor":10,"turns":2},{"damage":7,"enemies":"Lots of Slimes","floor":11,"turns":2},{"damage":8,"enemies":"Slime Boss","floor":16,"turns":5},{"damage":7,"enemies":"Spheric Guardian","floor":18,"turns":9},{"damage":46,"enemies":"3 Byrds","floor":19,"turns":7},{"damage":26,"enemies":"Centurion and Healer","floor":20,"turns":4}],"seed_played":"5966474021597913184","potions_obtained":[{"floor":2,"key":"DuplicationPotion"},{"floor":10,"key":"Dexterity Potion"},{"floor":18,"key":"Weak Potion"}],"is_trial":false,"path_per_floor":["M","M","?","?","M","E","?","R","T","M","M","T","$","?","R","B",null,"M","M","M"],"character_chosen":"WATCHER","items_purchased":["ClockworkSouvenir","Enlightenment+1"],"campfire_rested":0,"item_purchase_floors":[13,13],"current_hp_per_floor":[71,71,71,71,70,64,64,64,64,64,57,57,57,57,57,49,72,65,19,0,0],"gold":143,"neow_bonus":"RANDOM_COLORLESS_2","is_daily":false,"chose_seed":false,"campfire_upgraded":1,"win_rate":0.0,"timestamp":1607944445,"path_taken":["M","M","?","?","M","E","?","R","T","M","M","?","?","?","R","BOSS","M","M","M"],"items_purchased_type":["Relic","Card"],"build_version":"2020-12-13","purchased_purges":0,"victory":false,"max_hp_per_floor":[72,72,72,72,72,72,72,72,72,72,72,72,72,72,72,72,72,72,72,72,72],"card_choices":[{"not_picked":["Panache","Secret Technique"],"picked":"expansioncontent:QuickStudy","floor":0},{"not_picked":["Halt","SashWhip"],"picked":"CutThroughFate","floor":1},{"not_picked":["SashWhip","Replay:AtTheReady"],"picked":"ThirdEye","floor":2},{"not_picked":["PathToVictory","ThirdEye","Replay:Cycle"],"picked":"SKIP","floor":5},{"not_picked":["ThirdEye+1","WaveOfTheHand+1"],"picked":"Vault+1","floor":6},{"not_picked":["FlyingSleeves","ThirdEye+1"],"picked":"EmptyBody+1","floor":10},{"not_picked":["Replay:Vibes+1","FearNoEvil"],"picked":"Crescendo+1","floor":11},{"not_picked":["Judgement+1","ConjureBlade+1"],"picked":"DeusExMachina+1","floor":16},{"not_picked":["FollowUp+1","CrushJoints"],"picked":"Pray+1","floor":18},{"not_picked":["Nirvana","PathToVictory+1"],"picked":"InnerPeace+1","floor":19}],"player_experience":12828,"relics_obtained":[{"floor":6,"key":"Toxic Egg 2"},{"floor":9,"key":"infinitespire:Bottled Soul"},{"floor":17,"key":"hubris:OldNail"},{"floor":17,"key":"Ornamental Fan"},{"floor":17,"key":"hubris:Zylophone"}],"event_choices":[{"damage_healed":0,"gold_gain":0,"player_choice":"Cursed","damage_taken":0,"max_hp_gain":0,"max_hp_loss":0,"event_name":"Wheel of Change","floor":14,"gold_loss":0,"cards_obtained":["Decay"]}],"is_beta":false,"boss_relics":[{"not_picked":["Black Star","hubris:GrandSneckoEye"],"picked":"Calling Bell"}],"items_purged_floors":[],"is_endless":false,"potions_floor_spawned":[2,10,18],"killed_by":"Centurion and Healer","ascension_level":0}}