{"host":"cuc3wnex0wexwxxi","time":1607984082,"event":{"mods":["BaseMod","BetterRewards","Colored Powertips","Minty Spire (QoL Compilation)","Relic Stats","StSLib"],"gold_per_floor":[119,146,167,195,217,217,217,247,247,247,247,247,268,297,297,402,402,431,209,209,238,238,275,304,304,331,374,415,439,473,487,487,593,593,603,666,685,712,736,780,797,548,548,548,150,176,176,200,200,200],"floor_reached":51,"playtime":3220,"items_purged":[],"score":1343,"play_id":"b7f42059-767a-4d9a-b0da-ced8150b1d0f","local_time":"20201214171442","is_ascension_mode":true,"campfire_choices":[{"floor":6.0,"key":"REST"},{"floor":11,"key":"REST"},{"floor":15,"key":"REST"},{"data":"White Noise","floor":25,"key":"SMITH"},{"data":"Loop","floor":32,"key":"SMITH"},{"floor":44,"key":"REST"},{"floor":49,"key":"REST"}],"circlet_count":0,"master_deck":["Strike_B","Strike_B","Strike_B","Strike_B","Defend_B","Defend_B","Defend_B","Defend_B","Zap","Dualcast","Core Surge","Loop+1","Melter","Beam Cell","White Noise+1","Genetic Algorithm+1","Sweeping Beam","Scrape","Seek","Ball Lightning","Good Instincts","Scrape","Scrape","Steam Power","Steam Power+1","Go for the Eyes","Scrape+1","Conserve Battery","Seek","Rebound","Compile Driver","Beam Cell","Conserve Battery+1","White Noise+1","Fission","Gash","Melter","Gash","Gash","Loop+1","Electrodynamics+1","Scrape"],"relics":["Cracked Core","CeramicFish","Strange Spoon","Ginger","Vajra","White Beast Statue","Art of War","HornCleat","Nuclear Battery","Membership Card","Toy Ornithopter","Matryoshka","Cables","Ancient Tea Set","Red Mask","Omamori","Oddly Smooth Stone","Peace Pipe","Mummified Hand","Orrery","DataDisk","Potion Belt","Blood Vial","Happy Flower","DollysMirror","Pear","Frozen Egg 2"],"acts_visited":["Exordium","TheCity","TheBeyond"],"potions_floor_usage":[8,16,16,21,23,23,27,28,30,31,33,35,36,36,37,38,39,40,41,41,46,50,50,50],"damage_taken":[{"damage":5.0,"enemies":"2 Louse","floor":1.0,"turns":3.0},{"damage":7.0,"enemies":"Jaw Worm","floor":2.0,"turns":3.0},{"damage":0.0,"enemies":"Small Slimes","floor":3.0,"turns":2.0},{"damage":6.0,"enemies":"Blue Slaver","floor":4.0,"turns":3.0},{"damage":6.0,"enemies":"3 Louse","floor":5.0,"turns":3.0},{"damage":32,"enemies":"Gremlin Nob","floor":8,"turns":4},{"damage":6,"enemies":"Looter","floor":13,"turns":3},{"damage":0,"enemies":"2 Fungi Beasts","floor":14,"turns":3},{"damage":26,"enemies":"Hexaghost","floor":16,"turns":10},{"damage":0,"enemies":"2 Thieves","floor":18,"turns":4},{"damage":0,"enemies":"Chosen","floor":21,"turns":3},{"damage":18,"enemies":"Slavers","floor":23,"turns":6},{"damage":0,"enemies":"Sentry and Sphere","floor":24,"turns":3},{"damage":11,"enemies":"Masked Bandits","floor":27,"turns":3},{"damage":0,"enemies":"Gremlin Leader","floor":28,"turns":4},{"damage":3,"enemies":"Cultist and Chosen","floor":29,"turns":5},{"damage":14,"enemies":"Slavers","floor":30,"turns":4},{"damage":0,"enemies":"Snake Plant","floor":31,"turns":3},{"damage":42,"enemies":"Automaton","floor":33,"turns":8},{"damage":8,"enemies":"3 Shapes","floor":35,"turns":2},{"damage":40,"enemies":"2 Orb Walkers","floor":36,"turns":4},{"damage":13,"enemies":"3 Darklings","floor":37,"turns":4},{"damage":22,"enemies":"Maw","floor":38,"turns":7},{"damage":0,"enemies":"Transient","floor":39,"turns":5},{"damage":15,"enemies":"Nemesis","floor":40,"turns":7},{"damage":3,"enemies":"4 Shapes","floor":41,"turns":4},{"damage":8,"enemies":"Maw","floor":46,"turns":6},{"damage":0,"enemies":"Sphere and 2 Shapes","floor":48,"turns":2},{"damage":45,"enemies":"Donu and Deca","floor":50,"turns":5}],"seed_played":"-649834010169435625","potions_obtained":[{"floor":3.0,"key":"Dexterity Potion"},{"floor":4.0,"key":"Strength Potion"},{"floor":8,"key":"PotionOfCapacity"},{"floor":13,"key":"SpeedPotion"},{"floor":14,"key":"SpeedPotion"},{"floor":16,"key":"EssenceOfSteel"},{"floor":18,"key":"SpeedPotion"},{"floor":21,"key":"AttackPotion"},{"floor":23,"key":"FearPotion"},{"floor":24,"key":"SteroidPotion"},{"floor":27,"key":"Strength Potion"},{"floor":28,"key":"FearPotion"},{"floor":29,"key":"Swift Potion"},{"floor":30,"key":"PotionOfCapacity"},{"floor":31,"key":"Explosive Potion"},{"floor":33,"key":"Regen Potion"},{"floor":35,"key":"Explosive Potion"},{"floor":36,"key":"PowerPotion"},{"floor":37,"key":"Block Potion"},{"floor":38,"key":"Explosive Potion"},{"floor":39,"key":"SneckoOil"},{"floor":40,"key":"LiquidBronze"},{"floor":41,"key":"PowerPotion"},{"floor":46,"key":"BlessingOfTheForge"},{"floor":48,"key":"FocusPotion"}],"is_trial":false,"path_per_floor":["M","M","M","M","M","R","?","E","T","?","R","?","M","M","R","B",null,"M","$","T","M","?","E","M","R","T","?","E","M","E","M","R","B",null,"M","?","M","M","M","E","M","$","T","R","$","M","?","M","R","B",null],"character_chosen":"DEFECT","items_purchased":["CeramicFish","Strange Spoon","Core Surge","Membership Card","Good Instincts","Scrape","Orrery","Gash","DataDisk","Potion Belt","LiquidBronze","DollysMirror","Pear","Frozen Egg 2","Loop+1","Energy Potion","Block Potion","SpeedPotion"],"campfire_rested":5,"item_purchase_floors":[0,0,0,19,19,19,42,42,42,42,42,45,45,45,45,45,45,45],"current_hp_per_floor":[35,28,28,22,16,38,38,6,6,6,28,28,22,22,44,18,61,61,61,61,66,66,58,58,58,58,52,57,54,45,50,50,13,60,57,39,31,14,19,9,16,16,16,38,48,47,47,49,73,36],"gold":200,"neow_bonus":"","is_daily":false,"chose_seed":false,"campfire_upgraded":2,"win_rate":0.0,"timestamp":1607984082,"path_taken":["M","M","M","M","M","R","?","E","T","?","R","?","M","M","R","BOSS","M","$","?","M","?","E","M","R","T","?","E","M","E","M","R","BOSS","M","?","M","M","M","E","M","$","T","R","$","M","?","M","R","BOSS"],"items_purchased_type":["Relic","Relic","Card","Relic","Card","Card","Relic","Card","Relic","Relic","Potion","Relic","Relic","Relic","Card","Potion","Potion","Potion"],"build_version":"2020-12-13","purchased_purges":0,"victory":true,"max_hp_per_floor":[75,75,75,75,75,75,75,75,75,75,75,75,75,75,75,75,75,75,75,75,75,75,75,75,75,75,75,75,75,75,75,75,75,75,75,75,75,75,75,75,75,75,75,75,85,85,81,81,81,81],"relic_stats":{"Peace Pipe":0,"Blood Vial":6,"Strange Spoon":[45],"Happy Flower":[4],"counters":[90,335],"Mummified Hand":[103],"CeramicFish":288,"Art of War":[1],"Ginger":[19],"obtain_stats":[{"Gremlin Horn":0,"CeramicFish":0,"Vajra":0,"Whetstone":12,"Ginger":0,"Bottled Tornado":9,"Boot":43,"Blood Vial":0,"Centennial Puzzle":10,"HornCleat":9,"Sundial":14,"DollysMirror":29,"MealTicket":11,"Toxic Egg 2":8,"Pear":45,"Happy Flower":43,"Oddly Smooth Stone":10,"Eternal Feather":6,"War Paint":7,"Cables":26,"SlaversCollar":34,"Shuriken":9,"Bronze Scales":9,"Black Star":17,"Singing Bowl":0,"Juzu Bracelet":48,"Smiling Mask":8,"Ancient Tea Set":26,"Burning Blood":0,"Nunchaku":26,"Matryoshka":23,"Mummified Hand":7,"Pantograph":0,"Red Mask":27,"Cracked Core":0,"Potion Belt":8,"NeowsBlessing":0,"Golden Idol":2,"The Courier":6,"Omamori":0,"Frozen Egg 2":45,"White Beast Statue":7,"Nuclear Battery":17,"Peace Pipe":0,"Strange Spoon":0,"CaptainsWheel":3,"DataDisk":9,"Orrery":45,"Art of War":0,"Bag of Marbles":23,"Membership Card":19,"Toy Ornithopter":20},{"Gremlin Horn":13,"CeramicFish":61,"Vajra":61,"Whetstone":6,"Ginger":61,"Bottled Tornado":4,"Boot":56,"Blood Vial":13,"Centennial Puzzle":38,"HornCleat":67,"Sundial":7,"DollysMirror":47,"MealTicket":38,"Toxic Egg 2":33,"Pear":87,"Happy Flower":87,"Oddly Smooth Stone":22,"Eternal Feather":32,"War Paint":4,"Cables":74,"SlaversCollar":50,"Shuriken":33,"Bronze Scales":21,"Black Star":24,"Singing Bowl":0,"Juzu Bracelet":60,"Smiling Mask":21,"Ancient Tea Set":74,"Burning Blood":0,"Nunchaku":47,"Matryoshka":73,"Mummified Hand":36,"Pantograph":0,"Red Mask":75,"Cracked Core":0,"Potion Belt":33,"NeowsBlessing":16,"Golden Idol":14,"The Courier":32,"Omamori":0,"Frozen Egg 2":87,"White Beast Statue":66,"Nuclear Battery":41,"Peace Pipe":13,"Strange Spoon":61,"CaptainsWheel":35,"DataDisk":37,"Orrery":57,"Art of War":0,"Bag of Marbles":46,"Membership Card":71,"Toy Ornithopter":71},{"Gremlin Horn":49,"CeramicFish":213,"Vajra":213,"Whetstone":17,"Ginger":213,"Bottled Tornado":10,"Boot":192,"Blood Vial":49,"Centennial Puzzle":130,"HornCleat":231,"Sundial":23,"DollysMirror":163,"MealTicket":130,"Toxic Egg 2":122,"Pear":323,"Happy Flower":323,"Oddly Smooth Stone":73,"Eternal Feather":114,"War Paint":10,"Cables":263,"SlaversCollar":172,"Shuriken":122,"Bronze Scales":70,"Black Star":86,"Singing Bowl":0,"Juzu Bracelet":207,"Smiling Mask":70,"Ancient Tea Set":263,"Burning Blood":0,"Nunchaku":163,"Matryoshka":260,"Mummified Hand":125,"Pantograph":0,"Red Mask":266,"Cracked Core":0,"Potion Belt":122,"NeowsBlessing":59,"Golden Idol":52,"The Courier":114,"Omamori":0,"Frozen Egg 2":323,"White Beast Statue":227,"Nuclear Battery":142,"Peace Pipe":49,"Strange Spoon":213,"CaptainsWheel":124,"DataDisk":126,"Orrery":195,"Art of War":0,"Bag of Marbles":160,"Membership Card":251,"Toy Ornithopter":251}],"Toy Ornithopter":96,"Cables":[61,51,0,0,10]},"card_choices":[{"not_picked":["Leap","Sweeping Beam"],"picked":"Loop","floor":1.0},{"not_picked":["Undo","FTL"],"picked":"Melter","floor":2.0},{"not_picked":["Fusion","Barrage"],"picked":"Beam Cell","floor":3.0},{"not_picked":["Consume","Force Field"],"picked":"White Noise","floor":4.0},{"not_picked":["Hologram","Ball Lightning"],"picked":"Genetic Algorithm","floor":5.0},{"not_picked":["Streamline","Glacier","Leap"],"picked":"SKIP","floor":8},{"not_picked":["Coolheaded","Reinforced Body"],"picked":"Sweeping Beam","floor":13},{"not_picked":["Reprogram","Static Discharge"],"picked":"Scrape","floor":14},{"not_picked":["Multi-Cast","Creative AI"],"picked":"Seek","floor":16},{"not_picked":["Redo","Defragment+1"],"picked":"Ball Lightning","floor":18},{"not_picked":["Conserve Battery","Darkness"],"picked":"Scrape","floor":21},{"not_picked":["Darkness","Steam"],"picked":"Steam Power","floor":23},{"not_picked":["Sweeping Beam","Compile Driver"],"picked":"Steam Power+1","floor":24},{"not_picked":["Buffer","Leap+1"],"picked":"Go for the Eyes","floor":27},{"not_picked":["Barrage","Undo"],"picked":"Scrape+1","floor":28},{"not_picked":["Hologram","Reprogram"],"picked":"Conserve Battery","floor":29},{"not_picked":["Sunder+1","Hyperbeam","Biased Cognition"],"picked":"SKIP","floor":30},{"not_picked":["Glacier","Capacitor","Steam Power"],"picked":"SKIP","floor":31},{"not_picked":["Hyperbeam","Fission"],"picked":"Seek","floor":33},{"not_picked":["Scrape","Glacier+1","Steam+1"],"picked":"SKIP","floor":35},{"not_picked":["Streamline","Sunder"],"picked":"Rebound","floor":36},{"not_picked":["Aggregate","Doom and Gloom+1"],"picked":"Compile Driver","floor":37},{"not_picked":["Barrage","Ball Lightning"],"picked":"Beam Cell","floor":38},{"not_picked":["Streamline","Cold Snap+1"],"picked":"Conserve Battery+1","floor":39},{"not_picked":["Stack","Capacitor+1"],"picked":"White Noise+1","floor":40},{"not_picked":["Conserve Battery","Storm+1","Reprogram+1"],"picked":"SKIP","floor":41},{"not_picked":["Aggregate","Force Field"],"picked":"Fission","floor":42},{"not_picked":["Leap+1","Barrage"],"picked":"Gash","floor":42},{"not_picked":["Coolheaded","Cold Snap+1"],"picked":"Melter","floor":42},{"not_picked":["Coolheaded","Chill"],"picked":"Electrodynamics+1","floor":46},{"not_picked":["Ball Lightning+1","Turbo+1"],"picked":"Scrape","floor":48}],"player_experience":581373,"relics_obtained":[{"floor":8,"key":"Art of War"},{"floor":9,"key":"HornCleat"},{"floor":20,"key":"Toy Ornithopter"},{"floor":23,"key":"Matryoshka"},{"floor":26,"key":"Cables"},{"floor":26,"key":"Ancient Tea Set"},{"floor":27,"key":"Red Mask"},{"floor":28,"key":"Omamori"},{"floor":30,"key":"Oddly Smooth Stone"},{"floor":36,"key":"Peace Pipe"},{"floor":40,"key":"Mummified Hand"},{"floor":43,"key":"Blood Vial"},{"floor":43,"key":"Happy Flower"}],"event_choices":[{"damage_healed":0.0,"max_hp_gain":0.0,"max_hp_loss":0.0,"gold_gain":0.0,"event_name":"Dead Adventurer","player_choice":"Searched \u00272\u0027 times","floor":7.0,"gold_loss":0.0,"damage_taken":0.0,"relics_obtained":["White Beast Statue"]},{"damage_healed":0,"gold_gain":0,"player_choice":"Grow","damage_taken":0,"max_hp_gain":0,"max_hp_loss":0,"event_name":"Living Wall","floor":10,"gold_loss":0,"cards_upgraded":["Genetic Algorithm"]},{"damage_healed":0,"gold_gain":0,"player_choice":"Bought 0 Potions","damage_taken":0,"max_hp_gain":0,"max_hp_loss":0,"event_name":"The Woman in Blue","floor":12,"gold_loss":0},{"damage_healed":0,"gold_gain":0,"player_choice":"Ignored","damage_taken":0,"max_hp_gain":0,"max_hp_loss":0,"event_name":"Vampires","floor":22,"gold_loss":0},{"damage_healed":0,"gold_gain":0,"player_choice":"Fought Bandits","damage_taken":0,"max_hp_gain":0,"max_hp_loss":0,"event_name":"Masked Bandits","floor":27,"gold_loss":0},{"damage_healed":0,"gold_gain":0,"player_choice":"Fight","damage_taken":0,"max_hp_gain":0,"max_hp_loss":0,"event_name":"Mysterious Sphere","floor":36,"gold_loss":0},{"damage_healed":0,"gold_gain":0,"player_choice":"Max HP","damage_taken":0,"max_hp_gain":0,"max_hp_loss":4,"event_name":"Winding Halls","floor":47,"gold_loss":0}],"is_beta":false,"boss_relics":[{"not_picked":["Sozu","Snecko Eye"],"picked":"Nuclear Battery"},{"not_picked":["Runic Dome","Fusion Hammer","FrozenCore"]}],"items_purged_floors":[],"is_endless":false,"potions_floor_spawned":[3,4,8,13,14,16,18,21,23,24,27,28,29,30,31,33,35,36,37,38,39,40,41,46,48],"ascension_level":6}}