{"host":"omuz9yzrsj9oc9b2","time":1607959413,"event":{"mods":["2.2 Compatiblity","BaseMod","Downfall","Minty Spire (QoL Compilation)","Replay The Spire","StSLib","The Poker Player"],"gold_per_floor":[149,162,162,195,370,370,370,470,58,58,76,76,87,87,101,206,206,131,160,160,160],"floor_reached":20,"playtime":1588,"items_purged":["Regret"],"score":238,"play_id":"28a4f4f6-80c2-4ddb-b391-75277c23d338","local_time":"20201214152333","is_ascension_mode":false,"campfire_choices":[{"floor":1,"key":"DIG"},{"data":"champ:GladiatorStyle","floor":10,"key":"SMITH"},{"floor":18,"key":"DIG"}],"circlet_count":0,"master_deck":["champ:Strike","champ:Strike","champ:Strike+1","champ:Strike","champ:Defend+1","champ:Defend","champ:Defend+1","champ:Defend","champ:Execute+1","champ:Taunt+1","champ:Control","champ:AdrenalArmor","Doubt","champ:BerserkersShout","champ:BladeFlurry","champ:ViciousMockery","champ:BerserkerStyle+1","champ:SteelEdge","champ:LastStand","champ:EndlessRage+1"],"relics":["Tiny House","Replay:Towering Pillar of Hats","HornCleat","Toolbox","Ring of Chaos","downfall:HeartBlessingBlue","Oddly Smooth Stone","Replay:PocketPolymizer"],"acts_visited":["Exordium","TheCity"],"potions_floor_usage":[16,16,16],"damage_taken":[{"damage":19,"enemies":"2 Louse","floor":2,"turns":2},{"damage":31,"enemies":"3 Sentries","floor":4,"turns":9},{"damage":10,"enemies":"downfall:FleeingMerchant","floor":9,"turns":4},{"damage":25,"enemies":"Jaw Worm","floor":11,"turns":5},{"damage":28,"enemies":"Cultist","floor":13,"turns":5},{"damage":53,"enemies":"Large Slime","floor":15,"turns":6},{"damage":82,"enemies":"downfall:Watcher","floor":16,"turns":9},{"damage":138,"enemies":"Slavers","floor":19,"turns":10},{"damage":17,"enemies":"Chosen","floor":20,"turns":4}],"seed_played":"6084253771196009267","potions_obtained":[{"floor":0,"key":"LiquidMemories"},{"floor":2,"key":"Swift Potion"},{"floor":4,"key":"EssenceOfSteel"},{"floor":15,"key":"Block Potion"}],"is_trial":false,"path_per_floor":["R","M","?","E","?","?","T","?","$","R","M","?","M","?","M","B",null,"R","E","M"],"character_chosen":"THE_CHAMP","items_purchased":["Toolbox","champ:GladiatorStyle","champ:BladeFlurry","champ:ViciousMockery"],"campfire_rested":0,"item_purchase_floors":[9,9,9,9],"current_hp_per_floor":[95,90,90,85,85,85,85,85,81,81,76,76,75,75,73,34,95,105,10,0,0],"gold":160,"neow_bonus":"BOSS_RELIC","is_daily":false,"chose_seed":false,"campfire_upgraded":1,"win_rate":0.0,"timestamp":1607959413,"path_taken":["R","M","?","E","?","?","T","?","$","R","?","?","M","?","M","BOSS","R","E","M"],"items_purchased_type":["Relic","Card","Card","Card"],"build_version":"2020-12-13","purchased_purges":1,"victory":false,"max_hp_per_floor":[95,95,95,95,95,95,95,95,95,95,95,95,95,95,95,95,95,105,105,105,105],"card_choices":[{"not_picked":["champ:ShieldWall","champ:ArenaPreparation"],"picked":"champ:Control","floor":0},{"not_picked":["champ:FightOn","champ:Encircle"],"picked":"champ:AdrenalArmor","floor":2},{"not_picked":["champ:RapidStrikes","champ:FlashCut","champ:FaceSlap"],"picked":"SKIP","floor":4},{"not_picked":["champ:Haymaker","champ:DefensiveShout"],"picked":"champ:BerserkersShout","floor":9},{"not_picked":["champ:BerserkersShout","champ:PerfectedStrike"],"picked":"champ:BerserkerStyle","floor":11},{"not_picked":["champ:ShieldSigil","champ:Backstep","champ:Circumvent"],"picked":"SKIP","floor":13},{"not_picked":["champ:Backstep","champ:FanOfKnives"],"picked":"champ:SteelEdge","floor":15},{"not_picked":["champ:ShieldSlam","champ:ShieldThrow"],"picked":"champ:LastStand","floor":16},{"not_picked":["champ:Balance","champ:ShieldSigil"],"picked":"champ:EndlessRage+1","floor":19}],"player_experience":244349,"relics_obtained":[{"floor":1,"key":"Replay:Towering Pillar of Hats"},{"floor":4,"key":"HornCleat"},{"floor":18,"key":"Oddly Smooth Stone"},{"floor":19,"key":"Replay:PocketPolymizer"}],"event_choices":[{"cards_removed":["champ:GladiatorStyle"],"damage_healed":0,"gold_gain":0,"player_choice":"Card Removal","damage_taken":0,"max_hp_gain":0,"max_hp_loss":0,"event_name":"The Cleric","floor":12,"gold_loss":0},{"damage_healed":0,"gold_gain":0,"player_choice":"Grow","damage_taken":0,"max_hp_gain":0,"max_hp_loss":0,"event_name":"Living Wall","floor":14,"gold_loss":0,"cards_upgraded":["champ:BerserkerStyle"]}],"is_beta":false,"boss_relics":[{"not_picked":["Empty Cage","Cursed Key"],"picked":"Ring of Chaos"}],"items_purged_floors":[9],"is_endless":false,"potions_floor_spawned":[2,4,15],"killed_by":"Chosen","ascension_level":0}}