{"host":"z7byfb4bpt09dh7e","time":1607958511,"event":{"mods":["Aspiration","BaseMod","BetterRewards","Displayed Cursed Tome","Downfall","Infinite Spire","Minty Spire (QoL Compilation)","StSLib","The Blue Laboratory","Uncapped"],"gold_per_floor":[118,131,145,158,178,178,189,26,79,96,171,171,171,187,187,289,289,301,326,1,16,16,16,16,33,33,50,68,68,38,51,51,153,153,163,163,179,179,191,191,34,44,44,44,44,44,75,75,75,75],"floor_reached":51,"playtime":2204,"items_purged":[],"score":696,"play_id":"8560ba65-0a33-4119-bce4-fd0ace28a71e","local_time":"20201214100831","is_ascension_mode":false,"campfire_choices":[{"floor":6,"key":"REST"},{"data":"ClearTheMind","floor":13,"key":"SMITH"},{"floor":15,"key":"REST"},{"floor":23,"key":"REST"},{"floor":32,"key":"REST"},{"data":"infinitespire:Oblivion","floor":40,"key":"SMITH"},{"floor":46,"key":"REST"},{"floor":49,"key":"REST"}],"circlet_count":0,"master_deck":["Strike_P","Strike_P","Defend_P","Defend_P","Defend_P","Eruption","Vigilance","Brilliance","Protect+1","CutThroughFate","FlurryOfBlows","ClearTheMind+1","Swivel","CutThroughFate","Panache","LessonLearned","FearNoEvil","DevaForm","FollowUp","Consecrate","BattleHymn","Evaluate","infinitespire:DeathsTouch","infinitespire:DeathsTouch","BowlingBash","Crescendo+1","BowlingBash+1","J.A.X.","DeusExMachina","Judgement","WheelKick+1","EmptyBody+1","infinitespire:Oblivion+1","Collect","Wallop","Dramatic Entrance","FlurryOfBlows+1","Dodge and Roll","Poisoned Stab","Predator"],"relics":["Cracked Core","Bag of Marbles","infinitespire:Cubic Diamond","aspiration:PoetsPen_weak","Red Mask","aspiration:StickyExplosives_weak","Turnip","Nunchaku","SlaversCollar","Bottled Flame","Lantern","infinitespire:Bottled Soul","MealTicket"],"acts_visited":["Exordium","TheCity","TheBeyond"],"potions_floor_usage":[16,16,25,27,27,28,31,33,33,50,50,50,50,50,50,50,50],"damage_taken":[{"damage":0,"enemies":"Cultist","floor":1,"turns":2},{"damage":0,"enemies":"2 Louse","floor":2,"turns":4},{"damage":5,"enemies":"Small Slimes","floor":3,"turns":2},{"damage":24,"enemies":"Blue Slaver","floor":4,"turns":2},{"damage":6,"enemies":"3 Louse","floor":5,"turns":4},{"damage":3,"enemies":"Red Slaver","floor":7,"turns":3},{"damage":0,"enemies":"Gremlin Gang","floor":10,"turns":4},{"damage":12,"enemies":"Blue Slaver","floor":14,"turns":2},{"damage":35,"enemies":"Hexaghost","floor":16,"turns":8},{"damage":26,"enemies":"Spheric Guardian","floor":18,"turns":6},{"damage":0,"enemies":"Masked Bandits","floor":19,"turns":2},{"damage":17,"enemies":"3 Byrds","floor":21,"turns":4},{"damage":28,"enemies":"Centurion and Healer","floor":25,"turns":4},{"damage":16,"enemies":"Shelled Parasite and Fungi","floor":27,"turns":3},{"damage":1,"enemies":"Cultist and Chosen","floor":28,"turns":3},{"damage":3,"enemies":"Snake Plant","floor":31,"turns":2},{"damage":21,"enemies":"Collector","floor":33,"turns":5},{"damage":0,"enemies":"Orb Walker","floor":35,"turns":2},{"damage":13,"enemies":"3 Shapes","floor":37,"turns":2},{"damage":9,"enemies":"3 Darklings","floor":39,"turns":3},{"damage":31,"enemies":"4 Shapes","floor":42,"turns":3},{"damage":17,"enemies":"Nemesis","floor":47,"turns":5},{"damage":33,"enemies":"Donu and Deca","floor":50,"turns":6}],"seed_played":"4444338613273834231","potions_obtained":[{"floor":1,"key":"Explosive Potion"},{"floor":2,"key":"blueLaboratory:SavagePotion"},{"floor":7,"key":"Dexterity Potion"},{"floor":16,"key":"DistilledChaos"},{"floor":21,"key":"Swift Potion"},{"floor":27,"key":"blueLaboratory:BubblePotion"},{"floor":28,"key":"Block Potion"},{"floor":30,"key":"PowerPotion"},{"floor":30,"key":"blueLaboratory:FrostheartPotion"},{"floor":35,"key":"sneckomod:MuddlingPotion"},{"floor":36,"key":"blueLaboratory:HummingbirdPotion"},{"floor":36,"key":"blueLaboratory:PressurePotion"},{"floor":36,"key":"EntropicBrew"}],"is_trial":false,"path_per_floor":["M","M","M","M","M","R","M","$","T","M","?","?","R","M","R","B",null,"M","?","$","M","AVR","R","?","M","T","M","M","?","?","M","R","B",null,"M","?","M","AVR","M","R","$","M","T","$","?","R","E","?","R","B",null],"character_chosen":"WATCHER","items_purchased":["Panache","aspiration:StickyExplosives_weak","BattleHymn","Lantern"],"campfire_rested":6,"item_purchase_floors":[8,20,20,41],"current_hp_per_floor":[72,72,67,43,37,58,55,55,55,55,44,44,44,32,53,18,72,46,46,46,29,29,50,50,22,22,6,5,5,5,2,23,2,72,72,72,59,59,50,50,50,19,19,19,19,40,23,23,44,11],"gold":75,"neow_bonus":"ONE_RANDOM_RARE_CARD","is_daily":false,"chose_seed":false,"campfire_upgraded":2,"win_rate":0.0,"timestamp":1607958511,"path_taken":["M","?","M","M","M","R","M","$","T","M","?","?","R","M","R","BOSS","M","?","$","M","AVR","R","?","M","T","?","?","?","?","M","R","BOSS","M","?","M","AVR","M","R","$","?","T","?","?","R","E","?","R","BOSS"],"items_purchased_type":["Card","Relic","Card","Relic"],"build_version":"2020-12-13","purchased_purges":0,"victory":true,"max_hp_per_floor":[72,72,72,72,72,72,72,72,72,72,72,72,72,72,72,72,72,72,72,72,72,72,72,72,72,72,72,72,72,72,72,72,72,72,72,72,72,72,72,72,72,72,72,72,72,72,72,72,72,72],"card_choices":[{"not_picked":["Nirvana","WheelKick"],"picked":"Protect","floor":1},{"not_picked":["Protect","CarveReality"],"picked":"CutThroughFate","floor":2},{"not_picked":["CrushJoints","Meditate"],"picked":"FlurryOfBlows","floor":3},{"not_picked":["CrushJoints","Wireheading"],"picked":"ClearTheMind","floor":4},{"not_picked":["WreathOfFlame","FlyingSleeves"],"picked":"Swivel","floor":5},{"not_picked":["Crescendo","Consecrate"],"picked":"CutThroughFate","floor":7},{"not_picked":["Nirvana","Sanctity"],"picked":"LessonLearned","floor":10},{"not_picked":["FollowUp","SashWhip"],"picked":"FearNoEvil","floor":14},{"not_picked":["ConjureBlade","Omniscience"],"picked":"DevaForm","floor":16},{"not_picked":["CrushJoints","ClearTheMind"],"picked":"FollowUp","floor":18},{"not_picked":["FlyingSleeves","Evaluate"],"picked":"Consecrate","floor":19},{"not_picked":["EmptyBody","Indignation+1"],"picked":"Evaluate","floor":21},{"not_picked":["Indignation","ClearTheMind"],"picked":"BowlingBash","floor":25},{"not_picked":["FlyingSleeves","Meditate"],"picked":"Crescendo+1","floor":27},{"not_picked":["Crescendo","ReachHeaven"],"picked":"BowlingBash+1","floor":28},{"not_picked":["Collect","JustLucky"],"picked":"DeusExMachina","floor":31},{"not_picked":["DevaForm","Omniscience"],"picked":"Judgement","floor":33},{"not_picked":["FlyingSleeves","SandsOfTime"],"picked":"WheelKick+1","floor":35},{"not_picked":["Crescendo+1","Adaptation"],"picked":"EmptyBody+1","floor":37},{"not_picked":["CrushJoints+1","Protect+1"],"picked":"Collect","floor":39},{"not_picked":["ReachHeaven+1","PathToVictory"],"picked":"Wallop","floor":42},{"not_picked":["Flash of Steel","expansioncontent:DefensiveMode"],"picked":"Dramatic Entrance","floor":45},{"not_picked":["Meditate","FollowUp+1"],"picked":"FlurryOfBlows+1","floor":47}],"player_experience":255940,"relics_obtained":[{"floor":9,"key":"Bag of Marbles"},{"floor":19,"key":"Red Mask"},{"floor":26,"key":"Nunchaku"},{"floor":43,"key":"infinitespire:Bottled Soul"},{"floor":47,"key":"MealTicket"}],"event_choices":[{"damage_healed":0,"gold_gain":75,"player_choice":"Gather Gold","damage_taken":11,"max_hp_gain":0,"max_hp_loss":0,"event_name":"World of Goop","floor":11,"gold_loss":0},{"damage_healed":0,"gold_gain":0,"player_choice":"Fought Bandits","damage_taken":0,"max_hp_gain":0,"max_hp_loss":0,"event_name":"Masked Bandits","floor":19,"gold_loss":0},{"damage_healed":0,"gold_gain":0,"player_choice":"Copied","damage_taken":0,"max_hp_gain":0,"max_hp_loss":0,"event_name":"Duplicator","floor":24,"gold_loss":0,"cards_obtained":["infinitespire:DeathsTouch"]},{"damage_healed":0,"gold_gain":0,"player_choice":"Obtain J.A.X.","damage_taken":0,"max_hp_gain":0,"max_hp_loss":0,"event_name":"Drug Dealer","floor":29,"gold_loss":0,"cards_obtained":["J.A.X."]},{"damage_healed":0,"gold_gain":0,"player_choice":"Bought 2 Potions","damage_taken":0,"max_hp_gain":0,"max_hp_loss":0,"event_name":"The Woman in Blue","floor":30,"gold_loss":0},{"damage_healed":0,"gold_gain":0,"player_choice":"Got Potions","damage_taken":0,"max_hp_gain":0,"max_hp_loss":0,"event_name":"Lab","floor":36,"gold_loss":0},{"damage_healed":0,"gold_gain":0,"player_choice":"Memory 1","damage_taken":0,"max_hp_gain":0,"max_hp_loss":0,"event_name":"SensoryStone","floor":45,"gold_loss":0}],"is_beta":false,"boss_relics":[{"not_picked":["Philosopher\u0027s Stone","Empty Cage"],"picked":"aspiration:PoetsPen_weak"},{"not_picked":["Runic Dome","Pandora\u0027s Box"],"picked":"SlaversCollar"}],"items_purged_floors":[],"is_endless":false,"potions_floor_spawned":[1,2,7,16,21,27,28,35,42],"ascension_level":0}}