{"host":"r3d3rfw8zyydmocx","time":1607934687,"event":{"mods":["Aspiration","BaseMod","Colored Powertips","Conspire","Downfall","Highlight Path","Hubris","Minty Spire (QoL Compilation)","Replay The Spire","StSLib","The Hierophant","The Servant 0.9.4"],"gold_per_floor":[99,118,143,143,154,164,164,164,240,240,25,36,48,61,73,168,168,168,168,168,181,195,221,295,220,250,250,350,114,114,125,135,237,237,237,268,280,308,308,183,209,209,209,134,152,166,182,205,218,218],"floor_reached":51,"playtime":14304,"items_purged":[],"score":742,"play_id":"7622fbb2-9e8c-44e1-bf9e-7e916f972a67","local_time":"20201214003127","is_ascension_mode":false,"campfire_choices":[{"data":"Slimebound:Strike_Slimebound","floor":1,"key":"PURGE"},{"data":"Slimebound:Split","floor":4,"key":"SMITH"},{"data":"Slimebound:SplitMire","floor":4,"key":"SMITH"},{"data":"Slimebound:LivingWall","floor":10,"key":"SMITH"},{"data":"Slimebound:LeechEnergy","floor":10,"key":"SMITH"},{"data":"Slimebound:MassFeed","floor":18,"key":"SMITH"},{"data":"Slimebound:Defend_Slimebound","floor":18,"key":"SMITH"},{"data":"Slimebound:Defend_Slimebound","floor":20,"key":"SMITH"},{"data":"Slimebound:Defend_Slimebound","floor":20,"key":"SMITH"},{"data":"Slimebound:Defend_Slimebound","floor":25,"key":"SMITH"},{"data":"Slimebound:Defend_Slimebound","floor":25,"key":"SMITH"},{"data":"Slimebound:Defend_Slimebound","floor":27,"key":"SMITH"},{"data":"Slimebound:Defend_Slimebound","floor":27,"key":"SMITH"},{"data":"Slimebound:Defend_Slimebound","floor":35,"key":"SMITH"},{"data":"Slimebound:Defend_Slimebound","floor":35,"key":"SMITH"},{"data":"Slimebound:LeadByExample","floor":39,"key":"SMITH"},{"data":"Slimebound:Defend_Slimebound","floor":39,"key":"SMITH"},{"floor":42,"key":"RECALL"},{"data":"Replay:SS_hec_1","floor":44,"key":"SMITH"},{"data":"Slimebound:Defend_Slimebound","floor":44,"key":"SMITH"}],"circlet_count":0,"master_deck":["Slimebound:Defend_Slimebound","Slimebound:Defend_Slimebound","Slimebound:Defend_Slimebound","Slimebound:Defend_Slimebound+3","Slimebound:Split+1","Slimebound:CorrosiveSpit","Slimebound:SplitMire+1","Slimebound:PressTheAttack+1","Slimebound:LeechEnergy+1","Slimebound:LivingWall+1","Slimebound:SplitLeeching","Slimebound:SamplingLick","Slimebound:Gluttony","Slimebound:OozeBath","Slimebound:MassFeed+1","Slimebound:SlimeTap","Slimebound:SamplingLick+1","Slimebound:MegaLick+1","J.A.X.","Slimebound:RallyTheTroops","Slimebound:SamplingLick","Slimebound:LeadByExample+1","Slimebound:PressTheAttack+1","Slimebound:MassRepurpose","Slimebound:RejuvenatingLick+1","Slimebound:SplitLeeching+1","Replay:SS_hec_1+1","Slimebound:SplitMire","Slimebound:SplitLeeching+1"],"relics":["Slimebound:AbsorbEndCombat","Replay:Arrowhead","StoneCalendar","Gambling Chip","hubris:MysteriousPyramids","Simple Rune","Empty Cage","Bag of Preparation","downfall:HeartBlessingBlue","Smiling Mask","MutagenicStrength","Boot","hubris:VirtuousBlindfold","hubris:TinFlute","Pantograph","Strange Spoon","aspiration:Lifesprig","Vajra","Happy Flower","downfall:HeartBlessingRed","Omamori"],"acts_visited":["Exordium","TheCity","TheBeyond"],"potions_floor_usage":[23,29,33],"damage_taken":[{"damage":10,"enemies":"Jaw Worm","floor":2,"turns":3},{"damage":42,"enemies":"Gremlin Nob","floor":3,"turns":4},{"damage":17,"enemies":"2 Louse","floor":5,"turns":2},{"damage":12,"enemies":"Small Slimes","floor":6,"turns":3},{"damage":13,"enemies":"downfall:FleeingMerchant","floor":11,"turns":4},{"damage":20,"enemies":"Blue Slaver","floor":12,"turns":2},{"damage":17,"enemies":"3 Louse","floor":13,"turns":4},{"damage":21,"enemies":"2 Fungi Beasts","floor":14,"turns":3},{"damage":19,"enemies":"Blue Slaver","floor":15,"turns":3},{"damage":21,"enemies":"downfall:Silent","floor":16,"turns":7},{"damage":16,"enemies":"Chosen","floor":21,"turns":4},{"damage":41,"enemies":"3 Cultists","floor":22,"turns":5},{"damage":17,"enemies":"Book of Stabbing","floor":23,"turns":4},{"damage":25,"enemies":"Gremlin Leader","floor":26,"turns":6},{"damage":18,"enemies":"downfall:Augmenter","floor":28,"turns":5},{"damage":30,"enemies":"downfall:FleeingMerchant","floor":29,"turns":4},{"damage":33,"enemies":"Cultist and Chosen","floor":31,"turns":7},{"damage":24,"enemies":"Sentry and Sphere","floor":32,"turns":4},{"damage":57,"enemies":"downfall:Watcher","floor":33,"turns":7},{"damage":32,"enemies":"Nemesis","floor":36,"turns":7},{"damage":12,"enemies":"Orb Walker","floor":37,"turns":4},{"damage":27,"enemies":"conspire:MimicChest","floor":38,"turns":6},{"damage":35,"enemies":"downfall:FleeingMerchant","floor":40,"turns":3},{"damage":26,"enemies":"3 Shapes","floor":45,"turns":3},{"damage":23,"enemies":"Writhing Mass","floor":46,"turns":4},{"damage":27,"enemies":"Jaw Worm Horde","floor":47,"turns":4},{"damage":20,"enemies":"Maw","floor":49,"turns":6},{"damage":66,"enemies":"downfall:Ironclad","floor":50,"turns":11}],"seed_played":"-1589875966600372376","potions_obtained":[{"floor":6,"key":"SpeedPotion"},{"floor":13,"key":"Adrenaline Potion"},{"floor":14,"key":"Swift Potion"},{"floor":16,"key":"Fire Potion"},{"floor":23,"key":"Weak Potion"},{"floor":32,"key":"SteroidPotion"},{"floor":37,"key":"Cursed Concoction"},{"floor":45,"key":"PowerPotion"}],"is_trial":false,"path_per_floor":["R","M","E","R","M","M","T","?","T","R","$","M","M","M","M","B",null,"R","?","R","M","M","E","T","R","E","R","?","$","?","M","M","B",null,"R","E","M","?","R","$","T","R","?","R","M","M","M","T","M","B",null],"character_chosen":"SLIMEBOUND","items_purchased":["Simple Rune","Slimebound:SamplingLick","Boot","Slimebound:LeadByExample","Strange Spoon","aspiration:Lifesprig","Vajra"],"campfire_rested":0,"item_purchase_floors":[11,11,29,29,40,40,40],"current_hp_per_floor":[54,48,28,28,31,43,43,43,43,43,53,54,54,53,51,54,54,54,54,54,54,50,62,62,72,72,72,72,72,64,66,79,71,80,80,75,84,88,88,79,79,79,69,69,85,92,96,96,104,81],"gold":218,"neow_bonus":"ONE_RARE_RELIC","is_daily":false,"chose_seed":false,"campfire_upgraded":18,"win_rate":0.0,"timestamp":1607934687,"path_taken":["R","M","E","R","M","M","T","?","?","R","?","M","M","M","M","BOSS","R","?","R","M","M","E","T","R","E","R","?","$","?","M","M","BOSS","R","E","M","?","R","$","T","R","?","R","M","M","M","?","M","BOSS"],"items_purchased_type":["Relic","Card","Relic","Card","Relic","Relic","Relic"],"build_version":"2020-12-13","purchased_purges":0,"victory":true,"max_hp_per_floor":[54,54,54,54,54,54,54,54,54,54,54,54,54,54,54,54,54,54,54,54,54,58,62,62,72,72,72,72,72,72,76,80,80,80,80,80,84,88,88,88,88,88,88,88,92,92,100,100,104,108],"card_choices":[{"not_picked":["Slimebound:PressTheAttack","Slimebound:SlimeSpikes"],"picked":"Slimebound:SplitMire","floor":2},{"not_picked":["Slimebound:GrowthPunch","Slimebound:Teamwork"],"picked":"Slimebound:PressTheAttack","floor":3},{"not_picked":["Slimebound:ComboTackle","Slimebound:DivideAndConquer"],"picked":"Slimebound:LeechEnergy","floor":5},{"not_picked":["Slimebound:PressTheAttack","Slimebound:GoopTackle"],"picked":"Slimebound:LivingWall","floor":6},{"not_picked":["Slimebound:TongueLash","Slimebound:DisruptingSlam"],"picked":"Slimebound:SplitLeeching","floor":11},{"not_picked":["Slimebound:ServeAndProtect","Slimebound:Repurpose"],"picked":"Slimebound:Gluttony","floor":12},{"not_picked":["Slimebound:GoopTackle","Slimebound:ForwardTackle","Slimebound:DisruptingSlam"],"picked":"SKIP","floor":13},{"not_picked":["Slimebound:GoopTackle","Slimebound:GrowthPunch","Slimebound:SamplingLick"],"picked":"SKIP","floor":14},{"not_picked":["Slimebound:GrowthPunch","Slimebound:SamplingLick"],"picked":"Slimebound:OozeBath","floor":15},{"not_picked":["Slimebound:DouseInSlime","Slimebound:WasteNot"],"picked":"Slimebound:MassFeed","floor":16},{"not_picked":["Slimebound:DivideAndConquer","Slimebound:FinishingTackle+1","Slimebound:SlimeSpikes"],"picked":"SKIP","floor":21},{"not_picked":["Slimebound:FirmFortitude","Slimebound:ServeAndProtect"],"picked":"Slimebound:SamplingLick+1","floor":22},{"not_picked":["Slimebound:Schlurp+1","Slimebound:ServeAndProtect+1"],"picked":"Slimebound:MegaLick+1","floor":23},{"not_picked":["Slimebound:HauntingLick","Slimebound:ComboTackle","Slimebound:FirmFortitude"],"picked":"SKIP","floor":26},{"not_picked":[],"picked":"J.A.X.","floor":28},{"not_picked":["Slimebound:Replication","Slimebound:SplitLeeching"],"picked":"Slimebound:RallyTheTroops","floor":28},{"not_picked":["Slimebound:SamplingLick","Slimebound:FirmFortitude+1","Slimebound:MegaLick"],"picked":"SKIP","floor":29},{"not_picked":["Slimebound:RollThrough","Slimebound:SamplingLick","Slimebound:Schlurp"],"picked":"SKIP","floor":31},{"not_picked":["Slimebound:ItLooksTasty","Slimebound:GrowthPunch"],"picked":"Slimebound:PressTheAttack+1","floor":32},{"not_picked":["Slimebound:CheckThePlaybook","Slimebound:SlimeSlap"],"picked":"Slimebound:MassRepurpose","floor":33},{"not_picked":["Slimebound:LeechEnergy+1","Slimebound:Grow+1"],"picked":"Slimebound:RejuvenatingLick+1","floor":36},{"not_picked":["Slimebound:ComboTackle+1","Slimebound:Schlurp","Slimebound:RejuvenatingLick"],"picked":"SKIP","floor":37},{"not_picked":["Slimebound:SplitBruiser+1","Slimebound:RejuvenatingLick"],"picked":"Slimebound:SplitLeeching+1","floor":38},{"not_picked":["Slimebound:FirmFortitude","Slimebound:RollThrough","Slimebound:GoopSpray+1"],"picked":"SKIP","floor":40},{"not_picked":["expansioncontent:HyperBeam","expansioncontent:Torchfire"],"picked":"Replay:SS_hec_1","floor":43},{"not_picked":["Slimebound:SplitBruiser","Slimebound:LeadByExample","Slimebound:FirmFortitude+1"],"picked":"SKIP","floor":45},{"not_picked":["Slimebound:PressTheAttack+1","Slimebound:ComboTackle"],"picked":"Slimebound:SplitMire","floor":46},{"not_picked":["Slimebound:ForwardTackle+1","Slimebound:ProtectTheBoss+1"],"picked":"Slimebound:SplitLeeching+1","floor":47},{"not_picked":["Slimebound:ProtectTheBoss","Slimebound:SplitAcid","Slimebound:FirmFortitude+1"],"picked":"SKIP","floor":49}],"player_experience":471286,"relics_obtained":[{"floor":3,"key":"StoneCalendar"},{"floor":7,"key":"Gambling Chip"},{"floor":9,"key":"hubris:MysteriousPyramids"},{"floor":23,"key":"Bag of Preparation"},{"floor":26,"key":"Smiling Mask"},{"floor":28,"key":"MutagenicStrength"},{"floor":36,"key":"hubris:TinFlute"},{"floor":38,"key":"Pantograph"},{"floor":41,"key":"Happy Flower"},{"floor":48,"key":"Omamori"}],"event_choices":[{"damage_healed":0,"gold_gain":0,"player_choice":"Read","damage_taken":0,"max_hp_gain":0,"max_hp_loss":0,"event_name":"The Library","floor":19,"gold_loss":0,"cards_obtained":["Slimebound:SlimeTap"]}],"is_beta":false,"boss_relics":[{"not_picked":["hubris:Stopwatch","ReplayTheSpireMod:DimensionalGlitch"],"picked":"Empty Cage"},{"not_picked":["hubris:GrandSneckoEye","Cursed Key"],"picked":"hubris:VirtuousBlindfold"}],"items_purged_floors":[],"is_endless":false,"potions_floor_spawned":[6,13,14,15,16,23,32,37,45,49],"ascension_level":0}}