{"host":"p6y17sixyu8q9v1f","time":1607977916,"event":{"mods":["BaseMod","Colored Map","Minty Spire (QoL Compilation)"],"gold_per_floor":[109,128,303,303,47,83,83,83,156,169,205,205,36,56,56,181,181,202,202,222,79,79,79],"floor_reached":22,"playtime":856,"items_purged":["Doubt","Strike_B"],"score":260,"play_id":"c887d5fe-502d-40dd-b1c5-6724673358a8","local_time":"20201214143156","is_ascension_mode":true,"campfire_choices":[{"data":"Consume","floor":7,"key":"SMITH"},{"floor":15,"key":"REST"}],"circlet_count":0,"master_deck":["Strike_B","Strike_B","Defend_B","Defend_B","Defend_B","Defend_B","Zap+1","Dualcast","Consume+1","Defragment","Conserve Battery","Reboot","Redo","Conserve Battery","Defragment","Echo Form","Double Energy","Ball Lightning+1","Thunder Strike"],"relics":["Cracked Core","NeowsBlessing","Golden Idol","Runic Capacitor","Potion Belt","Matryoshka","InkBottle","Black Star"],"acts_visited":["Exordium","TheCity"],"potions_floor_usage":[11,16,16],"damage_taken":[{"damage":0,"enemies":"Jaw Worm","floor":1,"turns":1},{"damage":0,"enemies":"Small Slimes","floor":2,"turns":1},{"damage":0,"enemies":"Gremlin Nob","floor":6,"turns":1},{"damage":7,"enemies":"2 Louse","floor":10,"turns":2},{"damage":25,"enemies":"Lagavulin","floor":11,"turns":7},{"damage":19,"enemies":"Lots of Slimes","floor":14,"turns":3},{"damage":10,"enemies":"Slime Boss","floor":16,"turns":8},{"damage":30,"enemies":"Chosen","floor":18,"turns":6},{"damage":34,"enemies":"Shell Parasite","floor":20,"turns":6},{"damage":26,"enemies":"Masked Bandits","floor":22,"turns":2}],"seed_played":"8861279803593282128","potions_obtained":[{"floor":1,"key":"Swift Potion"},{"floor":2,"key":"FearPotion"},{"floor":11,"key":"SteroidPotion"},{"floor":14,"key":"AttackPotion"}],"is_trial":false,"path_per_floor":["M","M","?","?","$","E","R","?","T","M","E","?","$","M","R","B",null,"M","?","M","$","?"],"character_chosen":"DEFECT","items_purchased":["Runic Capacitor","Conserve Battery","Defragment","Thunder Strike"],"campfire_rested":1,"item_purchase_floors":[5,5,13,21],"current_hp_per_floor":[75,75,75,57,57,57,57,62,62,55,30,30,30,11,35,25,80,50,50,16,16,0,0],"gold":79,"neow_bonus":"THREE_ENEMY_KILL","is_daily":false,"chose_seed":false,"campfire_upgraded":1,"win_rate":0.0,"timestamp":1607977916,"path_taken":["M","M","?","?","$","E","R","?","T","M","E","?","$","?","R","BOSS","M","?","M","$","?"],"items_purchased_type":["Relic","Card","Card","Card"],"build_version":"2020-12-13","purchased_purges":2,"victory":false,"max_hp_per_floor":[75,75,75,75,75,75,75,80,80,80,80,80,80,80,80,80,80,80,80,80,80,80,80],"card_choices":[{"not_picked":["Storm","Go for the Eyes"],"picked":"Consume","floor":1},{"not_picked":["Go for the Eyes","Stack"],"picked":"Defragment","floor":2},{"not_picked":["Heatsinks","Coolheaded"],"picked":"Reboot","floor":6},{"not_picked":["Leap","Stack"],"picked":"Redo","floor":10},{"not_picked":["Cold Snap","Double Energy"],"picked":"Conserve Battery","floor":11},{"not_picked":["Undo","Rebound","Blizzard"],"picked":"SKIP","floor":14},{"not_picked":["Machine Learning","Buffer"],"picked":"Echo Form","floor":16},{"not_picked":["Go for the Eyes","Coolheaded"],"picked":"Double Energy","floor":18},{"not_picked":["Leap","Beam Cell"],"picked":"Ball Lightning+1","floor":20}],"player_experience":756480,"relics_obtained":[{"floor":6,"key":"Potion Belt"},{"floor":9,"key":"Matryoshka"},{"floor":11,"key":"InkBottle"}],"event_choices":[{"damage_healed":0,"gold_gain":175,"player_choice":"AGREE","damage_taken":0,"max_hp_gain":0,"max_hp_loss":0,"event_name":"Liars Game","floor":3,"gold_loss":0,"cards_obtained":["Doubt"]},{"damage_healed":0,"gold_gain":0,"player_choice":"Take Damage","damage_taken":18,"relics_obtained":["Golden Idol"],"max_hp_gain":0,"max_hp_loss":0,"event_name":"Golden Idol","floor":4,"gold_loss":0},{"damage_healed":0,"gold_gain":0,"player_choice":"Donut","damage_taken":0,"max_hp_gain":5,"max_hp_loss":0,"event_name":"Big Fish","floor":8,"gold_loss":0},{"damage_healed":0,"gold_gain":0,"player_choice":"Forge","damage_taken":0,"max_hp_gain":0,"max_hp_loss":0,"event_name":"Accursed Blacksmith","floor":12,"gold_loss":0,"cards_upgraded":["Zap"]},{"cards_removed":["Strike_B"],"damage_healed":0,"gold_gain":0,"player_choice":"Elegance","damage_taken":0,"max_hp_gain":0,"max_hp_loss":0,"event_name":"Back to Basics","floor":19,"gold_loss":0},{"damage_healed":0,"gold_gain":0,"player_choice":"Fought Bandits","damage_taken":0,"max_hp_gain":0,"max_hp_loss":0,"event_name":"Masked Bandits","floor":22,"gold_loss":0}],"is_beta":false,"boss_relics":[{"not_picked":["SacredBark","FrozenCore"],"picked":"Black Star"}],"items_purged_floors":[5,13],"is_endless":false,"potions_floor_spawned":[1,2,11,14],"killed_by":"Masked Bandits","ascension_level":4}}