{"host":"og6lam4kt3nibbw0","time":1607988626,"event":{"mods":["AchievementEnabler","BaseMod","Colored Map","DeckTracker","Highlight Path","Keyboard Shortcuts","Minty Spire (QoL Compilation)","Permanent Neow","Quick Restart","StSLib","SuperFastMode"],"gold_per_floor":[118,43,61,80,80,80,109,109,132,6,22,22,41,41,41,115,115,126,136,136,159,159,159,187,205,205,105,105,119,119,151,151,229,229,243,243,254,254,269,300,300,335,335,352,367,367,384,384,384],"floor_reached":48,"playtime":2100,"items_purged":["Strike_G","Defend_G"],"score":1243,"play_id":"839611af-5cd1-4d9a-83e2-2744c375e587","local_time":"20201215083026","is_ascension_mode":true,"campfire_choices":[{"data":"Well Laid Plans","floor":6.0,"key":"SMITH"},{"floor":15.0,"key":"REST"},{"data":"Acrobatics","floor":23.0,"key":"SMITH"},{"data":"Neutralize","floor":30.0,"key":"SMITH"},{"floor":32.0,"key":"RECALL"},{"floor":41.0,"key":"REST"}],"circlet_count":0,"master_deck":["AscendersBane","Defend_G","Defend_G","Defend_G","Survivor+1","Neutralize+1","Well Laid Plans+1","Prepared+1","Grand Finale","Acrobatics+1","Grand Finale","Bite","Bite","Bite","Bite","Bite","Acrobatics","Dagger Throw","Tactician","Purity"],"relics":["Ring of the Snake","Vajra","Lantern","Strawberry","War Paint","Ornamental Fan","Question Card","Bag of Preparation","HoveringKite","Ginger","The Courier","Kunai"],"acts_visited":["Exordium","TheCity","TheBeyond"],"potions_floor_usage":[48],"damage_taken":[{"damage":4.0,"enemies":"Jaw Worm","floor":1.0,"turns":5.0},{"damage":2.0,"enemies":"Small Slimes","floor":3.0,"turns":4.0},{"damage":1.0,"enemies":"Cultist","floor":4.0,"turns":4.0},{"damage":32.0,"enemies":"3 Sentries","floor":7.0,"turns":8.0},{"damage":0.0,"enemies":"Red Slaver","floor":8.0,"turns":1.0},{"damage":1.0,"enemies":"2 Fungi Beasts","floor":11.0,"turns":4.0},{"damage":16.0,"enemies":"Exordium Wildlife","floor":13.0,"turns":6.0},{"damage":0.0,"enemies":"3 Louse","floor":14.0,"turns":2.0},{"damage":14.0,"enemies":"Slime Boss","floor":16.0,"turns":7.0},{"damage":10.0,"enemies":"Shell Parasite","floor":18.0,"turns":2.0},{"damage":0.0,"enemies":"Spheric Guardian","floor":19.0,"turns":2.0},{"damage":21.0,"enemies":"Slavers","floor":24.0,"turns":3.0},{"damage":25.0,"enemies":"Shelled Parasite and Fungi","floor":25.0,"turns":3.0},{"damage":0.0,"enemies":"Chosen and Byrds","floor":29.0,"turns":3.0},{"damage":0.0,"enemies":"Book of Stabbing","floor":31.0,"turns":3.0},{"damage":0.0,"enemies":"Collector","floor":33.0,"turns":6.0},{"damage":0.0,"enemies":"Orb Walker","floor":35.0,"turns":1.0},{"damage":25.0,"enemies":"3 Shapes","floor":37.0,"turns":3.0},{"damage":8.0,"enemies":"Sphere and 2 Shapes","floor":39.0,"turns":2.0},{"damage":17.0,"enemies":"Nemesis","floor":40.0,"turns":3.0},{"damage":36.0,"enemies":"Giant Head","floor":42.0,"turns":6.0},{"damage":5.0,"enemies":"3 Darklings","floor":44.0,"turns":2.0},{"damage":0.0,"enemies":"Writhing Mass","floor":45.0,"turns":5.0},{"damage":19.0,"enemies":"Sphere and 2 Shapes","floor":47.0,"turns":2.0},{"damage":36,"enemies":"Nemesis","floor":48,"turns":6}],"seed_played":"6263796850729727223","potions_obtained":[{"floor":1.0,"key":"SmokeBomb"},{"floor":4.0,"key":"PowerPotion"},{"floor":7.0,"key":"SmokeBomb"},{"floor":16.0,"key":"Dexterity Potion"},{"floor":18.0,"key":"Fruit Juice"},{"floor":24.0,"key":"ColorlessPotion"},{"floor":31.0,"key":"AttackPotion"},{"floor":33.0,"key":"SkillPotion"},{"floor":35.0,"key":"LiquidMemories"},{"floor":45.0,"key":"GamblersBrew"}],"is_trial":false,"path_per_floor":["M","?","M","M","?","R","E","M","T","$","M","$","M","M","R","B",null,"M","M","?","T","?","R","E","M","T","$","T","M","R","E","R","B",null,"M","?","M","T","M","E","R","E","T","M","M","?","M","E"],"character_chosen":"THE_SILENT","items_purchased":["Acrobatics"],"campfire_rested":2,"item_purchase_floors":[10],"current_hp_per_floor":[55,55,53,52,52,52,20,20,20,20,21,21,7,9,28,16,54,51,53,53,60,60,60,45,30,30,30,30,40,40,42,42,60,74,78,78,53,53,51,44,67,39,39,36,42,42,27,17,17],"gold":384,"neow_bonus":"RANDOM_COMMON_RELIC","is_daily":false,"chose_seed":false,"campfire_upgraded":3,"win_rate":0.0,"timestamp":1607988626,"path_taken":["M","?","M","M","?","R","E","M","T","$","?","?","M","M","R","BOSS","M","M","?","?","?","R","E","?","T","?","?","M","R","E","R","BOSS","M","?","M","?","M","E","R","E","T","?","M","?","M","E"],"items_purchased_type":["Card"],"build_version":"2020-12-13","purchased_purges":2,"victory":false,"max_hp_per_floor":[66,66,66,66,66,66,66,66,66,66,66,66,66,66,66,66,66,71,71,71,78,78,78,78,78,78,78,78,78,78,78,78,78,78,78,78,78,78,78,78,78,78,78,78,78,78,78,78,78],"card_choices":[{"not_picked":["Backflip","Crippling Poison"],"picked":"Well Laid Plans","floor":1.0},{"not_picked":["PiercingWail","Slice","Reflex"],"picked":"SKIP","floor":3.0},{"not_picked":["Flying Knee","Bane"],"picked":"Prepared","floor":4.0},{"not_picked":["Cloak And Dagger","Noxious Fumes","Underhanded Strike"],"picked":"SKIP","floor":7.0},{"not_picked":["Dagger Spray","Slice","Doppelganger"],"picked":"SKIP","floor":11.0},{"not_picked":["Noxious Fumes","Poisoned Stab","Slice"],"picked":"SKIP","floor":13.0},{"not_picked":["Unload","Phantasmal Killer"],"picked":"Grand Finale","floor":16.0},{"not_picked":["Setup","Poisoned Stab+1","PiercingWail"],"picked":"SKIP","floor":18.0},{"not_picked":["Prepared","Cloak And Dagger","Flechettes"],"picked":"SKIP","floor":19.0},{"not_picked":["Terror","Dodge and Roll","Catalyst"],"picked":"SKIP","floor":24.0},{"not_picked":["Dagger Spray","Unload"],"picked":"Dagger Throw","floor":25.0},{"not_picked":["Deflect","Outmaneuver","Endless Agony","Dagger Spray+1"],"picked":"SKIP","floor":29.0},{"not_picked":["Dagger Throw","Leg Sweep","Dagger Spray","Bane"],"picked":"SKIP","floor":31.0},{"not_picked":["Cloak And Dagger","Setup","Dagger Throw","Reflex+1"],"picked":"SKIP","floor":35.0},{"not_picked":["Deadly Poison","Underhanded Strike+1","Dodge and Roll+1","Flying Knee"],"picked":"SKIP","floor":37.0},{"not_picked":["Burst","Skewer","Reflex","Slice"],"picked":"SKIP","floor":39.0},{"not_picked":["Prepared","Poisoned Stab","Dodge and Roll","Catalyst+1"],"picked":"SKIP","floor":40.0},{"not_picked":["Masterful Stab+1","Deadly Poison","Dagger Throw","Blade Dance"],"picked":"SKIP","floor":42.0},{"not_picked":["Poisoned Stab","Skewer","Terror","Footwork"],"picked":"SKIP","floor":44.0},{"not_picked":["Cloak And Dagger","Outmaneuver","Setup"],"picked":"Tactician","floor":45.0},{"not_picked":["Impatience","Mayhem","Flash of Steel"],"picked":"Purity","floor":46.0},{"not_picked":["Backflip+1","Dodge and Roll","Deflect","Underhanded Strike"],"picked":"SKIP","floor":47.0}],"player_experience":747852,"relics_obtained":[{"floor":7.0,"key":"Lantern"},{"floor":9.0,"key":"Blood Vial"},{"floor":21.0,"key":"Strawberry"},{"floor":24.0,"key":"War Paint"},{"floor":26.0,"key":"Ornamental Fan"},{"floor":28.0,"key":"Question Card"},{"floor":31.0,"key":"Bag of Preparation"},{"floor":40.0,"key":"Ginger"},{"floor":42.0,"key":"The Courier"},{"floor":43.0,"key":"Kunai"}],"event_choices":[{"cards_removed":["Defend_G"],"damage_healed":0.0,"max_hp_gain":0.0,"max_hp_loss":0.0,"gold_gain":0.0,"event_name":"The Cleric","player_choice":"Card Removal","floor":2.0,"gold_loss":75.0,"damage_taken":0.0},{"damage_healed":0.0,"max_hp_gain":0.0,"max_hp_loss":0.0,"gold_gain":0.0,"event_name":"Match and Keep!","player_choice":"1 cards matched","floor":5.0,"gold_loss":0.0,"damage_taken":0.0,"cards_obtained":["Grand Finale"]},{"damage_healed":0.0,"max_hp_gain":0.0,"max_hp_loss":0.0,"gold_gain":0.0,"event_name":"Vampires","player_choice":"Became a vampire (Vial)","floor":20.0,"relics_lost":["Blood Vial"],"gold_loss":0.0,"damage_taken":0.0,"cards_obtained":["Bite","Bite","Bite","Bite","Bite"]},{"damage_healed":0.0,"max_hp_gain":0.0,"max_hp_loss":0.0,"gold_gain":0.0,"event_name":"Duplicator","player_choice":"Copied","floor":22.0,"gold_loss":0.0,"damage_taken":0.0,"cards_obtained":["Acrobatics"]},{"damage_healed":0.0,"max_hp_gain":0.0,"max_hp_loss":0.0,"gold_gain":0.0,"event_name":"Tomb of Lord Red Mask","player_choice":"Ignored","floor":36.0,"gold_loss":0.0,"damage_taken":0.0},{"damage_healed":0.0,"max_hp_gain":0.0,"max_hp_loss":0.0,"gold_gain":0.0,"event_name":"SensoryStone","player_choice":"Memory 1","floor":46.0,"gold_loss":0.0,"damage_taken":0.0}],"is_beta":false,"boss_relics":[{"not_picked":["Runic Dome","Snecko Eye","Philosopher\u0027s Stone"]},{"not_picked":["Coffee Dripper","Astrolabe"],"picked":"HoveringKite"}],"items_purged_floors":[10,27],"is_endless":false,"potions_floor_spawned":[1,4,7,8,16,18,24,31,33,35,42,45],"killed_by":"Nemesis","ascension_level":20}}