{"host":"xwog71r75u8mqwn1","time":1607928847,"event":{"mods":["BaseMod","Downfall","Minty Spire (QoL Compilation)","StSLib"],"gold_per_floor":[110,129,148,148,73,73,88,119,173,193,193,193,268,287,287,417,417,433,453,453,453,453,453],"floor_reached":22,"playtime":880,"items_purged":["Strike_R"],"score":273,"play_id":"51b735b0-91ba-4208-8aa0-afd60e43de52","local_time":"20201214005407","is_ascension_mode":true,"campfire_choices":[{"data":"Demon Form","floor":6,"key":"SMITH"},{"floor":15,"key":"REST"}],"circlet_count":0,"master_deck":["Strike_R","Strike_R","Strike_R","Strike_R","Defend_R","Defend_R","Defend_R","Defend_R","Bash+1","Thunderclap","Pommel Strike","Demon Form+1","Flex","Shrug It Off","Rampage","Sword Boomerang","Iron Wave+1"],"relics":["Burning Blood","Golden Idol","Self Forming Clay","Dream Catcher","SlaversCollar"],"acts_visited":["Exordium","TheCity"],"potions_floor_usage":[16,19,21],"damage_taken":[{"damage":1,"enemies":"Cultist","floor":1,"turns":4},{"damage":9,"enemies":"Jaw Worm","floor":2,"turns":3},{"damage":12,"enemies":"Small Slimes","floor":3,"turns":3},{"damage":13,"enemies":"2 Fungi Beasts","floor":7,"turns":3},{"damage":20,"enemies":"Lagavulin","floor":8,"turns":5},{"damage":7,"enemies":"3 Louse","floor":10,"turns":3},{"damage":10,"enemies":"Blue Slaver","floor":14,"turns":3},{"damage":34,"enemies":"The Guardian","floor":16,"turns":11},{"damage":19,"enemies":"Shell Parasite","floor":18,"turns":5},{"damage":19,"enemies":"3 Byrds","floor":19,"turns":4},{"damage":0,"enemies":"3 Cultists","floor":21,"turns":2},{"damage":36,"enemies":"Centurion and Healer","floor":22,"turns":4}],"seed_played":"6878335003610096951","potions_obtained":[{"floor":1,"key":"FearPotion"},{"floor":3,"key":"ElixirPotion"},{"floor":14,"key":"Ancient Potion"},{"floor":18,"key":"Energy Potion"},{"floor":19,"key":"SmokeBomb"}],"is_trial":false,"path_per_floor":["M","M","M","?","$","R","M","E","T","M","?","?","?","M","R","B",null,"M","M","?","M","M"],"character_chosen":"IRONCLAD","items_purchased":[],"campfire_rested":1,"item_purchase_floors":[],"current_hp_per_floor":[77,74,68,48,48,48,41,27,27,26,46,46,35,31,54,26,64,51,38,26,32,0,0],"gold":453,"neow_bonus":"UPGRADE_CARD","is_daily":false,"chose_seed":false,"campfire_upgraded":1,"win_rate":0.0,"timestamp":1607928847,"path_taken":["M","M","?","?","$","R","M","E","T","M","?","?","?","M","R","BOSS","M","M","?","?","M"],"items_purchased_type":[],"build_version":"2020-12-13","purchased_purges":1,"victory":false,"max_hp_per_floor":[80,80,80,80,80,80,80,80,80,80,80,77,77,77,77,77,77,77,77,77,77,77,77],"card_choices":[{"not_picked":["Clothesline","Warcry"],"picked":"Thunderclap","floor":1},{"not_picked":["Combust","Dual Wield"],"picked":"Pommel Strike","floor":2},{"not_picked":["Heavy Blade","Body Slam"],"picked":"Demon Form","floor":3},{"not_picked":["Thunderclap","Feel No Pain","Flex"],"picked":"SKIP","floor":7},{"not_picked":["Thunderclap","Feel No Pain"],"picked":"Flex","floor":7},{"not_picked":["Rage","Spot Weakness"],"picked":"Shrug It Off","floor":8},{"not_picked":["Clothesline","Headbutt","Warcry"],"picked":"SKIP","floor":10},{"not_picked":["True Grit","Dark Embrace","Anger"],"picked":"SKIP","floor":14},{"not_picked":["Thunderclap","Shockwave"],"picked":"Rampage","floor":15},{"not_picked":["Clash+1","Twin Strike"],"picked":"Sword Boomerang","floor":18},{"not_picked":["Bloodletting","Flame Barrier+1"],"picked":"Iron Wave+1","floor":19}],"player_experience":2411965,"relics_obtained":[{"floor":8,"key":"Self Forming Clay"},{"floor":9,"key":"Dream Catcher"}],"event_choices":[{"damage_healed":0,"gold_gain":0,"player_choice":"Take Damage","damage_taken":20,"relics_obtained":["Golden Idol"],"max_hp_gain":0,"max_hp_loss":0,"event_name":"Golden Idol","floor":4,"gold_loss":0},{"damage_healed":20,"gold_gain":0,"player_choice":"Healed and dodged fight","damage_taken":0,"max_hp_gain":0,"max_hp_loss":0,"event_name":"Mushrooms","floor":11,"gold_loss":0,"cards_obtained":["Parasite"]},{"cards_removed":["Parasite"],"damage_healed":0,"gold_gain":0,"player_choice":"Forget","damage_taken":0,"max_hp_gain":0,"max_hp_loss":0,"event_name":"Living Wall","floor":12,"gold_loss":0},{"damage_healed":0,"gold_gain":75,"player_choice":"Gather Gold","damage_taken":11,"max_hp_gain":0,"max_hp_loss":0,"event_name":"World of Goop","floor":13,"gold_loss":0},{"damage_healed":0,"gold_gain":0,"player_choice":"POTION ","damage_taken":12,"max_hp_gain":0,"max_hp_loss":0,"event_name":"Knowing Skull","floor":20,"potions_obtained":["ColorlessPotion"],"gold_loss":0,"cards_obtained":[]}],"is_beta":false,"boss_relics":[{"not_picked":["Snecko Eye","Velvet Choker"],"picked":"SlaversCollar"}],"items_purged_floors":[5],"is_endless":false,"potions_floor_spawned":[1,3,14,18,19],"killed_by":"Centurion and Healer","ascension_level":9}}