{"host":"dcj2yvrgcvh5dl2s","time":1607941296,"event":{"mods":["BaseMod","Better Note","Block Reminder","Colored Powertips","DeckTracker","Minty Spire (QoL Compilation)","Quick Restart","Rare Cards Sparkle","Relic Stats","StSLib"],"gold_per_floor":[109,122,7,25,43,43,43,64,91,91,120,295,295,37,37,37,37],"floor_reached":16,"playtime":348,"items_purged":["Strike_R","Doubt"],"score":137,"play_id":"c1fc38c6-4ccb-4822-8faf-c8905b6525e9","local_time":"20201214202136","is_ascension_mode":true,"campfire_choices":[{"floor":7,"key":"REST"},{"data":"True Grit","floor":10,"key":"SMITH"},{"floor":15,"key":"REST"}],"circlet_count":0,"master_deck":["Strike_R","Strike_R","Strike_R","Strike_R","Defend_R","Defend_R","Defend_R","Defend_R","Bash","True Grit+1","Heavy Blade","Carnage","Limit Break","Flex","Double Tap"],"relics":["Burning Blood","Strawberry","Odd Mushroom","Art of War","Centennial Puzzle","Meat on the Bone"],"acts_visited":["Exordium"],"potions_floor_usage":[8,11],"damage_taken":[{"damage":19,"enemies":"Jaw Worm","floor":1,"turns":4},{"damage":5,"enemies":"Small Slimes","floor":2,"turns":3},{"damage":0,"enemies":"Cultist","floor":4,"turns":3},{"damage":48,"enemies":"Exordium Thugs","floor":5,"turns":6},{"damage":19,"enemies":"The Mushroom Lair","floor":8,"turns":4},{"damage":26,"enemies":"Lagavulin","floor":11,"turns":6},{"damage":56,"enemies":"The Guardian","floor":16,"turns":8}],"seed_played":"3177099806923476976","potions_obtained":[{"floor":1,"key":"Strength Potion"},{"floor":4,"key":"ElixirPotion"},{"floor":8,"key":"BlessingOfTheForge"}],"is_trial":false,"path_per_floor":["M","M","$","M","M","$","R","?","T","R","E","?","T","$","R","B"],"character_chosen":"IRONCLAD","items_purchased":["Carnage","Double Tap"],"campfire_rested":2,"item_purchase_floors":[3,14],"current_hp_per_floor":[66,67,67,73,31,31,57,44,44,44,24,24,24,24,50,0,0],"gold":37,"neow_bonus":"RANDOM_COMMON_RELIC","is_daily":false,"chose_seed":false,"campfire_upgraded":1,"win_rate":0.0,"timestamp":1607941296,"path_taken":["M","M","$","M","M","$","R","?","T","R","E","?","?","$","R","BOSS"],"items_purchased_type":["Card","Card"],"build_version":"2020-12-13","purchased_purges":2,"victory":false,"max_hp_per_floor":[87,87,87,87,87,87,87,87,87,87,87,87,87,87,87,87,87],"relic_stats":{"Centennial Puzzle":[3],"counters":[7,34],"Art of War":[2],"obtain_stats":[{"Centennial Puzzle":11,"Strawberry":0,"Art of War":9,"Odd Mushroom":8,"Burning Blood":0,"Meat on the Bone":13},{"Centennial Puzzle":6,"Strawberry":0,"Art of War":5,"Odd Mushroom":5,"Burning Blood":0,"Meat on the Bone":6},{"Centennial Puzzle":26,"Strawberry":0,"Art of War":20,"Odd Mushroom":20,"Burning Blood":0,"Meat on the Bone":26}],"Burning Blood":36,"Meat on the Bone":0},"card_choices":[{"not_picked":["Entrench","Wild Strike"],"picked":"True Grit","floor":1},{"not_picked":["Sword Boomerang","Pommel Strike"],"picked":"Heavy Blade","floor":2},{"not_picked":["Cleave","Clothesline"],"picked":"Limit Break","floor":4},{"not_picked":["Pommel Strike","Blood for Blood","Dual Wield"],"picked":"SKIP","floor":5},{"not_picked":["Clash","Clothesline"],"picked":"Flex","floor":8},{"not_picked":["Dual Wield","Flame Barrier","Ghostly Armor"],"picked":"SKIP","floor":11}],"player_experience":1956182,"relics_obtained":[{"floor":8,"key":"Odd Mushroom"},{"floor":9,"key":"Art of War"},{"floor":11,"key":"Centennial Puzzle"},{"floor":13,"key":"Meat on the Bone"}],"event_choices":[{"damage_healed":0,"gold_gain":0,"player_choice":"Fought Mushrooms","damage_taken":0,"max_hp_gain":0,"max_hp_loss":0,"event_name":"Mushrooms","floor":8,"gold_loss":0},{"damage_healed":0,"gold_gain":175,"player_choice":"AGREE","damage_taken":0,"max_hp_gain":0,"max_hp_loss":0,"event_name":"Liars Game","floor":12,"gold_loss":0,"cards_obtained":["Doubt"]}],"is_beta":false,"boss_relics":[],"items_purged_floors":[3,14],"is_endless":false,"potions_floor_spawned":[1,4,8],"killed_by":"The Guardian","ascension_level":8}}