{"host":"ow9msrs9p2ctkx99","time":1607972360,"event":{"mods":["AchievementEnabler","BaseMod","Colored Map","Colored Powertips","Minty Spire (QoL Compilation)","Permanent Neow","Quick Restart","SuperFastMode"],"gold_per_floor":[365,140,154,165,165,190,190,208,208,208,234,234,134,150,150,150,150],"floor_reached":16,"playtime":980,"items_purged":["Shame","Strike_B"],"score":155,"play_id":"dc5f8c3a-e583-4114-98a9-4537809e3fa0","local_time":"20201214195920","is_ascension_mode":true,"campfire_choices":[{"data":"Dualcast","floor":7,"key":"SMITH"},{"floor":10,"key":"REST"},{"floor":15,"key":"REST"}],"circlet_count":0,"master_deck":["AscendersBane","Strike_B","Strike_B","Strike_B","Defend_B","Defend_B","Defend_B","Defend_B","Zap","Dualcast+1","Doom and Gloom+1","Steam","Compile Driver","Sweeping Beam","Undo","Rebound"],"relics":["Cracked Core","OrangePellets","Art of War","Boot","Odd Mushroom","Ornamental Fan"],"acts_visited":["Exordium"],"potions_floor_usage":[11,16,16],"damage_taken":[{"damage":6.0,"enemies":"Cultist","floor":1.0,"turns":3.0},{"damage":0.0,"enemies":"Small Slimes","floor":3.0,"turns":2.0},{"damage":13.0,"enemies":"Jaw Worm","floor":4.0,"turns":4.0},{"damage":22,"enemies":"Lagavulin","floor":6,"turns":8},{"damage":11,"enemies":"Exordium Thugs","floor":8,"turns":4},{"damage":1,"enemies":"The Mushroom Lair","floor":11,"turns":3},{"damage":12,"enemies":"Lots of Slimes","floor":14,"turns":3},{"damage":47,"enemies":"Hexaghost","floor":16,"turns":9}],"seed_played":"-8761259101219016931","potions_obtained":[{"floor":3.0,"key":"ColorlessPotion"},{"floor":6,"key":"Block Potion"},{"floor":14,"key":"EssenceOfSteel"}],"is_trial":false,"path_per_floor":["M","$","M","M","?","E","R","M","T","R","?","T","$","M","R","B"],"character_chosen":"DEFECT","items_purchased":["OrangePellets"],"campfire_rested":2,"item_purchase_floors":[2],"current_hp_per_floor":[62,62,62,49,49,27,27,16,16,38,37,37,37,25,47,0,0],"gold":150,"neow_bonus":"TWO_FIFTY_GOLD","is_daily":false,"chose_seed":false,"campfire_upgraded":1,"win_rate":0.0,"timestamp":1607972360,"path_taken":["M","$","M","M","?","E","R","M","T","R","?","?","$","M","R","BOSS"],"items_purchased_type":["Relic"],"build_version":"2020-12-13","purchased_purges":2,"victory":false,"max_hp_per_floor":[75,75,75,75,75,75,75,75,75,75,75,75,75,75,75,75,75],"card_choices":[{"not_picked":["Stack","Conserve Battery"],"picked":"Doom and Gloom","floor":1.0},{"not_picked":["Storm","Hologram"],"picked":"Steam","floor":3.0},{"not_picked":["Hologram","Conserve Battery"],"picked":"Compile Driver","floor":4.0},{"not_picked":["Doom and Gloom","Sweeping Beam","Consume"],"picked":"SKIP","floor":6},{"not_picked":["Beam Cell","Gash"],"picked":"Sweeping Beam","floor":8},{"not_picked":["Compile Driver","Stack"],"picked":"Undo","floor":11},{"not_picked":["Ball Lightning","Reinforced Body"],"picked":"Rebound","floor":14}],"player_experience":1070970,"relics_obtained":[{"floor":6,"key":"Art of War"},{"floor":9,"key":"Boot"},{"floor":11,"key":"Odd Mushroom"},{"floor":12,"key":"Ornamental Fan"}],"event_choices":[{"damage_healed":0.0,"max_hp_gain":0.0,"max_hp_loss":0.0,"gold_gain":0.0,"event_name":"Living Wall","player_choice":"Grow","floor":5.0,"gold_loss":0.0,"damage_taken":0.0,"cards_upgraded":["Doom and Gloom"]},{"damage_healed":0,"gold_gain":0,"player_choice":"Fought Mushrooms","damage_taken":0,"max_hp_gain":0,"max_hp_loss":0,"event_name":"Mushrooms","floor":11,"gold_loss":0}],"is_beta":false,"boss_relics":[],"items_purged_floors":[2,13],"is_endless":false,"potions_floor_spawned":[3,6,14],"killed_by":"Hexaghost","ascension_level":11}}