{"host":"j4g6ia6asvpyu2b0","time":1607953177,"event":{"mods":["BaseMod","Colored Map","Minty Spire (QoL Compilation)","Permanent Neow","Quick Restart","Relic Stats","StSLib","Unceasing Turn Reminder"],"gold_per_floor":[115,390,402,421,59,59,93,104,104,135,135,85,85,104,104,203,203,213,229,229,7,7,34,34,60,139,173,203,220,236,236,236,336,336,356,371,593,593,611,623,649,663,737,737,475,505,521,552,552,552,552,552,25,59,59],"floor_reached":56,"playtime":3470,"items_purged":["Regret","Strike_G","Strike_G"],"score":1407,"play_id":"72e82e6f-681f-45d3-8aee-894bbade974b","local_time":"20201214063937","is_ascension_mode":true,"campfire_choices":[{"data":"Poisoned Stab","floor":6,"key":"SMITH"},{"data":"Tools of the Trade","floor":11,"key":"SMITH"},{"data":"Footwork","floor":15,"key":"SMITH"},{"data":"After Image","floor":24,"key":"SMITH"},{"data":"After Image","floor":32,"key":"SMITH"},{"floor":49,"key":"RECALL"},{"data":"Well Laid Plans","floor":52,"key":"SMITH"}],"circlet_count":0,"master_deck":["Defend_G","Defend_G","Defend_G","Defend_G","Defend_G","Survivor","Neutralize","Venomology","Blade Dance","Leg Sweep","Flying Knee","Footwork+1","Poisoned Stab+1","Dagger Spray","Deadly Poison","Well Laid Plans+1","Tools of the Trade+1","Deadly Poison","After Image+1","Accuracy","Backflip","Caltrops","Leg Sweep","After Image+1","Flying Knee","PiercingWail","Flying Knee+1","A Thousand Cuts","PiercingWail+1","Bouncing Flask+1","Acrobatics+1","Caltrops","Dodge and Roll+1","Footwork","Metamorphosis","Adrenaline","Footwork+1"],"relics":["Ring of the Serpent","Lantern","Potion Belt","Toy Ornithopter","Mummified Hand","OrangePellets","Art of War","Smiling Mask","Singing Bowl","Bronze Scales","Red Mask","Coffee Dripper","Dream Catcher","Paper Crane","Oddly Smooth Stone","Orichalcum","Bag of Marbles","Turnip"],"acts_visited":["Exordium","TheCity","TheBeyond","TheEnding"],"potions_floor_usage":[10,16,18,18,19,23,23,27,27,28,28,29,33,33,35,36,39,40,41,41,41,46,47,48,48,55,55,55,55],"damage_taken":[{"damage":2,"enemies":"Jaw Worm","floor":1,"turns":7},{"damage":6,"enemies":"Cultist","floor":3,"turns":4},{"damage":0,"enemies":"2 Louse","floor":4,"turns":3},{"damage":9,"enemies":"Gremlin Nob","floor":7,"turns":4},{"damage":1,"enemies":"Lots of Slimes","floor":8,"turns":3},{"damage":11,"enemies":"3 Sentries","floor":10,"turns":6},{"damage":0,"enemies":"2 Fungi Beasts","floor":14,"turns":2},{"damage":6,"enemies":"Hexaghost","floor":16,"turns":9},{"damage":0,"enemies":"Chosen","floor":18,"turns":3},{"damage":0,"enemies":"Spheric Guardian","floor":19,"turns":4},{"damage":11,"enemies":"Slavers","floor":23,"turns":5},{"damage":1,"enemies":"Book of Stabbing","floor":25,"turns":7},{"damage":0,"enemies":"Gremlin Leader","floor":27,"turns":7},{"damage":0,"enemies":"Masked Bandits","floor":28,"turns":4},{"damage":1,"enemies":"Shelled Parasite and Fungi","floor":29,"turns":5},{"damage":0,"enemies":"Centurion and Healer","floor":30,"turns":7},{"damage":2,"enemies":"Collector","floor":33,"turns":11},{"damage":0,"enemies":"3 Shapes","floor":35,"turns":5},{"damage":0,"enemies":"Orb Walker","floor":36,"turns":4},{"damage":0,"enemies":"4 Shapes","floor":39,"turns":5},{"damage":0,"enemies":"3 Darklings","floor":40,"turns":5},{"damage":14,"enemies":"Giant Head","floor":41,"turns":8},{"damage":2,"enemies":"Maw","floor":42,"turns":7},{"damage":1,"enemies":"Nemesis","floor":46,"turns":7},{"damage":0,"enemies":"4 Shapes","floor":47,"turns":6},{"damage":0,"enemies":"Giant Head","floor":48,"turns":9},{"damage":14,"enemies":"Awakened One","floor":50,"turns":18},{"damage":22,"enemies":"Shield and Spear","floor":54,"turns":7},{"damage":1,"enemies":"The Heart","floor":55,"turns":8}],"seed_played":"4102756879809962007","potions_obtained":[{"floor":4,"key":"Regen Potion"},{"floor":10,"key":"ColorlessPotion"},{"floor":18,"key":"CunningPotion"},{"floor":23,"key":"LiquidMemories"},{"floor":27,"key":"GamblersBrew"},{"floor":30,"key":"AttackPotion"},{"floor":33,"key":"SteroidPotion"},{"floor":41,"key":"Weak Potion"}],"is_trial":false,"path_per_floor":["M","?","M","M","$","R","E","M","T","E","R","?","?","M","R","B",null,"M","M","?","$","$","E","R","E","T","E","?","M","M","$","R","B",null,"M","M","?","T","M","M","E","M","T","?","$","E","M","E","R","B",null,"R","$","E","B",null],"character_chosen":"THE_SILENT","items_purchased":["Lantern","Footwork","Poisoned Stab","Dagger Spray","Caltrops","OrangePellets","Oddly Smooth Stone","Caltrops","Footwork","Metamorphosis","Adrenaline","DuplicationPotion"],"campfire_rested":0,"item_purchase_floors":[5,5,5,5,21,21,45,45,53,53,53,53],"current_hp_per_floor":[68,68,62,62,62,62,53,52,52,46,46,46,46,46,46,45,70,70,70,70,70,70,64,64,63,63,70,70,71,71,71,71,72,72,72,72,72,72,74,76,64,62,62,62,62,66,73,78,78,64,78,78,78,56,75],"gold":59,"neow_bonus":"ONE_RANDOM_RARE_CARD","is_daily":false,"chose_seed":false,"campfire_upgraded":6,"win_rate":0.0,"timestamp":1607953177,"path_taken":["M","?","?","M","$","R","E","M","T","E","R","?","?","?","R","BOSS","M","M","?","?","$","E","R","E","T","E","?","M","M","$","R","BOSS","M","M","?","?","M","M","E","M","T","?","?","E","?","E","R","BOSS","R","$","E","BOSS"],"items_purchased_type":["Relic","Card","Card","Card","Card","Relic","Relic","Card","Card","Card","Card","Potion"],"build_version":"2020-12-13","purchased_purges":3,"victory":true,"max_hp_per_floor":[70,70,70,70,70,70,70,70,70,70,70,70,70,70,70,70,70,70,70,70,70,70,70,70,70,70,70,70,72,72,72,72,72,72,72,72,72,72,74,76,78,78,78,74,74,74,76,78,78,78,78,78,78,78,78],"relic_stats":{"OrangePellets":[16],"Dream Catcher":0,"Singing Bowl":12,"counters":[29,180],"Mummified Hand":[179],"Bronze Scales":[431],"Turnip":[2],"Art of War":[12],"Orichalcum":[0],"Smiling Mask":125,"obtain_stats":[{"Potion Belt":7,"Lantern":5,"Singing Bowl":26,"Oddly Smooth Stone":45,"Paper Crane":43,"Orichalcum":46,"Smiling Mask":25,"OrangePellets":21,"Dream Catcher":41,"Mummified Hand":10,"Bronze Scales":27,"Turnip":54,"Art of War":23,"Red Mask":28,"Coffee Dripper":34,"Bag of Marbles":48,"Toy Ornithopter":9,"Ring of the Serpent":17,"Ring of the Snake":0},{"Potion Belt":4,"Lantern":3,"Singing Bowl":12,"Oddly Smooth Stone":23,"Paper Crane":23,"Orichalcum":24,"Smiling Mask":12,"OrangePellets":10,"Dream Catcher":22,"Mummified Hand":6,"Bronze Scales":13,"Turnip":28,"Art of War":11,"Red Mask":14,"Coffee Dripper":17,"Bag of Marbles":26,"Toy Ornithopter":5,"Ring of the Serpent":8,"Ring of the Snake":0},{"Potion Belt":18,"Lantern":14,"Singing Bowl":57,"Oddly Smooth Stone":125,"Paper Crane":125,"Orichalcum":132,"Smiling Mask":57,"OrangePellets":45,"Dream Catcher":118,"Mummified Hand":27,"Bronze Scales":64,"Turnip":172,"Art of War":50,"Red Mask":68,"Coffee Dripper":91,"Bag of Marbles":147,"Toy Ornithopter":21,"Ring of the Serpent":38,"Ring of the Snake":0}],"Toy Ornithopter":58},"card_choices":[{"not_picked":["Quick Slash","Flying Knee"],"picked":"Blade Dance","floor":1},{"not_picked":["Accuracy","Bane"],"picked":"Leg Sweep","floor":3},{"not_picked":["Outmaneuver","Poisoned Stab"],"picked":"Flying Knee","floor":4},{"not_picked":["Catalyst","Blur"],"picked":"Deadly Poison","floor":7},{"not_picked":["Acrobatics","Blade Dance"],"picked":"Well Laid Plans","floor":8},{"not_picked":["Blade Dance","Accuracy"],"picked":"Tools of the Trade","floor":10},{"not_picked":["Underhanded Strike","Choke"],"picked":"Deadly Poison","floor":14},{"not_picked":["Storm of Steel","Night Terror"],"picked":"After Image","floor":16},{"not_picked":["Flying Knee+1","Poisoned Stab"],"picked":"Accuracy","floor":18},{"not_picked":["Acrobatics","Flying Knee"],"picked":"Backflip","floor":19},{"not_picked":["Endless Agony+1","Distraction"],"picked":"Leg Sweep","floor":23},{"not_picked":["Well Laid Plans","Expertise+1"],"picked":"After Image","floor":25},{"not_picked":["Dagger Spray","Escape Plan"],"picked":"Flying Knee","floor":27},{"not_picked":["Cloak And Dagger","Calculated Gamble"],"picked":"PiercingWail","floor":28},{"not_picked":["Deflect","Poisoned Stab","Bane"],"picked":"Singing Bowl","floor":29},{"not_picked":["Underhanded Strike","Dodge and Roll+1"],"picked":"Flying Knee+1","floor":30},{"not_picked":["Corpse Explosion","Tools of the Trade"],"picked":"A Thousand Cuts","floor":33},{"not_picked":["Calculated Gamble+1","Prepared"],"picked":"PiercingWail+1","floor":35},{"not_picked":["Caltrops+1","All Out Attack"],"picked":"Bouncing Flask+1","floor":36},{"not_picked":["Dagger Spray+1","Quick Slash","Tools of the Trade"],"picked":"Singing Bowl","floor":39},{"not_picked":["Dodge and Roll","Finisher+1","Riddle With Holes+1"],"picked":"Singing Bowl","floor":40},{"not_picked":["Dagger Throw","Poisoned Stab","Prepared"],"picked":"Singing Bowl","floor":41},{"not_picked":["Bane+1","Quick Slash"],"picked":"Acrobatics+1","floor":42},{"not_picked":["Endless Agony+1","Acrobatics+1"],"picked":"Dodge and Roll+1","floor":46},{"not_picked":["Poisoned Stab+1","Endless Agony+1","Blade Dance"],"picked":"Singing Bowl","floor":47},{"not_picked":["Eviscerate","Tactician+1","Heel Hook"],"picked":"Singing Bowl","floor":48},{"not_picked":["Cloak And Dagger+1","Well Laid Plans+1"],"picked":"Footwork+1","floor":54}],"player_experience":638149,"relics_obtained":[{"floor":7,"key":"Potion Belt"},{"floor":9,"key":"Toy Ornithopter"},{"floor":10,"key":"Mummified Hand"},{"floor":23,"key":"Art of War"},{"floor":25,"key":"Smiling Mask"},{"floor":26,"key":"Singing Bowl"},{"floor":27,"key":"Bronze Scales"},{"floor":28,"key":"Red Mask"},{"floor":41,"key":"Dream Catcher"},{"floor":43,"key":"Paper Crane"},{"floor":46,"key":"Orichalcum"},{"floor":48,"key":"Bag of Marbles"},{"floor":54,"key":"Turnip"}],"event_choices":[{"damage_healed":0,"gold_gain":275,"player_choice":"Desecrate","damage_taken":0,"max_hp_gain":0,"max_hp_loss":0,"event_name":"Golden Shrine","floor":2,"gold_loss":0,"cards_obtained":["Regret"]},{"cards_removed":["Strike_G"],"damage_healed":0,"gold_gain":0,"player_choice":"Card Removal","damage_taken":0,"max_hp_gain":0,"max_hp_loss":0,"event_name":"The Cleric","floor":12,"gold_loss":50},{"cards_removed":["Strike_G"],"damage_healed":0,"gold_gain":0,"player_choice":"Purged","damage_taken":0,"max_hp_gain":0,"max_hp_loss":0,"event_name":"Purifier","floor":13,"gold_loss":0},{"cards_removed":["Strike_G"],"damage_healed":0,"gold_gain":0,"player_choice":"Offered Basic","damage_taken":0,"max_hp_gain":0,"max_hp_loss":0,"event_name":"Bonfire Elementals","floor":20,"gold_loss":0},{"damage_healed":0,"gold_gain":0,"player_choice":"Fought Bandits","damage_taken":0,"max_hp_gain":0,"max_hp_loss":0,"event_name":"Masked Bandits","floor":28,"gold_loss":0},{"damage_healed":0,"gold_gain":222,"player_choice":"Wore Mask","damage_taken":0,"max_hp_gain":0,"max_hp_loss":0,"event_name":"Tomb of Lord Red Mask","floor":37,"gold_loss":0},{"damage_healed":0,"gold_gain":0,"player_choice":"Max HP","damage_taken":0,"max_hp_gain":0,"max_hp_loss":4,"event_name":"Winding Halls","floor":44,"gold_loss":0}],"is_beta":false,"boss_relics":[{"not_picked":["SlaversCollar","Velvet Choker"],"picked":"Ring of the Serpent"},{"not_picked":["Fusion Hammer","Cursed Key"],"picked":"Coffee Dripper"}],"items_purged_floors":[5,45,53],"is_endless":false,"potions_floor_spawned":[4,10,16,18,23,27,30,33,36,41,46,47],"ascension_level":1}}