{"host":"gzwwvnucm264f2jm","time":1607978835,"event":{"mods":["AchievementEnabler","BaseMod","Better Note","BetterRewards","Colored Map","Minty Spire (QoL Compilation)","Permanent Neow","Quick Restart","Rare Cards Sparkle","Slay-I","Spicy Shops","StSLib","SuperFastMode"],"gold_per_floor":[111,111,128,78,78,109,109,141,141,49,49,79,79,92,92,191,191,210,485,504,320,141,141,171,171,171,183,214,214,57,87,87,200,200,215,437,487,487,340,375,392,292,292,303,231,280,280,77,77,77],"floor_reached":51,"playtime":1321,"items_purged":["Regret","EmptyFist"],"score":973,"play_id":"a1a59e80-a414-4425-b345-09dfee84dacc","local_time":"20201214154715","daily_mods":["Draft","Vintage","Flight"],"is_ascension_mode":false,"campfire_choices":[{"data":"TalkToTheHand","floor":7,"key":"SMITH"},{"data":"WindmillStrike","floor":11,"key":"SMITH"},{"data":"Evaluate","floor":13,"key":"SMITH"},{"data":"Adaptation","floor":15,"key":"SMITH"},{"floor":23,"key":"REST"},{"floor":25,"key":"REST"},{"floor":32,"key":"REST"},{"floor":49,"key":"REST"}],"circlet_count":0,"master_deck":["Evaluate+1","Halt","FlurryOfBlows","Consecrate","FollowUp","TalkToTheHand+1","Evaluate","Adaptation+1","FlurryOfBlows","WindmillStrike+1","Consecrate","Trip+1","Ragnarok","LikeWater","Fasting2","Alpha","Fasting2","Study"],"relics":["PureWater","TeardropLocket","Sundial","Nunchaku","Bird Faced Urn","Meat on the Bone","Thread and Needle","Lantern","Bottled Tornado","Fusion Hammer","Oddly Smooth Stone","Pear","CeramicFish","OrangePellets","CloakClasp","Yang","Art of War","Red Mask","ClockworkSouvenir","Pen Nib","Sozu","Orichalcum","Mango","DollysMirror","Anchor","Singing Bowl","Shuriken","Centennial Puzzle","Medical Kit","Ancient Tea Set","Membership Card"],"acts_visited":["Exordium","TheCity","TheBeyond"],"potions_floor_usage":[],"damage_taken":[{"damage":0,"enemies":"Small Slimes","floor":1,"turns":3},{"damage":0,"enemies":"Cultist","floor":3,"turns":3},{"damage":16,"enemies":"Gremlin Nob","floor":6,"turns":4},{"damage":0,"enemies":"Lagavulin","floor":8,"turns":5},{"damage":6,"enemies":"Gremlin Nob","floor":12,"turns":3},{"damage":0,"enemies":"2 Louse","floor":14,"turns":2},{"damage":0,"enemies":"Hexaghost","floor":16,"turns":8},{"damage":14,"enemies":"Spheric Guardian","floor":18,"turns":4},{"damage":2,"enemies":"Chosen","floor":20,"turns":3},{"damage":18,"enemies":"Gremlin Leader","floor":24,"turns":4},{"damage":0,"enemies":"Snake Plant","floor":27,"turns":3},{"damage":16,"enemies":"Masked Bandits","floor":28,"turns":4},{"damage":0,"enemies":"Book of Stabbing","floor":31,"turns":3},{"damage":29,"enemies":"Automaton","floor":33,"turns":8},{"damage":9,"enemies":"3 Darklings","floor":35,"turns":5},{"damage":18,"enemies":"2 Orb Walkers","floor":37,"turns":4},{"damage":0,"enemies":"Giant Head","floor":40,"turns":6},{"damage":7,"enemies":"Orb Walker","floor":41,"turns":4},{"damage":5,"enemies":"4 Shapes","floor":44,"turns":5},{"damage":20,"enemies":"Awakened One","floor":50,"turns":7}],"seed_played":"-4612090901959543663","potions_obtained":[{"floor":8,"key":"Energy Potion"},{"floor":14,"key":"Strength Potion"}],"is_trial":true,"path_per_floor":["M","?","M","?","?","E","R","E","T","$","R","E","R","M","R","B",null,"M","?","M","$","$","R","E","R","T","M","?","?","$","E","R","B",null,"M","?","?","?","$","E","M","$","T","M","$","T","?","$","R","B",null],"character_chosen":"WATCHER","items_purchased":["Thread and Needle","CeramicFish","LikeWater","OrangePellets","Fasting2","ClockworkSouvenir","DollysMirror","Medical Kit","Membership Card","Study"],"campfire_rested":4,"item_purchase_floors":[10,21,21,22,22,30,39,45,48,48],"current_hp_per_floor":[72,72,72,72,65,49,49,49,49,49,49,45,45,45,45,47,72,58,58,68,68,68,82,66,82,82,82,66,50,50,56,82,58,87,82,82,86,86,86,94,95,95,95,98,98,98,98,98,101,89],"gold":77,"neow_bonus":"","is_daily":false,"chose_seed":false,"campfire_upgraded":4,"win_rate":0.0,"timestamp":1607978835,"path_taken":["M","?","?","?","?","E","R","E","T","?","R","E","R","?","R","BOSS","M","?","?","$","$","R","E","R","T","?","?","?","?","E","R","BOSS","M","?","?","?","$","E","?","$","T","?","$","?","?","?","R","BOSS"],"items_purchased_type":["Relic","Relic","Card","Relic","Card","Relic","Relic","Relic","Relic","Card"],"build_version":"2020-12-13","purchased_purges":2,"victory":true,"max_hp_per_floor":[72,72,72,72,72,72,72,72,72,72,72,72,72,72,72,72,72,72,72,82,82,82,82,82,82,82,82,82,87,87,87,87,87,87,87,87,101,101,101,101,101,101,101,101,101,101,101,101,101,101],"card_choices":[{"not_picked":["Prostrate","EmptyBody"],"picked":"Evaluate","floor":0},{"not_picked":["Nirvana","FlurryOfBlows"],"picked":"Halt","floor":0},{"not_picked":["EmptyBody","WreathOfFlame"],"picked":"FlurryOfBlows","floor":0},{"not_picked":["Evaluate","FlyingSleeves"],"picked":"Consecrate","floor":0},{"not_picked":["ClearTheMind","Wireheading"],"picked":"FollowUp","floor":0},{"not_picked":["WindmillStrike","JustLucky"],"picked":"TalkToTheHand","floor":0},{"not_picked":["EmptyBody","Pray"],"picked":"EmptyFist","floor":0},{"not_picked":["ReachHeaven","Prostrate"],"picked":"Evaluate","floor":0},{"not_picked":["Evaluate","Wireheading"],"picked":"BowlingBash","floor":0},{"not_picked":["JustLucky","BowlingBash"],"picked":"Adaptation","floor":0},{"not_picked":["EmptyMind","Halt"],"picked":"FlurryOfBlows","floor":0},{"not_picked":["FollowUp","CrushJoints"],"picked":"MentalFortress","floor":0},{"not_picked":["ReachHeaven","Evaluate"],"picked":"FlyingSleeves","floor":0},{"not_picked":["Perseverance","ClearTheMind"],"picked":"WindmillStrike","floor":0},{"not_picked":["BowlingBash","Prostrate"],"picked":"Consecrate","floor":0},{"not_picked":["EmptyFist","Meditate","PathToVictory"],"picked":"SKIP","floor":6},{"not_picked":["Evaluate","BowlingBash","ClearTheMind"],"picked":"SKIP","floor":8},{"not_picked":["Protect","EmptyFist","BowlingBash"],"picked":"SKIP","floor":12},{"not_picked":["Devotion","Vault"],"picked":"Ragnarok","floor":16},{"not_picked":["Protect","EmptyBody","ClearTheMind"],"picked":"SKIP","floor":24},{"not_picked":["Devotion","FollowUp","JustLucky"],"picked":"SKIP","floor":31},{"not_picked":["Brilliance","Devotion"],"picked":"Alpha","floor":33},{"not_picked":["ForeignInfluence+1","Protect+1","WindmillStrike+1"],"picked":"SKIP","floor":40}],"player_experience":428790,"relics_obtained":[{"floor":1,"key":"TeardropLocket"},{"floor":3,"key":"Sundial"},{"floor":6,"key":"Nunchaku"},{"floor":8,"key":"Bird Faced Urn"},{"floor":9,"key":"Meat on the Bone"},{"floor":12,"key":"Lantern"},{"floor":14,"key":"Bottled Tornado"},{"floor":18,"key":"Oddly Smooth Stone"},{"floor":20,"key":"Pear"},{"floor":24,"key":"CloakClasp"},{"floor":26,"key":"Yang"},{"floor":27,"key":"Art of War"},{"floor":28,"key":"Red Mask"},{"floor":31,"key":"Pen Nib"},{"floor":35,"key":"Orichalcum"},{"floor":37,"key":"Mango"},{"floor":40,"key":"Anchor"},{"floor":41,"key":"Singing Bowl"},{"floor":43,"key":"Shuriken"},{"floor":44,"key":"Centennial Puzzle"},{"floor":46,"key":"Ancient Tea Set"}],"event_choices":[{"cards_removed":["WindmillStrike"],"damage_healed":0,"gold_gain":0,"player_choice":"Take \u0026 Give","damage_taken":0,"max_hp_gain":0,"max_hp_loss":0,"event_name":"betterNote:BetterNote","floor":2,"gold_loss":0,"cards_obtained":["Trip"]},{"cards_removed":["BowlingBash"],"damage_healed":0,"gold_gain":0,"player_choice":"Card Removal","damage_taken":0,"max_hp_gain":0,"max_hp_loss":0,"event_name":"The Cleric","floor":4,"gold_loss":50},{"cards_removed":["MentalFortress"],"damage_healed":0,"gold_gain":0,"player_choice":"Card Removal","damage_taken":7,"max_hp_gain":0,"max_hp_loss":0,"event_name":"Golden Wing","floor":5,"gold_loss":0},{"damage_healed":0,"gold_gain":275,"player_choice":"Desecrate","damage_taken":0,"max_hp_gain":0,"max_hp_loss":0,"event_name":"Golden Shrine","floor":19,"gold_loss":0,"cards_obtained":["Regret"]},{"damage_healed":0,"gold_gain":0,"player_choice":"Fought Bandits","damage_taken":0,"max_hp_gain":0,"max_hp_loss":0,"event_name":"Masked Bandits","floor":28,"gold_loss":0},{"damage_healed":0,"gold_gain":0,"player_choice":"Shed Blood","damage_taken":21,"max_hp_gain":5,"max_hp_loss":0,"event_name":"Forgotten Altar","floor":29,"gold_loss":0},{"damage_healed":0,"gold_gain":222,"player_choice":"Wore Mask","damage_taken":0,"max_hp_gain":0,"max_hp_loss":0,"event_name":"Tomb of Lord Red Mask","floor":36,"gold_loss":0},{"damage_healed":0,"gold_gain":0,"player_choice":"Fight","damage_taken":0,"max_hp_gain":0,"max_hp_loss":0,"event_name":"Mysterious Sphere","floor":37,"gold_loss":0},{"damage_healed":0,"gold_gain":0,"player_choice":"Bought 0 Potions","damage_taken":0,"max_hp_gain":0,"max_hp_loss":0,"event_name":"The Woman in Blue","floor":38,"gold_loss":0},{"cards_removed":["FlyingSleeves"],"damage_healed":0,"gold_gain":0,"player_choice":"Removed Attack","damage_taken":0,"max_hp_gain":0,"max_hp_loss":0,"event_name":"Falling","floor":47,"gold_loss":0}],"is_beta":false,"boss_relics":[{"not_picked":["Astrolabe","SacredBark"],"picked":"Fusion Hammer"},{"not_picked":["HolyWater","Philosopher\u0027s Stone"],"picked":"Sozu"}],"items_purged_floors":[21,42],"is_endless":false,"potions_floor_spawned":[8,12,14,24,31,33,37,40],"ascension_level":0}}