{"host":"ks12kfi5c4d9hdxy","time":1607938694,"event":{"mods":["BaseMod","Conspire","GifTheSpireLib","HololiveMod","Koishi","LagranYue(拉格朗・月)","Marisa（F雨　魔理沙）","Minty Spire (QoL Compilation)","Reimu（博丽灵梦）","Remilia（蕾米莉亚）","Replay The Spire","RumiaBox-露米娅的神秘盒子","StSLib","SuperFastMode","The Administrix","The Servant 0.9.4","Youmu（魂魄妖梦）","Yuyuko","【功能Mod】混沌之环修复补丁","【功能Mod】聪明的最终Boss","篝火指南"],"gold_per_floor":[116,116,66,66,76,107,120,165,238,268,268,268,268,268,25,43,43,122,122,140,57,57,75,75,102,102,102,102],"floor_reached":27,"playtime":607,"items_purged":["conspire:SpireCoStock"],"score":580,"play_id":"8d01d71c-31cc-45b3-b397-df630b618dac","local_time":"20201214173814","is_ascension_mode":true,"campfire_choices":[{"data":"BlazeAway","floor":11.0,"key":"SMITH"},{"floor":17.0,"key":"REST"}],"circlet_count":0,"master_deck":["AscendersBane","Strike_MRS","Strike_MRS","Strike_MRS","Strike_MRS","Defend_MRS","Defend_MRS","Defend_MRS","MasterSpark","UpSweep","DoubleSpark","BlazeAway+1","MachineGunSpark","FinalSpark","RefractionSpark","Decay","EarthLightRay","MagicChant"],"relics":["MiniHakkero","LagranYue:RandomDrawCardRelic","NeowsBlessing","Torii","ScarletDevilRocket","Gremlin Horn","LagranYue:ReturningEmperorRelic","Regal Pillow","conspire:RoyalGoblet","Replay:Wax Seal"],"acts_visited":["Exordium","TheCity"],"potions_floor_usage":[27,27],"damage_taken":[{"damage":0.0,"enemies":"Small Slimes","floor":1.0,"turns":1.0},{"damage":0.0,"enemies":"2 Louse","floor":5.0,"turns":1.0},{"damage":0.0,"enemies":"Gremlin Nob","floor":6.0,"turns":1.0},{"damage":1.0,"enemies":"Cultist","floor":7.0,"turns":3.0},{"damage":19.0,"enemies":"3 Sentries","floor":8.0,"turns":7.0},{"damage":0.0,"enemies":"Gremlin Nob","floor":10.0,"turns":2.0},{"damage":13.0,"enemies":"Exordium Wildlife","floor":16.0,"turns":4.0},{"damage":34.0,"enemies":"Slime Boss","floor":18.0,"turns":9.0},{"damage":15.0,"enemies":"Shell Parasite","floor":20.0,"turns":3.0},{"damage":33.0,"enemies":"2 Thieves","floor":23.0,"turns":4.0},{"damage":0.0,"enemies":"Slavers","floor":25.0,"turns":1.0},{"damage":33,"enemies":"Book of Stabbing","floor":27,"turns":3}],"seed_played":"-4563873625647921465","potions_obtained":[{"floor":1.0,"key":"LifebloodPotion"},{"floor":5.0,"key":"Adrenaline Potion"},{"floor":8.0,"key":"GrandPatriotsElixir:ReiMu"},{"floor":20.0,"key":"Dexterity Potion"},{"floor":25.0,"key":"DistilledChaos"}],"is_trial":false,"path_per_floor":["M","?","?","$","M","E","M","E","T","E","R","PTL","PTL","?","$","M","R","B",null,"M","$","?","M","?","E","?","E"],"character_chosen":"MARISA","items_purchased":["Regal Pillow","RefractionSpark"],"campfire_rested":1,"item_purchase_floors":[15,21],"current_hp_per_floor":[63,56,56,56,56,56,55,36,36,36,36,36,36,36,36,23,59,25,59,44,44,44,11,25,25,25,0,0],"gold":102,"neow_bonus":"THREE_ENEMY_KILL","is_daily":false,"chose_seed":false,"campfire_upgraded":1,"win_rate":0.0,"timestamp":1607938694,"path_taken":["M","?","?","$","M","E","M","E","T","E","R","PTL","PTL","?","$","?","R","BOSS","M","$","?","M","?","E","?","E"],"items_purchased_type":["Relic","Card"],"build_version":"2020-12-13","purchased_purges":1,"victory":false,"max_hp_per_floor":[70,70,70,70,70,70,70,70,70,70,70,70,70,70,70,70,70,70,70,70,70,70,70,70,70,70,70,70],"card_choices":[{"not_picked":["NonDirectionalLaser","WitchLeyline"],"picked":"DoubleSpark","floor":1.0},{"not_picked":["6A","ShootingEcho","GravityBeat"],"picked":"SKIP","floor":5.0},{"not_picked":["GrandCross","ShootingEcho","DC"],"picked":"SKIP","floor":6.0},{"not_picked":["SporeBomb","UnstableBomb"],"picked":"BlazeAway","floor":7.0},{"not_picked":["DC","ShootingEcho"],"picked":"MachineGunSpark","floor":8.0},{"not_picked":["IllusionStar","StarBarrage","OrrerysSun"],"picked":"SKIP","floor":10.0},{"not_picked":["DarkSpark","6A","WitchLeyline"],"picked":"SKIP","floor":16.0},{"not_picked":["ManaRampage","SatelliteIllusion"],"picked":"FinalSpark","floor":18.0},{"not_picked":["MilkyWay","DC","StarBarrage"],"picked":"SKIP","floor":20.0},{"not_picked":["UnstableBomb","PulseMagic"],"picked":"EarthLightRay","floor":23.0},{"not_picked":["ChargingUp","GasGiant"],"picked":"MagicChant","floor":25.0}],"player_experience":460351,"relics_obtained":[{"floor":6.0,"key":"Torii"},{"floor":8.0,"key":"ScarletDevilRocket"},{"floor":9.0,"key":"Gremlin Horn"},{"floor":10.0,"key":"LagranYue:ReturningEmperorRelic"},{"floor":25.0,"key":"Replay:Wax Seal"}],"event_choices":[{"cards_removed":["Defend_MRS"],"damage_healed":0.0,"max_hp_gain":0.0,"max_hp_loss":0.0,"gold_gain":0.0,"event_name":"Golden Wing","player_choice":"Card Removal","floor":2.0,"gold_loss":0.0,"damage_taken":7.0},{"damage_healed":0.0,"max_hp_gain":0.0,"max_hp_loss":0.0,"gold_gain":0.0,"event_name":"conspire:Investor","player_choice":"Invest 1","floor":3.0,"gold_loss":0.0,"damage_taken":0.0},{"damage_healed":0.0,"max_hp_gain":0.0,"max_hp_loss":0.0,"gold_gain":0.0,"event_name":"Match and Keep!","player_choice":"0 cards matched","floor":14.0,"gold_loss":0.0,"damage_taken":0.0,"cards_obtained":[]},{"damage_healed":0.0,"max_hp_gain":0.0,"max_hp_loss":0.0,"gold_gain":0.0,"event_name":"Forgotten Altar","player_choice":"Smashed Altar","floor":22.0,"gold_loss":0.0,"damage_taken":0.0,"cards_obtained":["Decay"]},{"damage_healed":14.0,"max_hp_gain":0.0,"max_hp_loss":0.0,"gold_gain":0.0,"event_name":"The Library","player_choice":"Heal","floor":24.0,"gold_loss":0.0,"damage_taken":0.0},{"damage_healed":0.0,"max_hp_gain":0.0,"max_hp_loss":0.0,"gold_gain":0.0,"event_name":"Cursed Tome","player_choice":"Ignored","floor":26.0,"gold_loss":0.0,"damage_taken":0.0}],"is_beta":false,"boss_relics":[{"not_picked":["RedLine:ReiMu","Pandora\u0027s Box"],"picked":"conspire:RoyalGoblet"}],"items_purged_floors":[15],"is_endless":false,"potions_floor_spawned":[1,5,8,20,25],"killed_by":"Book of Stabbing","ascension_level":16}}