{"host":"dcj2yvrgcvh5dl2s","time":1607984037,"event":{"mods":["BaseMod","Better Note","Block Reminder","Colored Powertips","DeckTracker","Minty Spire (QoL Compilation)","Quick Restart","Rare Cards Sparkle","Relic Stats","StSLib"],"gold_per_floor":[118,131,146,221,231,264,264,292,292,323,323,19,49,68,68,68,68],"floor_reached":16,"playtime":447,"items_purged":[],"score":174,"play_id":"fef9bd60-a683-4caa-ab9c-fcff559bc41d","local_time":"20201215081357","is_ascension_mode":true,"campfire_choices":[{"data":"Body Slam","floor":7,"key":"SMITH"},{"floor":15,"key":"REST"}],"circlet_count":0,"master_deck":["Strike_R","Strike_R","Strike_R","Strike_R","Defend_R","Defend_R","Defend_R","Defend_R","Bash","Body Slam","Body Slam+1","Sword Boomerang","Shockwave","Offering","Pommel Strike"],"relics":["Burning Blood","NeowsBlessing","PreservedInsect","Smiling Mask","Centennial Puzzle","HornCleat","Turnip"],"acts_visited":["Exordium"],"potions_floor_usage":[6,8,10,16],"damage_taken":[{"damage":0,"enemies":"Jaw Worm","floor":1,"turns":1},{"damage":0,"enemies":"Small Slimes","floor":2,"turns":1},{"damage":0,"enemies":"Cultist","floor":3,"turns":1},{"damage":19,"enemies":"Blue Slaver","floor":5,"turns":4},{"damage":32,"enemies":"Gremlin Nob","floor":6,"turns":4},{"damage":17,"enemies":"Lagavulin","floor":8,"turns":5},{"damage":16,"enemies":"3 Sentries","floor":10,"turns":7},{"damage":6,"enemies":"2 Fungi Beasts","floor":14,"turns":4},{"damage":44,"enemies":"Hexaghost","floor":16,"turns":9}],"seed_played":"-8437359693100621579","potions_obtained":[{"floor":1,"key":"SteroidPotion"},{"floor":5,"key":"BlessingOfTheForge"},{"floor":8,"key":"Regen Potion"},{"floor":14,"key":"Block Potion"}],"is_trial":false,"path_per_floor":["M","M","M","?","M","E","R","E","T","E","?","$","?","M","R","B"],"character_chosen":"IRONCLAD","items_purchased":["Turnip"],"campfire_rested":1,"item_purchase_floors":[12],"current_hp_per_floor":[78,80,80,69,56,30,30,19,19,24,17,17,17,17,41,0,0],"gold":68,"neow_bonus":"THREE_ENEMY_KILL","is_daily":false,"chose_seed":false,"campfire_upgraded":1,"win_rate":0.0,"timestamp":1607984037,"path_taken":["M","M","M","?","M","E","R","E","T","E","?","$","?","M","R","BOSS"],"items_purchased_type":["Relic"],"build_version":"2020-12-13","purchased_purges":0,"victory":false,"max_hp_per_floor":[80,80,80,80,80,80,80,80,80,80,80,80,80,80,80,80,80],"relic_stats":{"Centennial Puzzle":[9],"counters":[9,36],"PreservedInsect":61,"Turnip":[0],"Smiling Mask":0,"obtain_stats":[{"Centennial Puzzle":9,"HornCleat":10,"NeowsBlessing":0,"PreservedInsect":6,"Turnip":12,"Smiling Mask":8,"Burning Blood":0},{"Centennial Puzzle":6,"HornCleat":7,"NeowsBlessing":0,"PreservedInsect":5,"Turnip":7,"Smiling Mask":6,"Burning Blood":0},{"Centennial Puzzle":16,"HornCleat":23,"NeowsBlessing":0,"PreservedInsect":11,"Turnip":23,"Smiling Mask":16,"Burning Blood":0}],"Burning Blood":38},"card_choices":[{"not_picked":["Hemokinesis","Iron Wave","Headbutt"],"picked":"SKIP","floor":1},{"not_picked":["Bloodletting","Anger"],"picked":"Body Slam","floor":2},{"not_picked":["Infernal Blade","Uppercut"],"picked":"Body Slam","floor":3},{"not_picked":["Warcry","Intimidate"],"picked":"Sword Boomerang","floor":5},{"not_picked":["Dark Embrace","Clothesline"],"picked":"Shockwave","floor":6},{"not_picked":["Shrug It Off","Pummel"],"picked":"Offering","floor":8},{"not_picked":["Armaments","Iron Wave"],"picked":"Pommel Strike","floor":10},{"not_picked":["Perfected Strike","Clash","Clothesline"],"picked":"SKIP","floor":14}],"player_experience":1962087,"relics_obtained":[{"floor":6,"key":"PreservedInsect"},{"floor":8,"key":"Smiling Mask"},{"floor":9,"key":"Centennial Puzzle"},{"floor":10,"key":"HornCleat"}],"event_choices":[{"damage_healed":0,"gold_gain":75,"player_choice":"Gather Gold","damage_taken":11,"max_hp_gain":0,"max_hp_loss":0,"event_name":"World of Goop","floor":4,"gold_loss":0},{"cards_removed":["Strike_R"],"damage_healed":0,"gold_gain":0,"player_choice":"Card Removal","damage_taken":7,"max_hp_gain":0,"max_hp_loss":0,"event_name":"Golden Wing","floor":11,"gold_loss":0},{"damage_healed":0,"gold_gain":30,"player_choice":"Searched \u00271\u0027 times","damage_taken":0,"max_hp_gain":0,"max_hp_loss":0,"event_name":"Dead Adventurer","floor":13,"gold_loss":0}],"is_beta":false,"boss_relics":[],"items_purged_floors":[],"is_endless":false,"potions_floor_spawned":[1,5,8,14],"killed_by":"Hexaghost","ascension_level":9}}