{"host":"kda2p2afd6bvz6qo","time":1607981963,"event":{"mods":["BaseMod","Colored Map","Minty Spire (QoL Compilation)","Relic Stats"],"gold_per_floor":[119,134,152,152,327,356,97,97,97,110,110,145,220,250,250,351,351,370,45,45,59,78,106,106,141,141,154,188,188,188],"floor_reached":29,"playtime":1436,"items_purged":["Doubt","Strike_G"],"score":456,"play_id":"3adf6c1b-7e55-4d9a-81e0-fd1a4e0068a3","local_time":"20201214213923","is_ascension_mode":true,"campfire_choices":[{"floor":8,"key":"REST"},{"floor":11,"key":"REST"},{"floor":15,"key":"REST"},{"floor":24,"key":"REST"}],"circlet_count":0,"master_deck":["Defend_G","Defend_G","Defend_G","Defend_G","Defend_G+1","Survivor","Neutralize","Flechettes+1","Poisoned Stab","Flying Knee","Acrobatics","Distraction","Corpse Explosion+1","Unload","Blur+1","Burst+1","All Out Attack+1","Setup+1","Leg Sweep","Bouncing Flask","Blur+1","Dash+1","Catalyst","Venomology"],"relics":["Fusion Hammer","Letter Opener","Anchor","Pen Nib","Pantograph","War Paint","Astrolabe","Potion Belt","MealTicket","Blood Vial","Bottled Flame","Smiling Mask"],"acts_visited":["Exordium","TheCity"],"potions_floor_usage":[6,14,14,23,25],"damage_taken":[{"damage":1,"enemies":"Small Slimes","floor":1,"turns":5},{"damage":0,"enemies":"Jaw Worm","floor":2,"turns":4},{"damage":0,"enemies":"2 Louse","floor":3,"turns":3},{"damage":26,"enemies":"Gremlin Nob","floor":6,"turns":5},{"damage":0,"enemies":"Red Slaver","floor":10,"turns":3},{"damage":0,"enemies":"3 Sentries","floor":12,"turns":6},{"damage":5,"enemies":"Lagavulin","floor":14,"turns":5},{"damage":32,"enemies":"The Guardian","floor":16,"turns":8},{"damage":0,"enemies":"Spheric Guardian","floor":18,"turns":3},{"damage":0,"enemies":"3 Byrds","floor":21,"turns":2},{"damage":8,"enemies":"3 Cultists","floor":22,"turns":3},{"damage":12,"enemies":"Slavers","floor":23,"turns":3},{"damage":7,"enemies":"Book of Stabbing","floor":25,"turns":5},{"damage":42,"enemies":"Shelled Parasite and Fungi","floor":27,"turns":4},{"damage":17,"enemies":"Slavers","floor":28,"turns":5},{"damage":5,"enemies":"Snake Plant","floor":29,"turns":3}],"seed_played":"-3823244607675655801","potions_obtained":[{"floor":1,"key":"PowerPotion"},{"floor":2,"key":"Dexterity Potion"},{"floor":10,"key":"LiquidBronze"},{"floor":12,"key":"Ancient Potion"},{"floor":18,"key":"Poison Potion"},{"floor":25,"key":"LiquidBronze"}],"is_trial":false,"path_per_floor":["M","M","M","?","?","E","$","R","T","M","R","E","?","E","R","B",null,"M","$","?","M","M","E","R","E","T","M","E","M"],"character_chosen":"THE_SILENT","items_purchased":["Distraction","Anchor","Leg Sweep","Potion Belt"],"campfire_rested":4,"item_purchase_floors":[7,7,19,19],"current_hp_per_floor":[62,62,62,62,62,36,36,57,57,57,70,70,59,54,70,38,62,62,62,62,62,54,42,63,56,56,16,1,0,0],"gold":188,"neow_bonus":"BOSS_RELIC","is_daily":false,"chose_seed":false,"campfire_upgraded":0,"win_rate":0.0,"timestamp":1607981963,"path_taken":["M","M","M","?","?","E","$","R","T","M","R","E","?","E","R","BOSS","M","$","?","M","M","E","R","E","T","M","E","M"],"items_purchased_type":["Card","Relic","Card","Relic"],"build_version":"2020-12-13","purchased_purges":2,"victory":false,"max_hp_per_floor":[70,70,70,70,70,70,70,70,70,70,70,70,70,70,70,70,70,70,70,70,70,70,70,70,70,70,70,70,70,70],"relic_stats":{"Blood Vial":6,"counters":[16,67],"Pantograph":0,"Astrolabe":["Blur","Burst","All Out Attack"],"MealTicket":0,"Pen Nib":[8],"Letter Opener":[197],"War Paint":["Corpse Explosion","Defend_G"],"Smiling Mask":0,"obtain_stats":[{"Potion Belt":19,"Astrolabe":17,"Pen Nib":9,"Letter Opener":6,"War Paint":14,"Smiling Mask":28,"Blood Vial":25,"Anchor":7,"Bottled Flame":26,"Pantograph":12,"MealTicket":23,"Fusion Hammer":0,"Ring of the Snake":0},{"Potion Belt":9,"Astrolabe":8,"Pen Nib":4,"Letter Opener":4,"War Paint":7,"Smiling Mask":15,"Blood Vial":13,"Anchor":4,"Bottled Flame":13,"Pantograph":6,"MealTicket":12,"Fusion Hammer":0,"Ring of the Snake":0},{"Potion Belt":42,"Astrolabe":39,"Pen Nib":17,"Letter Opener":17,"War Paint":31,"Smiling Mask":64,"Blood Vial":55,"Anchor":17,"Bottled Flame":55,"Pantograph":26,"MealTicket":50,"Fusion Hammer":0,"Ring of the Snake":0}]},"card_choices":[{"not_picked":["Choke","Masterful Stab"],"picked":"Flechettes","floor":1},{"not_picked":["Expertise","Bane"],"picked":"Poisoned Stab","floor":2},{"not_picked":["Well Laid Plans","Deflect"],"picked":"Flying Knee","floor":3},{"not_picked":["Slice","Predator"],"picked":"Acrobatics","floor":6},{"not_picked":["Acrobatics","Deflect","Blade Dance"],"picked":"SKIP","floor":10},{"not_picked":["Flying Knee","Poisoned Stab"],"picked":"Corpse Explosion","floor":12},{"not_picked":["Deflect","Setup","Choke"],"picked":"SKIP","floor":14},{"not_picked":["Envenom","Grand Finale"],"picked":"Unload","floor":16},{"not_picked":["Dash","Bane"],"picked":"Setup+1","floor":18},{"not_picked":["Underhanded Strike+1","Dash"],"picked":"Bouncing Flask","floor":21},{"not_picked":["Tactician","Concentrate","Underhanded Strike"],"picked":"SKIP","floor":22},{"not_picked":["Backstab","Dagger Spray"],"picked":"Blur+1","floor":23},{"not_picked":["Backflip","Footwork"],"picked":"Dash+1","floor":25},{"not_picked":["Outmaneuver","Slice"],"picked":"Catalyst","floor":27},{"not_picked":["Dagger Spray+1","Dash"],"picked":"Venomology","floor":28}],"player_experience":51938,"relics_obtained":[{"floor":6,"key":"Letter Opener"},{"floor":9,"key":"Pen Nib"},{"floor":12,"key":"Pantograph"},{"floor":14,"key":"War Paint"},{"floor":23,"key":"MealTicket"},{"floor":25,"key":"Blood Vial"},{"floor":26,"key":"Bottled Flame"},{"floor":28,"key":"Smiling Mask"}],"event_choices":[{"damage_healed":0,"gold_gain":0,"player_choice":"Grow","damage_taken":0,"max_hp_gain":0,"max_hp_loss":0,"event_name":"Living Wall","floor":4,"gold_loss":0,"cards_upgraded":["Flechettes"]},{"damage_healed":0,"gold_gain":175,"player_choice":"AGREE","damage_taken":0,"max_hp_gain":0,"max_hp_loss":0,"event_name":"Liars Game","floor":5,"gold_loss":0,"cards_obtained":["Doubt"]},{"damage_healed":0,"gold_gain":75,"player_choice":"Gather Gold","damage_taken":11,"max_hp_gain":0,"max_hp_loss":0,"event_name":"World of Goop","floor":13,"gold_loss":0},{"cards_removed":["Strike_G"],"damage_healed":0,"gold_gain":0,"player_choice":"Offered Basic","damage_taken":0,"max_hp_gain":0,"max_hp_loss":0,"event_name":"Bonfire Elementals","floor":20,"gold_loss":0}],"is_beta":false,"boss_relics":[{"not_picked":["Tiny House","Runic Pyramid"],"picked":"Astrolabe"}],"items_purged_floors":[7,19],"is_endless":false,"potions_floor_spawned":[1,2,10,12,18,25],"killed_by":"Snake Plant","ascension_level":8}}