{"host":"a3tkw4nmq0wjqe8p","time":1607931873,"event":{"mods":["2.2 Compatiblity","AchievementEnabler","Act Like it!","BaseMod","Better Note","Better Sensory Stone","Better Third Choice","ChefMod","Colored Map","Colored Powertips","Conspire","Downfall","Hermit","Jorbs\u0027s Wanderer Trilogy","Marked Mod","Minty Spire (QoL Compilation)","Potionbrewer","Quick Restart","Rare Cards Sparkle","Replay The Spire","Shade Mod","Shop Mod","StSLib","The Blackbeard","The Bug Knight","The Cursed","The Disciple","The Hierophant","The Judge","The Juggle","The Runesmith","The Servant 0.9.4","TheArtist","TheBandit","TheFirefly","everything is the same but u backflip on backflip"],"gold_per_floor":[113,131,206,206,224,250,262,262,286,303,283,298,298,10,10,114,114,54,69,69,69],"floor_reached":20,"playtime":869,"items_purged":[],"score":174,"play_id":"acc05c43-7220-41dd-a114-746510a437f7","local_time":"20201214004433","is_ascension_mode":false,"campfire_choices":[{"floor":13.0,"key":"REST"},{"data":"Riddle With Holes","floor":15.0,"key":"SMITH"}],"circlet_count":0,"master_deck":["Strike_G","Strike_G","Strike_G","Strike_G","Defend_G","Defend_G","Defend_G","Defend_G","Defend_G","Survivor","Neutralize","Dagger Spray","ReplayTheSpireMod:Speed Training","Riddle With Holes+1","Crippling Poison","Cloak And Dagger","Parasite","Sucker Punch","PiercingWail","Malaise","Draining Mist","Masterful Stab+1"],"relics":["Ring of the Snake","Snake Skull","Happy Flower","Ice Cream","conspire:RunicOctahedron"],"acts_visited":["Exordium","TheCity"],"potions_floor_usage":[],"damage_taken":[{"damage":2.0,"enemies":"Small Slimes","floor":1.0,"turns":4.0},{"damage":1.0,"enemies":"Cultist","floor":2.0,"turns":3.0},{"damage":2.0,"enemies":"conspire:RoseBush","floor":5.0,"turns":3.0},{"damage":17.0,"enemies":"Gremlin Nob","floor":6.0,"turns":4.0},{"damage":12.0,"enemies":"Large Slime","floor":7.0,"turns":3.0},{"damage":6.0,"enemies":"Exordium Wildlife","floor":10.0,"turns":4.0},{"damage":7.0,"enemies":"3 Louse","floor":12.0,"turns":3.0},{"damage":20.0,"enemies":"Hexaghost","floor":16.0,"turns":16.0},{"damage":12,"enemies":"2 Thieves","floor":18,"turns":4},{"damage":15,"enemies":"Shell Parasite","floor":19,"turns":9},{"damage":57,"enemies":"Cultist and Chosen","floor":20,"turns":8}],"seed_played":"915100211272134521","potions_obtained":[{"floor":5.0,"key":"Poison Potion"},{"floor":6.0,"key":"champ:CounterPotion"},{"floor":11.0,"key":"potionbrewer:SplittingPotion"},{"floor":12.0,"key":"potionbrewer:CleansingPotion"}],"is_trial":false,"path_per_floor":["M","M","?","?","M","E","M","?","T","M","?","M","R","$","R","B",null,"M","M","M"],"character_chosen":"THE_SILENT","items_purchased":["Ice Cream"],"campfire_rested":1,"item_purchase_floors":[14],"current_hp_per_floor":[75,74,63,56,54,37,25,44,44,38,38,31,54,54,54,34,74,62,47,0,0],"gold":69,"neow_bonus":"TEN_PERCENT_HP_BONUS","is_daily":false,"chose_seed":false,"campfire_upgraded":1,"win_rate":0.0,"timestamp":1607931873,"path_taken":["M","M","?","?","M","E","M","?","T","M","?","M","R","$","R","BOSS","M","M","?"],"items_purchased_type":["Relic"],"build_version":"2020-12-13","purchased_purges":0,"victory":false,"max_hp_per_floor":[77,77,77,77,77,77,77,77,77,77,77,77,77,77,77,74,74,74,74,74,74],"card_choices":[{"not_picked":["Flying Knee","Acrobatics"],"picked":"Dagger Spray","floor":1.0},{"not_picked":["Outmaneuver","Acrobatics"],"picked":"ReplayTheSpireMod:Speed Training","floor":2.0},{"not_picked":["Eviscerate","ReplayTheSpireMod:Shiv Toss"],"picked":"Riddle With Holes","floor":5.0},{"not_picked":["Infinite Blades","Finisher"],"picked":"Crippling Poison","floor":6.0},{"not_picked":["Unload","Blade Dance"],"picked":"Cloak And Dagger","floor":7.0},{"not_picked":["Underhanded Strike","Distraction"],"picked":"Sucker Punch","floor":10.0},{"not_picked":["Dagger Spray","Outmaneuver"],"picked":"PiercingWail","floor":12.0},{"not_picked":["Venomology","Replay:Bag of Tricks"],"picked":"Malaise","floor":16.0},{"not_picked":["PiercingWail","Flechettes"],"picked":"Draining Mist","floor":18},{"not_picked":["Backflip","Finisher"],"picked":"Masterful Stab+1","floor":19}],"player_experience":631580,"relics_obtained":[{"floor":6.0,"key":"Snake Skull"},{"floor":9.0,"key":"Happy Flower"}],"event_choices":[{"damage_healed":0.0,"max_hp_gain":0.0,"max_hp_loss":0.0,"gold_gain":75.0,"event_name":"betterThird:BetterGoop","player_choice":"Gold","floor":3.0,"gold_loss":0.0,"damage_taken":11.0},{"cards_removed":["Strike_G"],"damage_healed":0.0,"max_hp_gain":0.0,"max_hp_loss":0.0,"gold_gain":0.0,"event_name":"Golden Wing","player_choice":"Card Removal","floor":4.0,"gold_loss":0.0,"damage_taken":7.0},{"damage_healed":19.0,"max_hp_gain":0.0,"max_hp_loss":0.0,"gold_gain":0.0,"event_name":"Mushrooms","player_choice":"Healed and dodged fight","floor":8.0,"gold_loss":0.0,"damage_taken":0.0,"cards_obtained":["Parasite"]},{"damage_healed":0.0,"max_hp_gain":0.0,"max_hp_loss":0.0,"gold_gain":0.0,"event_name":"The Woman in Blue","player_choice":"Bought 1 Potion","floor":11.0,"gold_loss":0.0,"damage_taken":0.0}],"is_beta":false,"boss_relics":[{"not_picked":["Painkiller Herb","Calling Bell"],"picked":"conspire:RunicOctahedron"}],"items_purged_floors":[],"is_endless":false,"potions_floor_spawned":[5,6,12],"killed_by":"Cultist and Chosen","ascension_level":0}}