{"host":"utqe55yv0jihe4d6","time":1607914430,"event":{"mods":["2.2 Compatiblity","AchievementEnabler","BaseMod","Block Reminder","Colored Map","Colored Powertips","Minty Spire (QoL Compilation)","Quick Restart","Rare Cards Sparkle","Relic Stats","SuperFastMode"],"gold_per_floor":[110,110,110,127,202,202,218,244,280,257,299,311,349,374,386,469,481,507,28,28,28,48,48,65,94,94,108,108,141,141,141,141,218,218,235,282,25,42,54,79,79,106,106,123,134,134,169,185,185,185,185],"floor_reached":50,"playtime":2286,"items_purged":["Strike_R","Strike_R"],"score":1376,"play_id":"737f70b4-0322-45cb-957f-cbb46ad98aef","local_time":"20201213215350","is_ascension_mode":true,"campfire_choices":[{"floor":6,"key":"REST"},{"floor":12,"key":"REST"},{"data":"Inflame","floor":15,"key":"SMITH"},{"data":"Dual Wield","floor":23,"key":"SMITH"},{"floor":28,"key":"REST"},{"floor":32,"key":"REST"},{"data":"Impervious","floor":46,"key":"SMITH"},{"floor":49,"key":"RECALL"}],"circlet_count":0,"master_deck":["AscendersBane","Strike_R","Defend_R","Defend_R","Defend_R","Defend_R","Bash","Twin Strike","Inflame+1","Impervious+1","Shockwave","Cleave","Anger","Blood for Blood","Corruption","Metallicize","Spot Weakness","Inflame","Dual Wield+1","Dark Embrace","Body Slam","Burning Pact","Intimidate","Barricade","Pommel Strike+1","Rage+1","Warcry+1","Metallicize+1","Burning Pact+1","Writhe","Shrug It Off+1","Heavy Blade+1"],"relics":["Runic Pyramid","Toy Ornithopter","MawBank","Bronze Scales","Red Skull","Lantern","Cursed Key","Anchor","Boot","PreservedInsect","Coffee Dripper","Thread and Needle","ClockworkSouvenir","Vajra","Mummified Hand","Potion Belt"],"acts_visited":["Exordium","TheCity","TheBeyond"],"potions_floor_usage":[18,24,25,29,33,36,38,47,50],"damage_taken":[{"damage":5,"enemies":"Small Slimes","floor":1,"turns":4},{"damage":8,"enemies":"2 Louse","floor":4,"turns":2},{"damage":1,"enemies":"Cultist","floor":7,"turns":3},{"damage":15,"enemies":"3 Sentries","floor":8,"turns":10},{"damage":15,"enemies":"Lagavulin","floor":11,"turns":6},{"damage":15,"enemies":"3 Sentries","floor":13,"turns":6},{"damage":0,"enemies":"3 Louse","floor":14,"turns":2},{"damage":5,"enemies":"The Guardian","floor":16,"turns":9},{"damage":15,"enemies":"Shell Parasite","floor":18,"turns":3},{"damage":1,"enemies":"Spheric Guardian","floor":22,"turns":4},{"damage":32,"enemies":"Shelled Parasite and Fungi","floor":24,"turns":3},{"damage":14,"enemies":"Slavers","floor":25,"turns":2},{"damage":0,"enemies":"3 Cultists","floor":27,"turns":4},{"damage":20,"enemies":"Book of Stabbing","floor":29,"turns":5},{"damage":41,"enemies":"Champ","floor":33,"turns":8},{"damage":7,"enemies":"Orb Walker","floor":35,"turns":3},{"damage":46,"enemies":"2 Orb Walkers","floor":36,"turns":5},{"damage":0,"enemies":"3 Darklings","floor":38,"turns":4},{"damage":0,"enemies":"4 Shapes","floor":39,"turns":6},{"damage":0,"enemies":"Nemesis","floor":40,"turns":4},{"damage":0,"enemies":"Giant Head","floor":42,"turns":6},{"damage":0,"enemies":"Spire Growth","floor":44,"turns":4},{"damage":4,"enemies":"Writhing Mass","floor":45,"turns":5},{"damage":0,"enemies":"Nemesis","floor":47,"turns":3},{"damage":1,"enemies":"4 Shapes","floor":48,"turns":6},{"damage":55,"enemies":"Awakened One","floor":50,"turns":6}],"seed_played":"7657683818732703349","potions_obtained":[{"floor":8,"key":"PowerPotion"},{"floor":11,"key":"ColorlessPotion"},{"floor":24,"key":"GamblersBrew"},{"floor":27,"key":"LiquidMemories"},{"floor":29,"key":"SteroidPotion"},{"floor":35,"key":"ColorlessPotion"},{"floor":36,"key":"Regen Potion"},{"floor":39,"key":"BloodPotion"},{"floor":44,"key":"Explosive Potion"}],"is_trial":false,"path_per_floor":["M","?","?","M","?","R","M","E","T","?","E","R","E","M","R","B",null,"M","$","?","?","M","R","M","E","T","M","R","E","?","?","R","B",null,"M","?","$","M","M","E","?","E","T","M","M","R","E","M","R","B"],"character_chosen":"IRONCLAD","items_purchased":["Anchor","Spot Weakness","Inflame","Dual Wield","ClockworkSouvenir"],"campfire_rested":4,"item_purchase_floors":[19,19,19,19,37],"current_hp_per_floor":[63,45,38,30,19,41,40,25,25,43,28,50,35,35,35,30,64,54,54,54,54,53,53,26,17,17,17,39,24,24,24,46,10,59,52,11,11,28,28,28,28,28,28,28,24,24,44,43,43,0,0],"gold":185,"neow_bonus":"BOSS_RELIC","is_daily":false,"chose_seed":false,"campfire_upgraded":3,"win_rate":0.0,"timestamp":1607914430,"path_taken":["M","?","?","M","?","R","M","E","T","?","E","R","E","M","R","BOSS","M","$","?","?","?","R","M","E","T","M","R","E","?","?","R","BOSS","M","?","$","M","M","E","?","E","T","M","M","R","E","M","R","BOSS"],"items_purchased_type":["Relic","Card","Card","Card","Relic"],"build_version":"2020-11-30","purchased_purges":2,"victory":false,"max_hp_per_floor":[75,75,75,75,75,75,75,75,75,75,75,75,75,75,75,75,75,75,75,75,75,75,75,75,75,75,75,75,75,75,75,75,75,75,75,75,75,75,75,75,75,75,75,75,75,75,75,75,75,75,75],"relic_stats":{"counters":[26,123],"Mummified Hand":[51],"Bronze Scales":[298],"PreservedInsect":243,"MawBank":132,"Cursed Key":1,"Boot":[8],"obtain_stats":[{"Potion Belt":47,"Lantern":13,"Vajra":40,"Thread and Needle":36,"PreservedInsect":29,"MawBank":8,"Cursed Key":17,"Boot":25,"Burning Blood":0,"ClockworkSouvenir":37,"Anchor":19,"Mummified Hand":42,"Bronze Scales":9,"Coffee Dripper":34,"Toy Ornithopter":2,"Red Skull":11,"Runic Pyramid":0},{"Potion Belt":24,"Lantern":6,"Vajra":20,"Thread and Needle":17,"PreservedInsect":14,"MawBank":4,"Cursed Key":8,"Boot":12,"Burning Blood":0,"ClockworkSouvenir":17,"Anchor":9,"Mummified Hand":21,"Bronze Scales":4,"Coffee Dripper":15,"Toy Ornithopter":1,"Red Skull":5,"Runic Pyramid":0},{"Potion Belt":111,"Lantern":31,"Vajra":93,"Thread and Needle":79,"PreservedInsect":63,"MawBank":19,"Cursed Key":42,"Boot":54,"Burning Blood":0,"ClockworkSouvenir":79,"Anchor":45,"Mummified Hand":99,"Bronze Scales":19,"Coffee Dripper":71,"Toy Ornithopter":4,"Red Skull":25,"Runic Pyramid":0}],"Toy Ornithopter":45},"card_choices":[{"not_picked":["Havoc","Combust"],"picked":"Twin Strike","floor":1},{"not_picked":["Metallicize","Rupture"],"picked":"Inflame","floor":4},{"not_picked":["Clash","Flex"],"picked":"Impervious","floor":7},{"not_picked":["Anger","Perfected Strike"],"picked":"Shockwave","floor":8},{"not_picked":["Pommel Strike","Wild Strike"],"picked":"Cleave","floor":11},{"not_picked":["Rupture","Fire Breathing"],"picked":"Anger","floor":13},{"not_picked":["Perfected Strike","Sword Boomerang"],"picked":"Blood for Blood","floor":14},{"not_picked":["Bludgeon","Reaper"],"picked":"Corruption","floor":16},{"not_picked":["Iron Wave","Pummel"],"picked":"Metallicize","floor":18},{"not_picked":["Searing Blow","Ghostly Armor"],"picked":"Body Slam","floor":22},{"not_picked":["Anger","Searing Blow","Rupture"],"picked":"SKIP","floor":24},{"not_picked":["Havoc+1","Thunderclap"],"picked":"Burning Pact","floor":25},{"not_picked":["Perfected Strike","Body Slam+1"],"picked":"Intimidate","floor":27},{"not_picked":["Cleave","Havoc","Brutality"],"picked":"SKIP","floor":29},{"not_picked":["Exhume","Brutality"],"picked":"Barricade","floor":33},{"not_picked":["Anger","Body Slam","Wild Strike+1"],"picked":"SKIP","floor":35},{"not_picked":["Iron Wave","True Grit"],"picked":"Pommel Strike+1","floor":36},{"not_picked":["Pommel Strike+1","Anger+1"],"picked":"Rage+1","floor":38},{"not_picked":["Rage","Pommel Strike+1"],"picked":"Warcry+1","floor":39},{"not_picked":["Clash+1","Carnage"],"picked":"Metallicize+1","floor":40},{"not_picked":["Brutality","Carnage"],"picked":"Burning Pact+1","floor":42},{"not_picked":["Body Slam","Twin Strike"],"picked":"Shrug It Off+1","floor":44},{"not_picked":["Pummel","Iron Wave","True Grit"],"picked":"SKIP","floor":45},{"not_picked":["Reckless Charge+1","Clash","Whirlwind+1"],"picked":"SKIP","floor":47},{"not_picked":["Clash+1","Searing Blow"],"picked":"Heavy Blade+1","floor":48}],"player_experience":2752472,"relics_obtained":[{"floor":8,"key":"MawBank"},{"floor":9,"key":"Bronze Scales"},{"floor":11,"key":"Red Skull"},{"floor":13,"key":"Lantern"},{"floor":25,"key":"Boot"},{"floor":29,"key":"PreservedInsect"},{"floor":36,"key":"Thread and Needle"},{"floor":40,"key":"Vajra"},{"floor":42,"key":"Mummified Hand"},{"floor":47,"key":"Potion Belt"}],"event_choices":[{"damage_healed":0,"gold_gain":0,"player_choice":"Success","damage_taken":18,"relics_obtained":["Toy Ornithopter"],"max_hp_gain":0,"max_hp_loss":0,"event_name":"Scrap Ooze","floor":2,"gold_loss":0},{"cards_removed":["Strike_R"],"damage_healed":0,"gold_gain":0,"player_choice":"Card Removal","damage_taken":7,"max_hp_gain":0,"max_hp_loss":0,"event_name":"Golden Wing","floor":3,"gold_loss":0},{"damage_healed":0,"gold_gain":75,"player_choice":"Gather Gold","damage_taken":11,"max_hp_gain":0,"max_hp_loss":0,"event_name":"World of Goop","floor":5,"gold_loss":0},{"damage_healed":18,"gold_gain":0,"player_choice":"Healed","damage_taken":0,"max_hp_gain":0,"max_hp_loss":0,"event_name":"The Cleric","floor":10,"gold_loss":35},{"damage_healed":0,"gold_gain":0,"player_choice":"Read","damage_taken":0,"max_hp_gain":0,"max_hp_loss":0,"event_name":"The Library","floor":20,"gold_loss":0,"cards_obtained":["Dark Embrace"]},{"cards_removed":["Strike_R"],"damage_healed":0,"gold_gain":0,"player_choice":"Purged","damage_taken":0,"max_hp_gain":0,"max_hp_loss":0,"event_name":"Purifier","floor":21,"gold_loss":0},{"damage_healed":0,"gold_gain":0,"player_choice":"Ignored","damage_taken":0,"max_hp_gain":0,"max_hp_loss":0,"event_name":"The Mausoleum","floor":30,"gold_loss":0},{"damage_healed":0,"gold_gain":0,"player_choice":"Ignored","damage_taken":0,"max_hp_gain":0,"max_hp_loss":0,"event_name":"Cursed Tome","floor":31,"gold_loss":0},{"damage_healed":0,"gold_gain":0,"player_choice":"Fight","damage_taken":0,"max_hp_gain":0,"max_hp_loss":0,"event_name":"Mysterious Sphere","floor":36,"gold_loss":0},{"damage_healed":0,"gold_gain":0,"player_choice":"Ignored","damage_taken":0,"max_hp_gain":0,"max_hp_loss":0,"event_name":"Tomb of Lord Red Mask","floor":41,"gold_loss":0}],"is_beta":false,"boss_relics":[{"not_picked":["Busted Crown","Sozu"],"picked":"Cursed Key"},{"not_picked":["Snecko Eye","Velvet Choker"],"picked":"Coffee Dripper"}],"items_purged_floors":[19,37],"is_endless":false,"potions_floor_spawned":[8,11,13,14,24,27,29,35,36,39,44],"killed_by":"Awakened One","ascension_level":20}}