{"host":"vq9qltvb257pqxes","time":1607947399,"event":{"mods":["AchievementEnabler","BaseMod","Colored Map","Colored Powertips","Highlight Path","Mimic Mod","Minty Spire (QoL Compilation)","Quick Restart","Rare Cards Sparkle","SuperFastMode"],"gold_per_floor":[119,119,135,146,146,179,32,32,71,146,3,24,24,43,43,43,43],"floor_reached":16,"playtime":670,"items_purged":[],"score":100,"play_id":"82227600-4ff5-4954-9790-c2776e5ceab9","local_time":"20201214040319","is_ascension_mode":false,"campfire_choices":[{"floor":8,"key":"REST"},{"floor":15,"key":"REST"}],"circlet_count":0,"master_deck":["Strike_R","Strike_R","Strike_R","Strike_R","Strike_R","Defend_R","Defend_R","Defend_R","Defend_R","Bash","Twin Strike","Entrench","Flex","Injury","Sword Boomerang","Dark Shackles","Shrug It Off","Perfected Strike","Sword Boomerang","Clash"],"relics":["Burning Blood","NeowsBlessing","Golden Idol","Happy Flower","Potion Belt","PreservedInsect"],"acts_visited":["Exordium"],"potions_floor_usage":[16],"damage_taken":[{"damage":0,"enemies":"2 Louse","floor":1,"turns":1},{"damage":0,"enemies":"Cultist","floor":3,"turns":1},{"damage":0,"enemies":"Small Slimes","floor":4,"turns":1},{"damage":56,"enemies":"3 Sentries","floor":6,"turns":13},{"damage":12,"enemies":"Blue Slaver","floor":9,"turns":12},{"damage":7,"enemies":"Blue Slaver","floor":12,"turns":2},{"damage":8,"enemies":"3 Louse","floor":14,"turns":3},{"damage":59,"enemies":"Slime Boss","floor":16,"turns":8}],"seed_played":"8746321098959430483","potions_obtained":[{"floor":14,"key":"DuplicationPotion"}],"is_trial":false,"path_per_floor":["M","?","M","M","?","E","$","R","MIM","?","$","M","?","M","R","B"],"character_chosen":"IRONCLAD","items_purchased":["Dark Shackles","Shrug It Off","PreservedInsect"],"campfire_rested":2,"item_purchase_floors":[7,7,11],"current_hp_per_floor":[80,80,80,80,80,30,30,54,48,37,37,36,36,34,58,0,0],"gold":43,"neow_bonus":"THREE_ENEMY_KILL","is_daily":false,"chose_seed":false,"campfire_upgraded":0,"win_rate":0.0,"timestamp":1607947399,"path_taken":["M","?","?","M","?","E","$","R","MIM","?","$","M","?","M","R","BOSS"],"items_purchased_type":["Card","Card","Relic"],"build_version":"2020-12-13","purchased_purges":0,"victory":false,"max_hp_per_floor":[80,80,80,80,80,80,80,80,80,80,80,80,80,80,80,80,80],"card_choices":[{"not_picked":["Havoc","Ghostly Armor"],"picked":"Twin Strike","floor":1},{"not_picked":["Havoc","Rage"],"picked":"Entrench","floor":3},{"not_picked":["Anger","Pommel Strike"],"picked":"Flex","floor":4},{"not_picked":["Iron Wave","Whirlwind"],"picked":"Sword Boomerang","floor":6},{"not_picked":["Rage","Headbutt"],"picked":"Perfected Strike","floor":9},{"not_picked":["Havoc","Anger"],"picked":"Sword Boomerang","floor":12},{"not_picked":["Combust","Pommel Strike"],"picked":"Clash","floor":14}],"player_experience":100530,"relics_obtained":[{"floor":6,"key":"Happy Flower"},{"floor":9,"key":"Potion Belt"}],"event_choices":[{"damage_healed":0,"gold_gain":0,"player_choice":"Full Heal","damage_taken":0,"max_hp_gain":0,"max_hp_loss":0,"event_name":"Wheel of Change","floor":2,"gold_loss":0},{"damage_healed":0,"gold_gain":0,"player_choice":"Take Wound","damage_taken":0,"relics_obtained":["Golden Idol"],"max_hp_gain":0,"max_hp_loss":0,"event_name":"Golden Idol","floor":5,"gold_loss":0,"cards_obtained":["Injury"]},{"damage_healed":0,"gold_gain":75,"player_choice":"Gather Gold","damage_taken":11,"max_hp_gain":0,"max_hp_loss":0,"event_name":"World of Goop","floor":10,"gold_loss":0},{"damage_healed":0,"gold_gain":0,"player_choice":"Ignored","damage_taken":0,"max_hp_gain":0,"max_hp_loss":0,"event_name":"Golden Wing","floor":13,"gold_loss":0}],"is_beta":false,"boss_relics":[],"items_purged_floors":[],"is_endless":false,"potions_floor_spawned":[14],"killed_by":"Slime Boss","ascension_level":0}}