{"host":"j0a1jfichhxu8b8p","time":1607963695,"event":{"mods":["BaseMod","Colored Map","DeckTracker","Keyboard Shortcuts","Minty Spire (QoL Compilation)","Permanent Neow","StSLib","The Dragon Tamer"],"gold_per_floor":[114,114,114,133,144,172,189,189,215,233,267,267,217,229,229,330,330,345,358,408,421,436,436,466,466,466,466,486,504,530,67,67,163,163,248,24,149,149,149,149,240,346,346,28,136,136,221,521,521,521],"floor_reached":51,"playtime":3291,"items_purged":["DTMod:Strike","DTMod:DoubleHit"],"score":810,"play_id":"46fc4bb1-b46b-4519-a5ef-34e78b288895","local_time":"20201215013455","is_ascension_mode":false,"metric_token":543,"campfire_choices":[{"data":"DTMod:SwitchingTactic","floor":8.0,"key":"SMITH"},{"data":"DTMod:Training","floor":12.0,"key":"SMITH"},{"data":"DTMod:Punisher","floor":15.0,"key":"SMITH"},{"data":"DTMod:TriAttack","floor":23,"key":"SMITH"},{"data":"DTMod:Overwhelm","floor":25,"key":"SMITH"},{"data":"DTMod:Weaken","floor":27,"key":"SMITH"},{"data":"DTMod:HeatWave","floor":32,"key":"SMITH"},{"data":"DTMod:ShadowImage","floor":40,"key":"SMITH"},{"floor":46,"key":"REST"},{"floor":49,"key":"REST"}],"dtmod_dragon_data":[27,50,2,4,12,1],"circlet_count":0,"master_deck":["DTMod:TargetDefense","DTMod:TargetDefense","DTMod:TargetDefense","DTMod:SwitchingTactic+1","DTMod:WarmUp","DTMod:Overwhelm+1","DTMod:Weaken+1","DTMod:Punisher+1","DTMod:QuickFly","DTMod:LowKick","DTMod:Training+1","DTMod:Punisher","DTMod:TriAttack+1","DTMod:Training+1","DTMod:CleansingStrike+1","DTMod:ForkedFire+1","DTMod:Threaten+1","DTMod:PurifyingFlame","DTMod:BreakAttack+1","DTMod:BurningEnergy+1","DTMod:HeatWave+1","DTMod:TagTeam+1","DTMod:Shift","DTMod:ShadowImage+1","DTMod:RepeatStrike+1","DTMod:Safeguard+1","DTMod:StunTrap+1","DTMod:Feint+1","DTMod:Overwhelm+1","DTMod:BalancedStrike","DTMod:Coolant","DTMod:HeatWave+1","Madness","Madness","DTMod:HeatWave","DTMod:ShieldDrain","DTMod:GhostSkin","DTMod:FlameSlash","DTMod:MagiciansMark"],"relics":["DTMod:PactStone","Centennial Puzzle","Happy Flower","DTMod:BasicTextbook","Darkstone Periapt","Sozu","Matryoshka","Pen Nib","Prayer Wheel","Red Mask","DTMod:SwitchButton","Sundial","Astrolabe","Gambling Chip","Toy Ornithopter","Blue Candle","Ornamental Fan","Calipers","Akabeko","Art of War"],"acts_visited":["Exordium","TheCity","TheBeyond"],"potions_floor_usage":[],"damage_taken":[{"damage":0.0,"enemies":"2 Louse","floor":1.0,"turns":3.0},{"damage":0.0,"enemies":"Jaw Worm","floor":4.0,"turns":4.0},{"damage":0.0,"enemies":"Cultist","floor":5.0,"turns":3.0},{"damage":5.0,"enemies":"Gremlin Nob","floor":6.0,"turns":3.0},{"damage":0.0,"enemies":"2 Fungi Beasts","floor":7.0,"turns":3.0},{"damage":0.0,"enemies":"Large Slime","floor":10.0,"turns":5.0},{"damage":6.0,"enemies":"3 Sentries","floor":11.0,"turns":5.0},{"damage":0.0,"enemies":"Red Slaver","floor":14.0,"turns":2.0},{"damage":3.0,"enemies":"Hexaghost","floor":16.0,"turns":8.0},{"damage":0.0,"enemies":"Spheric Guardian","floor":18.0,"turns":3.0},{"damage":0.0,"enemies":"Shell Parasite","floor":19.0,"turns":3.0},{"damage":0,"enemies":"Centurion and Healer","floor":21,"turns":4},{"damage":6,"enemies":"Snake Plant","floor":22,"turns":3},{"damage":20,"enemies":"Gremlin Leader","floor":24,"turns":4},{"damage":0,"enemies":"Chosen and Byrds","floor":28,"turns":2},{"damage":0,"enemies":"Sentry and Sphere","floor":29,"turns":4},{"damage":0,"enemies":"Masked Bandits","floor":30,"turns":2},{"damage":12,"enemies":"Automaton","floor":33,"turns":7},{"damage":0,"enemies":"3 Darklings","floor":35,"turns":5},{"damage":0,"enemies":"Mind Bloom Boss Battle","floor":37,"turns":5},{"damage":0,"enemies":"Orb Walker","floor":41,"turns":3},{"damage":0,"enemies":"Reptomancer","floor":42,"turns":5},{"damage":0,"enemies":"Giant Head","floor":45,"turns":7},{"damage":0,"enemies":"Writhing Mass","floor":47,"turns":4},{"damage":9,"enemies":"Time Eater","floor":50,"turns":6}],"seed_played":"-8480483338189107049","potions_obtained":[{"floor":3.0,"key":"Dexterity Potion"},{"floor":3.0,"key":"SteroidPotion"},{"floor":3.0,"key":"EssenceOfSteel"},{"floor":4.0,"key":"FearPotion"},{"floor":6.0,"key":"LiquidBronze"},{"floor":10.0,"key":"SkillPotion"}],"is_trial":false,"path_per_floor":["M","?","?","M","M","E","M","R","T","M","E","R","?","M","R","B",null,"M","M","?","M","M","R","E","R","T","R","M","M","?","$","R","B",null,"M","$","?","T","?","R","M","E","T","$","E","R","M","?","R","B",null],"character_chosen":"THE_DT","items_purchased":["DTMod:SwitchButton","DTMod:Shift","Sundial","DTMod:BalancedStrike","DTMod:Coolant","DTMod:GhostSkin","Akabeko"],"campfire_rested":2,"item_purchase_floors":[31,31,31,36,36,44,44],"current_hp_per_floor":[45,42,42,42,42,37,37,37,37,37,31,31,31,31,31,28,45,45,45,45,45,39,39,19,19,19,19,19,19,19,19,19,7,45,45,45,45,45,39,39,39,39,39,39,39,45,45,45,45,36],"gold":521,"neow_bonus":"TRANSFORM_CARD","is_daily":false,"chose_seed":false,"campfire_upgraded":8,"win_rate":0.0,"timestamp":1607963695,"path_taken":["M","?","?","?","M","E","M","R","T","M","E","R","?","M","R","BOSS","M","M","?","M","M","R","E","R","T","R","?","M","?","$","R","BOSS","M","$","?","?","?","R","M","E","T","?","E","R","?","?","R","BOSS"],"items_purchased_type":["Relic","Card","Relic","Card","Card","Card","Relic"],"build_version":"2020-12-13","purchased_purges":2,"victory":true,"max_hp_per_floor":[45,45,45,45,45,45,45,45,45,45,45,45,45,45,45,45,45,45,45,45,45,45,45,45,45,45,45,45,45,45,45,45,45,45,45,45,45,45,45,45,45,45,45,45,45,45,45,45,45,45],"card_choices":[{"not_picked":["DTMod:CleansingStrike","DTMod:MagicField"],"picked":"DTMod:Overwhelm","floor":1.0},{"not_picked":["DTMod:Astonish","DTMod:LastStand"],"picked":"DTMod:Weaken","floor":4.0},{"not_picked":["DTMod:BuildUp","DTMod:BlazingStrike"],"picked":"DTMod:Punisher","floor":5.0},{"not_picked":["DTMod:RunningTactic","DTMod:Inferno"],"picked":"DTMod:QuickFly","floor":6.0},{"not_picked":["DTMod:CrossStep","DTMod:InvisibleFlame"],"picked":"DTMod:ForkedFire","floor":7.0},{"not_picked":["DTMod:Adaptation","DTMod:PurifyingFlame"],"picked":"DTMod:LowKick","floor":10.0},{"not_picked":["DTMod:MasterPlan","DTMod:BreakAttack"],"picked":"DTMod:Training","floor":11.0},{"not_picked":["DTMod:Cover","DTMod:MaximumCharge"],"picked":"DTMod:Punisher","floor":14.0},{"not_picked":["DTMod:Inferno","DTMod:StunTrap"],"picked":"DTMod:TriAttack","floor":16.0},{"not_picked":["DTMod:HeatWave","DTMod:Cover+1"],"picked":"DTMod:Training+1","floor":18.0},{"not_picked":["DTMod:Punisher","DTMod:FierySynthesis"],"picked":"DTMod:CleansingStrike+1","floor":19.0},{"not_picked":["DTMod:RecklessFlurry","DTMod:ComboAttack"],"picked":"DTMod:ForkedFire+1","floor":21},{"not_picked":["DTMod:StarRain","DTMod:Feint"],"picked":"DTMod:Threaten+1","floor":22},{"not_picked":["DTMod:Haste","DTMod:Astonish","DTMod:GhostSkin"],"picked":"SKIP","floor":24},{"not_picked":["DTMod:FlameSlash","DTMod:MagicField"],"picked":"DTMod:PurifyingFlame","floor":28},{"not_picked":["DTMod:LastStand","DTMod:PurifyingFlame"],"picked":"DTMod:BreakAttack+1","floor":28},{"not_picked":["DTMod:FierySynthesis","DTMod:Haste"],"picked":"DTMod:BurningEnergy+1","floor":29},{"not_picked":["DTMod:Weaken","DTMod:MagicField"],"picked":"DTMod:HeatWave","floor":29},{"not_picked":["DTMod:BizarreTactic","DTMod:Training"],"picked":"DTMod:TagTeam+1","floor":30},{"not_picked":["DTMod:FierySynthesis","DTMod:Prediction"],"picked":"DTMod:ShadowImage","floor":33},{"not_picked":["DTMod:BreakAttack+1","DTMod:QuickFly+1"],"picked":"DTMod:Feint+1","floor":35},{"not_picked":["DTMod:ForkedFire+1","DTMod:ComboAttack"],"picked":"DTMod:Overwhelm+1","floor":35},{"not_picked":["DTMod:LastStand","DTMod:Feint+1"],"picked":"DTMod:HeatWave+1","floor":37},{"not_picked":["DTMod:BlazingStrike+1","DTMod:ShieldDrain+1"],"picked":"DTMod:HeatWave","floor":41},{"not_picked":["DTMod:QuickFly","DTMod:Observe+1","DTMod:MagicField"],"picked":"SKIP","floor":41},{"not_picked":["DTMod:ComboAttack+1","DTMod:Shift"],"picked":"DTMod:ShieldDrain","floor":42},{"not_picked":["DTMod:SealedStrike","DTMod:BuildUp+1"],"picked":"DTMod:FlameSlash","floor":45},{"not_picked":["DTMod:MasterPlan+1","DTMod:Weaken"],"picked":"DTMod:MagiciansMark","floor":47},{"not_picked":["DTMod:FlameSlash+1","DTMod:LowKick","DTMod:BurningForce+1"],"picked":"SKIP","floor":47}],"player_experience":306616,"relics_obtained":[{"floor":6.0,"key":"Happy Flower"},{"floor":9.0,"key":"DTMod:BasicTextbook"},{"floor":11.0,"key":"Darkstone Periapt"},{"floor":24,"key":"Matryoshka"},{"floor":26,"key":"Pen Nib"},{"floor":26,"key":"Prayer Wheel"},{"floor":30,"key":"Red Mask"},{"floor":37,"key":"Gambling Chip"},{"floor":38,"key":"Toy Ornithopter"},{"floor":38,"key":"Blue Candle"},{"floor":42,"key":"Ornamental Fan"},{"floor":43,"key":"Calipers"},{"floor":45,"key":"Art of War"}],"event_choices":[{"damage_healed":0.0,"max_hp_gain":0.0,"max_hp_loss":0.0,"gold_gain":0.0,"event_name":"Scrap Ooze","player_choice":"Success","floor":2.0,"gold_loss":0.0,"damage_taken":3.0,"relics_obtained":["Centennial Puzzle"]},{"damage_healed":0.0,"max_hp_gain":0.0,"max_hp_loss":0.0,"gold_gain":0.0,"event_name":"Lab","player_choice":"Got Potions","floor":3.0,"gold_loss":0.0,"damage_taken":0.0},{"cards_removed":["DTMod:ForkedFire"],"damage_healed":0.0,"max_hp_gain":0.0,"max_hp_loss":0.0,"gold_gain":0.0,"event_name":"The Cleric","player_choice":"Card Removal","floor":13.0,"gold_loss":50.0,"damage_taken":0.0},{"damage_healed":0,"gold_gain":100,"player_choice":"Bet on Murderer","damage_taken":0,"max_hp_gain":0,"max_hp_loss":0,"event_name":"The Joust","floor":20,"gold_loss":50},{"damage_healed":0,"gold_gain":0,"player_choice":"Fought Bandits","damage_taken":0,"max_hp_gain":0,"max_hp_loss":0,"event_name":"Masked Bandits","floor":30,"gold_loss":0},{"damage_healed":0,"gold_gain":0,"player_choice":"Fight","damage_taken":0,"max_hp_gain":0,"max_hp_loss":0,"event_name":"MindBloom","floor":37,"gold_loss":0},{"damage_healed":0,"gold_gain":0,"player_choice":"Embrace Madness","damage_taken":6,"max_hp_gain":0,"max_hp_loss":0,"event_name":"Winding Halls","floor":39,"gold_loss":0,"cards_obtained":["Madness","Madness"]},{"damage_healed":0,"gold_gain":300,"player_choice":"Gold","damage_taken":0,"max_hp_gain":0,"max_hp_loss":0,"event_name":"Wheel of Change","floor":48,"gold_loss":0}],"is_beta":false,"boss_relics":[{"not_picked":["Busted Crown","Calling Bell"],"picked":"Sozu"},{"not_picked":["Snecko Eye","Fusion Hammer"],"picked":"Astrolabe"}],"items_purged_floors":[36,44],"is_endless":false,"potions_floor_spawned":[4,6,10,22,24,29,30,33,37,41,42],"ascension_level":0}}