{"host":"i344ixtilokuekwt","time":1607963385,"event":{"mods":["BaseMod","Card Forge","Colored Powertips","Minty Spire (QoL Compilation)","Quick Restart","Relic Stats","StSLib"],"gold_per_floor":[110,122,141,91,106,138,138,166,166,166,199,216,233,62,62,163,163,178,192,192,192,206,206,534,534,587,607,179,179,194,194,194,292,292,306,326,133,146,164,164,190,190,190,223,275,75,86,14,14,14],"floor_reached":51,"playtime":2295,"items_purged":["Strike_R","Strike_R","Strike_R"],"score":822,"play_id":"577a280c-35be-44c6-918a-3abf4dadeb83","local_time":"20201214112945","is_ascension_mode":false,"campfire_choices":[{"data":"Inflame","floor":7,"key":"SMITH"},{"data":"Clothesline","floor":15,"key":"SMITH"},{"floor":23,"key":"REST"},{"data":"Demon Form","floor":29,"key":"SMITH"},{"floor":32,"key":"REST"},{"data":"Metallicize","floor":40,"key":"SMITH"},{"floor":49,"key":"REST"}],"circlet_count":0,"master_deck":["Defend_R+1","Defend_R","Defend_R","Defend_R","Bash","Carnage","Inflame+1","Battle Trance","Clothesline+1","Hemokinesis","Pommel Strike","Shrug It Off","Demon Form+1","Uppercut+1","Armaments+1","Shrug It Off","Impervious","Metallicize+1","Cleave+1","Pommel Strike+1","Dark Shackles+1","Purity","Sword Boomerang"],"relics":["Burning Blood","Hammer of Thor","Seething Fire","Anvil of the Gods","Orichalcum","Regal Pillow","Mercury Hourglass","Pocketwatch","Runic Pyramid","Turnip","Old Coin","Oddly Smooth Stone","Happy Flower","Medical Kit","Mummified Hand","Busted Crown","Red Skull","Bottled Tornado","Potion Belt","Thread and Needle","War Paint"],"acts_visited":["Exordium","TheCity","TheBeyond"],"potions_floor_usage":[6,8,11,16,24,27,49,50,50],"damage_taken":[{"damage":0,"enemies":"Small Slimes","floor":1,"turns":3},{"damage":1,"enemies":"Cultist","floor":2,"turns":3},{"damage":0,"enemies":"2 Louse","floor":3,"turns":2},{"damage":6,"enemies":"Exordium Wildlife","floor":5,"turns":7},{"damage":21,"enemies":"Lagavulin","floor":6,"turns":5},{"damage":8,"enemies":"Gremlin Nob","floor":8,"turns":3},{"damage":17,"enemies":"Lagavulin","floor":11,"turns":5},{"damage":0,"enemies":"Large Slime","floor":12,"turns":4},{"damage":2,"enemies":"Lots of Slimes","floor":13,"turns":3},{"damage":4,"enemies":"Slime Boss","floor":16,"turns":6},{"damage":32,"enemies":"Shell Parasite","floor":18,"turns":7},{"damage":30,"enemies":"Spheric Guardian","floor":19,"turns":6},{"damage":18,"enemies":"Snake Plant","floor":22,"turns":4},{"damage":41,"enemies":"Gremlin Leader","floor":24,"turns":8},{"damage":13,"enemies":"3 Cultists","floor":27,"turns":5},{"damage":2,"enemies":"Snecko","floor":30,"turns":5},{"damage":37,"enemies":"Collector","floor":33,"turns":10},{"damage":6,"enemies":"Orb Walker","floor":35,"turns":3},{"damage":1,"enemies":"3 Darklings","floor":36,"turns":6},{"damage":4,"enemies":"Maw","floor":38,"turns":6},{"damage":3,"enemies":"Spire Growth","floor":39,"turns":5},{"damage":10,"enemies":"Reptomancer","floor":41,"turns":6},{"damage":8,"enemies":"Giant Head","floor":44,"turns":8},{"damage":21,"enemies":"2 Orb Walkers","floor":45,"turns":5},{"damage":21,"enemies":"3 Darklings","floor":47,"turns":3},{"damage":23,"enemies":"Awakened One","floor":50,"turns":9}],"seed_played":"-4055528517741291482","potions_obtained":[{"floor":2,"key":"Energy Potion"},{"floor":3,"key":"SkillPotion"},{"floor":8,"key":"Energy Potion"},{"floor":11,"key":"DuplicationPotion"},{"floor":19,"key":"ColorlessPotion"},{"floor":27,"key":"LiquidBronze"},{"floor":30,"key":"DuplicationPotion"},{"floor":35,"key":"SmokeBomb"},{"floor":41,"key":"Fruit Juice"},{"floor":45,"key":"PowerPotion"}],"is_trial":false,"path_per_floor":["M","M","M","?","M","E","R","E","T","?","E","M","M","$","R","B",null,"M","M","?","T","M","R","E","?","T","M","$","R","M","T","R","B",null,"M","M","$","M","M","R","E","?","T","E","?","$","M","$","R","B",null],"character_chosen":"IRONCLAD","items_purchased":["Shrug It Off","AttackPotion","Happy Flower","Medical Kit","Shrug It Off","Metallicize","War Paint","Sword Boomerang","DuplicationPotion"],"campfire_rested":3,"item_purchase_floors":[14,14,28,28,28,37,46,46,48],"current_hp_per_floor":[88,88,88,88,88,73,73,71,71,71,60,66,70,70,70,72,88,62,38,38,38,26,67,32,32,32,25,25,25,29,29,70,39,88,88,88,88,88,88,88,84,74,74,72,57,57,42,42,88,71],"gold":14,"neow_bonus":"TEN_PERCENT_HP_BONUS","is_daily":false,"chose_seed":false,"campfire_upgraded":4,"win_rate":0.0,"timestamp":1607963385,"path_taken":["M","M","M","?","M","E","R","E","T","?","E","M","?","$","R","BOSS","M","?","?","?","M","R","E","?","T","?","$","R","M","?","R","BOSS","M","M","$","M","?","R","E","?","T","E","?","$","?","$","R","BOSS"],"items_purchased_type":["Card","Potion","Relic","Relic","Card","Card","Relic","Card","Potion"],"build_version":"2020-12-13","purchased_purges":3,"victory":true,"max_hp_per_floor":[88,88,88,88,88,88,88,88,88,88,88,88,88,88,88,88,88,88,88,88,88,88,88,88,88,88,88,88,88,88,88,88,88,88,88,88,88,88,88,88,88,88,88,88,88,88,88,88,93,93],"relic_stats":{"Regal Pillow":45,"Happy Flower":[22],"counters":[26,137],"Orichalcum":[216],"War Paint":["Defend_R","Dark Shackles"],"Medical Kit":[6],"Burning Blood":129,"Mercury Hourglass":[457],"Busted Crown":22,"Mummified Hand":[31],"Turnip":[8],"obtain_stats":[{"Potion Belt":44,"Regal Pillow":8,"Happy Flower":28,"Oddly Smooth Stone":26,"Thread and Needle":45,"Hammer of Thor":0,"Seething Fire":0,"Orichalcum":6,"Bottled Tornado":43,"War Paint":46,"Medical Kit":28,"Burning Blood":0,"Mercury Hourglass":9,"Old Coin":24,"Busted Crown":34,"Anvil of the Gods":0,"Mummified Hand":31,"Turnip":21,"Red Skull":41,"Pocketwatch":11,"Runic Pyramid":17},{"Potion Belt":23,"Regal Pillow":6,"Happy Flower":15,"Oddly Smooth Stone":14,"Thread and Needle":24,"Hammer of Thor":0,"Seething Fire":0,"Orichalcum":5,"Bottled Tornado":22,"War Paint":24,"Medical Kit":15,"Burning Blood":0,"Mercury Hourglass":6,"Old Coin":14,"Busted Crown":17,"Anvil of the Gods":0,"Mummified Hand":16,"Turnip":12,"Red Skull":22,"Pocketwatch":7,"Runic Pyramid":10},{"Potion Belt":120,"Regal Pillow":23,"Happy Flower":71,"Oddly Smooth Stone":66,"Thread and Needle":125,"Hammer of Thor":0,"Seething Fire":0,"Orichalcum":20,"Bottled Tornado":112,"War Paint":125,"Medical Kit":71,"Burning Blood":0,"Mercury Hourglass":23,"Old Coin":66,"Busted Crown":86,"Anvil of the Gods":0,"Mummified Hand":76,"Turnip":54,"Red Skull":112,"Pocketwatch":28,"Runic Pyramid":41}],"Pocketwatch":[50]},"card_choices":[{"not_picked":["Heavy Blade","Combust"],"picked":"Carnage","floor":1},{"not_picked":["Heavy Blade","Clothesline"],"picked":"Inflame","floor":2},{"not_picked":["Perfected Strike","Heavy Blade"],"picked":"Battle Trance","floor":3},{"not_picked":["Havoc","Bludgeon"],"picked":"Clothesline","floor":5},{"not_picked":["Havoc","Perfected Strike","Iron Wave"],"picked":"SKIP","floor":6},{"not_picked":["Power Through","Shockwave"],"picked":"Hemokinesis","floor":8},{"not_picked":["Warcry","Perfected Strike"],"picked":"Pommel Strike","floor":11},{"not_picked":["Thunderclap","Twin Strike","Body Slam"],"picked":"SKIP","floor":12},{"not_picked":["Thunderclap","Twin Strike","Body Slam"],"picked":"SKIP","floor":12},{"not_picked":["Fire Breathing","Clothesline","Twin Strike"],"picked":"SKIP","floor":13},{"not_picked":["Juggernaut","Immolate"],"picked":"Demon Form","floor":16},{"not_picked":["Clothesline","Hemokinesis"],"picked":"Uppercut+1","floor":18},{"not_picked":["Ghostly Armor","Power Through","Intimidate+1"],"picked":"SKIP","floor":19},{"not_picked":["Pommel Strike","Headbutt+1","Twin Strike"],"picked":"SKIP","floor":22},{"not_picked":["Ghostly Armor","Anger+1","Body Slam"],"picked":"SKIP","floor":24},{"not_picked":["Evolve","Ghostly Armor"],"picked":"Armaments+1","floor":27},{"not_picked":["Wild Strike","Carnage","Armaments+1"],"picked":"SKIP","floor":30},{"not_picked":["Offering","Feed"],"picked":"Impervious","floor":33},{"not_picked":["Clothesline+1"],"picked":"SKIP","floor":35},{"not_picked":["Twin Strike"],"picked":"SKIP","floor":36},{"not_picked":[],"picked":"Cleave+1","floor":38},{"not_picked":[],"picked":"Pommel Strike+1","floor":39},{"not_picked":["Dual Wield"],"picked":"SKIP","floor":41},{"not_picked":[],"picked":"Dark Shackles","floor":42},{"not_picked":[],"picked":"Purity","floor":42},{"not_picked":["Rupture+1"],"picked":"SKIP","floor":44},{"not_picked":["Anger+1"],"picked":"SKIP","floor":47}],"player_experience":657944,"relics_obtained":[{"floor":6,"key":"Orichalcum"},{"floor":8,"key":"Regal Pillow"},{"floor":9,"key":"Mercury Hourglass"},{"floor":11,"key":"Pocketwatch"},{"floor":21,"key":"Turnip"},{"floor":24,"key":"Old Coin"},{"floor":26,"key":"Oddly Smooth Stone"},{"floor":31,"key":"Mummified Hand"},{"floor":41,"key":"Red Skull"},{"floor":43,"key":"Bottled Tornado"},{"floor":44,"key":"Potion Belt"},{"floor":45,"key":"Thread and Needle"}],"event_choices":[{"cards_removed":["Strike_R"],"damage_healed":0,"gold_gain":0,"player_choice":"Card Removal","damage_taken":0,"max_hp_gain":0,"max_hp_loss":0,"event_name":"The Cleric","floor":4,"gold_loss":50},{"damage_healed":0,"gold_gain":0,"player_choice":"Ignored","damage_taken":0,"max_hp_gain":0,"max_hp_loss":0,"event_name":"NoteForYourself","floor":10,"gold_loss":0},{"damage_healed":0,"gold_gain":0,"player_choice":"Ignored","damage_taken":0,"max_hp_gain":0,"max_hp_loss":0,"event_name":"The Mausoleum","floor":20,"gold_loss":0},{"cards_removed":["Strike_R"],"damage_healed":0,"gold_gain":0,"player_choice":"Purged","damage_taken":0,"max_hp_gain":0,"max_hp_loss":0,"event_name":"Purifier","floor":25,"gold_loss":0},{"damage_healed":0,"gold_gain":0,"player_choice":"Memory 3","damage_taken":10,"max_hp_gain":0,"max_hp_loss":0,"event_name":"SensoryStone","floor":42,"gold_loss":0},{"damage_healed":0,"gold_gain":0,"player_choice":"Fight","damage_taken":0,"max_hp_gain":0,"max_hp_loss":0,"event_name":"Mysterious Sphere","floor":45,"gold_loss":0}],"is_beta":false,"boss_relics":[{"not_picked":["Tiny House","Fusion Hammer"],"picked":"Runic Pyramid"},{"not_picked":["Runic Cube","Coffee Dripper"],"picked":"Busted Crown"}],"items_purged_floors":[14,28,37],"is_endless":false,"potions_floor_spawned":[2,3,8,11,19,27,30,35,41,45],"ascension_level":0}}