{"host":"wl5kcyk3ocgwii71","time":1607963665,"event":{"mods":["AchievementEnabler","BaseMod","Better Altar","Better Match","Better Note","Better Sensory Stone","Better Skull","Better Third Choice","Colored Powertips","Downfall","Hermit","Minty Spire (QoL Compilation)","Quick Restart","Replay The Spire","StSLib","The Servant 0.9.4"],"gold_per_floor":[115,115,127,139,139,156,189,199,199,159,170,196,18,38,38,38,38],"floor_reached":16,"playtime":794,"items_purged":[],"score":181,"play_id":"92919d4b-196b-4a3f-9272-b8c17aa5f41e","local_time":"20201214083425","is_ascension_mode":true,"campfire_choices":[{"data":"Replay:SS_forest_2","floor":15,"key":"SMITH"}],"circlet_count":0,"master_deck":["Strike_G","Strike_G","Strike_G","Strike_G","Strike_G","Defend_G","Defend_G","Defend_G","Defend_G","Defend_G","Survivor","Neutralize+1","Replay:SS_forest_2+1","Underhanded Strike","Prepared","Backflip","Quick Slash","Dagger Throw","Outmaneuver","Footwork+1"],"relics":["Ring of the Snake","Singing Bowl","ReplayTheSpireMod:Shallot","Smiling Mask","Lizard Tail","Membership Card"],"acts_visited":["Exordium"],"potions_floor_usage":[8,11,12,12],"damage_taken":[{"damage":0,"enemies":"Small Slimes","floor":1,"turns":6},{"damage":0,"enemies":"Jaw Worm","floor":3,"turns":4},{"damage":0,"enemies":"2 Louse","floor":4,"turns":3},{"damage":0,"enemies":"Red Slaver","floor":6,"turns":5},{"damage":35,"enemies":"3 Sentries","floor":7,"turns":12},{"damage":17,"enemies":"Exordium Thugs","floor":8,"turns":6},{"damage":0,"enemies":"3 Louse","floor":11,"turns":3},{"damage":0,"enemies":"Gremlin Nob","floor":12,"turns":3},{"damage":4,"enemies":"Large Slime","floor":14,"turns":7},{"damage":53,"enemies":"Hexaghost","floor":16,"turns":18}],"seed_played":"2724320370614551371","potions_obtained":[{"floor":1,"key":"GamblersBrew"},{"floor":8,"key":"Explosive Potion"},{"floor":10,"key":"champ:CounterPotion"},{"floor":10,"key":"ColorlessPotion"},{"floor":11,"key":"Guardian:BlockOnCardUsePotion"},{"floor":14,"key":"Energy Potion"}],"is_trial":false,"path_per_floor":["M","?","M","M","T","M","E","M","T","?","M","E","$","M","R","B"],"character_chosen":"THE_SILENT","items_purchased":["Membership Card","Footwork+1"],"campfire_rested":0,"item_purchase_floors":[13,13],"current_hp_per_floor":[63,63,63,63,63,65,30,15,15,15,15,15,15,13,13,0,0],"gold":38,"neow_bonus":"RANDOM_COLORLESS","is_daily":false,"chose_seed":false,"campfire_upgraded":1,"win_rate":0.0,"timestamp":1607963665,"path_taken":["M","?","M","M","?","M","E","M","T","?","M","E","$","M","R","BOSS"],"items_purchased_type":["Relic","Card"],"build_version":"2020-12-13","purchased_purges":0,"victory":false,"max_hp_per_floor":[70,70,70,70,70,72,72,74,74,74,74,74,74,76,76,76,76],"card_choices":[{"not_picked":["Purity","Madness"],"picked":"Replay:SS_forest_2","floor":0},{"not_picked":["Bane","Outmaneuver"],"picked":"Underhanded Strike","floor":1},{"not_picked":["Backflip","Sucker Punch"],"picked":"Prepared","floor":3},{"not_picked":["Blade Dance","Accuracy"],"picked":"Backflip","floor":4},{"not_picked":["Blade Dance","Deflect","Poisoned Stab"],"picked":"Singing Bowl","floor":6},{"not_picked":["Venomology","Outmaneuver"],"picked":"Quick Slash","floor":7},{"not_picked":["Predator","Masterful Stab","Setup"],"picked":"Singing Bowl","floor":8},{"not_picked":["Backflip","Outmaneuver"],"picked":"Dagger Throw","floor":11},{"not_picked":["Slice","PiercingWail"],"picked":"Outmaneuver","floor":12},{"not_picked":["Poisoned Stab","Deflect","Flying Knee"],"picked":"Singing Bowl","floor":14}],"player_experience":350808,"relics_obtained":[{"floor":5,"key":"Singing Bowl"},{"floor":7,"key":"ReplayTheSpireMod:Shallot"},{"floor":9,"key":"Smiling Mask"},{"floor":12,"key":"Lizard Tail"}],"event_choices":[{"damage_healed":0,"gold_gain":0,"player_choice":"Grow","damage_taken":0,"max_hp_gain":0,"max_hp_loss":0,"event_name":"Living Wall","floor":2,"gold_loss":0,"cards_upgraded":["Neutralize"]},{"damage_healed":0,"gold_gain":0,"player_choice":"Bought 3 Potions","damage_taken":0,"max_hp_gain":0,"max_hp_loss":0,"event_name":"The Woman in Blue","floor":10,"gold_loss":0}],"is_beta":false,"boss_relics":[],"items_purged_floors":[],"is_endless":false,"potions_floor_spawned":[1,8,11,14],"killed_by":"Hexaghost","ascension_level":6}}