{"host":"0azimyi6n3ugndj4","time":1607957044,"event":{"mods":["BaseMod","Bestiary","Conspire","Curses Come First","Defuse TimeMaze Blight","Hyrulean Relics","Infinite Spire","Minty Spire (QoL Compilation)","Relic Stats","Replay The Spire","StSLib","SuperFastMode","Uncapped","¡¼?Úª?ø«¡½REMEMod"],"gold_per_floor":[99,99,129,189,189,279,279,279,302,302,392,117,213,270,270,270,270],"floor_reached":16,"playtime":252,"items_purged":[],"score":507,"play_id":"fc5434a3-4e1d-40c7-9757-44e70fd1a859","local_time":"20201214234404","daily_mods":["Draft","Hoarder","Chimera","Shiny","Specialized","Vintage","ControlledChaos","Allstar","Diverse","Colorless Cards","Heirloom","Time Dilation","Flight","Binary","Elite Swarm","Lethality","Midas","Night Terrors","Terminal","Uncertain Future","Binary"],"is_ascension_mode":true,"campfire_choices":[{"floor":7,"key":"REST"},{"floor":10,"key":"REST"},{"floor":15,"key":"REST"}],"circlet_count":0,"master_deck":["Demon Form","Wraith Form v2","Echo Form","DevaForm","AscendersBane","Bash","Survivor","Zap","Eruption","Strike_R","Strike_G","Strike_B","Defend_R","Defend_G","Defend_P","Brilliance","Devotion","Replay:AllIn","LessonLearned","Vault","Alpha","Establishment","REME_WorshipGod","Replay:LoomingThreat","DeusExMachina","Judgement","ConjureBlade","REME_EmptyShield","MasterReality","Blasphemy","Ragnarok","REME_CRH","Scrawl","Wish","Omniscience","SpiritShield","DevaForm","Hyperbeam","REME_ForAll","Machine Learning","Buffer","Mirror Shield","Seek","Echo Form","All For One","Reboot","Fission","Core Surge","Multi-Cast","Thunder Strike","Biased Cognition","REME_Shoggoth","Electrodynamics","ReplayRNGCard","ReplayTheSpireMod:Omega Cannon","Rainbow","Meteor Strike","ReplayTheSpireMod:Fabricate Wheel","Amplify","Creative AI","REME_ShadowForm","ReplayTheSpireMod:Necrosis","Corpse Explosion","Die Die Die","Atom Bomb","ReplayTheSpireMod:From All Sides","Adrenaline","Envenom","Doppelganger","Burst","Wraith Form v2","REME_SpectralBlade","Tools of the Trade","REME_CopyPotion","After Image","Poison Darts","A Thousand Cuts","Venomology","Replay:Bag of Tricks","Malaise","Phantasmal Killer","Night Terror","infinitespire:Neurotoxin","Unload","REME_GrazeFinale","Bullet Time","Storm of Steel","Glass Knife","Grand Finale","Double Tap","Demon Form","REME_ACTH","Fiend Fire","Eclipse","conspire:Purge","Berserk","Impervious","Juggernaut","Brutality","Demonic Infusion","conspire:HitWhereItHurts","Exhume","Offering","REME_Fury","Bludgeon","Feed","Replay:Many Hands","Limit Break","Corruption","Barricade","Hemogenesis","REME_TheLastStrike","Immolate","Thinking Ahead","Metamorphosis","Master of Strategy","Magnetism","Chrysalis","Mayhem","REME_PuzzleBox","Secret Weapon","Midas Touch","ReplayTheSpireMod:Brewmster","REME_AllRoundStrike","Poisoned Strike","Sadistic Nature","Replay:Dark Deal","REME_Flogging","ReplayUltimateDefense","Transmutation","REME_BattleFury","HandOfGreed","ReplayTheSpireMod:Necrogeddon","Apotheosis","Panache","Violence","Secret Technique","The Bomb","Crow Ritual","REME_BuildACard","REME_ProfessionalPlagiarism","Glass Knife","Glass Knife","Glass Knife","Glass Knife","Glass Knife","Glass Knife","Glass Knife","Glass Knife","Glass Knife","Glass Knife","Glass Knife","Glass Knife","Glass Knife","Glass Knife","Glass Knife","Purity","Purity","Purity","ReplayTheSpireMod:Limb From Limb","ReplayTheSpireMod:Limb From Limb","ReplayTheSpireMod:Limb From Limb","Iron Wave","Iron Wave","Iron Wave","ReplayTheSpireMod:System Scan","ReplayTheSpireMod:System Scan","Replay:Undeath\u0027s Touch","Replay:Undeath\u0027s Touch","Replay:Undeath\u0027s Touch","Run Through","Run Through","Run Through","Perfected Strike","Perfected Strike","Perfected Strike","Ball Lightning","Ball Lightning","Ball Lightning","Replay:BluntJabs","Replay:BluntJabs","Replay:BluntJabs","Hemokinesis","Hemokinesis","Hemokinesis","Underhanded Strike","Underhanded Strike","Underhanded Strike","Evaluate","Evaluate","Evaluate","FollowUp","FollowUp","FollowUp","Dodge and Roll","Dodge and Roll","Dodge and Roll","Deep Breath","Deep Breath","Deep Breath","Brutality","Brutality","Brutality","Brutality","Brutality","Brutality","Brutality","Brutality","Brutality","Brutality","Brutality","Brutality","Brutality","Brutality","Brutality","Brutality","Brutality","Brutality","Reflex","Reflex","Reflex","infinitespire:OneForAll","infinitespire:OneForAll","infinitespire:OneForAll","FollowUp","FollowUp","FollowUp","Prostrate","Prostrate","Prostrate","Uppercut","Uppercut","Uppercut","Pommel Strike","Pommel Strike","Pommel Strike","Dagger Spray","Dagger Spray","Dagger Spray","Steam","Steam","Steam","Cold Snap","Cold Snap","Cold Snap","JustLucky","JustLucky","JustLucky","Clash","Clash","Clash","ThirdEye","ThirdEye","ThirdEye","ReplayTheSpireMod:Tripwire","ReplayTheSpireMod:Tripwire","ReplayTheSpireMod:Tripwire","ThirdEye","ThirdEye","ThirdEye","Shockwave","Shockwave","Shockwave","Violence+1","Violence+1","Violence+1"],"relics":["Cracked Core","Frozen Eye","Busted Crown","REME_ComplimentaryCards","Emotion Chip","Torii","Oddly Smooth Stone","Meat on the Bone","zeldaRelics:CourageTriforce","Pear","zeldaRelics:WisdomPiece","White Beast Statue"],"acts_visited":["Exordium"],"potions_floor_usage":[16,16],"damage_taken":[{"damage":6,"enemies":"2 Louse","floor":3,"turns":1},{"damage":0,"enemies":"Small Slimes","floor":4,"turns":1},{"damage":0,"enemies":"Gremlin Nob","floor":6,"turns":2},{"damage":21,"enemies":"Lagavulin","floor":11,"turns":3},{"damage":0,"enemies":"Gremlin Nob","floor":13,"turns":2},{"damage":6,"enemies":"Jaw Worm","floor":14,"turns":2},{"damage":100017,"enemies":"Fading Forest","floor":16,"turns":8}],"seed_played":"5364445045580141106","potions_obtained":[{"floor":11,"key":"SkillPotion"},{"floor":13,"key":"Death Potion"}],"is_trial":true,"path_per_floor":["WH","WH","M","M","?","E","R","WH","T","R","E","$","E","M","R","B"],"character_chosen":"DEFECT","items_purchased":["Pear"],"campfire_rested":3,"item_purchase_floors":[12],"current_hp_per_floor":[64,70,64,64,64,64,64,69,68,62,41,51,51,45,62,0,0],"gold":270,"neow_bonus":"TEN_PERCENT_HP_BONUS","is_daily":false,"chose_seed":false,"campfire_upgraded":0,"win_rate":0.0,"timestamp":1607957044,"path_taken":["WH","WH","M","M","?","E","R","WH","T","R","E","$","E","M","R","BOSS"],"items_purchased_type":["Relic"],"build_version":"2020-12-13","purchased_purges":0,"victory":false,"max_hp_per_floor":[69,74,73,72,71,70,64,69,68,62,61,70,69,68,62,62,62],"relic_stats":{"Emotion Chip":[3,3,0,0,0],"Busted Crown":10,"Torii":0,"counters":[7,18],"obtain_stats":[{"zeldaRelics:WisdomPiece":13,"Pear":12,"Torii":1,"Oddly Smooth Stone":3,"zeldaRelics:CourageTriforce":11,"White Beast Statue":14,"Frozen Eye":0,"Emotion Chip":0,"Busted Crown":0,"zeldaRelics:CouragePiece":6,"Cracked Core":0,"REME_ComplimentaryCards":0,"Meat on the Bone":4},{"zeldaRelics:WisdomPiece":5,"Pear":4,"Torii":0,"Oddly Smooth Stone":1,"zeldaRelics:CourageTriforce":4,"White Beast Statue":6,"Frozen Eye":0,"Emotion Chip":0,"Busted Crown":0,"zeldaRelics:CouragePiece":3,"Cracked Core":0,"REME_ComplimentaryCards":0,"Meat on the Bone":2},{"zeldaRelics:WisdomPiece":9,"Pear":7,"Torii":0,"Oddly Smooth Stone":1,"zeldaRelics:CourageTriforce":7,"White Beast Statue":11,"Frozen Eye":0,"Emotion Chip":0,"Busted Crown":0,"zeldaRelics:CouragePiece":4,"Cracked Core":0,"REME_ComplimentaryCards":0,"Meat on the Bone":2}],"Meat on the Bone":0},"card_choices":[{"not_picked":["Warcry","Leap"],"picked":"Purity","floor":0},{"not_picked":["Replay:AtTheReady","Pommel Strike"],"picked":"ReplayTheSpireMod:Limb From Limb","floor":0},{"not_picked":["BowlingBash","Sever Soul"],"picked":"Iron Wave","floor":0},{"not_picked":["Armaments","CutThroughFate"],"picked":"ReplayTheSpireMod:System Scan","floor":0},{"not_picked":["Reflex","Wild Strike"],"picked":"Replay:Undeath\u0027s Touch","floor":0},{"not_picked":["ReplayTheSpireMod:Limb From Limb","Sweeping Beam"],"picked":"Run Through","floor":0},{"not_picked":["True Grit","Good Instincts"],"picked":"Perfected Strike","floor":0},{"not_picked":["Finesse","FlurryOfBlows"],"picked":"Ball Lightning","floor":0},{"not_picked":["Prostrate","EmptyFist"],"picked":"Replay:BluntJabs","floor":0},{"not_picked":["Rebound","Redo"],"picked":"Hemokinesis","floor":0},{"not_picked":["Replay:Vibes","Perfected Strike"],"picked":"Underhanded Strike","floor":0},{"not_picked":["Replay:AtTheReady","Warcry"],"picked":"Evaluate","floor":0},{"not_picked":["EmptyBody","Warcry"],"picked":"FollowUp","floor":0},{"not_picked":["DeceiveReality","REME_Repentance"],"picked":"Dodge and Roll","floor":0},{"not_picked":["Backflip","Halt"],"picked":"Deep Breath","floor":0},{"not_picked":["Conserve Battery","FollowUp"],"picked":"Reflex","floor":1},{"not_picked":["Steam","DeceiveReality"],"picked":"infinitespire:OneForAll","floor":1},{"not_picked":["ReplayTheSpireMod:Strike From Hell","Protect"],"picked":"FollowUp","floor":1},{"not_picked":["Thunderclap","Stack"],"picked":"Prostrate","floor":1},{"not_picked":["ReplaySolidLightProjector","Consecrate"],"picked":"Uppercut","floor":1},{"not_picked":["Headbutt","Go for the Eyes"],"picked":"Pommel Strike","floor":1},{"not_picked":["Sweeping Beam","Well Laid Plans"],"picked":"Dagger Spray","floor":1},{"not_picked":["FlyingSleeves","Blind"],"picked":"Steam","floor":1},{"not_picked":["Prostrate","Havoc"],"picked":"Cold Snap","floor":1},{"not_picked":["FlurryOfBlows","Scrape"],"picked":"JustLucky","floor":1},{"not_picked":["BasicCrystalCard","Massacre"],"picked":"Clash","floor":1},{"not_picked":["Fluid Movement","Acrobatics"],"picked":"ThirdEye","floor":1},{"not_picked":["Bandage Up","Body Slam"],"picked":"ReplayTheSpireMod:Tripwire","floor":1},{"not_picked":["Wild Strike","Flying Knee"],"picked":"ThirdEye","floor":1},{"not_picked":["Cold Snap","infinitespire:OneForAll"],"picked":"Shockwave","floor":1}],"player_experience":1454567,"relics_obtained":[{"floor":3,"key":"Oddly Smooth Stone"},{"floor":4,"key":"Meat on the Bone"},{"floor":6,"key":"zeldaRelics:CouragePiece"},{"floor":9,"key":"zeldaRelics:CouragePiece"},{"floor":11,"key":"zeldaRelics:CouragePiece"},{"floor":13,"key":"zeldaRelics:WisdomPiece"},{"floor":14,"key":"White Beast Statue"}],"event_choices":[],"is_beta":false,"boss_relics":[],"items_purged_floors":[],"is_endless":false,"potions_floor_spawned":[11,13,14],"killed_by":"Fading Forest","ascension_level":20}}