{"host":"8qb550oiisecbnz6","time":1607979366,"event":{"mods":["AchievementEnabler","BaseMod","Colored Map","Colored Powertips","Minty Spire (QoL Compilation)","Quick Restart","Slay-I","StSLib"],"gold_per_floor":[114,289,304,320,88,88,113,113,113,113,13,48,48,74,74,174,174,186,219,233,253,90,117,117,27,52,142,142,174,185,213,213,308,308,320,334,556,70,90,104,137,137,161,190,190,223,223,252,252,252,252,252,12,43,43,43],"floor_reached":55,"playtime":5729,"items_purged":["Doubt","Strike_P","Strike_P","Strike_P"],"score":1296,"play_id":"30457644-20d4-4834-aefa-56857407a189","local_time":"20201214215606","is_ascension_mode":true,"campfire_choices":[{"data":"Eruption","floor":6.0,"key":"SMITH"},{"data":"JustLucky","floor":8.0,"key":"SMITH"},{"data":"SandsOfTime","floor":13.0,"key":"SMITH"},{"floor":15.0,"key":"RECALL"},{"data":"FlurryOfBlows","floor":24.0,"key":"SMITH"},{"floor":28.0,"key":"REST"},{"data":"FlurryOfBlows","floor":32.0,"key":"SMITH"},{"data":"Consecrate","floor":42.0,"key":"SMITH"},{"floor":45.0,"key":"REST"},{"floor":47.0,"key":"REST"},{"data":"FearNoEvil","floor":49.0,"key":"SMITH"},{"data":"Defend_P","floor":52,"key":"SMITH"}],"circlet_count":0,"master_deck":["Strike_P","Defend_P+1","Defend_P+1","Defend_P+1","Defend_P+1","Eruption+1","Vigilance+1","FlurryOfBlows+1","JustLucky+1","FlurryOfBlows+1","SandsOfTime+1","LikeWater+1","Conclude","Dramatic Entrance","FearNoEvil+1","Tantrum+1","Wireheading+1","Evaluate+1","Consecrate+1","CarveReality+1","Finesse+1","Wallop"],"relics":["PureWater","Strawberry","Melange","FossilizedHelix","Eternal Feather","Pear","Orichalcum","Black Star","Red Mask","Thread and Needle","Happy Flower","Toxic Egg 2","TeardropLocket","Regal Pillow","War Paint","Philosopher\u0027s Stone","Torii","Art of War","Bottled Lightning","Omamori","Sundial","Oddly Smooth Stone","Calipers","Ancient Tea Set","Bird Faced Urn","MealTicket","Vajra","White Beast Statue","Bronze Scales"],"acts_visited":["Exordium","TheCity","TheBeyond","TheEnding"],"potions_floor_usage":[50,50],"damage_taken":[{"damage":0.0,"enemies":"2 Louse","floor":1.0,"turns":2.0},{"damage":0.0,"enemies":"Jaw Worm","floor":3.0,"turns":3.0},{"damage":10.0,"enemies":"Cultist","floor":4.0,"turns":5.0},{"damage":0.0,"enemies":"Lagavulin","floor":7.0,"turns":5.0},{"damage":2.0,"enemies":"3 Sentries","floor":12.0,"turns":8.0},{"damage":0.0,"enemies":"Gremlin Nob","floor":14.0,"turns":3.0},{"damage":2.0,"enemies":"The Guardian","floor":16.0,"turns":7.0},{"damage":0.0,"enemies":"3 Byrds","floor":18.0,"turns":5.0},{"damage":28.0,"enemies":"Masked Bandits","floor":19.0,"turns":4.0},{"damage":0.0,"enemies":"2 Thieves","floor":20.0,"turns":4.0},{"damage":0.0,"enemies":"Snecko","floor":21.0,"turns":3.0},{"damage":16.0,"enemies":"Book of Stabbing","floor":23.0,"turns":4.0},{"damage":10.0,"enemies":"Slavers","floor":29.0,"turns":7.0},{"damage":0.0,"enemies":"Snake Plant","floor":30.0,"turns":2.0},{"damage":0.0,"enemies":"Book of Stabbing","floor":31.0,"turns":4.0},{"damage":0.0,"enemies":"Collector","floor":33.0,"turns":5.0},{"damage":0.0,"enemies":"Orb Walker","floor":35.0,"turns":5.0},{"damage":4.0,"enemies":"3 Shapes","floor":36.0,"turns":2.0},{"damage":0.0,"enemies":"Maw","floor":39.0,"turns":6.0},{"damage":25.0,"enemies":"Jaw Worm Horde","floor":40.0,"turns":4.0},{"damage":10.0,"enemies":"Reptomancer","floor":41.0,"turns":6.0},{"damage":36.0,"enemies":"Giant Head","floor":44.0,"turns":8.0},{"damage":45.0,"enemies":"Nemesis","floor":46.0,"turns":5.0},{"damage":0.0,"enemies":"Giant Head","floor":48.0,"turns":7.0},{"damage":99,"enemies":"Awakened One","floor":50,"turns":16},{"damage":72,"enemies":"Shield and Spear","floor":54,"turns":7},{"damage":31,"enemies":"The Heart","floor":55,"turns":2}],"seed_played":"6006037634606989162","potions_obtained":[{"floor":3.0,"key":"FearPotion"},{"floor":4.0,"key":"Ambrosia"},{"floor":12.0,"key":"Dexterity Potion"},{"floor":19.0,"key":"Fire Potion"},{"floor":29.0,"key":"Energy Potion"},{"floor":30.0,"key":"EntropicBrew"},{"floor":36.0,"key":"FairyPotion"},{"floor":41.0,"key":"ColorlessPotion"},{"floor":44.0,"key":"SkillPotion"},{"floor":46.0,"key":"BottledMiracle"}],"is_trial":false,"path_per_floor":["M","?","M","M","$","R","E","R","T","?","$","E","R","E","R","B",null,"M","?","M","M","$","E","R","$","T","?","R","E","M","E","R","B",null,"M","M","?","$","M","M","E","R","T","E","R","E","R","E","R","B",null,"R","$","E","B"],"character_chosen":"WATCHER","items_purchased":["Melange","Conclude","Dramatic Entrance","Torii","Consecrate","Vajra","Finesse+1"],"campfire_rested":3,"item_purchase_floors":[5,22,25,38,38,53,53],"current_hp_per_floor":[79,79,79,69,69,69,69,69,69,53,53,61,67,67,73,71,85,85,57,57,57,57,41,47,47,47,29,64,54,54,54,63,68,84,84,80,80,80,80,55,45,54,54,18,71,26,79,79,89,26,73,85,89,19,0,0],"gold":43,"neow_bonus":"RANDOM_COMMON_RELIC","is_daily":false,"chose_seed":false,"campfire_upgraded":8,"win_rate":0.0,"timestamp":1607979366,"path_taken":["M","?","M","M","$","R","E","R","T","?","$","E","R","E","R","BOSS","M","?","M","M","$","E","R","$","T","?","R","E","M","E","R","BOSS","M","?","?","$","M","M","E","R","T","E","R","E","R","E","R","BOSS","R","$","E","BOSS"],"items_purchased_type":["Relic","Card","Card","Relic","Card","Relic","Card"],"build_version":"2020-12-13","purchased_purges":4,"victory":false,"max_hp_per_floor":[79,79,79,79,79,79,79,79,79,79,79,89,89,89,89,89,89,89,89,89,89,89,89,89,89,89,89,89,89,89,89,89,89,89,89,89,89,89,89,89,89,89,89,89,89,89,89,89,89,89,89,89,89,89,89,89],"card_choices":[{"not_picked":["TalkToTheHand","WreathOfFlame"],"picked":"FlurryOfBlows","floor":1.0},{"not_picked":["LikeWater","Protect","MentalFortress"],"picked":"SKIP","floor":3.0},{"not_picked":["CrushJoints","SashWhip"],"picked":"JustLucky","floor":4.0},{"not_picked":["SashWhip","Study"],"picked":"FlurryOfBlows","floor":7.0},{"not_picked":["Crescendo","ForeignInfluence"],"picked":"SandsOfTime","floor":12.0},{"not_picked":["WaveOfTheHand","Vault","Evaluate"],"picked":"SKIP","floor":14.0},{"not_picked":["Crescendo","EmptyBody","JustLucky"],"picked":"SKIP","floor":18.0},{"not_picked":["SashWhip","Swivel"],"picked":"LikeWater+1","floor":20.0},{"not_picked":["ThirdEye","EmptyBody","EmptyFist"],"picked":"SKIP","floor":21.0},{"not_picked":["FlurryOfBlows","ConjureBlade","EmptyFist"],"picked":"SKIP","floor":23.0},{"not_picked":["PathToVictory+1","CutThroughFate"],"picked":"FearNoEvil","floor":29.0},{"not_picked":["Adaptation","SashWhip+1"],"picked":"Tantrum+1","floor":30.0},{"not_picked":["Evaluate+1","EmptyBody+1"],"picked":"Wireheading+1","floor":31.0},{"not_picked":["Pray+1","ClearTheMind+1","FlurryOfBlows"],"picked":"SKIP","floor":35.0},{"not_picked":["EmptyMind+1","MentalFortress+1"],"picked":"Evaluate+1","floor":36.0},{"not_picked":["FlyingSleeves+1","BowlingBash+1","Prostrate+1"],"picked":"SKIP","floor":39.0},{"not_picked":["CutThroughFate","Wish+1","PathToVictory+1"],"picked":"SKIP","floor":40.0},{"not_picked":["Wish+1","InnerPeace+1","FollowUp"],"picked":"SKIP","floor":41.0},{"not_picked":["Halt+1","FollowUp+1"],"picked":"CarveReality+1","floor":44.0},{"not_picked":["SashWhip","BowlingBash","Fasting2"],"picked":"SKIP","floor":46.0},{"not_picked":["JustLucky","Crescendo+1","Consecrate"],"picked":"SKIP","floor":48.0},{"not_picked":["SandsOfTime","Tantrum+1"],"picked":"Wallop","floor":54}],"player_experience":342468,"relics_obtained":[{"floor":7.0,"key":"FossilizedHelix"},{"floor":9.0,"key":"Eternal Feather"},{"floor":12.0,"key":"Pear"},{"floor":14.0,"key":"Orichalcum"},{"floor":19.0,"key":"Red Mask"},{"floor":23.0,"key":"Thread and Needle"},{"floor":23.0,"key":"Happy Flower"},{"floor":29.0,"key":"Toxic Egg 2"},{"floor":29.0,"key":"TeardropLocket"},{"floor":31.0,"key":"Regal Pillow"},{"floor":31.0,"key":"War Paint"},{"floor":41.0,"key":"Art of War"},{"floor":41.0,"key":"Bottled Lightning"},{"floor":43.0,"key":"Omamori"},{"floor":44.0,"key":"Sundial"},{"floor":44.0,"key":"Oddly Smooth Stone"},{"floor":46.0,"key":"Calipers"},{"floor":46.0,"key":"Ancient Tea Set"},{"floor":48.0,"key":"Bird Faced Urn"},{"floor":48.0,"key":"MealTicket"},{"floor":54,"key":"White Beast Statue"},{"floor":54,"key":"Bronze Scales"}],"event_choices":[{"damage_healed":0.0,"max_hp_gain":0.0,"max_hp_loss":0.0,"gold_gain":175.0,"event_name":"Liars Game","player_choice":"AGREE","floor":2.0,"gold_loss":0.0,"damage_taken":0.0,"cards_obtained":["Doubt"]},{"damage_healed":0.0,"max_hp_gain":0.0,"max_hp_loss":0.0,"gold_gain":0.0,"event_name":"Shining Light","player_choice":"Entered Light","floor":10.0,"gold_loss":0.0,"damage_taken":16.0,"cards_upgraded":["Vigilance","Defend_P"]},{"damage_healed":0.0,"max_hp_gain":0.0,"max_hp_loss":0.0,"gold_gain":0.0,"event_name":"Masked Bandits","player_choice":"Fought Bandits","floor":19.0,"gold_loss":0.0,"damage_taken":0.0},{"damage_healed":0.0,"max_hp_gain":0.0,"max_hp_loss":0.0,"gold_gain":90.0,"event_name":"Knowing Skull","player_choice":"POTION GOLD ","floor":27.0,"potions_obtained":["FearPotion"],"gold_loss":0.0,"damage_taken":18.0,"cards_obtained":[]},{"damage_healed":0.0,"max_hp_gain":0.0,"max_hp_loss":0.0,"gold_gain":222.0,"event_name":"Tomb of Lord Red Mask","player_choice":"Wore Mask","floor":37.0,"gold_loss":0.0,"damage_taken":0.0}],"is_beta":false,"boss_relics":[{"not_picked":["Tiny House","Pandora\u0027s Box"],"picked":"Black Star"},{"not_picked":["Fusion Hammer","Sozu"],"picked":"Philosopher\u0027s Stone"}],"items_purged_floors":[5,11,22,38],"is_endless":false,"potions_floor_spawned":[3,4,12,19,29,30,31,36,41,44,46],"killed_by":"The Heart","ascension_level":5}}