{"host":"n2kcse4gu4kap8to","time":1607967703,"event":{"mods":["Act Like it!","Aspiration","BaseMod","Conspire","Dota2Spire","Hallownest","Minty Spire (QoL Compilation)","Pale of the Ancients","Replay The Spire","Spicy Shops","StSLib","TestMod","The Bug Knight","The Cursed","The Gatherer","[IsaacMod]ÒÔÈö¼âËþ","vexMod","¡¾ÒÅÎï¿¨ÅÆ¡¿REMEMod"],"gold_per_floor":[118,137,156,36,36,36,66,0,0,0,0,28,28,54,54,151,151,161,161,161,273,290,290,323,103,103,103,487,487,513,565,565,663,663,679,692,754,804,823,823,220,220,273,286,302,329,15,33,8,113,113,113,15,40,40,40],"floor_reached":55,"playtime":3710,"items_purged":["HollowMod:QuickDashStart","HollowMod:SoulMaster"],"score":1243,"play_id":"f70d6f24-e42f-4646-bbe0-6550c6c37aba","local_time":"20201215014143","is_ascension_mode":true,"campfire_choices":[{"data":"HollowMod:SlysStrikes","floor":6.0,"key":"SMITH"},{"data":"Apotheosis","floor":11.0,"key":"SMITH"},{"floor":13.0,"key":"RECALL"},{"floor":15.0,"key":"DIG"},{"data":"BattleHymn","floor":23.0,"key":"SMITH"},{"data":"Calculated Gamble","floor":27.0,"key":"SMITH"},{"data":"HollowMod:QuickDashStart","floor":32.0,"key":"PURGE"},{"data":"Echo Form","floor":40,"key":"SMITH"},{"data":"Flex","floor":42,"key":"SMITH"},{"data":"Adrenaline","floor":52,"key":"SMITH"}],"circlet_count":0,"master_deck":["HollowMod:PogoStrike","Apotheosis+1","HollowMod:FastStrike","HollowMod:CloakDash","HollowMod:SlysStrikes+1","HollowMod:HuntersJournal","Calculated Gamble+1","Replay:Hum","testmod-AssimilatedRune","HollowMod:PureVessel","Deep Breath","BattleHymn+1","HollowMod:DashSlash+1","Leap","Secret Weapon","Ragnarok","Flying Knee","Panacea+1","Flex+1","HollowMod:SoulVessel","Echo Form+1","Blade Dance+1","TheCursedMod:Stretching+1","Gatherer:Pollute+1","TheCursedMod:CursedBoomerang+1","Dagger Throw+1","Sucker Punch+1","Gatherer:TacticalStrike","Defy Death+1","Bludgeon","Swivel","Wallop+1","Gatherer:Frenzy+1","Conserve Battery+1","Adrenaline+1"],"relics":["HollowMod:VesselMask","REME_ComplimentaryCards","testmod-TestBox","HushsDoor","Chaos","testmod-NegativeEmotionEnhancer","aspiration:Nostalgia","TheCursedMod:BlackMagic101","testmod-SaigiyounoYou","HollowMod:PaleOreRelic","PrismaticShard","Thread and Needle","testmod-Temperance","Eternal Feather","Dota2Spire:EtherealBlade","Dota2Spire:AssaultCuirass","DeathBook","testmod-CasingShield","Dota2Spire:CrimsonGuard","aspiration:HummingbirdHeart","Lee\u0027s Waffle","testmod-ConstraintPeriapt","Ring of Searing","Ring of Hypnosis","testmod-ThousandKnives","SharpPlug","BelialBook","vexMod:FocusSash","Prayer Wheel","testmod-CrystalShield","Dota2Spire:RefresherOrb","Bottled Tornado","Dota2Spire:Mjollnir","ReplayTheSpireMod:Ninjato","Oddly Smooth Stone","Vajra","TheBattery","Dota2Spire:MantaStyle","Damocles"],"acts_visited":["Hallownest:Greenpath","Hallownest:CityofTears","Hallownest:KingdomsEdge","TheEnding"],"potions_floor_usage":[37,48,55,55,55],"damage_taken":[{"damage":1.0,"enemies":"Hallownest:monsterHuskGuard","floor":1.0,"turns":3.0},{"damage":0.0,"enemies":"Hallownest:monsterHuskWarrior","floor":2.0,"turns":1.0},{"damage":0.0,"enemies":"Hallownest:2_MossCreeps","floor":3.0,"turns":3.0},{"damage":5.0,"enemies":"Hallownest:eliteVengeflyKing","floor":7.0,"turns":4.0},{"damage":0.0,"enemies":"Hallownest:eliteCrystalGuardian","floor":12.0,"turns":3.0},{"damage":0.0,"enemies":"Hallownest:eliteMossKnight","floor":14.0,"turns":3.0},{"damage":0.0,"enemies":"Hallownest:BossHornet","floor":16.0,"turns":6.0},{"damage":1.0,"enemies":"Hallownest:Guard_and_Sentry","floor":18.0,"turns":3.0},{"damage":0.0,"enemies":"Hallownest:Flukemon_and_Top","floor":22.0,"turns":3.0},{"damage":0.0,"enemies":"Hallownest:eliteWatcherKnight","floor":24.0,"turns":8.0},{"damage":9.9999999E7,"enemies":"Hallownest:Nosk","floor":28.0,"turns":6.0},{"damage":10.0,"enemies":"Hallownest:eliteSoulWarrior","floor":30.0,"turns":3.0},{"damage":10.0,"enemies":"Hallownest:Glutton_and_Coward","floor":31.0,"turns":3.0},{"damage":3.0,"enemies":"Hallownest:BossSoulMaster","floor":33.0,"turns":4.0},{"damage":21,"enemies":"Hallownest:2_Littles","floor":35,"turns":4},{"damage":16,"enemies":"Hallownest:3_Siblings","floor":36,"turns":4},{"damage":24,"enemies":"Hallownest:2_Primals","floor":37,"turns":3},{"damage":10,"enemies":"Hiden Room Battle","floor":38,"turns":3},{"damage":10,"enemies":"Hallownest:monsterPrimalAspid","floor":39,"turns":3},{"damage":5,"enemies":"Hallownest:Xero_Hu_Marmu","floor":44,"turns":2},{"damage":10,"enemies":"Hallownest:2_Soldiers_and_1_Guardian","floor":45,"turns":3},{"damage":10,"enemies":"Hallownest:eliteHiveKnight","floor":46,"turns":3},{"damage":5,"enemies":"Hallownest:Shield_Sturdy","floor":48,"turns":2},{"damage":10,"enemies":"Hallownest:Radiance","floor":50,"turns":3},{"damage":21,"enemies":"Shield and Spear","floor":54,"turns":4},{"damage":5,"enemies":"Delirium","floor":55,"turns":2}],"seed_played":"-4193080189940991175","potions_obtained":[{"floor":2.0,"key":"Reflective Coating"},{"floor":3.0,"key":"Swift Potion"},{"floor":12.0,"key":"Energy Potion"},{"floor":16.0,"key":"Dota2Spire:HealingSalve"},{"floor":24.0,"key":"SkillPotion"},{"floor":28.0,"key":"Explosive Potion"},{"floor":28.0,"key":"LifebloodPotion"},{"floor":33.0,"key":"Explosive Potion"},{"floor":36,"key":"Energy Potion"},{"floor":39,"key":"Weak Potion"},{"floor":48,"key":"testmod-SpacePotion"},{"floor":50,"key":"EssenceOfSteel"}],"is_trial":false,"path_per_floor":["M","M","M","$","T","R","E","?","T","?","R","E","R","E","R","B",null,"M","?","?","?","M","R","E","$","T","R","E","?","E","M","R","B",null,"M","M","?","?","M","R","$","R","T","M","M","E","$","M","R","B",null,"R","$","E","B"],"character_chosen":"THE_BUGKNIGHT","items_purchased":["HollowMod:SlysStrikes","DeathBook","testmod-AssimilatedRune","HollowMod:PureVessel","Deep Breath","FairyPotion","HollowMod:SharpenedNail","BelialBook","HollowMod:SoulVessel","vexMod:FocusSash","Ancient Potion","Dota2Spire:Mjollnir","ReplayTheSpireMod:Ninjato","Oddly Smooth Stone","TheBattery","Dota2Spire:MantaStyle","ColorlessPotion"],"campfire_rested":0,"item_purchase_floors":[4,17,17,17,17,25,25,34,34,34,34,41,41,41,47,47,53],"current_hp_per_floor":[76,77,78,78,78,78,79,79,79,64,64,80,80,81,81,82,62,63,63,63,63,64,64,65,65,65,65,73,73,74,73,75,76,55,47,56,51,56,60,60,60,60,60,61,59,63,63,64,64,65,65,65,65,63,0,0],"gold":40,"neow_bonus":"NOSTALGIA","is_daily":false,"chose_seed":false,"campfire_upgraded":7,"win_rate":0.0,"timestamp":1607967703,"path_taken":["M","?","?","?","?","R","E","?","T","?","R","E","R","E","R","BOSS","M","?","?","?","M","R","E","?","T","R","E","?","E","M","R","BOSS","M","?","?","?","M","R","$","R","T","M","M","E","$","M","R","BOSS","R","$","E","BOSS"],"items_purchased_type":["Card","Relic","Card","Card","Card","Potion","Card","Relic","Card","Relic","Potion","Relic","Relic","Relic","Relic","Relic","Potion"],"build_version":"2020-12-13","purchased_purges":2,"victory":false,"max_hp_per_floor":[76,77,78,78,78,78,79,79,79,79,79,80,80,81,81,82,62,63,63,63,63,64,64,65,65,65,65,73,73,74,75,75,76,55,56,57,58,59,60,60,60,60,60,61,62,63,63,64,64,65,65,65,65,66,66,66],"card_choices":[{"not_picked":[],"picked":"SuicideKing","floor":0.0},{"not_picked":["HollowMod:ShadowDash","HollowMod:CornifersMapStart"],"picked":"HollowMod:FastStrike","floor":1.0},{"not_picked":["HollowMod:WraithStrike","HollowMod:SiblingsSouls"],"picked":"HollowMod:QuirrelsAssistance","floor":2.0},{"not_picked":["HollowMod:SoulStrike","HollowMod:HeavyBlow"],"picked":"HollowMod:CloakDash","floor":3.0},{"not_picked":["HollowMod:DashSlash","HollowMod:DoubleDash"],"picked":"HollowMod:HuntersJournal","floor":7.0},{"not_picked":["Fiend Fire","Consecrate"],"picked":"Calculated Gamble","floor":12.0},{"not_picked":["WheelKick","Barrage"],"picked":"Replay:Hum","floor":14.0},{"not_picked":["Gatherer:Examine","Die Die Die"],"picked":"HollowMod:SoulMaster","floor":16.0},{"not_picked":["Anger","Dodge and Roll"],"picked":"BattleHymn","floor":18.0},{"not_picked":["Gatherer:UpgradeBag","Scrape"],"picked":"HollowMod:DashSlash+1","floor":22.0},{"not_picked":["Gatherer:ScrollOfPurity","testmod-DeathImprint"],"picked":"Leap","floor":24.0},{"not_picked":["FlurryOfBlows","Hello World"],"picked":"Secret Weapon","floor":28.0},{"not_picked":["TheCursedMod:CursedShiv","Leap"],"picked":"Ragnarok","floor":28.0},{"not_picked":["HollowMod:CycloneSlash","Backflip"],"picked":"Flying Knee","floor":28.0},{"not_picked":["ReplayTheSpireMod:Repulse","Loop"],"picked":"HollowMod:SoulStrike","floor":28.0},{"not_picked":["Fasting2","Swift Strike+1"],"picked":"Panacea+1","floor":30.0},{"not_picked":["Sucker Punch","TheCursedMod:RapidMovement"],"picked":"Flex","floor":31.0},{"not_picked":["testmod-PulseDistributor","Violence"],"picked":"ReplayTheSpireMod:Fabricate Wheel","floor":33.0},{"not_picked":["Panacea","Cloak And Dagger"],"picked":"Blade Dance+1","floor":35},{"not_picked":["HollowMod:Grubsong","Gatherer:RecoveryHerb"],"picked":"TheCursedMod:Stretching+1","floor":35},{"not_picked":["Outmaneuver","ThirdEye+1"],"picked":"Gatherer:Pollute+1","floor":36},{"not_picked":["JustLucky","Finisher+1"],"picked":"TheCursedMod:CursedBoomerang+1","floor":36},{"not_picked":["Perfected Strike","BasicCrystalCard"],"picked":"Dagger Throw+1","floor":37},{"not_picked":["Clothesline","Warcry"],"picked":"Sucker Punch+1","floor":38},{"not_picked":["REME_SingleHolding","Dodge and Roll+1"],"picked":"Gatherer:TacticalStrike","floor":39},{"not_picked":["REME_SelfUpgrade+1","Gatherer:Enchant"],"picked":"Defy Death+1","floor":39},{"not_picked":["Cleave","Perfected Strike+1"],"picked":"Bludgeon","floor":44},{"not_picked":["HollowMod:HeavyBlow+1","Run Through"],"picked":"Swivel","floor":44},{"not_picked":["ReplayTheSpireMod:Strike From Hell","Gatherer:Snatch"],"picked":"Wallop+1","floor":45},{"not_picked":["EmptyMind+1","Flying Knee","testmod-Wormhole"],"picked":"SKIP","floor":45},{"not_picked":["Hologram","Gatherer:SealedBomb+1","HollowMod:CoiledNail"],"picked":"SKIP","floor":46},{"not_picked":["testmod-ConditionedReflex","HollowMod:SoulEater"],"picked":"Gatherer:Frenzy+1","floor":48},{"not_picked":["Purity+1","Iron Wave+1"],"picked":"Conserve Battery+1","floor":48},{"not_picked":["TheCursedMod:ShockAndAwe","Night Terror"],"picked":"Adrenaline","floor":50},{"not_picked":["Perfected Strike","HollowMod:ShadowDash","BowlingBash"],"picked":"SKIP","floor":54}],"player_experience":988138,"relics_obtained":[{"floor":5.0,"key":"testmod-SaigiyounoYou"},{"floor":7.0,"key":"HollowMod:PaleOreRelic"},{"floor":9.0,"key":"Thread and Needle"},{"floor":12.0,"key":"testmod-Temperance"},{"floor":14.0,"key":"Eternal Feather"},{"floor":15.0,"key":"Dota2Spire:EtherealBlade"},{"floor":24.0,"key":"testmod-CasingShield"},{"floor":26.0,"key":"Dota2Spire:CrimsonGuard"},{"floor":28.0,"key":"aspiration:HummingbirdHeart"},{"floor":28.0,"key":"Lee\u0027s Waffle"},{"floor":28.0,"key":"testmod-ConstraintPeriapt"},{"floor":29.0,"key":"Ring of Searing"},{"floor":29.0,"key":"Ring of Hypnosis"},{"floor":30.0,"key":"testmod-ThousandKnives"},{"floor":37,"key":"testmod-CrystalShield"},{"floor":38,"key":"Dota2Spire:RefresherOrb"},{"floor":38,"key":"Bottled Tornado"},{"floor":46,"key":"Vajra"},{"floor":54,"key":"Damocles"}],"event_choices":[{"damage_healed":0,"gold_gain":0,"player_choice":"Fight","damage_taken":0,"max_hp_gain":0,"max_hp_loss":0,"event_name":"HidenRoomEvent","floor":38,"gold_loss":0}],"is_beta":false,"boss_relics":[{"not_picked":["aspiration:FrozenJewel","Torii"],"picked":"Dota2Spire:AssaultCuirass"},{"not_picked":[]},{"not_picked":["aspiration:RitualDagger","Painkiller Herb"],"picked":"SharpPlug"},{"not_picked":[]}],"items_purged_floors":[25,41],"is_endless":false,"potions_floor_spawned":[2,3,12,16,24,30,31,33,36,39,46,48,50],"killed_by":"Delirium","ascension_level":1}}