{"host":"ryuep8ewa00k39z9","time":1607961124,"event":{"mods":["AchievementEnabler","BaseMod","Best Route Mod","Colored Map","Colored Powertips","Displayed Cursed Tome","Highlight Path","Minty Spire (QoL Compilation)","Quick Restart","SuperFastMode"],"gold_per_floor":[109,20,37,56,331,331,346,380,433,449,468,468,468,397,397,397,397],"floor_reached":16,"playtime":405,"items_purged":[],"score":184,"play_id":"847df256-b055-4a2d-96f3-b8a91d3996e1","local_time":"20201214095204","is_ascension_mode":true,"campfire_choices":[{"data":"Double Tap","floor":6.0,"key":"SMITH"},{"floor":12.0,"key":"REST"},{"floor":15.0,"key":"REST"}],"circlet_count":0,"master_deck":["AscendersBane","Strike_R","Strike_R","Strike_R","Strike_R","Strike_R","Defend_R","Defend_R","Defend_R","Defend_R","Bash","Sword Boomerang","Double Tap+1","Twin Strike","Regret","Heavy Blade","Heavy Blade","Whirlwind","Shockwave"],"relics":["Runic Cube","Bottled Flame","Centennial Puzzle"],"acts_visited":["Exordium"],"potions_floor_usage":[],"damage_taken":[{"damage":7.0,"enemies":"2 Louse","floor":1.0,"turns":3.0},{"damage":0.0,"enemies":"Cultist","floor":3.0,"turns":2.0},{"damage":11.0,"enemies":"Small Slimes","floor":4.0,"turns":4.0},{"damage":11.0,"enemies":"Looter","floor":7.0,"turns":2.0},{"damage":22.0,"enemies":"3 Sentries","floor":8.0,"turns":4.0},{"damage":16.0,"enemies":"2 Fungi Beasts","floor":10.0,"turns":3.0},{"damage":0.0,"enemies":"3 Louse","floor":11.0,"turns":2.0},{"damage":34,"enemies":"The Guardian","floor":16,"turns":6}],"seed_played":"1942938284806549657","potions_obtained":[{"floor":1.0,"key":"SteroidPotion"},{"floor":7.0,"key":"LiquidMemories"},{"floor":8.0,"key":"Energy Potion"},{"floor":10.0,"key":"ColorlessPotion"}],"is_trial":false,"path_per_floor":["M","$","M","M","?","R","M","E","T","M","M","R","?","?","R","B"],"character_chosen":"IRONCLAD","items_purchased":["Double Tap"],"campfire_rested":2,"item_purchase_floors":[2],"current_hp_per_floor":[61,61,61,50,50,50,39,17,17,1,1,23,23,23,45,11,11],"gold":397,"neow_bonus":"BOSS_RELIC","is_daily":false,"chose_seed":false,"campfire_upgraded":1,"win_rate":0.0,"timestamp":1607961124,"path_taken":["M","$","M","M","?","R","M","E","T","M","?","R","?","?","R","BOSS"],"items_purchased_type":["Card"],"build_version":"2020-12-13","purchased_purges":0,"victory":false,"max_hp_per_floor":[75,75,75,75,75,75,75,75,75,75,75,75,75,75,75,75,75],"card_choices":[{"not_picked":["Entrench","Headbutt"],"picked":"Sword Boomerang","floor":1.0},{"not_picked":["Armaments","Shrug It Off","Iron Wave"],"picked":"SKIP","floor":3.0},{"not_picked":["Intimidate","Second Wind"],"picked":"Twin Strike","floor":4.0},{"not_picked":["Cleave","Battle Trance"],"picked":"Heavy Blade","floor":7.0},{"not_picked":["Shrug It Off","Intimidate"],"picked":"Heavy Blade","floor":8.0},{"not_picked":["Iron Wave","Sword Boomerang"],"picked":"Whirlwind","floor":10.0},{"not_picked":["Seeing Red","Twin Strike"],"picked":"Shockwave","floor":11.0}],"player_experience":3141632,"relics_obtained":[{"floor":8.0,"key":"Bottled Flame"},{"floor":9.0,"key":"Centennial Puzzle"}],"event_choices":[{"damage_healed":0.0,"max_hp_gain":0.0,"max_hp_loss":0.0,"gold_gain":275.0,"event_name":"Golden Shrine","player_choice":"Desecrate","floor":5.0,"gold_loss":0.0,"damage_taken":0.0,"cards_obtained":["Regret"]},{"damage_healed":0.0,"max_hp_gain":0.0,"max_hp_loss":0.0,"gold_gain":0.0,"event_name":"Scrap Ooze","player_choice":"Fled","floor":13.0,"gold_loss":0.0,"damage_taken":0.0},{"damage_healed":0.0,"max_hp_gain":0.0,"max_hp_loss":0.0,"gold_gain":0.0,"event_name":"World of Goop","player_choice":"Left Gold","floor":14.0,"gold_loss":71.0,"damage_taken":0.0}],"is_beta":false,"boss_relics":[],"items_purged_floors":[],"is_endless":false,"potions_floor_spawned":[1,7,8,10],"killed_by":"The Guardian","ascension_level":16}}