{"host":"b6iqmq74l2bwzb3l","time":1607943385,"event":{"mods":["BaseMod","Colored Map","Colored Powertips","Googly Eyes","MarisaÅiñ∂âJÅ@ñÇóùçπÅj","Minty Spire (QoL Compilation)","StSLib","The Cursed"],"gold_per_floor":[114,129,54,54,67,67,242,242,267,222,236,207,207,207,207,310,310,328,228,243,342,342,342,355,374,400,400,400],"floor_reached":27,"playtime":774,"items_purged":["Strike_G","Strike_G"],"score":203,"play_id":"17a89abe-f021-426b-baf7-f976d82b42e2","local_time":"20201214195625","is_ascension_mode":false,"campfire_choices":[{"data":"Neutralize","floor":6,"key":"SMITH"},{"data":"Defend_G","floor":8,"key":"SMITH"},{"data":"A Thousand Cuts","floor":15,"key":"SMITH"},{"data":"Defend_G","floor":23,"key":"SMITH"}],"circlet_count":0,"master_deck":["Strike_G","Strike_G","Defend_G+1","Defend_G+1","Defend_G+1","Defend_G+1","Defend_G+1","Survivor+1","Neutralize+1","A Thousand Cuts+1","Accuracy+1"],"relics":["Ring of the Snake","War Paint","Centennial Puzzle","Strawberry"],"acts_visited":["Exordium","TheCity"],"potions_floor_usage":[16,16,20,25,27],"damage_taken":[{"damage":2,"enemies":"Jaw Worm","floor":1,"turns":7},{"damage":2,"enemies":"Small Slimes","floor":2,"turns":4},{"damage":0,"enemies":"2 Louse","floor":5,"turns":3},{"damage":0,"enemies":"Looter","floor":10,"turns":5},{"damage":11,"enemies":"3 Louse","floor":11,"turns":8},{"damage":9,"enemies":"Exordium Thugs","floor":12,"turns":5},{"damage":5,"enemies":"Hexaghost","floor":16,"turns":13},{"damage":21,"enemies":"3 Byrds","floor":18,"turns":6},{"damage":15,"enemies":"Chosen","floor":20,"turns":9},{"damage":12,"enemies":"Snake Plant","floor":24,"turns":9},{"damage":19,"enemies":"Sentry and Sphere","floor":25,"turns":16},{"damage":26,"enemies":"Slavers","floor":27,"turns":5}],"seed_played":"6414167744968255879","potions_obtained":[{"floor":1,"key":"EssenceOfSteel"},{"floor":11,"key":"Swift Potion"},{"floor":12,"key":"SkillPotion"},{"floor":16,"key":"Regen Potion"},{"floor":20,"key":"GamblersBrew"}],"is_trial":false,"path_per_floor":["M","M","$","?","M","R","?","R","T","M","M","M","?","?","R","B",null,"M","$","M","?","?","R","M","M","T","E"],"character_chosen":"THE_SILENT","items_purchased":[],"campfire_rested":0,"item_purchase_floors":[],"current_hp_per_floor":[68,66,66,52,52,52,52,52,52,52,41,32,32,25,25,20,70,49,49,34,34,34,34,22,18,25,0,0],"gold":400,"neow_bonus":"REMOVE_CARD","is_daily":false,"chose_seed":false,"campfire_upgraded":4,"win_rate":0.0,"timestamp":1607943385,"path_taken":["M","M","$","?","M","R","?","R","T","M","M","?","?","?","R","BOSS","M","$","M","?","?","R","M","M","T","E"],"items_purchased_type":[],"build_version":"2020-12-13","purchased_purges":2,"victory":false,"max_hp_per_floor":[70,70,70,70,70,70,70,70,70,70,70,70,70,70,70,70,70,70,70,70,70,70,70,70,70,77,77,77],"card_choices":[{"not_picked":["Leg Sweep","Prepared","Sucker Punch"],"picked":"SKIP","floor":1},{"not_picked":["Quick Slash","Prepared","Leg Sweep"],"picked":"SKIP","floor":2},{"not_picked":["Backstab","Acrobatics","Distraction"],"picked":"SKIP","floor":5},{"not_picked":["Flying Knee","Sucker Punch","Slice"],"picked":"SKIP","floor":10},{"not_picked":["Outmaneuver","PiercingWail"],"picked":"A Thousand Cuts","floor":11},{"not_picked":["Footwork","Blade Dance"],"picked":"Accuracy","floor":12},{"not_picked":["Deadly Poison+1","Reflex","Catalyst"],"picked":"SKIP","floor":18},{"not_picked":["Footwork","Prepared+1","Deadly Poison+1"],"picked":"SKIP","floor":20},{"not_picked":["Sucker Punch","Skewer+1","Deflect"],"picked":"SKIP","floor":24},{"not_picked":["Dodge and Roll+1","Acrobatics","Outmaneuver"],"picked":"SKIP","floor":25}],"player_experience":297418,"relics_obtained":[{"floor":9,"key":"War Paint"},{"floor":26,"key":"Strawberry"}],"event_choices":[{"damage_healed":0,"gold_gain":0,"player_choice":"Entered Light","damage_taken":14,"max_hp_gain":0,"max_hp_loss":0,"event_name":"Shining Light","floor":4,"gold_loss":0,"cards_upgraded":["Survivor","Defend_G"]},{"damage_healed":0,"gold_gain":175,"player_choice":"AGREE","damage_taken":0,"max_hp_gain":0,"max_hp_loss":0,"event_name":"Liars Game","floor":7,"gold_loss":0,"cards_obtained":["Doubt"]},{"damage_healed":0,"gold_gain":0,"player_choice":"Searched \u00272\u0027 times","damage_taken":0,"relics_obtained":["Centennial Puzzle"],"max_hp_gain":0,"max_hp_loss":0,"event_name":"Dead Adventurer","floor":13,"gold_loss":0},{"cards_removed":["Doubt"],"damage_healed":0,"gold_gain":0,"player_choice":"Card Removal","damage_taken":7,"max_hp_gain":0,"max_hp_loss":0,"event_name":"Golden Wing","floor":14,"gold_loss":0},{"damage_healed":0,"gold_gain":99,"player_choice":"Stole From Cult","damage_taken":0,"max_hp_gain":0,"max_hp_loss":0,"event_name":"Nest","floor":21,"gold_loss":0},{"damage_healed":0,"gold_gain":0,"player_choice":"Upgraded","damage_taken":0,"max_hp_gain":0,"max_hp_loss":0,"event_name":"Upgrade Shrine","floor":22,"gold_loss":0,"cards_upgraded":["Accuracy"]}],"is_beta":false,"boss_relics":[{"not_picked":["Fusion Hammer","Snecko Eye","Velvet Choker"]}],"items_purged_floors":[3,19],"is_endless":false,"potions_floor_spawned":[1,11,12,16,20],"killed_by":"Slavers","ascension_level":0}}