{"host":"ds3v42j7tpaaz1mg","time":1607971128,"event":{"mods":["AchievementEnabler","Aspiration","BaseMod","Bestiary","Better Altar","Better Note","Better Sensory Stone","BetterRewards","Block Reminder","Colored Powertips","Conspire","Downfall","Energized Spire","Halation","Hermit","Highlight Path","Hubris","Infinite Spire","Jorbs\u0027s Wanderer Trilogy","Minty Spire (QoL Compilation)","Relic Stats","Replay The Spire","StSLib","The Elementalist","The Servant 0.9.4","vexMod"],"gold_per_floor":[113,113,64,76,7,35,65,16,39,39,50,50,50,67,67,168,168,168,178,35,55,5,39,57,57,57],"floor_reached":25,"playtime":600,"items_purged":[],"score":344,"play_id":"1381634d-7647-4a34-be94-e45df3396ea9","local_time":"20201214133848","is_ascension_mode":true,"campfire_choices":[{"data":"Defragment","floor":10.0,"key":"SMITH"},{"data":"Defragment","floor":12.0,"key":"SMITH"},{"data":"Loop","floor":15.0,"key":"SMITH"}],"circlet_count":0,"master_deck":["Strike_B","Strike_B","Strike_B","Defend_B","Defend_B","Defend_B","Defend_B","Zap","Dualcast","Conserve Battery","Turbo","Cold Snap","Self Repair","Defragment+1","Loop+1","Defragment+1","FIFO Queue","Loop+1","Electrodynamics","Coolheaded"],"relics":["Cracked Core","NeowsBlessing","infinitespire:PuzzleCube","Ancient Tea Set","halation:AfternoonTea","Fusion Hammer","halation:LettersToHer","hubris:BallOfYels"],"acts_visited":["Exordium","TheCity"],"potions_floor_usage":[],"damage_taken":[{"damage":0.0,"enemies":"2 Louse","floor":1.0,"turns":1.0},{"damage":0.0,"enemies":"Small Slimes","floor":4.0,"turns":1.0},{"damage":0.0,"enemies":"Gremlin Nob","floor":6.0,"turns":1.0},{"damage":0.0,"enemies":"Jaw Worm","floor":11.0,"turns":3.0},{"damage":0.0,"enemies":"Exordium Thugs","floor":14.0,"turns":4.0},{"damage":29.0,"enemies":"Hexaghost","floor":16.0,"turns":8.0},{"damage":0.0,"enemies":"3 Byrds","floor":18.0,"turns":1.0},{"damage":6.0,"enemies":"conspire:FuzzyDice","floor":19.0,"turns":3.0},{"damage":26.0,"enemies":"Cultist and Chosen","floor":21.0,"turns":7.0},{"damage":8.0,"enemies":"Replay:Snechameleon","floor":23.0,"turns":4.0},{"damage":6.0,"enemies":"conspire:HollyBat","floor":24.0,"turns":6.0},{"damage":55,"enemies":"Gremlin Leader","floor":25,"turns":2}],"seed_played":"1528561589399235766","potions_obtained":[{"floor":1.0,"key":"SmokeBomb"},{"floor":4.0,"key":"EssenceOfSteel"},{"floor":14.0,"key":"Milkshake"},{"floor":19.0,"key":"EssenceOfSteel"},{"floor":23.0,"key":"Dexterity Potion"}],"is_trial":false,"path_per_floor":["M","?","$","M","$","E","?","$","T","R","M","R","?","M","R","B",null,"M","M","$","M","$","E","M","E"],"character_chosen":"DEFECT","items_purchased":["Turbo","Self Repair","Loop+1","halation:LettersToHer","SkillPotion"],"campfire_rested":0,"item_purchase_floors":[3,5,8,20,22],"current_hp_per_floor":[68,68,68,68,68,68,68,68,68,68,68,68,68,75,75,53,70,70,71,71,52,52,51,52,0,0],"gold":57,"neow_bonus":"THREE_ENEMY_KILL","is_daily":false,"chose_seed":false,"campfire_upgraded":3,"win_rate":0.0,"timestamp":1607971128,"path_taken":["M","?","$","M","$","E","?","?","T","R","M","R","?","?","R","BOSS","M","M","$","M","$","E","M","E"],"items_purchased_type":["Card","Card","Card","Relic","Potion"],"build_version":"2020-12-13","purchased_purges":0,"victory":false,"max_hp_per_floor":[75,75,75,75,75,75,75,75,75,75,75,75,75,75,75,75,75,75,75,75,75,75,75,75,75,75],"relic_stats":{"counters":[12,39],"obtain_stats":[{"hubris:BallOfYels":23,"NeowsBlessing":0,"Fusion Hammer":17,"halation:AfternoonTea":9,"Cracked Core":0,"Ancient Tea Set":7,"halation:LettersToHer":20,"infinitespire:PuzzleCube":6},{"hubris:BallOfYels":10,"NeowsBlessing":0,"Fusion Hammer":6,"halation:AfternoonTea":3,"Cracked Core":0,"Ancient Tea Set":3,"halation:LettersToHer":8,"infinitespire:PuzzleCube":3},{"hubris:BallOfYels":31,"NeowsBlessing":0,"Fusion Hammer":17,"halation:AfternoonTea":3,"Cracked Core":0,"Ancient Tea Set":3,"halation:LettersToHer":21,"infinitespire:PuzzleCube":3}]},"card_choices":[{"not_picked":["Steam Power","Go for the Eyes"],"picked":"Conserve Battery","floor":1.0},{"not_picked":["Steam","Recycle"],"picked":"Cold Snap","floor":4.0},{"not_picked":["Barrage","Panic Button"],"picked":"Defragment","floor":6.0},{"not_picked":["Beam Cell","Meteor Strike"],"picked":"Defragment","floor":11.0},{"not_picked":["hubris:Ukulele","Turbo"],"picked":"Loop","floor":14.0},{"not_picked":["Multi-Cast","Seek"],"picked":"Electrodynamics","floor":16.0},{"not_picked":["Fusion","Doom and Gloom"],"picked":"Coolheaded","floor":19.0},{"not_picked":["Static Discharge","Leap","ReplayTheSpireMod:Dual Polarity+1"],"picked":"SKIP","floor":21.0},{"not_picked":["Steam","Self Repair","hubris:PowerSurge"],"picked":"SKIP","floor":23.0},{"not_picked":["Rebound+1","Gash","Scrape"],"picked":"SKIP","floor":24.0}],"player_experience":546380,"relics_obtained":[{"floor":6.0,"key":"infinitespire:PuzzleCube"},{"floor":9.0,"key":"halation:AfternoonTea"},{"floor":23.0,"key":"hubris:BallOfYels"}],"event_choices":[{"damage_healed":0.0,"max_hp_gain":0.0,"max_hp_loss":0.0,"gold_gain":0.0,"event_name":"conspire:Investor","player_choice":"Leave","floor":2.0,"gold_loss":0.0,"damage_taken":0.0},{"damage_healed":0.0,"max_hp_gain":0.0,"max_hp_loss":0.0,"gold_gain":30.0,"event_name":"Dead Adventurer","player_choice":"Searched \u00272\u0027 times","floor":7.0,"gold_loss":0.0,"damage_taken":0.0,"relics_obtained":["Ancient Tea Set"]},{"damage_healed":0.0,"max_hp_gain":0.0,"max_hp_loss":0.0,"gold_gain":0.0,"cards_transformed":["Strike_B"],"event_name":"Transmorgrifier","player_choice":"Transformed","floor":13.0,"gold_loss":0.0,"damage_taken":0.0,"cards_obtained":["FIFO Queue"]}],"is_beta":false,"boss_relics":[{"not_picked":["halation:ForbiddenBikini","infinitespire:Cupcake"],"picked":"Fusion Hammer"}],"items_purged_floors":[],"is_endless":false,"potions_floor_spawned":[1,4,14,19,23],"killed_by":"Gremlin Leader","ascension_level":8}}