{"host":"3rixevx6n8b56xaj","time":1607921184,"event":{"mods":["2.2 Compatiblity","AchievementEnabler","BaseMod","Better Third Choice","Colored Map","DeckTracker","Friendly Minions","Minty Spire (QoL Compilation)","StSLib","SuperFastMode"],"gold_per_floor":[114,64,76,76,91,91,115,140,140,159,176,176,209,220,220,319,319,336,3,20,119,135,151,181,181,256,298,350,350,350,393,393,492,492,532,532,99,111,191,248,292,341,341,341,389,445,463,503,503,503,503,503,24,50,50],"floor_reached":56,"playtime":2548,"items_purged":["Defend_P","Strike_P","LessonLearned+1"],"score":1338,"play_id":"079db8e9-a1ec-4c9f-82a5-a9b8a90e1f29","local_time":"20201214134624","is_ascension_mode":false,"campfire_choices":[{"data":"Vigilance","floor":6.0,"key":"SMITH"},{"data":"WheelKick","floor":12.0,"key":"SMITH"},{"data":"Meditate","floor":15.0,"key":"SMITH"},{"data":"Vault","floor":25,"key":"SMITH"},{"data":"EmptyBody","floor":29,"key":"SMITH"},{"floor":32,"key":"RECALL"},{"data":"Madness","floor":44,"key":"SMITH"},{"floor":49,"key":"REST"},{"floor":52,"key":"REST"}],"circlet_count":0,"master_deck":["Strike_P+1","Strike_P+1","Defend_P+1","Defend_P+1","Defend_P+1","Eruption+1","Vigilance+1","SashWhip+1","Indignation+1","WheelKick+1","Meditate+1","Consecrate+1","EmptyBody+1","TalkToTheHand+1","Vault+1","FollowUp+1","Wish+1","EmptyFist+1","Madness+1","Madness+1","FearNoEvil+1","Perseverance+1","SpiritShield+1","InnerPeace+1","Tantrum+1","Adaptation","EmptyMind"],"relics":["PureWater","Odd Mushroom","Molten Egg 2","Bronze Scales","Toy Ornithopter","Runic Pyramid","Question Card","Blue Candle","InkBottle","Gremlin Horn","VioletLotus","FossilizedHelix","Calipers","PreservedInsect","Orichalcum","Pantograph","Eternal Feather"],"acts_visited":["Exordium","TheCity","TheBeyond","TheEnding"],"potions_floor_usage":[27,28,42,46,50,55,55],"damage_taken":[{"damage":0.0,"enemies":"Jaw Worm","floor":1.0,"turns":1.0},{"damage":0.0,"enemies":"Small Slimes","floor":3.0,"turns":2.0},{"damage":0.0,"enemies":"2 Louse","floor":5.0,"turns":2.0},{"damage":0.0,"enemies":"The Mushroom Lair","floor":7.0,"turns":3.0},{"damage":13.0,"enemies":"3 Sentries","floor":8.0,"turns":4.0},{"damage":0.0,"enemies":"Blue Slaver","floor":10.0,"turns":4.0},{"damage":0.0,"enemies":"Large Slime","floor":11.0,"turns":3.0},{"damage":0.0,"enemies":"Gremlin Nob","floor":13.0,"turns":2.0},{"damage":12.0,"enemies":"3 Louse","floor":14.0,"turns":2.0},{"damage":18.0,"enemies":"Hexaghost","floor":16.0,"turns":8.0},{"damage":0.0,"enemies":"Chosen","floor":18.0,"turns":3.0},{"damage":0.0,"enemies":"Spheric Guardian","floor":20.0,"turns":2.0},{"damage":0,"enemies":"Snake Plant","floor":22,"turns":3},{"damage":0,"enemies":"Snecko","floor":23,"turns":4},{"damage":5,"enemies":"Gremlin Leader","floor":24,"turns":4},{"damage":6,"enemies":"Shelled Parasite and Fungi","floor":27,"turns":4},{"damage":24,"enemies":"Slavers","floor":28,"turns":4},{"damage":0,"enemies":"Chosen and Byrds","floor":31,"turns":5},{"damage":29,"enemies":"Automaton","floor":33,"turns":9},{"damage":6,"enemies":"3 Darklings","floor":35,"turns":4},{"damage":0,"enemies":"Orb Walker","floor":38,"turns":3},{"damage":8,"enemies":"Mind Bloom Boss Battle","floor":39,"turns":6},{"damage":0,"enemies":"Nemesis","floor":40,"turns":6},{"damage":0,"enemies":"3 Darklings","floor":41,"turns":4},{"damage":8,"enemies":"Writhing Mass","floor":42,"turns":4},{"damage":0,"enemies":"Maw","floor":45,"turns":7},{"damage":0,"enemies":"Reptomancer","floor":46,"turns":4},{"damage":0,"enemies":"Spire Growth","floor":47,"turns":5},{"damage":0,"enemies":"4 Shapes","floor":48,"turns":4},{"damage":32,"enemies":"Donu and Deca","floor":50,"turns":7},{"damage":5,"enemies":"Shield and Spear","floor":54,"turns":5},{"damage":72,"enemies":"The Heart","floor":55,"turns":10}],"seed_played":"5811602813190124702","potions_obtained":[{"floor":3.0,"key":"BottledMiracle"},{"floor":5.0,"key":"Swift Potion"},{"floor":10.0,"key":"Explosive Potion"},{"floor":16.0,"key":"SkillPotion"},{"floor":20,"key":"Energy Potion"},{"floor":24,"key":"StancePotion"},{"floor":28,"key":"Ancient Potion"},{"floor":31,"key":"FairyPotion"},{"floor":35,"key":"BottledMiracle"},{"floor":39,"key":"PowerPotion"},{"floor":45,"key":"Explosive Potion"},{"floor":46,"key":"BottledMiracle"},{"floor":54,"key":"AttackPotion"}],"is_trial":false,"path_per_floor":["M","?","M","?","M","R","?","E","T","M","M","R","E","M","R","B",null,"M","$","M","?","M","M","E","R","T","M","E","R","?","M","R","B",null,"M","?","$","M","?","E","M","M","T","R","M","E","M","M","R","B",null,"R","$","E","B",null],"character_chosen":"WATCHER","items_purchased":["Question Card","FossilizedHelix","FearNoEvil+1","Adaptation","Pantograph","EmptyMind"],"campfire_rested":2,"item_purchase_floors":[19,37,37,53,53,53],"current_hp_per_floor":[72,72,72,58,58,58,58,45,45,45,45,45,45,33,33,15,72,72,72,72,72,72,72,67,67,67,66,47,47,47,47,47,18,72,66,57,57,57,49,49,49,46,46,46,46,51,51,51,72,45,72,72,72,67,5],"gold":50,"neow_bonus":"UPGRADE_CARD","is_daily":false,"chose_seed":false,"campfire_upgraded":6,"win_rate":0.0,"timestamp":1607921184,"path_taken":["M","?","M","?","M","R","?","E","T","M","M","R","E","M","R","BOSS","M","$","M","?","M","M","E","R","T","M","E","R","?","M","R","BOSS","M","?","$","M","?","E","M","M","T","R","M","E","M","M","R","BOSS","R","$","E","BOSS"],"items_purchased_type":["Relic","Relic","Card","Card","Relic","Card"],"build_version":"2020-12-13","purchased_purges":3,"victory":true,"max_hp_per_floor":[72,72,72,72,72,72,72,72,72,72,72,72,72,72,72,72,72,72,72,72,72,72,72,72,72,72,72,72,72,72,72,72,72,72,72,72,72,72,72,72,72,72,72,72,72,72,72,72,72,72,72,72,72,72,72],"card_choices":[{"not_picked":["Sanctity","WaveOfTheHand"],"picked":"SashWhip","floor":1.0},{"not_picked":["BowlingBash","Crescendo","Halt"],"picked":"SKIP","floor":3.0},{"not_picked":["BowlingBash","CarveReality"],"picked":"Indignation","floor":5.0},{"not_picked":["FollowUp","WreathOfFlame"],"picked":"WheelKick","floor":7.0},{"not_picked":["JustLucky+1","PathToVictory"],"picked":"Meditate","floor":8.0},{"not_picked":["PathToVictory","CutThroughFate+1"],"picked":"Consecrate+1","floor":10.0},{"not_picked":["Evaluate","Nirvana"],"picked":"EmptyBody","floor":11.0},{"not_picked":["Wallop+1","SashWhip+1"],"picked":"TalkToTheHand+1","floor":13.0},{"not_picked":["Prostrate","Wireheading","ThirdEye"],"picked":"SKIP","floor":14.0},{"not_picked":["SpiritShield","Scrawl"],"picked":"Vault","floor":16.0},{"not_picked":["SandsOfTime+1","Crescendo+1","EmptyBody"],"picked":"SKIP","floor":18.0},{"not_picked":["PathToVictory+1","Protect","CrushJoints+1"],"picked":"FollowUp+1","floor":20},{"not_picked":["WindmillStrike+1","BowlingBash+1","SashWhip+1","Swivel"],"picked":"SKIP","floor":22},{"not_picked":["EmptyBody","ReachHeaven+1","SashWhip+1","CarveReality+1"],"picked":"SKIP","floor":23},{"not_picked":["Nirvana","FlyingSleeves+1","Prostrate"],"picked":"Wish","floor":24},{"not_picked":["Prostrate","WheelKick+1","EmptyBody","ThirdEye+1"],"picked":"SKIP","floor":27},{"not_picked":["FlurryOfBlows+1","JustLucky+1","LikeWater","Worship"],"picked":"SKIP","floor":28},{"not_picked":["CutThroughFate+1","SignatureMove+1","Fasting2","Evaluate+1"],"picked":"SKIP","floor":31},{"not_picked":["Ragnarok+1","Wish","Brilliance+1"],"picked":"LessonLearned+1","floor":33},{"not_picked":["Conclude+1","PathToVictory+1","CrushJoints+1","Worship+1"],"picked":"SKIP","floor":35},{"not_picked":["TalkToTheHand+1","CrushJoints+1","Protect"],"picked":"Perseverance+1","floor":38},{"not_picked":["EmptyBody","CrushJoints+1","Evaluate","ClearTheMind"],"picked":"SKIP","floor":40},{"not_picked":["LikeWater+1","Blasphemy","Protect+1","FollowUp+1"],"picked":"SKIP","floor":41},{"not_picked":["SashWhip+1","FollowUp+1","CrushJoints+1","EmptyFist+1"],"picked":"SKIP","floor":42},{"not_picked":["Fasting2","EmptyBody+1","FlyingSleeves+1","ThirdEye"],"picked":"SKIP","floor":45},{"not_picked":["FollowUp+1","SignatureMove+1","BowlingBash+1"],"picked":"SpiritShield","floor":46},{"not_picked":["EmptyBody+1","ThirdEye+1","FearNoEvil+1"],"picked":"InnerPeace","floor":47},{"not_picked":["EmptyBody","PathToVictory","BowlingBash+1"],"picked":"Tantrum+1","floor":48},{"not_picked":["Evaluate","JustLucky+1","EmptyBody","FlurryOfBlows+1"],"picked":"SKIP","floor":54}],"player_experience":520556,"relics_obtained":[{"floor":7.0,"key":"Odd Mushroom"},{"floor":8.0,"key":"Molten Egg 2"},{"floor":9.0,"key":"Bronze Scales"},{"floor":13.0,"key":"Toy Ornithopter"},{"floor":24,"key":"Blue Candle"},{"floor":26,"key":"InkBottle"},{"floor":28,"key":"Gremlin Horn"},{"floor":39,"key":"Calipers"},{"floor":40,"key":"PreservedInsect"},{"floor":46,"key":"Orichalcum"},{"floor":54,"key":"Eternal Feather"}],"event_choices":[{"cards_removed":["Strike_P"],"damage_healed":0.0,"max_hp_gain":0.0,"max_hp_loss":0.0,"gold_gain":0.0,"event_name":"The Cleric","player_choice":"Card Removal","floor":2.0,"gold_loss":50.0,"damage_taken":0.0},{"damage_healed":72.0,"max_hp_gain":0.0,"max_hp_loss":72.0,"gold_gain":0.0,"event_name":"betterThird:BetterShining","player_choice":"Upgrade","floor":4.0,"gold_loss":0.0,"damage_taken":14.0,"cards_upgraded":["SashWhip","Defend_P"]},{"damage_healed":0.0,"max_hp_gain":0.0,"max_hp_loss":0.0,"gold_gain":0.0,"event_name":"Mushrooms","player_choice":"Fought Mushrooms","floor":7.0,"gold_loss":0.0,"damage_taken":0.0},{"damage_healed":0,"gold_gain":99,"player_choice":"Steal","damage_taken":0,"max_hp_gain":0,"max_hp_loss":0,"event_name":"betterThird:BetterNest","floor":21,"gold_loss":0},{"damage_healed":0,"gold_gain":0,"player_choice":"Read","damage_taken":0,"max_hp_gain":0,"max_hp_loss":0,"event_name":"The Library","floor":30,"gold_loss":0,"cards_obtained":["EmptyFist"]},{"damage_healed":0,"gold_gain":0,"player_choice":"Embrace Madness","damage_taken":9,"max_hp_gain":0,"max_hp_loss":0,"event_name":"Winding Halls","floor":36,"gold_loss":0,"cards_obtained":["Madness","Madness"]},{"damage_healed":0,"gold_gain":0,"player_choice":"Fight","damage_taken":0,"max_hp_gain":0,"max_hp_loss":0,"event_name":"MindBloom","floor":39,"gold_loss":0}],"is_beta":false,"boss_relics":[{"not_picked":["Astrolabe","Philosopher\u0027s Stone"],"picked":"Runic Pyramid"},{"not_picked":["Snecko Eye","Cursed Key"],"picked":"VioletLotus"}],"items_purged_floors":[19,37,53],"is_endless":false,"potions_floor_spawned":[3,5,10,16,20,24,28,31,35,39,40,45,46,54],"ascension_level":0}}