{"host":"qw1m3zcvi888b4j7","time":1607961091,"event":{"mods":["AchievementEnabler","BaseMod","Block Reminder","Colored Map","Colored Powertips","DeckTracker","Highlight Path","Minty Spire (QoL Compilation)","Quick Restart","Rare Cards Sparkle","Relic Sorter","Relic Stats"],"gold_per_floor":[113,75,90,90,19,49,49,82,82,99,174,192,192,204,204,299,299,309,341,391,401,401,401],"floor_reached":22,"playtime":1363,"items_purged":[],"score":230,"play_id":"ce6d5998-24cd-4484-9daa-656a37464d6e","local_time":"20201214165131","is_ascension_mode":true,"campfire_choices":[{"floor":7,"key":"RECALL"},{"data":"Endless Agony","floor":13,"key":"SMITH"},{"floor":15,"key":"REST"}],"circlet_count":0,"master_deck":["Strike_G","Strike_G","Strike_G","Strike_G","Strike_G","Defend_G","Defend_G","Defend_G","Defend_G","Survivor","Neutralize","Deadly Poison+1","Footwork","Terror+1","Acrobatics","Die Die Die","Endless Agony+1","Noxious Fumes","Noxious Fumes","Cloak And Dagger","Leg Sweep","Venomology","Poisoned Stab","Blur","Backflip"],"relics":["Ring of the Serpent","NeowsBlessing","Ornamental Fan","War Paint","Red Mask"],"acts_visited":["Exordium","TheCity"],"potions_floor_usage":[14,16,16,19,19,21,21,22],"damage_taken":[{"damage":0,"enemies":"Cultist","floor":1,"turns":1},{"damage":0,"enemies":"Small Slimes","floor":3,"turns":1},{"damage":0,"enemies":"Gremlin Nob","floor":6,"turns":1},{"damage":21,"enemies":"3 Sentries","floor":8,"turns":13},{"damage":0,"enemies":"2 Louse","floor":10,"turns":1},{"damage":8,"enemies":"Red Slaver","floor":12,"turns":3},{"damage":0,"enemies":"Blue Slaver","floor":14,"turns":3},{"damage":17,"enemies":"Slime Boss","floor":16,"turns":7},{"damage":10,"enemies":"3 Byrds","floor":18,"turns":6},{"damage":35,"enemies":"Masked Bandits","floor":19,"turns":6},{"damage":0,"enemies":"Shell Parasite","floor":21,"turns":5},{"damage":34,"enemies":"Shelled Parasite and Fungi","floor":22,"turns":4}],"seed_played":"-6771252723298603088","potions_obtained":[{"floor":1,"key":"CultistPotion"},{"floor":3,"key":"Dexterity Potion"},{"floor":8,"key":"CunningPotion"},{"floor":14,"key":"Fruit Juice"},{"floor":18,"key":"LiquidMemories"},{"floor":19,"key":"BlessingOfTheForge"},{"floor":21,"key":"ColorlessPotion"}],"is_trial":false,"path_per_floor":["M","$","M","?","$","E","R","E","T","M","?","M","R","M","R","B",null,"M","?","?","M","M"],"character_chosen":"THE_SILENT","items_purchased":["Footwork","Die Die Die"],"campfire_rested":1,"item_purchase_floors":[2,5],"current_hp_per_floor":[70,70,70,70,70,70,70,49,49,49,42,34,34,39,61,44,75,65,30,30,30,0,0],"gold":401,"neow_bonus":"THREE_ENEMY_KILL","is_daily":false,"chose_seed":false,"campfire_upgraded":1,"win_rate":0.0,"timestamp":1607961091,"path_taken":["M","?","?","?","$","E","R","E","T","?","?","?","R","M","R","BOSS","M","?","?","?","?"],"items_purchased_type":["Card","Card"],"build_version":"2020-12-13","purchased_purges":0,"victory":false,"max_hp_per_floor":[70,70,70,70,70,70,70,70,70,70,70,70,70,75,75,75,75,75,75,75,75,75,75],"relic_stats":{"counters":[12,51],"Ornamental Fan":[68],"War Paint":["Deadly Poison","Terror"],"obtain_stats":[{"NeowsBlessing":0,"Ornamental Fan":6,"Red Mask":19,"War Paint":8,"Ring of the Serpent":17,"Ring of the Snake":0},{"NeowsBlessing":0,"Ornamental Fan":3,"Red Mask":10,"War Paint":4,"Ring of the Serpent":8,"Ring of the Snake":0},{"NeowsBlessing":0,"Ornamental Fan":3,"Red Mask":42,"War Paint":16,"Ring of the Serpent":30,"Ring of the Snake":0}]},"card_choices":[{"not_picked":["All Out Attack","Prepared"],"picked":"Deadly Poison","floor":1},{"not_picked":["Quick Slash","Dagger Throw"],"picked":"Terror","floor":3},{"not_picked":["Distraction","Backflip"],"picked":"Endless Agony","floor":6},{"not_picked":["Poisoned Stab","Finisher"],"picked":"Noxious Fumes","floor":8},{"not_picked":["Poisoned Stab","Prepared"],"picked":"Noxious Fumes","floor":10},{"not_picked":["Skewer","Dodge and Roll"],"picked":"Cloak And Dagger","floor":12},{"not_picked":["Slice","Wraith Form v2"],"picked":"Leg Sweep","floor":14},{"not_picked":["Burst","Wraith Form v2"],"picked":"Venomology","floor":16},{"not_picked":["Dodge and Roll","Dash"],"picked":"Poisoned Stab","floor":18},{"not_picked":["Deadly Poison","Prepared"],"picked":"Blur","floor":19},{"not_picked":["Acrobatics","Footwork"],"picked":"Backflip","floor":21}],"player_experience":60392,"relics_obtained":[{"floor":6,"key":"Ornamental Fan"},{"floor":8,"key":"War Paint"},{"floor":19,"key":"Red Mask"}],"event_choices":[{"damage_healed":0,"gold_gain":0,"cards_transformed":["Defend_G"],"player_choice":"Transformed","damage_taken":0,"max_hp_gain":0,"max_hp_loss":0,"event_name":"Transmorgrifier","floor":4,"gold_loss":0,"cards_obtained":["Acrobatics"]},{"damage_healed":0,"gold_gain":75,"player_choice":"Touch","damage_taken":7,"max_hp_gain":0,"max_hp_loss":0,"event_name":"FaceTrader","floor":11,"gold_loss":0},{"damage_healed":0,"gold_gain":0,"player_choice":"Fought Bandits","damage_taken":0,"max_hp_gain":0,"max_hp_loss":0,"event_name":"Masked Bandits","floor":19,"gold_loss":0},{"damage_healed":0,"gold_gain":100,"player_choice":"Bet on Murderer","damage_taken":0,"max_hp_gain":0,"max_hp_loss":0,"event_name":"The Joust","floor":20,"gold_loss":50}],"is_beta":false,"boss_relics":[{"not_picked":["Ectoplasm","Fusion Hammer"],"picked":"Ring of the Serpent"}],"items_purged_floors":[],"is_endless":false,"potions_floor_spawned":[1,3,8,14,18,19,21],"killed_by":"Shelled Parasite and Fungi","ascension_level":1}}