{"host":"uua02xqorlefedoe","time":1607912669,"event":{"mods":["AchievementEnabler","BaseMod","Bestiary","Colored Map","DeckTracker","Googly Eyes","Minty Spire (QoL Compilation)","Quick Restart","StSLib"],"gold_per_floor":[14,26,26,26,49,85,100,25,25,48,73,111,111,147,147,275,275,289,304,304,327,91,91,130,130,153,194,207,220,254,273,273,403,403,427,446,464,797,797,824,857,887,910,486,511,90,90,121,121,121],"floor_reached":51,"playtime":3543,"items_purged":["Strike_R","Strike_R","Strike_R"],"score":1598,"play_id":"15e8f21b-2049-40fb-93f3-c8d8a65f8a36","local_time":"20201214022429","is_ascension_mode":true,"campfire_choices":[{"data":"Apotheosis","floor":15.0,"key":"SMITH"},{"data":"Offering","floor":23.0,"key":"SMITH"},{"data":"Corruption","floor":32.0,"key":"SMITH"},{"data":"True Grit","floor":49,"key":"SMITH"}],"circlet_count":0,"master_deck":["Strike_R","Defend_R","Defend_R","Defend_R","Defend_R","Bash","Apotheosis+1","Perfected Strike","Sever Soul","Immolate","Sword Boomerang","Immolate","Havoc","Wild Strike","Ghostly Armor","Second Wind","Offering+1","True Grit+1","Burning Pact","True Grit","Demon Form","Corruption+1","RitualDagger","Shrug It Off","True Grit","Seeing Red+1","Exhume","Havoc","Feel No Pain+1","Sentinel","Shockwave","Corruption+1","Seeing Red"],"relics":["Burning Blood","Self Forming Clay","Ornamental Fan","Pear","WingedGreaves","Philosopher\u0027s Stone","Darkstone Periapt","Lee\u0027s Waffle","Dead Branch","Potion Belt","Torii","Molten Egg 2","Snecko Eye","Bag of Preparation","Bottled Lightning","Vajra","DollysMirror","Toy Ornithopter","Lizard Tail","Happy Flower"],"acts_visited":["Exordium","TheCity","TheBeyond"],"potions_floor_usage":[],"damage_taken":[{"damage":4.0,"enemies":"Jaw Worm","floor":1.0,"turns":4.0},{"damage":6.0,"enemies":"2 Louse","floor":2.0,"turns":2.0},{"damage":0.0,"enemies":"Small Slimes","floor":5.0,"turns":2.0},{"damage":30.0,"enemies":"3 Sentries","floor":6.0,"turns":5.0},{"damage":0.0,"enemies":"Gremlin Gang","floor":7.0,"turns":1.0},{"damage":5.0,"enemies":"Blue Slaver","floor":10.0,"turns":3.0},{"damage":0.0,"enemies":"Large Slime","floor":11.0,"turns":5.0},{"damage":17.0,"enemies":"Lagavulin","floor":12.0,"turns":7.0},{"damage":29.0,"enemies":"Gremlin Nob","floor":14.0,"turns":4.0},{"damage":22.0,"enemies":"The Guardian","floor":16.0,"turns":10.0},{"damage":6.0,"enemies":"2 Thieves","floor":18.0,"turns":1.0},{"damage":4.0,"enemies":"Spheric Guardian","floor":19.0,"turns":3.0},{"damage":18.0,"enemies":"Snecko","floor":21.0,"turns":4.0},{"damage":37.0,"enemies":"Slavers","floor":24.0,"turns":3.0},{"damage":5.0,"enemies":"Book of Stabbing","floor":27.0,"turns":4.0},{"damage":6.0,"enemies":"3 Cultists","floor":28.0,"turns":3.0},{"damage":6.0,"enemies":"Centurion and Healer","floor":29.0,"turns":5.0},{"damage":6.0,"enemies":"Slavers","floor":30.0,"turns":3.0},{"damage":6.0,"enemies":"Cultist and Chosen","floor":31.0,"turns":3.0},{"damage":31.0,"enemies":"Automaton","floor":33.0,"turns":5.0},{"damage":1.0,"enemies":"3 Shapes","floor":35.0,"turns":3.0},{"damage":1.0,"enemies":"3 Darklings","floor":36.0,"turns":2.0},{"damage":12.0,"enemies":"Writhing Mass","floor":37.0,"turns":6.0},{"damage":0.0,"enemies":"Reptomancer","floor":40.0,"turns":3.0},{"damage":11.0,"enemies":"Giant Head","floor":41.0,"turns":3.0},{"damage":6.0,"enemies":"Reptomancer","floor":42.0,"turns":3.0},{"damage":0.0,"enemies":"Giant Head","floor":45.0,"turns":1.0},{"damage":1.0,"enemies":"Reptomancer","floor":48.0,"turns":3.0},{"damage":5,"enemies":"Time Eater","floor":50,"turns":6}],"seed_played":"1518077833202854550","potions_obtained":[{"floor":6.0,"key":"Explosive Potion"},{"floor":7.0,"key":"LiquidMemories"},{"floor":10.0,"key":"SteroidPotion"},{"floor":16.0,"key":"Swift Potion"},{"floor":19.0,"key":"Block Potion"},{"floor":27.0,"key":"Block Potion"},{"floor":30.0,"key":"Ancient Potion"},{"floor":33.0,"key":"SkillPotion"},{"floor":40.0,"key":"PowerPotion"},{"floor":41.0,"key":"AttackPotion"},{"floor":45.0,"key":"SmokeBomb"}],"is_trial":false,"path_per_floor":["M","M","?","?","M","E","M","$","T","M","M","E","?","E","R","B",null,"M","M","?","M","$","R","E","?","T","E","M","M","E","M","R","B",null,"M","M","M","?","?","E","E","E","T","$","E","$","$","E","R","B",null],"character_chosen":"IRONCLAD","items_purchased":["Demon Form","Lee\u0027s Waffle","DollysMirror","Seeing Red","Fruit Juice","Lizard Tail"],"campfire_rested":0,"item_purchase_floors":[22,22,44,44,44,46],"current_hp_per_floor":[74,74,54,54,60,36,42,42,42,43,49,48,48,25,25,9,70,70,72,72,60,97,97,66,60,60,61,61,61,61,61,61,36,82,87,92,86,86,86,92,87,87,87,92,98,98,98,102,102,102],"gold":121,"neow_bonus":"RANDOM_COLORLESS_2","is_daily":false,"chose_seed":false,"campfire_upgraded":4,"win_rate":0.0,"timestamp":1607912669,"path_taken":["M","M","?","?","M","E","M","$","T","M","M","E","?","E","R","BOSS","M","?","?","M","$","R","E","?","T","E","M","M","E","M","R","BOSS","M","M","M","?","?","E","E","E","T","$","E","?","$","E","R","BOSS"],"items_purchased_type":["Card","Relic","Relic","Card","Potion","Relic"],"build_version":"2020-12-13","purchased_purges":3,"victory":true,"max_hp_per_floor":[80,80,80,80,80,80,80,80,80,80,80,90,90,90,90,90,90,90,90,90,90,97,97,97,97,97,97,97,97,97,97,97,97,97,97,97,97,97,97,97,97,97,97,102,102,102,102,102,102,102],"card_choices":[{"not_picked":["Magnetism","Master of Strategy"],"picked":"Apotheosis","floor":0.0},{"not_picked":["Anger","Clothesline"],"picked":"Perfected Strike","floor":1.0},{"not_picked":["Heavy Blade","Clothesline"],"picked":"Sever Soul","floor":2.0},{"not_picked":["Anger","Disarm"],"picked":"Sword Boomerang","floor":5.0},{"not_picked":["Carnage","Rupture"],"picked":"Immolate","floor":6.0},{"not_picked":["Sever Soul","Heavy Blade"],"picked":"Havoc","floor":7.0},{"not_picked":["Havoc","Carnage"],"picked":"Wild Strike","floor":10.0},{"not_picked":["Pummel","Headbutt","Perfected Strike"],"picked":"SKIP","floor":11.0},{"not_picked":["Carnage","Warcry"],"picked":"Ghostly Armor","floor":12.0},{"not_picked":["Whirlwind","Anger"],"picked":"Second Wind","floor":14.0},{"not_picked":["Limit Break","Barricade"],"picked":"Offering","floor":16.0},{"not_picked":["Flex+1","Dual Wield"],"picked":"True Grit","floor":18.0},{"not_picked":["Metallicize","Cleave"],"picked":"Burning Pact","floor":19.0},{"not_picked":["Havoc","Warcry+1"],"picked":"True Grit","floor":21.0},{"not_picked":["Combust","Inflame"],"picked":"Corruption","floor":24.0},{"not_picked":["Thunderclap","Twin Strike"],"picked":"Shrug It Off","floor":27.0},{"not_picked":["Dropkick+1","Clothesline","Wild Strike"],"picked":"SKIP","floor":28.0},{"not_picked":["Flex","Evolve+1"],"picked":"True Grit","floor":29.0},{"not_picked":["Thunderclap+1","Sword Boomerang+1"],"picked":"Seeing Red+1","floor":30.0},{"not_picked":["Headbutt+1","Iron Wave+1","Barricade"],"picked":"SKIP","floor":31.0},{"not_picked":["Corruption","Fiend Fire+1"],"picked":"Exhume","floor":33.0},{"not_picked":["Cleave+1","Heavy Blade+1"],"picked":"Havoc","floor":35.0},{"not_picked":["Second Wind+1","Iron Wave+1"],"picked":"Feel No Pain+1","floor":36.0},{"not_picked":["Second Wind","Iron Wave+1","Clothesline+1"],"picked":"SKIP","floor":37.0},{"not_picked":["Whirlwind+1","Inflame+1"],"picked":"Sentinel","floor":40.0},{"not_picked":["Clash+1","Havoc+1","Barricade"],"picked":"SKIP","floor":41.0},{"not_picked":["Dual Wield+1","Berserk"],"picked":"Shockwave","floor":42.0},{"not_picked":["Inflame","Pommel Strike+1","Sword Boomerang+1"],"picked":"SKIP","floor":45.0},{"not_picked":["Twin Strike+1","Clothesline+1","True Grit"],"picked":"SKIP","floor":48.0}],"player_experience":474957,"relics_obtained":[{"floor":6.0,"key":"Self Forming Clay"},{"floor":9.0,"key":"Ornamental Fan"},{"floor":12.0,"key":"Pear"},{"floor":14.0,"key":"WingedGreaves"},{"floor":24.0,"key":"Dead Branch"},{"floor":26.0,"key":"Potion Belt"},{"floor":27.0,"key":"Torii"},{"floor":30.0,"key":"Molten Egg 2"},{"floor":40.0,"key":"Bag of Preparation"},{"floor":41.0,"key":"Bottled Lightning"},{"floor":42.0,"key":"Vajra"},{"floor":45.0,"key":"Toy Ornithopter"},{"floor":48.0,"key":"Happy Flower"}],"event_choices":[{"damage_healed":0.0,"max_hp_gain":0.0,"max_hp_loss":0.0,"gold_gain":0.0,"event_name":"Golden Idol","player_choice":"Take Damage","floor":3.0,"gold_loss":0.0,"damage_taken":20.0,"relics_obtained":["Golden Idol"]},{"damage_healed":0.0,"max_hp_gain":0.0,"max_hp_loss":0.0,"gold_gain":0.0,"cards_transformed":["Strike_R"],"event_name":"Living Wall","player_choice":"Change","floor":4.0,"gold_loss":0.0,"damage_taken":0.0,"cards_obtained":["Immolate"]},{"damage_healed":0.0,"max_hp_gain":0.0,"max_hp_loss":0.0,"gold_gain":0.0,"event_name":"Match and Keep!","player_choice":"0 cards matched","floor":13.0,"gold_loss":0.0,"damage_taken":0.0,"cards_obtained":[]},{"damage_healed":0.0,"max_hp_gain":0.0,"max_hp_loss":0.0,"gold_gain":0.0,"event_name":"The Mausoleum","player_choice":"Opened","floor":20.0,"gold_loss":0.0,"damage_taken":0.0,"relics_obtained":["Darkstone Periapt"]},{"damage_healed":0.0,"max_hp_gain":0.0,"max_hp_loss":0.0,"gold_gain":0.0,"event_name":"Nest","player_choice":"Joined the Cult","floor":25.0,"gold_loss":0.0,"damage_taken":6.0,"cards_obtained":["RitualDagger"]},{"damage_healed":0.0,"max_hp_gain":0.0,"max_hp_loss":0.0,"gold_gain":333.0,"event_name":"The Moai Head","player_choice":"Gave Idol","floor":38.0,"relics_lost":["Golden Idol"],"gold_loss":0.0,"damage_taken":0.0},{"damage_healed":0.0,"max_hp_gain":0.0,"max_hp_loss":0.0,"gold_gain":0.0,"event_name":"Tomb of Lord Red Mask","player_choice":"Ignored","floor":39.0,"gold_loss":0.0,"damage_taken":0.0}],"is_beta":false,"boss_relics":[{"not_picked":["SlaversCollar","Tiny House"],"picked":"Philosopher\u0027s Stone"},{"not_picked":["Pandora\u0027s Box","SacredBark"],"picked":"Snecko Eye"}],"items_purged_floors":[8,44,46],"is_endless":false,"potions_floor_spawned":[6,7,10,16,19,27,30,33,35,40,41,45,48],"ascension_level":9}}