{"host":"15dd7v8o90xso62x","time":1607915956,"event":{"mods":["BaseMod","Minty Spire (QoL Compilation)","Quick Restart","StSLib"],"gold_per_floor":[115,132,132,132,153,153,19,60,112,112,112,126,169,94,94,185,185,198,98,98,14,14,58,58,73,97,97,113,138,156,190,190,190,190],"floor_reached":33,"playtime":952,"items_purged":["Defend_P","CrushJoints"],"score":650,"play_id":"17778a94-c9f0-41a1-953f-0dc529fc6d57","local_time":"20201214121916","is_ascension_mode":true,"campfire_choices":[{"data":"Eruption","floor":6.0,"key":"SMITH"},{"floor":15,"key":"REST"},{"data":"Adaptation","floor":24,"key":"SMITH"},{"data":"TalkToTheHand","floor":27,"key":"SMITH"},{"floor":32,"key":"REST"}],"circlet_count":0,"master_deck":["AscendersBane","Eruption+1","Vigilance","Tantrum+1","BowlingBash","TalkToTheHand+1","Ragnarok","Adaptation+1","EmptyFist+1","WheelKick","MentalFortress"],"relics":["PureWater","Golden Idol","Potion Belt","Vajra","War Paint","CloakClasp","Empty Cage","Whetstone","CeramicFish"],"acts_visited":["Exordium","TheCity"],"potions_floor_usage":[16,23,29],"damage_taken":[{"damage":1.0,"enemies":"Small Slimes","floor":1.0,"turns":5.0},{"damage":0.0,"enemies":"2 Louse","floor":2.0,"turns":2.0},{"damage":0.0,"enemies":"Cultist","floor":5.0,"turns":2.0},{"damage":0.0,"enemies":"Gremlin Nob","floor":8.0,"turns":2.0},{"damage":2,"enemies":"Gremlin Gang","floor":12,"turns":2},{"damage":0,"enemies":"Lagavulin","floor":13,"turns":4},{"damage":19,"enemies":"Slime Boss","floor":16,"turns":5},{"damage":14,"enemies":"2 Thieves","floor":18,"turns":3},{"damage":17,"enemies":"Book of Stabbing","floor":23,"turns":4},{"damage":0,"enemies":"Chosen","floor":25,"turns":2},{"damage":6,"enemies":"Snake Plant","floor":28,"turns":2},{"damage":0,"enemies":"Chosen and Byrds","floor":29,"turns":4},{"damage":0,"enemies":"Centurion and Healer","floor":30,"turns":3},{"damage":14,"enemies":"Shelled Parasite and Fungi","floor":31,"turns":3},{"damage":8,"enemies":"Automaton","floor":33,"turns":6}],"seed_played":"6974293578139450205","potions_obtained":[{"floor":1.0,"key":"SteroidPotion"},{"floor":2.0,"key":"LiquidBronze"},{"floor":13,"key":"BottledMiracle"},{"floor":28,"key":"ColorlessPotion"}],"is_trial":false,"path_per_floor":["M","M","?","?","M","R","$","E","T","?","?","M","E","?","R","B",null,"M","$","?","$","?","E","R","M","T","R","M","M","M","M","R","B"],"character_chosen":"WATCHER","items_purchased":["BowlingBash","Adaptation"],"campfire_rested":2,"item_purchase_floors":[7,21],"current_hp_per_floor":[42,42,19,14,14,14,14,14,14,14,14,12,12,12,32,13,54,40,40,40,40,40,23,23,23,23,23,17,17,17,3,23,15,15],"gold":190,"neow_bonus":"REMOVE_TWO","is_daily":false,"chose_seed":false,"campfire_upgraded":3,"win_rate":0.0,"timestamp":1607915956,"path_taken":["M","M","?","?","M","R","$","E","T","?","?","M","E","?","R","BOSS","M","$","?","$","?","E","R","M","T","R","M","?","M","?","R","BOSS"],"items_purchased_type":["Card","Card"],"build_version":"2020-12-13","purchased_purges":2,"victory":false,"max_hp_per_floor":[68,68,68,68,68,68,68,68,68,68,68,68,68,68,68,68,68,68,68,68,68,68,68,68,68,68,68,68,68,68,68,68,68,68],"card_choices":[{"not_picked":["LikeWater","FlurryOfBlows"],"picked":"Tantrum","floor":1.0},{"not_picked":["FlyingSleeves","Tantrum"],"picked":"CrushJoints","floor":2.0},{"not_picked":["EmptyBody","FlyingSleeves","ThirdEye"],"picked":"SKIP","floor":5.0},{"not_picked":["Worship","FlyingSleeves","Consecrate"],"picked":"SKIP","floor":8.0},{"not_picked":["ThirdEye","CrushJoints"],"picked":"TalkToTheHand","floor":12},{"not_picked":["Evaluate","EmptyFist","Wireheading"],"picked":"SKIP","floor":13},{"not_picked":["MasterReality","Devotion"],"picked":"Ragnarok","floor":16},{"not_picked":["Worship","JustLucky","Consecrate"],"picked":"SKIP","floor":18},{"not_picked":["ForeignInfluence","FlyingSleeves","Collect"],"picked":"SKIP","floor":23},{"not_picked":["BowlingBash","ThirdEye","Pray"],"picked":"SKIP","floor":25},{"not_picked":["Protect","Collect","Crescendo+1"],"picked":"SKIP","floor":28},{"not_picked":["SashWhip","Study"],"picked":"WheelKick","floor":29},{"not_picked":["Blasphemy","PathToVictory+1","FlyingSleeves"],"picked":"SKIP","floor":30},{"not_picked":["Wireheading","ThirdEye"],"picked":"MentalFortress","floor":31}],"player_experience":896291,"relics_obtained":[{"floor":8.0,"key":"Vajra"},{"floor":9.0,"key":"War Paint"},{"floor":13,"key":"CloakClasp"},{"floor":23,"key":"Whetstone"},{"floor":26,"key":"CeramicFish"}],"event_choices":[{"damage_healed":0.0,"max_hp_gain":0.0,"max_hp_loss":0.0,"gold_gain":0.0,"event_name":"Golden Idol","player_choice":"Take Damage","floor":3.0,"gold_loss":0.0,"damage_taken":23.0,"relics_obtained":["Golden Idol"]},{"damage_healed":0.0,"max_hp_gain":0.0,"max_hp_loss":0.0,"gold_gain":0.0,"event_name":"Scrap Ooze","player_choice":"Success","floor":4.0,"gold_loss":0.0,"damage_taken":5.0,"relics_obtained":["Potion Belt"]},{"cards_removed":["Strike_P"],"damage_healed":0.0,"max_hp_gain":0.0,"max_hp_loss":0.0,"gold_gain":0.0,"event_name":"Living Wall","player_choice":"Forget","floor":10.0,"gold_loss":0.0,"damage_taken":0.0},{"damage_healed":0,"gold_gain":0,"player_choice":"Searched \u00270\u0027 times","damage_taken":0,"max_hp_gain":0,"max_hp_loss":0,"event_name":"Dead Adventurer","floor":11,"gold_loss":0},{"cards_removed":["Strike_P"],"damage_healed":0,"gold_gain":0,"player_choice":"Card Removal","damage_taken":0,"max_hp_gain":0,"max_hp_loss":0,"event_name":"The Cleric","floor":14,"gold_loss":75},{"damage_healed":0,"gold_gain":0,"player_choice":"Ignored","damage_taken":0,"max_hp_gain":0,"max_hp_loss":0,"event_name":"The Mausoleum","floor":20,"gold_loss":0},{"damage_healed":0,"gold_gain":0,"cards_transformed":["Defend_P"],"player_choice":"Transformed","damage_taken":0,"max_hp_gain":0,"max_hp_loss":0,"event_name":"Transmorgrifier","floor":22,"gold_loss":0,"cards_obtained":["EmptyFist"]}],"is_beta":false,"boss_relics":[{"not_picked":["Ectoplasm","Coffee Dripper"],"picked":"Empty Cage"}],"items_purged_floors":[7,19],"is_endless":false,"potions_floor_spawned":[1,2,13,28],"killed_by":"Automaton","ascension_level":20}}