{"host":"78hrz0ylpj9lzvi8","time":1607962351,"event":{"mods":["BaseMod","Bestiary","Block Reminder","Curses Come First","Minty Spire (QoL Compilation)","Quick Restart","Random Character Button","Relic Stats","StSLib"],"gold_per_floor":[15,15,15,28,28,28,28],"floor_reached":6,"playtime":315,"items_purged":[],"score":68,"play_id":"d0675bb0-a238-4260-9eda-dbf706f9b22f","local_time":"20201214131231","is_ascension_mode":true,"campfire_choices":[],"circlet_count":0,"master_deck":["AscendersBane","Strike_P","Strike_P","Defend_P","Defend_P","Defend_P","Eruption","Vigilance","Tantrum","FearNoEvil"],"relics":["PureWater","Golden Idol"],"acts_visited":["Exordium"],"potions_floor_usage":[],"damage_taken":[{"damage":9,"enemies":"Jaw Worm","floor":1,"turns":5},{"damage":6,"enemies":"2 Louse","floor":4,"turns":3},{"damage":71,"enemies":"3 Sentries","floor":6,"turns":9}],"seed_played":"5337503556609748581","potions_obtained":[{"floor":1,"key":"Weak Potion"}],"is_trial":false,"path_per_floor":["M","?","?","M","?","E"],"character_chosen":"WATCHER","items_purchased":[],"campfire_rested":0,"item_purchase_floors":[],"current_hp_per_floor":[52,52,52,46,62,0,0],"gold":28,"neow_bonus":"REMOVE_TWO","is_daily":false,"chose_seed":false,"campfire_upgraded":0,"win_rate":0.0,"timestamp":1607962351,"path_taken":["M","?","?","M","?","E"],"items_purchased_type":[],"build_version":"2020-12-13","purchased_purges":0,"victory":false,"max_hp_per_floor":[68,68,62,62,62,62,62],"relic_stats":{"counters":[3,17],"Golden Idol":3,"obtain_stats":[{"Golden Idol":3,"PureWater":0},{"Golden Idol":1,"PureWater":0},{"Golden Idol":5,"PureWater":0}]},"card_choices":[{"not_picked":["InnerPeace","PathToVictory"],"picked":"Tantrum","floor":1},{"not_picked":["Protect","ThirdEye"],"picked":"FearNoEvil","floor":4}],"player_experience":943271,"relics_obtained":[],"event_choices":[{"cards_removed":["Strike_P"],"damage_healed":0,"gold_gain":0,"player_choice":"Forget","damage_taken":0,"max_hp_gain":0,"max_hp_loss":0,"event_name":"Living Wall","floor":2,"gold_loss":0},{"damage_healed":0,"gold_gain":0,"player_choice":"Lose Max HP","damage_taken":0,"relics_obtained":["Golden Idol"],"max_hp_gain":0,"max_hp_loss":6,"event_name":"Golden Idol","floor":3,"gold_loss":0},{"damage_healed":16,"gold_gain":0,"player_choice":"Full Heal","damage_taken":0,"max_hp_gain":0,"max_hp_loss":0,"event_name":"Wheel of Change","floor":5,"gold_loss":0}],"is_beta":false,"boss_relics":[],"items_purged_floors":[],"is_endless":false,"potions_floor_spawned":[1],"killed_by":"3 Sentries","ascension_level":20}}