{"host":"ry6l6fs2ordh092u","time":1607977383,"event":{"mods":["AchievementEnabler","BaseMod","BetterRewards","Gold Saver","Minty Spire (QoL Compilation)","Quick Restart","StSLib","SuperFastMode","The Jungle"],"gold_per_floor":[850,850,860,137,187,222,235,260,260,123,137,165,183,201,201,277,277,293,303,353,553,603,633,683,714,764,764,814,827,861,890,890,964,964,978,571,621,641,691,720,720,732,759,759,804,846,858,900,912,924,936,948,960,583,609,609],"floor_reached":57,"playtime":1739,"items_purged":["Strike_G","Strike_G","Defend_G","Defend_G","Defend_G","Strike_G","Strike_G","Deadly Poison","Bouncing Flask"],"score":4603,"play_id":"9e086b45-a580-4c6d-8667-9bbf50aa042f","local_time":"20201215052303","is_ascension_mode":true,"campfire_choices":[{"data":"Apotheosis","floor":15.0,"key":"SMITH"},{"floor":27.0,"key":"RECALL"},{"floor":32,"key":"DIG"},{"floor":41,"key":"DIG"},{"floor":44,"key":"DIG"},{"floor":47,"key":"DIG"},{"floor":49,"key":"DIG"},{"floor":53,"key":"DIG"}],"circlet_count":0,"master_deck":["AscendersBane","Strike_G+1","Defend_G","Defend_G","Survivor","Reflex","Apotheosis+1","Prepared","Acrobatics","Grand Finale+1","Backflip","Tactician","Madness","Madness"],"relics":["Ring of the Snake","Ginger","Letter Opener","WingedGreaves","Juzu Bracelet","Calipers","Strawberry","Thread and Needle","White Beast Statue","Ice Cream","Oddly Smooth Stone","SsserpentHead","Medical Kit","Potion Belt","Nunchaku","Frozen Egg 2","Kunai","Molten Egg 2","Black Star","The Specimen","Bottled Flame","Shovel","Shuriken","Centennial Puzzle","Lantern","CaptainsWheel","Pen Nib","Mercury Hourglass","Whetstone","Fusion Hammer","Bag of Marbles","Meat on the Bone","Happy Flower","Darkstone Periapt","CeramicFish","MawBank","Art of War","Bag of Preparation","Blood Vial","Prayer Wheel","Bronze Scales","Ancient Tea Set","Vajra","Bird Faced Urn","HornCleat","StrikeDummy","Sundial"],"acts_visited":["Exordium","theJungle:Jungle","TheBeyond","TheEnding"],"potions_floor_usage":[50,51,56,56],"damage_taken":[{"damage":0.0,"enemies":"Cultist","floor":1.0,"turns":3.0},{"damage":2.0,"enemies":"2 Louse","floor":3.0,"turns":2.0},{"damage":20.0,"enemies":"Gremlin Nob","floor":6.0,"turns":4.0},{"damage":0.0,"enemies":"Jaw Worm","floor":7.0,"turns":3.0},{"damage":0.0,"enemies":"Lagavulin","floor":8.0,"turns":3.0},{"damage":0.0,"enemies":"Large Slime","floor":11.0,"turns":3.0},{"damage":0.0,"enemies":"Gremlin Nob","floor":12.0,"turns":2.0},{"damage":0.0,"enemies":"Exordium Wildlife","floor":13.0,"turns":4.0},{"damage":0.0,"enemies":"Red Slaver","floor":14.0,"turns":4.0},{"damage":0.0,"enemies":"Hexaghost","floor":16.0,"turns":5.0},{"damage":0.0,"enemies":"theJungle:Flameango_and_Byrd","floor":18.0,"turns":2.0},{"damage":0.0,"enemies":"theJungle:MUSHROOMGANG","floor":19.0,"turns":2.0},{"damage":0.0,"enemies":"theJungle:2_Phrogs","floor":23.0,"turns":1.0},{"damage":0.0,"enemies":"theJungle:MamaSnecko","floor":25.0,"turns":3.0},{"damage":0.0,"enemies":"theJungle:2_Snecko_Cultists","floor":29.0,"turns":1.0},{"damage":0.0,"enemies":"theJungle:Cassacara","floor":30.0,"turns":2.0},{"damage":0,"enemies":"theJungle:MamaSnecko","floor":31,"turns":2},{"damage":0,"enemies":"theJungle:FunGuy","floor":33,"turns":2},{"damage":0,"enemies":"Orb Walker","floor":35,"turns":3},{"damage":0,"enemies":"3 Shapes","floor":38,"turns":6},{"damage":0,"enemies":"Nemesis","floor":40,"turns":5},{"damage":0,"enemies":"Writhing Mass","floor":42,"turns":2},{"damage":0,"enemies":"Giant Head","floor":45,"turns":2},{"damage":0,"enemies":"Reptomancer","floor":46,"turns":1},{"damage":0,"enemies":"Giant Head","floor":48,"turns":2},{"damage":0,"enemies":"Donu and Deca","floor":50,"turns":1},{"damage":0,"enemies":"Time Eater","floor":51,"turns":4},{"damage":0,"enemies":"Shield and Spear","floor":55,"turns":1},{"damage":0,"enemies":"The Heart","floor":56,"turns":5}],"seed_played":"-8090284772324049131","potions_obtained":[{"floor":1.0,"key":"GamblersBrew"},{"floor":3.0,"key":"Weak Potion"},{"floor":6.0,"key":"AttackPotion"},{"floor":7.0,"key":"EssenceOfSteel"},{"floor":8.0,"key":"FearPotion"},{"floor":11.0,"key":"PowerPotion"},{"floor":12.0,"key":"Fire Potion"},{"floor":13.0,"key":"Fire Potion"},{"floor":14.0,"key":"AttackPotion"},{"floor":16.0,"key":"ColorlessPotion"},{"floor":19.0,"key":"SteroidPotion"},{"floor":25.0,"key":"Dexterity Potion"},{"floor":29.0,"key":"Energy Potion"},{"floor":30.0,"key":"Dexterity Potion"},{"floor":31,"key":"Weak Potion"},{"floor":33,"key":"SpeedPotion"},{"floor":40,"key":"Swift Potion"},{"floor":46,"key":"Swift Potion"},{"floor":55,"key":"SmokeBomb"}],"is_trial":false,"path_per_floor":["M","?","M","$","?","E","M","E","T","$","M","E","M","M","R","B",null,"M","M","?","?","?","E","?","E","T","R","?","M","E","E","R","B",null,"M","$","?","M","?","E","R","M","T","R","E","E","R","E","R","B","B",null,"R","$","E","B",null],"character_chosen":"THE_SILENT","items_purchased":["Ginger","Reflex","Letter Opener","WingedGreaves","Juzu Bracelet","Apotheosis","Calipers","Strawberry","Thread and Needle","White Beast Statue","Prepared","Ice Cream","Well Laid Plans","Oddly Smooth Stone","Poison Potion","Medical Kit","Potion Belt","Nunchaku","Grand Finale","Backflip","Bag of Marbles","GhostInAJar"],"campfire_rested":0,"item_purchase_floors":[0,0,0,0,0,0,0,0,0,0,0,0,0,0,0,4,4,4,10,10,36,54],"current_hp_per_floor":[25,25,23,23,23,3,3,3,3,3,3,3,3,3,3,3,56,56,56,56,56,66,66,24,24,24,24,24,24,24,24,24,24,61,61,61,48,48,48,48,48,48,48,48,48,48,48,50,50,52,54,68,68,68,70,72],"gold":609,"neow_bonus":"","is_daily":false,"chose_seed":false,"campfire_upgraded":1,"win_rate":0.0,"timestamp":1607977383,"path_taken":["M","?","M","$","?","E","M","E","T","$","M","E","M","M","R","BOSS","M","M","?","?","?","E","?","E","T","R","?","M","E","E","R","BOSS","M","$","?","M","?","E","R","M","T","R","E","E","R","E","R","BOSS","BOSS","R","$","E","BOSS"],"items_purchased_type":["Relic","Card","Relic","Relic","Relic","Card","Relic","Relic","Relic","Relic","Card","Relic","Card","Relic","Potion","Relic","Relic","Relic","Card","Card","Relic","Potion"],"build_version":"2020-12-13","purchased_purges":9,"victory":true,"max_hp_per_floor":[73,73,73,73,73,73,73,73,73,73,73,73,73,73,73,73,73,73,73,73,73,73,73,73,73,73,73,73,73,73,73,73,73,73,73,73,73,73,73,73,73,73,73,73,73,73,73,73,73,73,73,73,73,73,73,73],"card_choices":[{"not_picked":["Deadly Poison","Blade Dance"],"picked":"Acrobatics","floor":1.0},{"not_picked":["Noxious Fumes","Quick Slash"],"picked":"Deadly Poison","floor":3.0},{"not_picked":["Choke","Quick Slash","Outmaneuver"],"picked":"SKIP","floor":6.0},{"not_picked":["Deflect","Outmaneuver","Blade Dance"],"picked":"SKIP","floor":7.0},{"not_picked":["Outmaneuver","Dagger Throw","Blade Dance"],"picked":"SKIP","floor":8.0},{"not_picked":["Heel Hook","Quick Slash","Acrobatics"],"picked":"SKIP","floor":11.0},{"not_picked":["A Thousand Cuts+1","Cloak And Dagger","Outmaneuver"],"picked":"SKIP","floor":12.0},{"not_picked":["Deflect","Poisoned Stab+1","Flying Knee+1"],"picked":"SKIP","floor":13.0},{"not_picked":["PiercingWail","Blade Dance","Backflip"],"picked":"SKIP","floor":14.0},{"not_picked":["Deflect","Dodge and Roll+1","Quick Slash+1"],"picked":"SKIP","floor":18.0},{"not_picked":["Sucker Punch+1","Poisoned Stab+1","Escape Plan"],"picked":"SKIP","floor":19.0},{"not_picked":["Slice+1","Dagger Spray+1","Concentrate"],"picked":"SKIP","floor":23.0},{"not_picked":["Poisoned Stab+1","Bullet Time","Venomology"],"picked":"SKIP","floor":25.0},{"not_picked":["Dagger Throw+1","Endless Agony+1","All Out Attack+1"],"picked":"SKIP","floor":29.0},{"not_picked":["Underhanded Strike+1","Riddle With Holes+1","Accuracy+1"],"picked":"SKIP","floor":30.0},{"not_picked":["Skewer+1","Phantasmal Killer"],"picked":"Tactician","floor":31},{"not_picked":["Dagger Spray+1","Masterful Stab+1","Flying Knee+1"],"picked":"SKIP","floor":35},{"not_picked":["Setup","Sucker Punch+1","Poisoned Stab+1"],"picked":"SKIP","floor":38},{"not_picked":["Setup+1","Underhanded Strike+1","Acrobatics"],"picked":"SKIP","floor":40},{"not_picked":["Blade Dance","Cloak And Dagger","Prepared+1"],"picked":"SKIP","floor":42},{"not_picked":["Bane+1","Sucker Punch+1","Masterful Stab+1"],"picked":"SKIP","floor":45},{"not_picked":["Eviscerate+1","Backstab+1","Footwork+1"],"picked":"SKIP","floor":46},{"not_picked":["Heel Hook+1","Poisoned Stab+1","Escape Plan"],"picked":"SKIP","floor":48},{"not_picked":["Noxious Fumes+1","Night Terror","Dash+1"],"picked":"SKIP","floor":55}],"player_experience":428660,"relics_obtained":[{"floor":6.0,"key":"Frozen Egg 2"},{"floor":8.0,"key":"Kunai"},{"floor":12.0,"key":"Molten Egg 2"},{"floor":23.0,"key":"The Specimen"},{"floor":23.0,"key":"Bottled Flame"},{"floor":25.0,"key":"Shuriken"},{"floor":26.0,"key":"Centennial Puzzle"},{"floor":30.0,"key":"Lantern"},{"floor":30.0,"key":"CaptainsWheel"},{"floor":31,"key":"Pen Nib"},{"floor":31,"key":"Mercury Hourglass"},{"floor":32,"key":"Whetstone"},{"floor":40,"key":"Meat on the Bone"},{"floor":40,"key":"Happy Flower"},{"floor":41,"key":"Darkstone Periapt"},{"floor":43,"key":"CeramicFish"},{"floor":44,"key":"MawBank"},{"floor":45,"key":"Art of War"},{"floor":45,"key":"Bag of Preparation"},{"floor":46,"key":"Blood Vial"},{"floor":46,"key":"Prayer Wheel"},{"floor":47,"key":"Bronze Scales"},{"floor":48,"key":"Ancient Tea Set"},{"floor":48,"key":"Vajra"},{"floor":49,"key":"Bird Faced Urn"},{"floor":53,"key":"HornCleat"},{"floor":55,"key":"StrikeDummy"},{"floor":55,"key":"Sundial"}],"event_choices":[{"damage_healed":0.0,"max_hp_gain":0.0,"max_hp_loss":0.0,"gold_gain":0.0,"event_name":"FaceTrader","player_choice":"Trade","floor":2.0,"gold_loss":0.0,"damage_taken":0.0,"relics_obtained":["SsserpentHead"]},{"damage_healed":0.0,"max_hp_gain":0.0,"max_hp_loss":0.0,"gold_gain":0.0,"event_name":"Scrap Ooze","player_choice":"Fled","floor":5.0,"gold_loss":0.0,"damage_taken":0.0},{"damage_healed":0.0,"max_hp_gain":0.0,"max_hp_loss":0.0,"gold_gain":0.0,"event_name":"Match and Keep!","player_choice":"0 cards matched","floor":28.0,"gold_loss":0.0,"damage_taken":0.0,"cards_obtained":[]},{"damage_healed":0,"gold_gain":0,"player_choice":"Embrace Madness","damage_taken":13,"max_hp_gain":0,"max_hp_loss":0,"event_name":"Winding Halls","floor":37,"gold_loss":0,"cards_obtained":["Madness","Madness"]},{"cards_removed":["Neutralize"],"damage_healed":0,"gold_gain":0,"player_choice":"Removed Attack","damage_taken":0,"max_hp_gain":0,"max_hp_loss":0,"event_name":"Falling","floor":39,"gold_loss":0}],"is_beta":false,"boss_relics":[{"not_picked":["Astrolabe","SlaversCollar"],"picked":"Black Star"},{"not_picked":["Snecko Eye","Philosopher\u0027s Stone"],"picked":"Fusion Hammer"}],"items_purged_floors":[0,0,0,0,0,0,4,36,54],"is_endless":false,"potions_floor_spawned":[1,3,6,7,8,11,12,13,14,16,18,19,23,25,29,30,31,33,35,38,40,42,45,46,48,55],"ascension_level":20}}