{"host":"jm9833yuloeli2yd","time":1607905642,"event":{"mods":["AchievementEnabler","BaseMod","Better Altar","Better Match","Better Note","Better Sensory Stone","Better Skull","Better Vampires","Colored Map","Colored Powertips","DeckTracker","Minty Spire (QoL Compilation)","Permanent Neow","Quick Restart","Replay The Spire","StSLib","SuperFastMode"],"gold_per_floor":[19,19,37,12,29,29,43,43,43,60,60,0,19,19,19],"floor_reached":14,"playtime":324,"items_purged":[],"score":164,"play_id":"211b3dc3-a750-44e6-8c6a-ef205971be78","local_time":"20201213192722","is_ascension_mode":true,"campfire_choices":[{"data":"Magnetism","floor":6.0,"key":"SMITH"},{"data":"Neutralize","floor":8.0,"key":"SMITH"}],"circlet_count":0,"master_deck":["AscendersBane","Strike_G","Strike_G","Strike_G","Strike_G","Defend_G","Defend_G","Defend_G","Defend_G","Defend_G","Survivor","Neutralize+1","Magnetism+1","Draining Mist","Quick Slash","Flying Knee","Heel Hook","Pot Of Greed","Pot Of Greed","All Out Attack","Corpse Explosion"],"relics":["Ring of the Snake","Grinning Jar","Golden Idol"],"acts_visited":["Exordium"],"potions_floor_usage":[14,14],"damage_taken":[{"damage":0.0,"enemies":"Cultist","floor":1.0,"turns":4.0},{"damage":11.0,"enemies":"2 Louse","floor":3.0,"turns":4.0},{"damage":7.0,"enemies":"Small Slimes","floor":5.0,"turns":5.0},{"damage":9.0,"enemies":"3 Louse","floor":7.0,"turns":4.0},{"damage":4,"enemies":"Red Slaver","floor":10,"turns":5},{"damage":14,"enemies":"Gremlin Gang","floor":13,"turns":4},{"damage":9,"enemies":"3 Sentries","floor":14,"turns":2}],"seed_played":"-6513396874970903183","potions_obtained":[{"floor":3.0,"key":"Toxic Potion"},{"floor":10,"key":"Poison Potion"}],"is_trial":false,"path_per_floor":["M","?","M","$","M","R","M","R","T","M","?","?","M","E"],"character_chosen":"THE_SILENT","items_purchased":["Flying Knee"],"campfire_rested":0,"item_purchase_floors":[4],"current_hp_per_floor":[59,52,41,41,34,34,25,25,25,21,21,21,7,0,0],"gold":19,"neow_bonus":"RANDOM_COLORLESS_2","is_daily":false,"chose_seed":false,"campfire_upgraded":2,"win_rate":0.0,"timestamp":1607905642,"path_taken":["M","?","M","$","M","R","M","R","T","M","?","?","M","E"],"items_purchased_type":["Card"],"build_version":"2020-12-13","purchased_purges":0,"victory":false,"max_hp_per_floor":[66,66,66,66,66,66,66,66,66,66,60,60,60,60,60],"card_choices":[{"not_picked":["Crow Ritual","Midas Touch"],"picked":"Magnetism","floor":0.0},{"not_picked":["Dagger Spray","Deadly Poison"],"picked":"Draining Mist","floor":1.0},{"not_picked":["Underhanded Strike","PiercingWail"],"picked":"Quick Slash","floor":3.0},{"not_picked":["Quick Slash","Flying Knee","Deadly Poison"],"picked":"SKIP","floor":5.0},{"not_picked":["Bane","Calculated Gamble"],"picked":"Heel Hook","floor":7.0},{"not_picked":["Fluid Movement","Choke"],"picked":"All Out Attack","floor":10},{"not_picked":["Backflip","Quick Slash"],"picked":"Corpse Explosion","floor":13}],"player_experience":1053934,"relics_obtained":[{"floor":9.0,"key":"Grinning Jar"}],"event_choices":[{"cards_removed":["Strike_G"],"damage_healed":0.0,"max_hp_gain":0.0,"max_hp_loss":0.0,"gold_gain":0.0,"event_name":"Golden Wing","player_choice":"Card Removal","floor":2.0,"gold_loss":0.0,"damage_taken":7.0},{"damage_healed":0,"gold_gain":0,"player_choice":"Lose Max HP","damage_taken":0,"relics_obtained":["Golden Idol"],"max_hp_gain":0,"max_hp_loss":6,"event_name":"Golden Idol","floor":11,"gold_loss":0},{"damage_healed":0,"gold_gain":0,"player_choice":"Left Gold","damage_taken":0,"max_hp_gain":0,"max_hp_loss":0,"event_name":"World of Goop","floor":12,"gold_loss":60}],"is_beta":false,"boss_relics":[],"items_purged_floors":[],"is_endless":false,"potions_floor_spawned":[3,10],"killed_by":"3 Sentries","ascension_level":20}}