{"host":"m4fnx6uo9ridxuy8","time":1607950114,"event":{"mods":["BaseMod","KOR Keyword Fix","Minty Spire (QoL Compilation)","StSLib"],"gold_per_floor":[110,110,110,99449,98664,98695,98709,98733,98733,98757,97806,97821,97859,97133,97133,97258,97258,97283,97283,97307,97326,96227,96227,96260,96260,96260,96278,95239,95264,95299,95314,95314,95435,95435,95450,95469,94696,94714,94738,94738,94771,94791,94816,94816,94856,93950,93971,94034,94034,94034,94034,94034,93389,93433,93433],"floor_reached":56,"playtime":3274,"items_purged":["Strike_R","Strike_R","Strike_R","Strike_R","Strike_R","Defend_R","Defend_R","Defend_R+1"],"score":1647,"play_id":"9a2660ff-6845-4bf0-8c1b-89606b5eaa07","local_time":"20201214214834","is_ascension_mode":true,"campfire_choices":[{"data":"Dark Embrace","floor":15,"key":"SMITH"},{"data":"True Grit","floor":23,"key":"SMITH"},{"data":"Defend_R","floor":25,"key":"PURGE"},{"floor":32,"key":"RECALL"},{"data":"Discovery","floor":40,"key":"SMITH"},{"data":"Evolve","floor":44,"key":"SMITH"},{"data":"Dual Wield","floor":49,"key":"SMITH"},{"data":"Entrench","floor":52,"key":"SMITH"}],"circlet_count":0,"master_deck":["Bash+1","True Grit+1","Disarm","Metallicize","Power Through","Dropkick+1","Warcry","Thunderclap","Dark Embrace+1","Dropkick","Dual Wield+1","Body Slam","Double Tap+1","Feed","Warcry+1","Entrench+1","Impatience","Impervious","Fire Breathing","Master of Strategy","Discovery+1","Shockwave","Battle Trance","Reaper","Seeing Red","Inflame+1","Evolve+1","Barricade","Seeing Red","Warcry+1","Secret Weapon","Seeing Red+1","Metallicize","Warcry"],"relics":["Burning Blood","NeowsBlessing","Golden Idol","HandDrill","Bag of Marbles","Nunchaku","Chemical X","PreservedInsect","Red Skull","Paper Frog","Meat on the Bone","Medical Kit","Pen Nib","Kunai","Letter Opener","Sling","Toy Ornithopter","War Paint","SlaversCollar","Lee\u0027s Waffle","Orichalcum","Peace Pipe","Bronze Scales","Strawberry","Mummified Hand","Orrery","Oddly Smooth Stone","Coffee Dripper","Dream Catcher","Bottled Flame","DollysMirror","Juzu Bracelet","Bag of Preparation","Whetstone","OrangePellets","Boot","MealTicket","Lizard Tail","Brimstone","Blood Vial","Lantern","Anchor"],"acts_visited":["Exordium","TheCity","TheBeyond","TheEnding"],"potions_floor_usage":[10,10,13,16,21,55,55,55,55,55],"damage_taken":[{"damage":0,"enemies":"Cultist","floor":1,"turns":1},{"damage":0,"enemies":"3 Sentries","floor":6,"turns":2},{"damage":0,"enemies":"Small Slimes","floor":7,"turns":1},{"damage":0,"enemies":"Jaw Worm","floor":8,"turns":5},{"damage":43,"enemies":"Gremlin Gang","floor":10,"turns":6},{"damage":5,"enemies":"Blue Slaver","floor":12,"turns":4},{"damage":14,"enemies":"Gremlin Nob","floor":13,"turns":4},{"damage":6,"enemies":"Hexaghost","floor":16,"turns":8},{"damage":4,"enemies":"Chosen","floor":18,"turns":8},{"damage":15,"enemies":"Shell Parasite","floor":20,"turns":5},{"damage":29,"enemies":"Centurion and Healer","floor":21,"turns":7},{"damage":1,"enemies":"Book of Stabbing","floor":24,"turns":4},{"damage":31,"enemies":"Snake Plant","floor":27,"turns":5},{"damage":4,"enemies":"Cultist and Chosen","floor":29,"turns":3},{"damage":4,"enemies":"Slavers","floor":30,"turns":3},{"damage":4,"enemies":"Shelled Parasite and Fungi","floor":31,"turns":4},{"damage":6,"enemies":"Champ","floor":33,"turns":7},{"damage":1,"enemies":"3 Darklings","floor":35,"turns":6},{"damage":14,"enemies":"Orb Walker","floor":36,"turns":4},{"damage":7,"enemies":"Maw","floor":38,"turns":7},{"damage":0,"enemies":"3 Darklings","floor":39,"turns":4},{"damage":7,"enemies":"Nemesis","floor":41,"turns":7},{"damage":4,"enemies":"Spire Growth","floor":42,"turns":3},{"damage":0,"enemies":"Reptomancer","floor":45,"turns":3},{"damage":0,"enemies":"Sphere and 2 Shapes","floor":47,"turns":3},{"damage":0,"enemies":"Mind Bloom Boss Battle","floor":48,"turns":3},{"damage":21,"enemies":"Awakened One","floor":50,"turns":7},{"damage":32,"enemies":"Shield and Spear","floor":54,"turns":3},{"damage":57,"enemies":"The Heart","floor":55,"turns":5}],"seed_played":"-4289414550098099007","potions_obtained":[{"floor":1,"key":"SpeedPotion"},{"floor":16,"key":"BloodPotion"}],"is_trial":false,"path_per_floor":["M","?","?","$","$","E","M","M","T","M","$","M","E","$","R","B",null,"M","?","M","M","$","R","E","R","T","M","$","M","E","M","R","B",null,"M","M","$","M","M","R","E","M","T","R","E","$","M","?","R","B",null,"R","$","E","B",null],"character_chosen":"IRONCLAD","items_purchased":["Disarm","HandDrill","Bag of Marbles","Nunchaku","ColorlessPotion","SteroidPotion","Chemical X","PreservedInsect","Red Skull","Metallicize","Power Through","EssenceOfSteel","Medical Kit","Pen Nib","Kunai","Dark Embrace","Dropkick","Regen Potion","BloodPotion","Sling","Toy Ornithopter","Double Tap","ColorlessPotion","War Paint","Lee\u0027s Waffle","Orichalcum","Peace Pipe","Impatience","Impervious","Fire Breathing","BloodPotion","Strawberry","Mummified Hand","Master of Strategy","Discovery","Orrery","Dream Catcher","Bottled Flame","DollysMirror","OrangePellets","Boot","MealTicket","Secret Weapon","Brimstone","Blood Vial","Lantern","Metallicize","Warcry","EntropicBrew"],"campfire_rested":0,"item_purchase_floors":[4,4,4,4,4,4,5,5,5,5,5,5,11,11,11,11,11,11,11,14,14,14,14,14,22,22,22,22,22,22,22,28,28,28,28,28,37,37,37,46,46,46,46,53,53,53,53,53,53],"current_hp_per_floor":[80,60,65,65,65,71,77,83,83,58,58,59,63,63,63,68,85,85,85,79,80,98,98,101,101,101,79,86,103,108,113,113,116,123,123,115,115,126,129,129,129,132,132,132,132,132,132,135,135,123,138,138,138,112,115],"gold":93433,"neow_bonus":"THREE_ENEMY_KILL","is_daily":false,"chose_seed":false,"campfire_upgraded":6,"win_rate":0.0,"timestamp":1607950114,"path_taken":["M","?","?","?","$","E","M","?","T","M","$","M","E","$","R","BOSS","M","?","?","M","$","R","E","R","T","M","$","?","E","M","R","BOSS","M","M","$","M","M","R","E","M","T","R","E","$","M","?","R","BOSS","R","$","E","BOSS"],"items_purchased_type":["Card","Relic","Relic","Relic","Potion","Potion","Relic","Relic","Relic","Card","Card","Potion","Relic","Relic","Relic","Card","Card","Potion","Potion","Relic","Relic","Card","Potion","Relic","Relic","Relic","Relic","Card","Card","Card","Potion","Relic","Relic","Card","Card","Relic","Relic","Relic","Relic","Relic","Relic","Relic","Card","Relic","Relic","Relic","Card","Card","Potion"],"build_version":"2020-12-13","purchased_purges":8,"victory":true,"max_hp_per_floor":[80,80,85,85,85,85,85,85,85,85,85,85,85,85,85,85,85,85,85,88,91,98,98,101,101,101,104,111,114,117,120,120,123,123,123,123,123,126,129,129,129,132,132,132,132,132,132,135,135,138,138,138,138,138,138],"card_choices":[{"not_picked":["Uppercut","Ghostly Armor"],"picked":"True Grit","floor":1},{"not_picked":["Anger","Uppercut"],"picked":"Dropkick","floor":6},{"not_picked":["Evolve","Cleave"],"picked":"Warcry","floor":7},{"not_picked":["Heavy Blade","Armaments"],"picked":"Thunderclap","floor":8},{"not_picked":["Rage","Whirlwind","Perfected Strike"],"picked":"SKIP","floor":10},{"not_picked":["Perfected Strike","Shockwave"],"picked":"Dual Wield","floor":12},{"not_picked":["Immolate","Flex"],"picked":"Body Slam","floor":13},{"not_picked":["Berserk","Juggernaut"],"picked":"Feed","floor":16},{"not_picked":["Flame Barrier","Armaments"],"picked":"Warcry+1","floor":18},{"not_picked":["Flex","Sword Boomerang","Perfected Strike"],"picked":"SKIP","floor":20},{"not_picked":["Bloodletting","True Grit+1"],"picked":"Entrench","floor":21},{"not_picked":["Thunderclap","Iron Wave","Twin Strike"],"picked":"SKIP","floor":24},{"not_picked":["Sword Boomerang","Anger","Perfected Strike"],"picked":"SKIP","floor":27},{"not_picked":["Pommel Strike","Headbutt+1"],"picked":"Shockwave","floor":28},{"not_picked":["Berserk","Iron Wave"],"picked":"Battle Trance","floor":28},{"not_picked":["True Grit","Iron Wave"],"picked":"Reaper","floor":28},{"not_picked":["Rampage","Cleave"],"picked":"Seeing Red","floor":28},{"not_picked":["Carnage","Headbutt+1"],"picked":"Inflame+1","floor":28},{"not_picked":["Inflame","Battle Trance","Anger"],"picked":"SKIP","floor":29},{"not_picked":["Dual Wield","Whirlwind+1","True Grit"],"picked":"SKIP","floor":30},{"not_picked":["Pommel Strike+1","Cleave"],"picked":"Evolve","floor":31},{"not_picked":["Impervious","Brutality"],"picked":"Barricade","floor":33},{"not_picked":["Clash+1","Flex+1","Headbutt"],"picked":"SKIP","floor":35},{"not_picked":["Body Slam+1","Pummel+1","Power Through"],"picked":"SKIP","floor":36},{"not_picked":["Power Through+1","Heavy Blade","Sever Soul+1"],"picked":"SKIP","floor":38},{"not_picked":["Sword Boomerang","Rampage"],"picked":"Warcry+1","floor":39},{"not_picked":["Sword Boomerang","Twin Strike+1","Perfected Strike+1"],"picked":"SKIP","floor":41},{"not_picked":["Entrench","Dual Wield+1","Anger"],"picked":"SKIP","floor":42},{"not_picked":["Bloodletting","Blood for Blood","Pummel+1"],"picked":"SKIP","floor":45},{"not_picked":["Power Through","Body Slam+1","Pommel Strike+1"],"picked":"SKIP","floor":47},{"not_picked":["Disarm","Iron Wave+1"],"picked":"Seeing Red+1","floor":48},{"not_picked":["Perfected Strike+1","Carnage","Double Tap"],"picked":"SKIP","floor":54}],"player_experience":14981,"relics_obtained":[{"floor":6,"key":"Paper Frog"},{"floor":9,"key":"Meat on the Bone"},{"floor":13,"key":"Letter Opener"},{"floor":24,"key":"Bronze Scales"},{"floor":30,"key":"Oddly Smooth Stone"},{"floor":41,"key":"Juzu Bracelet"},{"floor":43,"key":"Bag of Preparation"},{"floor":45,"key":"Whetstone"},{"floor":48,"key":"Lizard Tail"},{"floor":54,"key":"Anchor"}],"event_choices":[{"damage_healed":0,"gold_gain":0,"player_choice":"Take Damage","damage_taken":20,"relics_obtained":["Golden Idol"],"max_hp_gain":0,"max_hp_loss":0,"event_name":"Golden Idol","floor":2,"gold_loss":0},{"damage_healed":0,"gold_gain":0,"player_choice":"Donut","damage_taken":0,"max_hp_gain":5,"max_hp_loss":0,"event_name":"Big Fish","floor":3,"gold_loss":0},{"damage_healed":0,"gold_gain":0,"player_choice":"Got Potions","damage_taken":0,"max_hp_gain":0,"max_hp_loss":0,"event_name":"Lab","floor":19,"gold_loss":0},{"damage_healed":0,"gold_gain":0,"player_choice":"Fight","damage_taken":0,"max_hp_gain":0,"max_hp_loss":0,"event_name":"MindBloom","floor":48,"gold_loss":0}],"is_beta":false,"boss_relics":[{"not_picked":["Mark of Pain","Black Blood"],"picked":"SlaversCollar"},{"not_picked":["Snecko Eye","Cursed Key"],"picked":"Coffee Dripper"}],"items_purged_floors":[4,5,11,14,22,28,37,46],"is_endless":false,"potions_floor_spawned":[1,8,10,16,18,24,27,31,33,39,41,47,54],"ascension_level":3}}