{"host":"1tl36azeqm6yhdgj","time":1607956321,"event":{"mods":["AchievementEnabler","BaseMod","Minty Spire (QoL Compilation)","StSLib","The IronCluck","everything is the same but u backflip on backflip"],"gold_per_floor":[112,72,72,72,93,145,175,175,220,220,170,212,242,269,269,403,403,437,19,52,52,52,52],"floor_reached":22,"playtime":884,"items_purged":["Strike_R"],"score":301,"play_id":"11fedfde-f994-45e4-8586-66a7cf2286df","local_time":"20201214093201","is_ascension_mode":true,"campfire_choices":[{"floor":8.0,"key":"RECALL"},{"floor":10.0,"key":"REST"},{"data":"Metallicize","floor":15,"key":"SMITH"}],"circlet_count":0,"master_deck":["AscendersBane","Strike_R","Strike_R","Defend_R","Defend_R","Defend_R","Defend_R","Bash","Impervious","Thunderclap","Metallicize+1","Feel No Pain","Rampage","Battle Trance","Ghostly Armor","Pummel","Cleave","Juggernaut","Seeing Red","Infernal Blade"],"relics":["Burning Blood","Golden Idol","CeramicFish","The Courier","Runic Cube","Omamori","Calipers"],"acts_visited":["Exordium","TheCity"],"potions_floor_usage":[20],"damage_taken":[{"damage":15.0,"enemies":"2 Louse","floor":1.0,"turns":3.0},{"damage":2.0,"enemies":"Jaw Worm","floor":5.0,"turns":4.0},{"damage":52.0,"enemies":"Gremlin Nob","floor":6.0,"turns":6.0},{"damage":0.0,"enemies":"Cultist","floor":7.0,"turns":4.0},{"damage":4.0,"enemies":"3 Sentries","floor":12.0,"turns":8.0},{"damage":0.0,"enemies":"3 Louse","floor":13.0,"turns":4.0},{"damage":7.0,"enemies":"2 Fungi Beasts","floor":14.0,"turns":4.0},{"damage":54,"enemies":"The Guardian","floor":16,"turns":17},{"damage":9,"enemies":"3 Byrds","floor":18,"turns":6},{"damage":17,"enemies":"2 Thieves","floor":20,"turns":4},{"damage":58,"enemies":"3 Cultists","floor":22,"turns":6}],"seed_played":"-7816458219110813709","potions_obtained":[{"floor":4.0,"key":"Explosive Potion"},{"floor":4.0,"key":"FairyPotion"},{"floor":6.0,"key":"Block Potion"},{"floor":12.0,"key":"Energy Potion"},{"floor":18,"key":"SteroidPotion"}],"is_trial":false,"path_per_floor":["M","$","?","?","M","E","M","R","T","R","?","E","M","M","R","B",null,"M","$","M","?","M"],"character_chosen":"IRONCLAD","items_purchased":["Metallicize","Omamori","Calipers"],"campfire_rested":1,"item_purchase_floors":[2,19,19],"current_hp_per_floor":[63,63,45,45,49,27,33,33,33,54,54,56,62,61,61,13,57,54,54,43,43,0,0],"gold":52,"neow_bonus":"THREE_RARE_CARDS","is_daily":false,"chose_seed":false,"campfire_upgraded":1,"win_rate":0.0,"timestamp":1607956321,"path_taken":["M","$","?","?","M","E","?","R","T","R","?","E","M","M","R","BOSS","M","$","M","?","M"],"items_purchased_type":["Card","Relic","Relic"],"build_version":"2020-12-13","purchased_purges":1,"victory":false,"max_hp_per_floor":[72,72,72,72,72,72,72,72,72,72,72,72,72,72,72,72,72,72,72,72,72,72,72],"card_choices":[{"not_picked":["Exhume","Berserk"],"picked":"Impervious","floor":0.0},{"not_picked":["Body Slam","Twin Strike"],"picked":"Thunderclap","floor":1.0},{"not_picked":["Metallicize","Wild Strike"],"picked":"Feel No Pain","floor":5.0},{"not_picked":["Anger","Entrench"],"picked":"Rampage","floor":6.0},{"not_picked":["Whirlwind","Headbutt"],"picked":"Battle Trance","floor":7.0},{"not_picked":["Headbutt","Pommel Strike"],"picked":"Ghostly Armor","floor":12.0},{"not_picked":["Twin Strike","Entrench"],"picked":"Pummel","floor":13.0},{"not_picked":["Sentinel","Sever Soul"],"picked":"Cleave","floor":14.0},{"not_picked":["Limit Break","Corruption"],"picked":"Juggernaut","floor":16},{"not_picked":["Body Slam","Carnage"],"picked":"Seeing Red","floor":18},{"not_picked":["Havoc","Sword Boomerang"],"picked":"Infernal Blade","floor":20}],"player_experience":1928529,"relics_obtained":[{"floor":6.0,"key":"CeramicFish"},{"floor":12.0,"key":"The Courier"}],"event_choices":[{"damage_healed":0.0,"max_hp_gain":0.0,"max_hp_loss":0.0,"gold_gain":0.0,"event_name":"Golden Idol","player_choice":"Take Damage","floor":3.0,"gold_loss":0.0,"damage_taken":18.0,"relics_obtained":["Golden Idol"]},{"damage_healed":0.0,"max_hp_gain":0.0,"max_hp_loss":0.0,"gold_gain":0.0,"event_name":"Lab","player_choice":"Got Potions","floor":4.0,"gold_loss":0.0,"damage_taken":0.0},{"cards_removed":["Strike_R"],"damage_healed":0.0,"max_hp_gain":0.0,"max_hp_loss":0.0,"gold_gain":0.0,"event_name":"The Cleric","player_choice":"Card Removal","floor":11.0,"gold_loss":50.0,"damage_taken":0.0},{"cards_removed":["Strike_R"],"damage_healed":0,"gold_gain":0,"player_choice":"Elegance","damage_taken":0,"max_hp_gain":0,"max_hp_loss":0,"event_name":"Back to Basics","floor":21,"gold_loss":0}],"is_beta":false,"boss_relics":[{"not_picked":["Calling Bell","Sozu"],"picked":"Runic Cube"}],"items_purged_floors":[19],"is_endless":false,"potions_floor_spawned":[6,12,18],"killed_by":"3 Cultists","ascension_level":11}}