{"host":"Crutt","time":1607944430,"event":{"mods":["2.2 Compatiblity","Aspiration","Bard","BaseMod","Better Altar","Better Skull","Better Third Choice","Googly Eyes","Hermit","Jedi Mod","Jorbs\u0027s Wanderer Trilogy","Minty Spire (QoL Compilation)","Optimize The Spire","Potionbrewer","Spicy Shops","StSLib","The Construct","The Cursed","The Disciple","The Hierophant","The Runesmith","thorton","vexMod"],"gold_per_floor":[133,233,254,34,52,52,67,119,119,119,154,154,124,24,24,29,29,29],"floor_reached":16,"playtime":543,"items_purged":["Normality","thethorton:Strike"],"score":188,"play_id":"523bb5f2-d36a-425b-a1fa-4b65a0832e79","local_time":"20201214051350","is_ascension_mode":true,"campfire_choices":[{"data":"thethorton:BusinessBoom","floor":6,"key":"SMITH"},{"data":"thethorton:Investment","floor":10,"key":"SMITH"},{"data":"thethorton:BusinessBash","floor":12,"key":"SMITH"},{"floor":15,"key":"REST"}],"circlet_count":0,"master_deck":["AscendersBane","thethorton:Strike","thethorton:Strike","thethorton:Defend","thethorton:Defend","thethorton:Defend","thethorton:Defend","thethorton:Heckle","thethorton:CreditCard","thethorton:BusinessBoom+1","thethorton:DesperateRun","thethorton:Investment+1","thethorton:Crash","thethorton:RichRun","thethorton:BusinessBash+1","thethorton:BusinessCard"],"relics":["thethorton:CouragePotion","Oddly Smooth Stone","jedi:shrinkray","Kunai","Dream Catcher","betterThird:SlimedRelic"],"acts_visited":["Exordium"],"potions_floor_usage":[8,16],"damage_taken":[{"damage":7,"enemies":"Small Slimes","floor":1,"turns":4},{"damage":13,"enemies":"Cultist","floor":3,"turns":6},{"damage":7,"enemies":"2 Louse","floor":5,"turns":4},{"damage":10,"enemies":"Large Slime","floor":7,"turns":7},{"damage":0,"enemies":"Gremlin Nob","floor":8,"turns":2},{"damage":7,"enemies":"Blue Slaver","floor":11,"turns":4},{"damage":38,"enemies":"Slime Boss","floor":16,"turns":3}],"seed_played":"5806632451700449888","potions_obtained":[{"floor":1,"key":"PowerPotion"},{"floor":5,"key":"jedi:tentaclejuice"}],"is_trial":false,"path_per_floor":["M","?","M","$","M","R","M","E","T","R","M","R","?","$","R","B"],"character_chosen":"THE_THORT","items_purchased":["Oddly Smooth Stone"],"campfire_rested":1,"item_purchase_floors":[4],"current_hp_per_floor":[54,54,41,41,34,34,24,24,24,24,17,17,6,6,26,0,0,0],"gold":29,"neow_bonus":"TRANSFORM_CARD","is_daily":false,"chose_seed":false,"campfire_upgraded":3,"win_rate":0.0,"timestamp":1607944430,"path_taken":["M","?","M","$","?","R","M","E","T","R","M","R","?","$","R","BOSS"],"items_purchased_type":["Relic"],"build_version":"2020-12-07","purchased_purges":2,"victory":false,"max_hp_per_floor":[68,68,68,68,68,68,68,68,68,68,68,68,68,68,68,68,68,68],"card_choices":[{"not_picked":["thethorton:DockPay","thethorton:FocusStrength"],"picked":"thethorton:DesperateRun","floor":1},{"not_picked":["thethorton:DesperateRun","thethorton:Distance"],"picked":"thethorton:Investment","floor":3},{"not_picked":["thethorton:ThickSkin","thethorton:DownPayment"],"picked":"thethorton:Crash","floor":5},{"not_picked":["thethorton:DownPayment","thethorton:DualBap"],"picked":"thethorton:RichRun","floor":7},{"not_picked":["thethorton:WhirlingBriefcase","thethorton:StumblingSlap"],"picked":"thethorton:BusinessBash","floor":8},{"not_picked":["thethorton:AngerMoment","thethorton:SheetShred"],"picked":"thethorton:BusinessCard","floor":11}],"player_experience":3517183,"relics_obtained":[{"floor":8,"key":"jedi:shrinkray"},{"floor":9,"key":"Kunai"}],"event_choices":[{"damage_healed":0,"gold_gain":100,"player_choice":"Pray","damage_taken":0,"max_hp_gain":0,"max_hp_loss":0,"event_name":"Golden Shrine","floor":2,"gold_loss":0},{"damage_healed":0,"gold_gain":0,"player_choice":"Slimed","damage_taken":11,"max_hp_gain":0,"max_hp_loss":0,"event_name":"betterThird:BetterGoop","floor":13,"gold_loss":30}],"is_beta":true,"boss_relics":[],"items_purged_floors":[4,14],"is_endless":false,"potions_floor_spawned":[1,5],"killed_by":"Slime Boss","ascension_level":10}}