{"host":"k8gerrcpv9xe1nxe","time":1607922308,"event":{"mods":["2.2 Compatiblity","AchievementEnabler","BaseMod","Bestiary","Minty Spire (QoL Compilation)","Relic Stats","StSLib"],"gold_per_floor":[109,8,8,27,27,58,58,133,133,151,151,177,224,257,257,358,358,374,68,82,102,112,138,154,183,207,224,224,224,224,254,254,357,357,372,388,405,416,434,434,466,482,534,534,167,167,216,233,233,233,233,233,13,44,44],"floor_reached":56,"playtime":2446,"items_purged":["Strike_B","Strike_B"],"score":1479,"play_id":"f4205d38-6673-4fbf-9d7b-17e7f84e1670","local_time":"20201214000508","is_ascension_mode":true,"campfire_choices":[{"data":"Coolheaded","floor":7,"key":"SMITH"},{"data":"Ball Lightning","floor":11,"key":"SMITH"},{"data":"Glacier","floor":15,"key":"SMITH"},{"data":"Biased Cognition","floor":28,"key":"SMITH"},{"data":"Self Repair","floor":32,"key":"SMITH"},{"data":"Echo Form","floor":40,"key":"SMITH"},{"floor":44,"key":"REST"},{"floor":46,"key":"RECALL"},{"data":"Barrage","floor":49,"key":"SMITH"},{"data":"Zap","floor":52,"key":"SMITH"}],"circlet_count":0,"master_deck":["Defend_B","Defend_B","Defend_B","Defend_B","Zap+1","Dualcast","Barrage+1","Self Repair+1","Coolheaded+1","Echo Form+1","Ball Lightning+1","Glacier+1","Biased Cognition+1","Doom and Gloom","Barrage+1","Undo+1","Core Surge","Coolheaded+1","Defragment+1","Hologram+1","Capacitor","Echo Form+1","Glacier+1","Loop","Panacea+1","Skim+1"],"relics":["Cracked Core","NeowsBlessing","Meat on the Bone","Singing Bowl","Question Card","PreservedInsect","Bag of Preparation","Darkstone Periapt","Philosopher\u0027s Stone","Membership Card","Toxic Egg 2","Orichalcum","Mummified Hand","Potion Belt","Inserter","Pocketwatch","Pen Nib","DollysMirror","Bird Faced Urn","Calipers","Lizard Tail","Centennial Puzzle"],"acts_visited":["Exordium","TheCity","TheBeyond","TheEnding"],"potions_floor_usage":[12,23,25,25,30,33,33,33,41,41,50,55,55,55,55],"damage_taken":[{"damage":0,"enemies":"Cultist","floor":1,"turns":1},{"damage":0,"enemies":"2 Louse","floor":4,"turns":1},{"damage":0,"enemies":"Lagavulin","floor":6,"turns":3},{"damage":5,"enemies":"Small Slimes","floor":10,"turns":3},{"damage":37,"enemies":"Gremlin Nob","floor":12,"turns":5},{"damage":0,"enemies":"Lagavulin","floor":14,"turns":4},{"damage":25,"enemies":"The Guardian","floor":16,"turns":7},{"damage":0,"enemies":"Spheric Guardian","floor":18,"turns":3},{"damage":32,"enemies":"2 Thieves","floor":20,"turns":4},{"damage":40,"enemies":"Snake Plant","floor":21,"turns":5},{"damage":23,"enemies":"Shelled Parasite and Fungi","floor":22,"turns":6},{"damage":23,"enemies":"Gremlin Leader","floor":23,"turns":4},{"damage":9,"enemies":"Centurion and Healer","floor":24,"turns":5},{"damage":16,"enemies":"Slavers","floor":25,"turns":3},{"damage":18,"enemies":"Snake Plant","floor":27,"turns":5},{"damage":43,"enemies":"Gremlin Leader","floor":31,"turns":9},{"damage":42,"enemies":"Collector","floor":33,"turns":13},{"damage":14,"enemies":"3 Darklings","floor":35,"turns":6},{"damage":4,"enemies":"Orb Walker","floor":36,"turns":4},{"damage":6,"enemies":"Writhing Mass","floor":37,"turns":7},{"damage":28,"enemies":"Sphere and 2 Shapes","floor":38,"turns":7},{"damage":35,"enemies":"3 Darklings","floor":39,"turns":5},{"damage":61,"enemies":"Reptomancer","floor":41,"turns":5},{"damage":20,"enemies":"Transient","floor":42,"turns":5},{"damage":8,"enemies":"2 Orb Walkers","floor":47,"turns":4},{"damage":23,"enemies":"Jaw Worm Horde","floor":48,"turns":5},{"damage":69,"enemies":"Awakened One","floor":50,"turns":11},{"damage":5,"enemies":"Shield and Spear","floor":54,"turns":6},{"damage":68,"enemies":"The Heart","floor":55,"turns":8}],"seed_played":"918467246901274286","potions_obtained":[{"floor":4,"key":"DistilledChaos"},{"floor":10,"key":"SpeedPotion"},{"floor":16,"key":"EntropicBrew"},{"floor":18,"key":"SpeedPotion"},{"floor":20,"key":"LiquidBronze"},{"floor":24,"key":"Fruit Juice"},{"floor":25,"key":"BlessingOfTheForge"},{"floor":30,"key":"Fire Potion"},{"floor":31,"key":"Dexterity Potion"},{"floor":35,"key":"LiquidBronze"},{"floor":37,"key":"Explosive Potion"},{"floor":47,"key":"Regen Potion"},{"floor":48,"key":"Explosive Potion"}],"is_trial":false,"path_per_floor":["M","$","T","M","?","E","R","?","T","M","R","E","T","E","R","B",null,"M","$","M","M","M","E","M","E","T","M","R","?","?","E","R","B",null,"M","M","M","M","M","R","E","M","T","R","$","R","?","M","R","B",null,"R","$","E","B",null],"character_chosen":"DEFECT","items_purchased":["Self Repair","Coolheaded","Membership Card","Toxic Egg 2","Capacitor","DollysMirror","Bird Faced Urn","FocusPotion","Block Potion","Loop","Lizard Tail","Panacea+1"],"campfire_rested":1,"item_purchase_floors":[2,2,19,19,45,45,45,45,45,53,53,53],"current_hp_per_floor":[75,75,75,75,75,77,77,66,66,68,68,52,52,66,66,48,79,79,79,63,44,49,54,54,66,66,64,64,64,69,54,54,34,100,102,98,104,96,83,83,36,48,48,80,80,80,108,107,107,76,110,110,110,110,85],"gold":44,"neow_bonus":"THREE_ENEMY_KILL","is_daily":false,"chose_seed":false,"campfire_upgraded":8,"win_rate":0.0,"timestamp":1607922308,"path_taken":["M","?","?","M","?","E","R","?","T","M","R","E","?","E","R","BOSS","M","$","M","M","M","E","M","E","T","M","R","?","?","E","R","BOSS","M","M","M","?","M","R","E","?","T","R","$","R","?","M","R","BOSS","R","$","E","BOSS"],"items_purchased_type":["Card","Card","Relic","Relic","Card","Relic","Relic","Potion","Potion","Card","Relic","Card"],"build_version":"2020-12-13","purchased_purges":2,"victory":true,"max_hp_per_floor":[75,75,75,75,75,77,77,77,77,77,77,79,79,79,79,79,79,79,79,81,83,85,87,89,91,91,93,93,93,98,100,100,100,100,102,102,104,104,106,106,108,108,108,108,108,108,108,110,110,110,110,110,110,110,110],"relic_stats":{"Darkstone Periapt":0,"Inserter":[35],"Singing Bowl":30,"counters":[29,154],"PreservedInsect":287,"Pen Nib":[4],"Bag of Preparation":[48],"Orichalcum":[84],"Question Card":24,"Lizard Tail":0,"Centennial Puzzle":[3],"Mummified Hand":[97],"Bird Faced Urn":[69],"obtain_stats":[{"Darkstone Periapt":14,"Potion Belt":31,"Inserter":34,"Calipers":47,"NeowsBlessing":0,"Singing Bowl":6,"PreservedInsect":12,"Pen Nib":43,"Bag of Preparation":13,"Orichalcum":23,"Question Card":9,"Lizard Tail":53,"Centennial Puzzle":54,"Mummified Hand":25,"DollysMirror":45,"Bird Faced Urn":45,"Philosopher\u0027s Stone":17,"Membership Card":19,"Toxic Egg 2":19,"Cracked Core":0,"Meat on the Bone":3,"Pocketwatch":41},{"Darkstone Periapt":6,"Potion Belt":16,"Inserter":17,"Calipers":25,"NeowsBlessing":0,"Singing Bowl":3,"PreservedInsect":5,"Pen Nib":24,"Bag of Preparation":5,"Orichalcum":12,"Question Card":3,"Lizard Tail":27,"Centennial Puzzle":28,"Mummified Hand":14,"DollysMirror":24,"Bird Faced Urn":24,"Philosopher\u0027s Stone":7,"Membership Card":8,"Toxic Egg 2":8,"Cracked Core":0,"Meat on the Bone":1,"Pocketwatch":23},{"Darkstone Periapt":17,"Potion Belt":68,"Inserter":81,"Calipers":124,"NeowsBlessing":0,"Singing Bowl":5,"PreservedInsect":13,"Pen Nib":120,"Bag of Preparation":13,"Orichalcum":46,"Question Card":5,"Lizard Tail":140,"Centennial Puzzle":146,"Mummified Hand":54,"DollysMirror":120,"Bird Faced Urn":120,"Philosopher\u0027s Stone":24,"Membership Card":27,"Toxic Egg 2":27,"Cracked Core":0,"Meat on the Bone":1,"Pocketwatch":115}],"Meat on the Bone":108,"Pocketwatch":[18]},"card_choices":[{"not_picked":["Turbo","Coolheaded"],"picked":"Barrage","floor":1},{"not_picked":["Fusion","Steam"],"picked":"Echo Form","floor":4},{"not_picked":["Machine Learning","Beam Cell","Aggregate"],"picked":"Singing Bowl","floor":6},{"not_picked":["Static Discharge","Cold Snap","Hologram"],"picked":"Ball Lightning","floor":10},{"not_picked":["Sweeping Beam","Hologram","Consume","Rebound"],"picked":"Singing Bowl","floor":12},{"not_picked":["Heatsinks","White Noise","Leap"],"picked":"Glacier","floor":14},{"not_picked":["Multi-Cast","Thunder Strike","Creative AI"],"picked":"Biased Cognition","floor":16},{"not_picked":["Beam Cell","Hologram","Ball Lightning+1"],"picked":"Doom and Gloom","floor":18},{"not_picked":["Streamline","Barrage","Chill+1","Steam+1"],"picked":"Singing Bowl","floor":20},{"not_picked":["Steam+1","Rebound","Doom and Gloom","Skim+1"],"picked":"Singing Bowl","floor":21},{"not_picked":["Compile Driver","Chill+1","Fusion+1","Streamline"],"picked":"Singing Bowl","floor":22},{"not_picked":["Sunder","Beam Cell","Ball Lightning","Streamline"],"picked":"Singing Bowl","floor":23},{"not_picked":["Sweeping Beam","Beam Cell","Conserve Battery+1","Steam Power+1"],"picked":"Singing Bowl","floor":24},{"not_picked":["Rip and Tear","Compile Driver","Leap+1","Machine Learning"],"picked":"Singing Bowl","floor":25},{"not_picked":["Rip and Tear","Turbo+1","Go for the Eyes","Cold Snap"],"picked":"Singing Bowl","floor":27},{"not_picked":["Beam Cell","Doom and Gloom","Streamline+1","Barrage"],"picked":"Singing Bowl","floor":31},{"not_picked":["Biased Cognition","Seek+1","Electrodynamics"],"picked":"Core Surge","floor":33},{"not_picked":["Barrage","Gash","Steam Power+1","Conserve Battery+1"],"picked":"Singing Bowl","floor":35},{"not_picked":["Stack+1","Barrage+1","FTL+1"],"picked":"Coolheaded+1","floor":36},{"not_picked":["Turbo+1","Ball Lightning+1","Conserve Battery+1","Streamline"],"picked":"Singing Bowl","floor":37},{"not_picked":["Lockon","Compile Driver+1","Chill+1"],"picked":"Defragment+1","floor":38},{"not_picked":["Streamline","Scrape+1","Reinforced Body+1","Barrage+1"],"picked":"Singing Bowl","floor":39},{"not_picked":["Meteor Strike","Storm","Streamline","Genetic Algorithm+1"],"picked":"Singing Bowl","floor":41},{"not_picked":["Undo+1","Barrage+1","Loop+1"],"picked":"Hologram+1","floor":42},{"not_picked":["Barrage","White Noise+1","Self Repair+1"],"picked":"Glacier+1","floor":47},{"not_picked":["Capacitor","Turbo+1","Fission+1","Go for the Eyes"],"picked":"Singing Bowl","floor":48},{"not_picked":["BootSequence+1","Beam Cell","Static Discharge+1"],"picked":"Skim+1","floor":54}],"player_experience":46224,"relics_obtained":[{"floor":3,"key":"Meat on the Bone"},{"floor":6,"key":"Singing Bowl"},{"floor":9,"key":"Question Card"},{"floor":12,"key":"PreservedInsect"},{"floor":13,"key":"Bag of Preparation"},{"floor":14,"key":"Darkstone Periapt"},{"floor":23,"key":"Orichalcum"},{"floor":25,"key":"Mummified Hand"},{"floor":31,"key":"Potion Belt"},{"floor":41,"key":"Pocketwatch"},{"floor":43,"key":"Pen Nib"},{"floor":47,"key":"Calipers"},{"floor":54,"key":"Centennial Puzzle"}],"event_choices":[{"damage_healed":0,"gold_gain":0,"player_choice":"Grow","damage_taken":0,"max_hp_gain":0,"max_hp_loss":0,"event_name":"Living Wall","floor":5,"gold_loss":0,"cards_upgraded":["Barrage"]},{"damage_healed":0,"gold_gain":75,"player_choice":"Gather Gold","damage_taken":11,"max_hp_gain":0,"max_hp_loss":0,"event_name":"World of Goop","floor":8,"gold_loss":0},{"damage_healed":0,"gold_gain":0,"cards_transformed":["Strike_B","Strike_B"],"player_choice":"Became Test Subject","damage_taken":0,"max_hp_gain":0,"max_hp_loss":0,"event_name":"Drug Dealer","floor":29,"gold_loss":0,"cards_obtained":["Barrage","Undo"]},{"damage_healed":0,"gold_gain":0,"player_choice":"Got Potions","damage_taken":0,"max_hp_gain":0,"max_hp_loss":0,"event_name":"Lab","floor":30,"gold_loss":0},{"damage_healed":0,"gold_gain":0,"player_choice":"Fight","damage_taken":0,"max_hp_gain":0,"max_hp_loss":0,"event_name":"Mysterious Sphere","floor":47,"gold_loss":0}],"is_beta":false,"boss_relics":[{"not_picked":["Ectoplasm","Velvet Choker"],"picked":"Philosopher\u0027s Stone"},{"not_picked":["Nuclear Battery","Runic Dome"],"picked":"Inserter"}],"items_purged_floors":[19,45],"is_endless":false,"potions_floor_spawned":[4,10,16,18,20,24,25,31,35,37,47,48],"ascension_level":3}}