{"host":"igi9xpgoc000gxf5","time":1607987078,"event":{"mods":["BaseMod","Colored Powertips","Downfall","Googly Eyes","Minty Spire (QoL Compilation)","StSLib"],"gold_per_floor":[99,159,177,201,221,241,241,341,351,201,215,230,32,32,47,47,47],"floor_reached":16,"playtime":1201,"items_purged":[],"score":119,"play_id":"1a540628-19bc-447f-b7a5-c74815183028","local_time":"20201215000438","is_ascension_mode":false,"campfire_choices":[{"floor":1,"key":"RECALL"},{"floor":10,"key":"REST"}],"circlet_count":0,"master_deck":["champ:Strike","champ:Strike","champ:Strike","champ:Strike","champ:Defend","champ:Defend","champ:Defend","champ:Defend","champ:Execute","champ:Taunt","champ:StanceDance","champ:Circumvent","champ:Haymaker","champ:FanOfKnives","champ:Circumvent","champ:PreciseThrust","champ:GladiatorsShout","champ:StanceDance","champ:DefensiveShout","champ:FlashCut","champ:TornadoPunch","champ:IronFortress","champ:IronFortress"],"relics":["champ:ChampionCrown","Orichalcum","Anchor","downfall:HeartBlessingRed","downfall:HeartBlessingBlue"],"acts_visited":["Exordium"],"potions_floor_usage":[9,16,16],"damage_taken":[{"damage":105,"enemies":"Lagavulin Event","floor":2,"turns":13},{"damage":10,"enemies":"Small Slimes","floor":3,"turns":4},{"damage":0,"enemies":"Jaw Worm","floor":5,"turns":5},{"damage":3,"enemies":"Cultist","floor":6,"turns":4},{"damage":3,"enemies":"2 Fungi Beasts","floor":9,"turns":3},{"damage":5,"enemies":"Exordium Wildlife","floor":11,"turns":4},{"damage":5,"enemies":"Large Slime","floor":12,"turns":5},{"damage":11,"enemies":"downfall:FleeingMerchant","floor":13,"turns":4},{"damage":3,"enemies":"Blue Slaver","floor":15,"turns":4},{"damage":45,"enemies":"downfall:Ironclad","floor":16,"turns":9}],"seed_played":"-4597894346939276137","potions_obtained":[{"floor":2,"key":"SpeedPotion"},{"floor":3,"key":"AttackPotion"},{"floor":6,"key":"champ:OpenerPotion"},{"floor":11,"key":"SteroidPotion"}],"is_trial":false,"path_per_floor":["R","?","M","T","M","M","T","?","M","R","M","M","$","?","M","B"],"character_chosen":"THE_CHAMP","items_purchased":["champ:DefensiveShout","champ:FlashCut","champ:TornadoPunch","champ:IronFortress"],"campfire_rested":1,"item_purchase_floors":[13,13,13,13],"current_hp_per_floor":[99,9,4,4,4,4,4,4,1,43,38,38,38,48,45,0,0],"gold":47,"neow_bonus":"TEN_PERCENT_HP_BONUS","is_daily":false,"chose_seed":false,"campfire_upgraded":0,"win_rate":0.0,"timestamp":1607987078,"path_taken":["R","?","M","?","M","M","T","?","M","R","M","?","?","?","M","BOSS"],"items_purchased_type":["Card","Card","Card","Card"],"build_version":"2020-12-13","purchased_purges":0,"victory":false,"max_hp_per_floor":[99,99,99,99,99,99,99,99,99,109,109,109,109,119,119,119,119],"card_choices":[{"not_picked":["champ:RecklessLeap","champ:FalseCounter"],"picked":"champ:StanceDance","floor":2},{"not_picked":["champ:IronFortress","champ:StanceDance"],"picked":"champ:Circumvent","floor":3},{"not_picked":["champ:Encircle","champ:EndlessRage"],"picked":"champ:Haymaker","floor":5},{"not_picked":["champ:BerserkerStyle","champ:RapidStrikes"],"picked":"champ:FanOfKnives","floor":6},{"not_picked":["champ:BerserkersShout","champ:PerfectedStrike"],"picked":"champ:Circumvent","floor":9},{"not_picked":["champ:BerserkersShout","champ:PerfectedStrike"],"picked":"champ:PreciseThrust","floor":11},{"not_picked":["champ:ShieldThrow","champ:TornadoPunch"],"picked":"champ:GladiatorsShout","floor":12},{"not_picked":["champ:EnragedBash","champ:FocusedDefense"],"picked":"champ:StanceDance","floor":13},{"not_picked":["champ:DefensiveStyle","champ:EndlessRage"],"picked":"champ:IronFortress","floor":15}],"player_experience":860468,"relics_obtained":[{"floor":2,"key":"Orichalcum"},{"floor":4,"key":"Anchor"}],"event_choices":[],"is_beta":false,"boss_relics":[],"items_purged_floors":[],"is_endless":false,"potions_floor_spawned":[2,3,6,11],"killed_by":"downfall:Ironclad","ascension_level":0}}