{"host":"f55lpzc7830gmx23","time":1607949508,"event":{"mods":["BaseMod","Better Note","Downfall","Hermit","Minty Spire (QoL Compilation)","StSLib","The Blackbeard","The Cursed","The Necromancer"],"gold_per_floor":[113,113,113,113,131,131,156,156,156,185,200,212,242,265,277,393,405,429,441,453,476,500,543,571,543,555,592,604,641,671,702,714,726,726],"floor_reached":33,"playtime":1763,"items_purged":[],"score":354,"play_id":"1f1edf71-f641-4583-a84c-e99301eb4067","local_time":"20201214133828","is_ascension_mode":true,"campfire_choices":[{"data":"Bash","floor":6.0,"key":"SMITH"},{"data":"Clothesline","floor":8.0,"key":"SMITH"},{"data":"Heavy Blade","floor":15.0,"key":"SMITH"},{"floor":28,"key":"REST"},{"floor":32,"key":"REST"}],"circlet_count":0,"master_deck":["Strike_R","Strike_R","Strike_R","Strike_R","Strike_R+1","Defend_R","Defend_R","Bash+1","Thunderclap+1","Clothesline+1","Bloodletting","Sword Boomerang","Perfected Strike","Heavy Blade+1","Berserk+1","Armaments+1","Perfected Strike","Pommel Strike","Twin Strike+1","Intimidate+1","Pommel Strike+1"],"relics":["Burning Blood","NeowsBlessing","Orichalcum","Question Card","Ginger","Odd Mushroom","MawBank","Empty Cage","Toxic Egg 2","Potion Belt","Matryoshka","Happy Flower","Dream Catcher"],"acts_visited":["Exordium","TheCity"],"potions_floor_usage":[22,22,22,27,27],"damage_taken":[{"damage":0.0,"enemies":"Jaw Worm","floor":1.0,"turns":1.0},{"damage":0.0,"enemies":"Small Slimes","floor":5.0,"turns":1.0},{"damage":0.0,"enemies":"Lagavulin","floor":7.0,"turns":1.0},{"damage":9.0,"enemies":"The Mushroom Lair","floor":10.0,"turns":4.0},{"damage":0.0,"enemies":"2 Louse","floor":11.0,"turns":2.0},{"damage":15.0,"enemies":"Exordium Wildlife","floor":12.0,"turns":4.0},{"damage":19.0,"enemies":"3 Sentries","floor":13.0,"turns":6.0},{"damage":2.0,"enemies":"Looter","floor":14.0,"turns":2.0},{"damage":38.0,"enemies":"Hexaghost","floor":16.0,"turns":9.0},{"damage":6.0,"enemies":"Chosen","floor":18.0,"turns":4.0},{"damage":21.0,"enemies":"Spheric Guardian","floor":21.0,"turns":4.0},{"damage":33,"enemies":"Snake Plant","floor":22,"turns":4},{"damage":55,"enemies":"Gremlin Leader","floor":23,"turns":6},{"damage":10,"enemies":"Snecko","floor":24,"turns":3},{"damage":25,"enemies":"Book of Stabbing","floor":27,"turns":4},{"damage":11,"enemies":"Cultist and Chosen","floor":30,"turns":4},{"damage":27,"enemies":"Sentry and Sphere","floor":31,"turns":5},{"damage":51,"enemies":"Collector","floor":33,"turns":7}],"seed_played":"8562739749429775559","potions_obtained":[{"floor":5.0,"key":"Fruit Juice"},{"floor":7.0,"key":"ColorlessPotion"},{"floor":12.0,"key":"SteroidPotion"},{"floor":16.0,"key":"SmokeBomb"},{"floor":18.0,"key":"EntropicBrew"},{"floor":19.0,"key":"Energy Potion"},{"floor":19.0,"key":"Guardian:BlockOnCardUsePotion"},{"floor":23,"key":"champ:CounterPotion"}],"is_trial":false,"path_per_floor":["M","?","?","?","M","R","E","R","T","?","M","M","E","M","R","B",null,"M","?","?","M","M","E","M","?","T","E","R","T","M","M","R","B"],"character_chosen":"IRONCLAD","items_purchased":[],"campfire_rested":2,"item_purchase_floors":[],"current_hp_per_floor":[80,80,80,64,70,70,76,76,76,73,79,70,57,61,61,34,85,85,85,85,70,43,21,17,17,17,25,50,50,45,24,49,0,0],"gold":726,"neow_bonus":"THREE_ENEMY_KILL","is_daily":false,"chose_seed":false,"campfire_upgraded":3,"win_rate":0.0,"timestamp":1607949508,"path_taken":["M","?","?","?","M","R","E","R","T","?","M","M","E","M","R","BOSS","M","?","?","M","?","E","M","?","T","E","R","?","?","M","R","BOSS"],"items_purchased_type":[],"build_version":"2020-12-13","purchased_purges":0,"victory":false,"max_hp_per_floor":[80,80,80,80,80,80,80,80,80,80,80,80,80,80,80,85,85,85,85,85,85,85,85,85,85,85,85,85,85,85,85,85,85,85],"card_choices":[{"not_picked":["Anger","Headbutt"],"picked":"Thunderclap","floor":1.0},{"not_picked":["Wild Strike","Rampage"],"picked":"Clothesline","floor":5.0},{"not_picked":["Reckless Charge","Body Slam","Anger"],"picked":"SKIP","floor":7.0},{"not_picked":["Sentinel","Twin Strike","Blood for Blood"],"picked":"Bloodletting","floor":10.0},{"not_picked":["Clothesline","Iron Wave","Offering"],"picked":"Sword Boomerang","floor":11.0},{"not_picked":["Shockwave","Rage","Thunderclap"],"picked":"Perfected Strike","floor":12.0},{"not_picked":["Headbutt","Rampage","Clash","Sword Boomerang"],"picked":"SKIP","floor":13.0},{"not_picked":["Entrench","Sword Boomerang","Pommel Strike"],"picked":"Heavy Blade","floor":14.0},{"not_picked":["Double Tap","Exhume","Bludgeon"],"picked":"Berserk","floor":16.0},{"not_picked":["Ghostly Armor","Clothesline+1","True Grit"],"picked":"Armaments+1","floor":18.0},{"not_picked":["Thunderclap+1","Iron Wave","Havoc"],"picked":"Perfected Strike","floor":21.0},{"not_picked":["Sword Boomerang+1","Clothesline","Bludgeon"],"picked":"Pommel Strike","floor":22},{"not_picked":["Flex+1","Disarm+1","Bludgeon"],"picked":"Twin Strike+1","floor":23},{"not_picked":["Shrug It Off+1","Hemokinesis","Cleave"],"picked":"Intimidate+1","floor":24},{"not_picked":["Anger+1","Carnage+1","Bloodletting+1","Perfected Strike"],"picked":"SKIP","floor":27},{"not_picked":["Flex+1","Iron Wave","Cleave","Pummel"],"picked":"SKIP","floor":30},{"not_picked":["Flex+1","Body Slam","Armaments+1","Havoc+1"],"picked":"SKIP","floor":31},{"not_picked":["Headbutt","Evolve","Bloodletting+1"],"picked":"Pommel Strike+1","floor":32}],"player_experience":397039,"relics_obtained":[{"floor":7.0,"key":"Question Card"},{"floor":9.0,"key":"Ginger"},{"floor":10.0,"key":"Odd Mushroom"},{"floor":13.0,"key":"MawBank"},{"floor":23,"key":"Toxic Egg 2"},{"floor":26,"key":"Potion Belt"},{"floor":27,"key":"Matryoshka"},{"floor":29,"key":"Happy Flower"},{"floor":29,"key":"Dream Catcher"}],"event_choices":[{"damage_healed":0.0,"max_hp_gain":0.0,"max_hp_loss":0.0,"gold_gain":0.0,"event_name":"Golden Wing","player_choice":"Ignored","floor":2.0,"gold_loss":0.0,"damage_taken":0.0},{"damage_healed":0.0,"max_hp_gain":0.0,"max_hp_loss":0.0,"gold_gain":0.0,"event_name":"Big Fish","player_choice":"Box","floor":3.0,"gold_loss":0.0,"damage_taken":0.0,"relics_obtained":["Orichalcum"],"cards_obtained":["Regret"]},{"damage_healed":0.0,"max_hp_gain":0.0,"max_hp_loss":0.0,"gold_gain":0.0,"event_name":"Shining Light","player_choice":"Entered Light","floor":4.0,"gold_loss":0.0,"damage_taken":16.0,"cards_upgraded":["Thunderclap","Strike_R"]},{"damage_healed":0.0,"max_hp_gain":0.0,"max_hp_loss":0.0,"gold_gain":0.0,"event_name":"Mushrooms","player_choice":"Fought Mushrooms","floor":10.0,"gold_loss":0.0,"damage_taken":0.0},{"damage_healed":0.0,"max_hp_gain":0.0,"max_hp_loss":0.0,"gold_gain":0.0,"event_name":"Lab","player_choice":"Got Potions","floor":19.0,"gold_loss":0.0,"damage_taken":0.0},{"cards_removed":["Defend_R"],"damage_healed":0.0,"max_hp_gain":0.0,"max_hp_loss":0.0,"gold_gain":0.0,"event_name":"Purifier","player_choice":"Purged","floor":20.0,"gold_loss":0.0,"damage_taken":0.0},{"damage_healed":0,"gold_gain":0,"player_choice":"Upgrade","damage_taken":0,"max_hp_gain":0,"max_hp_loss":0,"event_name":"Designer","floor":25,"gold_loss":40,"cards_upgraded":["Berserk"]}],"is_beta":false,"boss_relics":[{"not_picked":["Runic Cube","Runic Dome"],"picked":"Empty Cage"}],"items_purged_floors":[],"is_endless":false,"potions_floor_spawned":[5,7,12,16,18,22,23,24],"killed_by":"Collector","ascension_level":2}}