{"host":"d7qmn60fs48wu5y6","time":1607924100,"event":{"mods":["BaseMod","Downfall","Minty Spire (QoL Compilation)","Shade Mod","StSLib","The Cursed","The Servant 0.9.4"],"gold_per_floor":[118,131,6,16,16,0,16,30,56,56,84,84,9,22,22,127,127,142,142,142,142,142,142,74,74,74,101,111,138,149,6,6,109,109,128,175,175,185,185,185],"floor_reached":39,"playtime":1595,"items_purged":["Parasite"],"score":463,"play_id":"b8a344d6-1b1a-4a0e-863b-539a312aebf8","local_time":"20201213213500","is_ascension_mode":true,"campfire_choices":[{"floor":10,"key":"REST"},{"floor":15,"key":"REST"},{"data":"DancingSilver","floor":23,"key":"SMITH"},{"data":"MoonPhase","floor":25,"key":"SMITH"},{"floor":32,"key":"REST"}],"circlet_count":0,"master_deck":["Defend_S","Defend_S","Defend_S+1","KidneyShot","Exchange","Initiator","Spin","Defy","Contraction","Potential","Potential","RealityMarble","DancingSilver+1","Rearm","SoulSculpture","SilverBlades","Bite","Bite","Bite","Bite","MoonPhase+1","Spin+1","SilverBlades","MoonPhase+1","MurderousAura","Reset+1","GearUp+1","expansioncontent:AwakenDeath","DoubleEdge"],"relics":["Uniform","Bag of Marbles","Strawberry","MysterySword","MutagenicStrength","Omamori","Eternal Feather","Centennial Puzzle","Pantograph","DollysMirror","Empty Cage","Turnip"],"acts_visited":["Exordium","TheCity","TheBeyond"],"potions_floor_usage":[11,11,27,27,27,36,39],"damage_taken":[{"damage":4,"enemies":"2 Louse","floor":1,"turns":3},{"damage":6,"enemies":"Jaw Worm","floor":2,"turns":2},{"damage":0,"enemies":"Small Slimes","floor":4,"turns":4},{"damage":0,"enemies":"Exordium Wildlife","floor":7,"turns":2},{"damage":16,"enemies":"Large Slime","floor":8,"turns":2},{"damage":14,"enemies":"Gremlin Nob","floor":11,"turns":3},{"damage":1,"enemies":"Blue Slaver","floor":14,"turns":4},{"damage":21,"enemies":"Hexaghost","floor":16,"turns":11},{"damage":21,"enemies":"Spheric Guardian","floor":18,"turns":4},{"damage":21,"enemies":"Slavers","floor":27,"turns":3},{"damage":3,"enemies":"Chosen","floor":28,"turns":4},{"damage":27,"enemies":"Gremlin Leader","floor":29,"turns":6},{"damage":12,"enemies":"Shelled Parasite and Fungi","floor":30,"turns":5},{"damage":1,"enemies":"Collector","floor":33,"turns":12},{"damage":2,"enemies":"Orb Walker","floor":35,"turns":2},{"damage":39,"enemies":"2 Orb Walkers","floor":36,"turns":6},{"damage":25,"enemies":"3 Shapes","floor":38,"turns":4},{"damage":40,"enemies":"3 Darklings","floor":39,"turns":2}],"seed_played":"7576637034260191160","potions_obtained":[{"floor":1,"key":"Ancient Potion"},{"floor":8,"key":"PowerPotion"},{"floor":11,"key":"Explosive Potion"},{"floor":14,"key":"Explosive Potion"},{"floor":18,"key":"Explosive Potion"},{"floor":29,"key":"Weak Potion"},{"floor":30,"key":"Strength Potion"},{"floor":33,"key":"Dexterity Potion"},{"floor":36,"key":"Fire Potion"}],"is_trial":false,"path_per_floor":["M","M","$","M","?","?","M","M","T","R","E","?","$","M","R","B",null,"M","$","?","?","?","R","$","R","T","E","M","E","M","$","R","B",null,"M","?","?","M","M"],"character_chosen":"THE_SERVANT","items_purchased":["Contraction","Potential","MoonPhase","DollysMirror"],"campfire_rested":3,"item_purchase_floors":[3,3,24,31],"current_hp_per_floor":[43,37,37,37,24,24,24,8,8,27,20,38,38,37,57,36,69,48,48,48,48,48,48,48,48,48,31,38,25,25,25,48,48,48,48,17,17,10,0,0],"gold":185,"neow_bonus":"THREE_RARE_CARDS","is_daily":false,"chose_seed":false,"campfire_upgraded":2,"win_rate":0.0,"timestamp":1607924100,"path_taken":["M","M","$","M","?","?","M","M","T","R","E","?","$","M","R","BOSS","M","$","?","?","?","R","$","R","T","E","?","E","M","$","R","BOSS","M","?","?","M","M"],"items_purchased_type":["Card","Card","Card","Relic"],"build_version":"2020-12-13","purchased_purges":1,"victory":false,"max_hp_per_floor":[65,65,65,65,65,65,65,65,65,65,72,72,69,69,69,69,69,69,69,69,69,48,48,48,48,48,48,48,48,48,48,48,48,48,48,48,48,48,48,48],"card_choices":[{"not_picked":["Solidify","Duplication"],"picked":"Initiator","floor":0},{"not_picked":["Snipe","Starlight"],"picked":"Spin","floor":1},{"not_picked":["Starlight","Barrier"],"picked":"Defy","floor":2},{"not_picked":["Rewind","Gouge"],"picked":"Potential","floor":4},{"not_picked":["Rearm","GearUp"],"picked":"RealityMarble","floor":7},{"not_picked":["FastForward","Starlight"],"picked":"DancingSilver","floor":8},{"not_picked":["Unruled","ShatteredReality"],"picked":"Rearm","floor":11},{"not_picked":["Advance","Comet","Defy"],"picked":"SKIP","floor":14},{"not_picked":["Deny","Embodiment"],"picked":"SoulSculpture","floor":16},{"not_picked":["ReturningBlade","Moondial"],"picked":"SilverBlades","floor":18},{"not_picked":["Potential","TimeWarp","Advance"],"picked":"SKIP","floor":27},{"not_picked":["Defy","Potential"],"picked":"Spin+1","floor":28},{"not_picked":["FanOfKnives","ForgedInTime","Unruled"],"picked":"SKIP","floor":29},{"not_picked":["Luminosity","Foresight"],"picked":"SilverBlades","floor":30},{"not_picked":["Initiator","PendulumOfEternity"],"picked":"MurderousAura","floor":33},{"not_picked":["FastForward+1","WasteNot+1"],"picked":"Reset+1","floor":35},{"not_picked":["Defy+1","Revamp+1"],"picked":"GearUp+1","floor":36},{"not_picked":["The Bomb","expansioncontent:Torchfire"],"picked":"expansioncontent:AwakenDeath","floor":37},{"not_picked":["FastForward","BottledTime+1"],"picked":"DoubleEdge","floor":38}],"player_experience":855112,"relics_obtained":[{"floor":9,"key":"Bag of Marbles"},{"floor":11,"key":"Strawberry"},{"floor":26,"key":"Eternal Feather"},{"floor":27,"key":"Centennial Puzzle"},{"floor":29,"key":"Pantograph"},{"floor":36,"key":"Turnip"}],"event_choices":[{"damage_healed":0,"gold_gain":0,"player_choice":"Entered Light","damage_taken":13,"max_hp_gain":0,"max_hp_loss":0,"event_name":"Shining Light","floor":5,"gold_loss":0,"cards_upgraded":["Defend_S","Strike_S"]},{"damage_healed":0,"gold_gain":0,"player_choice":"Left Gold","damage_taken":0,"max_hp_gain":0,"max_hp_loss":0,"event_name":"World of Goop","floor":6,"gold_loss":16},{"damage_healed":18,"gold_gain":0,"player_choice":"Healed and dodged fight","damage_taken":0,"max_hp_gain":0,"max_hp_loss":0,"event_name":"Mushrooms","floor":12,"gold_loss":0,"cards_obtained":["Parasite"]},{"damage_healed":0,"gold_gain":0,"player_choice":"Inject Mutagens","damage_taken":0,"relics_obtained":["MutagenicStrength"],"max_hp_gain":0,"max_hp_loss":0,"event_name":"Drug Dealer","floor":20,"gold_loss":0},{"damage_healed":0,"gold_gain":0,"player_choice":"Opened","damage_taken":0,"relics_obtained":["Omamori"],"max_hp_gain":0,"max_hp_loss":0,"event_name":"The Mausoleum","floor":21,"gold_loss":0},{"damage_healed":0,"gold_gain":0,"player_choice":"Became a vampire","damage_taken":0,"max_hp_gain":0,"max_hp_loss":21,"event_name":"Vampires","floor":22,"gold_loss":0,"cards_obtained":["Bite","Bite","Bite","Bite","Bite"]},{"damage_healed":0,"gold_gain":0,"player_choice":"Fight","damage_taken":0,"max_hp_gain":0,"max_hp_loss":0,"event_name":"Mysterious Sphere","floor":36,"gold_loss":0},{"damage_healed":0,"gold_gain":0,"player_choice":"Memory 1","damage_taken":0,"max_hp_gain":0,"max_hp_loss":0,"event_name":"SensoryStone","floor":37,"gold_loss":0}],"is_beta":false,"boss_relics":[{"not_picked":["Busted Crown","Sozu"],"picked":"MysterySword"},{"not_picked":["SlaversCollar","Astrolabe"],"picked":"Empty Cage"}],"items_purged_floors":[13],"is_endless":false,"potions_floor_spawned":[1,8,11,14,18,29,30,33,35,36],"killed_by":"3 Darklings","ascension_level":1}}