{"host":"79x1xq0joessh4ki","time":1607955677,"event":{"mods":["BaseMod","Hermit","Minty Spire (QoL Compilation)","Relic Stats","StSLib"],"gold_per_floor":[115,125,125,142,155,184,194,194,265,282,282,308,308,324,324,398,398,415,168,168,93,112,112,112,112,112,142,153,153,153],"floor_reached":29,"playtime":1006,"items_purged":["Strike_B"],"score":510,"play_id":"c36b45ee-2dbd-4995-9dfe-2c14181649c1","local_time":"20201214152117","is_ascension_mode":true,"campfire_choices":[{"floor":8,"key":"REST"},{"data":"Static Discharge","floor":11,"key":"SMITH"},{"data":"Loop","floor":13,"key":"SMITH"},{"data":"Barrage","floor":15,"key":"SMITH"},{"data":"Seek","floor":23,"key":"SMITH"},{"data":"Loop","floor":25,"key":"SMITH"}],"circlet_count":0,"master_deck":["AscendersBane","Defend_B","Defend_B","Defend_B","Defend_B","Zap","Dualcast","Genetic Algorithm","Doom and Gloom+1","Compile Driver","Static Discharge+1","Loop+1","Barrage+1","Seek+1","Leap","Echo Form+1","Reinforced Body","Loop+1","Chill"],"relics":["Cracked Core","Blood Vial","Eternal Feather","StoneCalendar","Runic Pyramid","Bag of Marbles","Boot"],"acts_visited":["Exordium","TheCity"],"potions_floor_usage":[2,7,12,18,28,29],"damage_taken":[{"damage":7,"enemies":"Jaw Worm","floor":1,"turns":2},{"damage":6,"enemies":"Cultist","floor":2,"turns":4},{"damage":0,"enemies":"2 Louse","floor":4,"turns":3},{"damage":7,"enemies":"Looter","floor":5,"turns":3},{"damage":32,"enemies":"Gremlin Nob","floor":6,"turns":4},{"damage":5,"enemies":"Gremlin Gang","floor":7,"turns":3},{"damage":2,"enemies":"3 Louse","floor":10,"turns":3},{"damage":10,"enemies":"3 Sentries","floor":12,"turns":4},{"damage":12,"enemies":"Exordium Thugs","floor":14,"turns":3},{"damage":38,"enemies":"Slime Boss","floor":16,"turns":7},{"damage":19,"enemies":"Shell Parasite","floor":18,"turns":4},{"damage":13,"enemies":"Spheric Guardian","floor":22,"turns":4},{"damage":48,"enemies":"Gremlin Leader","floor":27,"turns":7},{"damage":5,"enemies":"Shelled Parasite and Fungi","floor":28,"turns":10},{"damage":4,"enemies":"Slavers","floor":29,"turns":2}],"seed_played":"-5380666638694943460","potions_obtained":[{"floor":1,"key":"Fire Potion"},{"floor":2,"key":"AttackPotion"},{"floor":4,"key":"Fire Potion"},{"floor":12,"key":"GamblersBrew"},{"floor":18,"key":"Block Potion"},{"floor":22,"key":"Swift Potion"}],"is_trial":false,"path_per_floor":["M","M","?","M","M","E","M","R","T","M","R","E","R","M","R","B",null,"M","$","?","?","M","R","?","R","T","E","M","E"],"character_chosen":"DEFECT","items_purchased":["Echo Form"],"campfire_rested":1,"item_purchase_floors":[19],"current_hp_per_floor":[64,58,58,58,51,19,16,39,39,39,48,40,49,39,48,12,62,45,45,45,45,34,43,43,52,52,6,3,1,1],"gold":153,"neow_bonus":"TEN_PERCENT_HP_BONUS","is_daily":false,"chose_seed":false,"campfire_upgraded":5,"win_rate":0.0,"timestamp":1607955677,"path_taken":["M","M","?","?","M","E","M","R","T","M","R","E","R","M","R","BOSS","M","?","?","?","M","R","?","R","T","E","M","E"],"items_purchased_type":["Card"],"build_version":"2020-12-13","purchased_purges":1,"victory":false,"max_hp_per_floor":[78,78,78,78,78,78,78,78,78,78,78,78,78,78,78,78,78,78,78,78,78,78,78,78,78,78,78,78,78,78],"relic_stats":{"Blood Vial":20,"counters":[15,63],"Eternal Feather":45,"StoneCalendar":[127],"Boot":[1],"obtain_stats":[{"Blood Vial":6,"Eternal Feather":9,"StoneCalendar":12,"Bag of Marbles":26,"Cracked Core":0,"Boot":27,"Runic Pyramid":17},{"Blood Vial":5,"Eternal Feather":6,"StoneCalendar":8,"Bag of Marbles":12,"Cracked Core":0,"Boot":13,"Runic Pyramid":10},{"Blood Vial":16,"Eternal Feather":19,"StoneCalendar":26,"Bag of Marbles":44,"Cracked Core":0,"Boot":51,"Runic Pyramid":36}]},"card_choices":[{"not_picked":["Consume","Skim"],"picked":"Genetic Algorithm","floor":1},{"not_picked":["Rebound","Barrage"],"picked":"Doom and Gloom","floor":2},{"not_picked":["Stack","Turbo","Hello World"],"picked":"SKIP","floor":4},{"not_picked":["Aggregate","Coolheaded"],"picked":"Compile Driver","floor":5},{"not_picked":["Consume","Stack","Tempest"],"picked":"SKIP","floor":6},{"not_picked":["Tempest","Aggregate","Leap"],"picked":"SKIP","floor":7},{"not_picked":["Cold Snap","Rip and Tear"],"picked":"Static Discharge","floor":10},{"not_picked":["Coolheaded","Blizzard"],"picked":"Loop","floor":12},{"not_picked":["Rip and Tear","Streamline"],"picked":"Barrage","floor":14},{"not_picked":["All For One","Multi-Cast"],"picked":"Seek","floor":16},{"not_picked":["Static Discharge","Coolheaded"],"picked":"Leap","floor":18},{"not_picked":["Redo","Beam Cell"],"picked":"Chill","floor":22},{"not_picked":["Fusion","Sweeping Beam","Undo"],"picked":"SKIP","floor":27},{"not_picked":["Doom and Gloom+1","Turbo","Thunder Strike"],"picked":"SKIP","floor":28}],"player_experience":691505,"relics_obtained":[{"floor":6,"key":"Blood Vial"},{"floor":9,"key":"Eternal Feather"},{"floor":12,"key":"StoneCalendar"},{"floor":26,"key":"Bag of Marbles"},{"floor":27,"key":"Boot"}],"event_choices":[{"damage_healed":0,"gold_gain":0,"player_choice":"Upgraded","damage_taken":0,"max_hp_gain":0,"max_hp_loss":0,"event_name":"Upgrade Shrine","floor":3,"gold_loss":0,"cards_upgraded":["Doom and Gloom"]},{"damage_healed":0,"gold_gain":0,"cards_transformed":["Strike_B","Strike_B"],"player_choice":"Became Test Subject","damage_taken":0,"max_hp_gain":0,"max_hp_loss":0,"event_name":"Drug Dealer","floor":20,"gold_loss":0,"cards_obtained":["Reinforced Body","Loop"]},{"cards_removed":["Strike_B"],"damage_healed":0,"gold_gain":0,"player_choice":"Gave Gold","damage_taken":0,"max_hp_gain":0,"max_hp_loss":0,"event_name":"Beggar","floor":21,"gold_loss":75},{"damage_healed":0,"gold_gain":0,"player_choice":"Forge","damage_taken":0,"max_hp_gain":0,"max_hp_loss":0,"event_name":"Accursed Blacksmith","floor":24,"gold_loss":0,"cards_upgraded":["Echo Form"]}],"is_beta":false,"boss_relics":[{"not_picked":["Tiny House","Black Star"],"picked":"Runic Pyramid"}],"items_purged_floors":[19],"is_endless":false,"potions_floor_spawned":[1,2,4,12,18,22],"killed_by":"Slavers","ascension_level":20}}