{"host":"pf79zg5iiawjfcs4","time":1607986573,"event":{"mods":["BaseMod","Hubris","Koishi","Marisa????????","Minty Spire (QoL Compilation)","Remilia??????","Replay The Spire","StSLib","The Administrix","The Cursed","The Disciple","The Servant 0.9.4"],"gold_per_floor":[120,138,138,24,24,50,50,50,79,92,92,92,42,77,89,104,104,208,208,220,42,60,60,60,94,94,94,119,133,147,178,189,203,203,299,299,317,164,217,0,12,12,59,92,119,147,160,85,85,105,105,105,105,105,33,61,61],"floor_reached":58,"playtime":8088,"items_purged":["AdministrixMod:Defend_Administrix"],"score":1575,"play_id":"7e7fa6f5-e004-4d90-a961-f52958e84125","local_time":"20201214165613","is_ascension_mode":false,"campfire_choices":[{"data":"AdministrixMod:Transition","floor":12,"key":"SMITH"},{"data":"AdministrixMod:Transition","floor":17,"key":"SMITH"},{"data":"RitualDagger","floor":27,"key":"SMITH"},{"floor":34,"key":"RECALL"},{"floor":42,"key":"REST"},{"data":"Pot Of Greed","floor":49,"key":"SMITH"},{"data":"Pot Of Greed","floor":51,"key":"SMITH"},{"data":"Pot Of Greed","floor":54,"key":"SMITH"}],"circlet_count":0,"master_deck":["AdministrixMod:RedCloak","AdministrixMod:BlueCloak","AdministrixMod:RegentEdict","AdministrixMod:Katabasis","AdministrixMod:TouchOfCinnabar+1","AdministrixMod:Transition+1","AdministrixMod:Transition+1","AdministrixMod:ImmortalClarity","AdministrixMod:ShadowPlay","AdministrixMod:DreamsMausoleum+1","AdministrixMod:RegentEdict","AdministrixMod:LifeforceNet","AdministrixMod:BishamonBlessing+1","Sadistic Nature","AdministrixMod:DiversionaryTactic","RitualDagger+1","AdministrixMod:LifeforceNet","AdministrixMod:ImmortalGrace","Pot Of Greed+1","Pot Of Greed","AdministrixMod:FeastOfDew","AdministrixMod:ImmortalGrace","AdministrixMod:XianArts+1","Pot Of Greed+1","AdministrixMod:ImmortalClarity","AdministrixMod:WifeLightning","AdministrixMod:BloodBargain","AdministrixMod:Untouchable","AdministrixMod:NoblePath","AdministrixMod:ShadowPlay+1","AdministrixMod:ArmillarySphere","AdministrixMod:LightOfYourLife","AdministrixMod:StarSwordSoul","AdministrixMod:HaveItAll","AdministrixMod:HaveItAll","AdministrixMod:TouchOfCinnabar+1","Pot Of Greed+1","AdministrixMod:ChooseYourEnd+1","AdministrixMod:GuanyinBlessing","AdministrixMod:HarmonicReverence","AdministrixMod:PassageOfAges"],"relics":["AdministrixMod:ConductorRitualBaton","Question Card","Du-Vu Doll","Akabeko","Empty Cage","War Paint","Grinning Jar","Mummified Hand","Pandora\u0027s Box","Orrery","WingedGreaves","Red Mask","CatCart","Pear","Potion Belt","MealTicket","Snack Pack"],"acts_visited":["Exordium","TheCity","TheBeyond","TheEnding"],"potions_floor_usage":[6,16,18,18,29,33,43,50],"damage_taken":[{"damage":0,"enemies":"Cultist","floor":1,"turns":5},{"damage":0,"enemies":"2 Louse","floor":2,"turns":3},{"damage":24,"enemies":"Gremlin Nob","floor":6,"turns":7},{"damage":7,"enemies":"Replay:BlueRogue","floor":9,"turns":9},{"damage":0,"enemies":"Small Slimes","floor":10,"turns":4},{"damage":12,"enemies":"Gremlin Nob","floor":14,"turns":7},{"damage":2,"enemies":"Exordium Wildlife","floor":15,"turns":3},{"damage":1,"enemies":"Large Slime","floor":16,"turns":6},{"damage":0,"enemies":"Slime Boss","floor":18,"turns":24},{"damage":26,"enemies":"Spheric Guardian","floor":20,"turns":8},{"damage":29,"enemies":"Chosen","floor":22,"turns":5},{"damage":49,"enemies":"Gremlin Leader","floor":25,"turns":6},{"damage":0,"enemies":"3 Cultists","floor":29,"turns":3},{"damage":20,"enemies":"Cultist and Chosen","floor":30,"turns":6},{"damage":57,"enemies":"Book of Stabbing","floor":31,"turns":7},{"damage":34,"enemies":"Sentry and Sphere","floor":32,"turns":5},{"damage":16,"enemies":"Shelled Parasite and Fungi","floor":33,"turns":3},{"damage":63,"enemies":"Pondfish","floor":35,"turns":14},{"damage":30,"enemies":"3 Darklings","floor":37,"turns":6},{"damage":128,"enemies":"2 Orb Walkers","floor":39,"turns":8},{"damage":11,"enemies":"Orb Walker","floor":41,"turns":3},{"damage":4,"enemies":"Orin","floor":43,"turns":7},{"damage":116,"enemies":"Giant Head","floor":44,"turns":11},{"damage":46,"enemies":"Nemesis","floor":46,"turns":9},{"damage":105,"enemies":"4 Shapes","floor":47,"turns":7},{"damage":19,"enemies":"Maw","floor":50,"turns":8},{"damage":23,"enemies":"hubris:GrandSnecko","floor":52,"turns":9},{"damage":82,"enemies":"Shield and Spear","floor":56,"turns":5},{"damage":299,"enemies":"The Heart","floor":57,"turns":14}],"seed_played":"-2797175050161036592","potions_obtained":[{"floor":1,"key":"BlessingOfTheForge"},{"floor":14,"key":"Venom Potion"},{"floor":15,"key":"Adrenaline Potion"},{"floor":16,"key":"Flashbang"},{"floor":25,"key":"FearPotion"},{"floor":32,"key":"AdministrixMod:AttunementTonic"},{"floor":41,"key":"DistilledChaos"},{"floor":47,"key":"Fire Potion"}],"is_trial":false,"path_per_floor":["M","M","?","$","?","E","PTL","PTL","E","M","T","R","?","E","M","M","R","B",null,"M","$","M","?","?","E","$","R","T","M","M","E","M","M","R","B",null,"M","$","?","?","M","R","?","E","T","E","M","$","R","M","R","B",null,"R","$","E","B",null],"character_chosen":"TheAdministrix","items_purchased":["AdministrixMod:TouchOfCinnabar+1","Sadistic Nature","Orrery","AdministrixMod:GuanyinBlessing","AdministrixMod:HarmonicReverence"],"campfire_rested":1,"item_purchase_floors":[4,21,38,48,55],"current_hp_per_floor":[71,71,71,71,71,47,47,47,40,40,40,40,40,28,26,25,25,25,71,45,45,16,10,10,12,12,12,12,12,15,3,21,5,5,10,71,41,41,8,8,21,42,38,12,12,24,24,39,39,20,20,24,81,81,81,24,1],"gold":61,"neow_bonus":"TEN_PERCENT_HP_BONUS","is_daily":false,"chose_seed":false,"campfire_upgraded":6,"win_rate":0.0,"timestamp":1607986573,"path_taken":["M","M","?","$","?","E","PTL","PTL","E","M","T","R","?","E","M","M","R","BOSS","M","$","M","?","?","E","$","R","T","M","M","E","M","?","R","BOSS","M","$","?","?","M","R","?","E","T","E","?","$","R","M","R","BOSS","R","$","E","BOSS"],"items_purchased_type":["Card","Card","Relic","Card","Card"],"build_version":"2020-12-13","purchased_purges":1,"victory":true,"max_hp_per_floor":[71,71,71,71,71,71,71,71,71,71,71,71,71,71,71,71,71,71,71,71,71,71,71,71,71,71,71,71,71,71,71,71,71,71,71,71,71,71,71,71,71,71,71,81,81,81,81,81,81,81,81,81,81,81,81,81,81],"card_choices":[{"not_picked":["AdministrixMod:ExtolVirtue","AdministrixMod:BloodlessSapphire"],"picked":"AdministrixMod:RegentEdict","floor":1},{"not_picked":["AdministrixMod:ExtolVirtue","AdministrixMod:Katabasis"],"picked":"AdministrixMod:Metempsychosis","floor":2},{"not_picked":["AdministrixMod:NoblePath","AdministrixMod:FuneraryRites"],"picked":"AdministrixMod:Transition","floor":6},{"not_picked":["AdministrixMod:SipOfSparks","AdministrixMod:ImmortalGrace","AdministrixMod:Transcension"],"picked":"AdministrixMod:Transition","floor":9},{"not_picked":["AdministrixMod:Convergence","AdministrixMod:FeastOfDew","AdministrixMod:BloodlessSapphire"],"picked":"AdministrixMod:ImmortalClarity","floor":10},{"not_picked":["AdministrixMod:FeastOfDew","AdministrixMod:StarSwordSoul","AdministrixMod:CenturiesAscent"],"picked":"AdministrixMod:ShadowPlay","floor":14},{"not_picked":["AdministrixMod:LightOfYourLife","AdministrixMod:PassageOfAges","AdministrixMod:SipOfSparks"],"picked":"AdministrixMod:DreamsMausoleum","floor":15},{"not_picked":["AdministrixMod:RisingSunPrince","AdministrixMod:TouchOfCinnabar","AdministrixMod:SeventeenArticleLaser"],"picked":"AdministrixMod:RegentEdict","floor":16},{"not_picked":["AdministrixMod:GirlsDoItBetter","AdministrixMod:TenDesires","AdministrixMod:ImmortalClarity"],"picked":"AdministrixMod:LifeforceNet","floor":18},{"not_picked":["AdministrixMod:MixOfMercury","AdministrixMod:SealAway","AdministrixMod:BloodlessSapphire"],"picked":"AdministrixMod:BishamonBlessing","floor":20},{"not_picked":["AdministrixMod:LightOfYourLife+1","AdministrixMod:SyncreticPlunge","AdministrixMod:RebukeDesires"],"picked":"AdministrixMod:DiversionaryTactic","floor":22},{"not_picked":["AdministrixMod:CenturiesAscent","AdministrixMod:RegentEdict","AdministrixMod:FuneraryRites"],"picked":"AdministrixMod:ImmortalGrace","floor":25},{"not_picked":["AdministrixMod:FuneraryRites","AdministrixMod:SipOfSparks","AdministrixMod:RebukeDesires"],"picked":"AdministrixMod:FeastOfDew","floor":29},{"not_picked":["AdministrixMod:QuietConspiracy","AdministrixMod:JustRewards+1","AdministrixMod:SyncreticSurge","AdministrixMod:Convergence"],"picked":"SKIP","floor":30},{"not_picked":["AdministrixMod:SyncreticPlunge","AdministrixMod:ChooseYourEnd+1","AdministrixMod:Transition"],"picked":"AdministrixMod:ImmortalGrace","floor":31},{"not_picked":["AdministrixMod:Katabasis","AdministrixMod:FuneraryRites","AdministrixMod:WickedPunishment+1"],"picked":"AdministrixMod:XianArts+1","floor":32},{"not_picked":["AdministrixMod:SipOfSparks","AdministrixMod:ExtolVirtue","AdministrixMod:Untouchable+1"],"picked":"AdministrixMod:ImmortalClarity","floor":33},{"not_picked":["AdministrixMod:FalseDeath","AdministrixMod:TenDesires","AdministrixMod:LuminaryPath"],"picked":"AdministrixMod:WifeLightning","floor":35},{"not_picked":["AdministrixMod:PlateOfAntiquity","AdministrixMod:TouchOfCinnabar+1","AdministrixMod:SipOfSparks"],"picked":"AdministrixMod:ShadowPlay+1","floor":37},{"not_picked":["AdministrixMod:Convergence","AdministrixMod:ImmortalPurity","AdministrixMod:Wuji+1"],"picked":"AdministrixMod:ArmillarySphere","floor":38},{"not_picked":["AdministrixMod:TouchOfCinnabar+1","AdministrixMod:SipOfSparks+1","AdministrixMod:ReachToHeaven+1"],"picked":"AdministrixMod:LightOfYourLife","floor":38},{"not_picked":["AdministrixMod:DiversionaryTactic","AdministrixMod:ShadowPlay+1","AdministrixMod:WickedPunishment"],"picked":"AdministrixMod:StarSwordSoul","floor":38},{"not_picked":["AdministrixMod:FuneraryRites+1","AdministrixMod:TrickOfTheLight+1","AdministrixMod:CrackingPangu+1"],"picked":"AdministrixMod:HaveItAll","floor":38},{"not_picked":["AdministrixMod:Katabasis","AdministrixMod:SipOfSparks+1","AdministrixMod:FuneraryRites+1"],"picked":"AdministrixMod:HaveItAll","floor":38},{"not_picked":["AdministrixMod:Convergence","AdministrixMod:ImmortalGrace","AdministrixMod:RisingSunPrince+1","AdministrixMod:RebukeDesires+1"],"picked":"SKIP","floor":41},{"not_picked":["AdministrixMod:CrackingPangu+1","AdministrixMod:PlateOfAntiquity+1","AdministrixMod:BegetEternity"],"picked":"AdministrixMod:TouchOfCinnabar+1","floor":43},{"not_picked":["AdministrixMod:BloodlessSapphire","AdministrixMod:RegentEdict+1","AdministrixMod:RisingSunPrince"],"picked":"AdministrixMod:ChooseYourEnd+1","floor":44},{"not_picked":["AdministrixMod:HiddenPower","AdministrixMod:LightOfYourLife","AdministrixMod:FiendishCrimson+1","AdministrixMod:RebukeDesires+1"],"picked":"SKIP","floor":46},{"not_picked":["AdministrixMod:PlateOfAntiquity+1","AdministrixMod:DiversionaryTactic","AdministrixMod:ReachToHeaven+1","AdministrixMod:FuneraryRites+1"],"picked":"SKIP","floor":47},{"not_picked":["AdministrixMod:RisingSunPrince+1","AdministrixMod:Wuji+1","AdministrixMod:TrickOfTheLight","AdministrixMod:SeventeenArticleLaser+1"],"picked":"SKIP","floor":50},{"not_picked":["AdministrixMod:NoblePath+1","AdministrixMod:AmassedMasks","AdministrixMod:RebukeDesires"],"picked":"AdministrixMod:PassageOfAges","floor":56}],"player_experience":360632,"relics_obtained":[{"floor":6,"key":"Question Card"},{"floor":9,"key":"Du-Vu Doll"},{"floor":14,"key":"Akabeko"},{"floor":25,"key":"War Paint"},{"floor":28,"key":"Grinning Jar"},{"floor":31,"key":"Mummified Hand"},{"floor":39,"key":"WingedGreaves"},{"floor":43,"key":"CatCart"},{"floor":44,"key":"Pear"},{"floor":45,"key":"Potion Belt"},{"floor":46,"key":"MealTicket"},{"floor":56,"key":"Snack Pack"}],"event_choices":[{"damage_healed":0,"gold_gain":0,"cards_transformed":["AdministrixMod:Strike_Administrix"],"player_choice":"Change","damage_taken":0,"max_hp_gain":0,"max_hp_loss":0,"event_name":"Living Wall","floor":3,"gold_loss":0,"cards_obtained":["AdministrixMod:Katabasis"]},{"cards_removed":["AdministrixMod:Defend_Administrix"],"damage_healed":0,"gold_gain":0,"player_choice":"Card Removal","damage_taken":0,"max_hp_gain":0,"max_hp_loss":0,"event_name":"The Cleric","floor":13,"gold_loss":50},{"damage_healed":0,"gold_gain":0,"player_choice":"Joined the Cult","damage_taken":6,"max_hp_gain":0,"max_hp_loss":0,"event_name":"Nest","floor":23,"gold_loss":0,"cards_obtained":["RitualDagger"]},{"damage_healed":0,"gold_gain":0,"player_choice":"Copied","damage_taken":0,"max_hp_gain":0,"max_hp_loss":0,"event_name":"Duplicator","floor":24,"gold_loss":0,"cards_obtained":["AdministrixMod:LifeforceNet"]},{"damage_healed":0,"gold_gain":0,"player_choice":"Fight","damage_taken":0,"max_hp_gain":0,"max_hp_loss":0,"event_name":"Mysterious Sphere","floor":39,"gold_loss":0},{"damage_healed":0,"gold_gain":0,"player_choice":"Paid","damage_taken":0,"relics_obtained":["Red Mask"],"max_hp_gain":0,"max_hp_loss":0,"event_name":"Tomb of Lord Red Mask","floor":40,"gold_loss":217},{"damage_healed":0,"gold_gain":0,"player_choice":"Fight","damage_taken":0,"max_hp_gain":0,"max_hp_loss":0,"event_name":"OrinTheCat","floor":43,"gold_loss":0}],"is_beta":false,"boss_relics":[{"not_picked":["hubris:TerracottaHorce","AdministrixMod:BloodSoakedVeil"],"picked":"Empty Cage"},{"not_picked":["Astrolabe","Replay:Ancient Bell"],"picked":"Pandora\u0027s Box"}],"items_purged_floors":[4],"is_endless":false,"potions_floor_spawned":[1,14,15,16,25,29,30,32,41,47],"ascension_level":0}}