{"host":"my93eiszsr4rk5tq","time":1607973878,"event":{"mods":["2.2 Compatiblity","AchievementEnabler","BaseMod","Better Altar","Better Match","Better Note","Better Sensory Stone","Better Skull","Better Third Choice","Colored Powertips","Infinite Spire","Minty Spire (QoL Compilation)","Rare Cards Sparkle","Replay The Spire","Shop Mod","Spicy Shops","StSLib","The Jungle"],"gold_per_floor":[110,110,4,21,196,231,41,66,66,86,86,86,99,116,116,221,221,239,164,177,177,187,187,220,220,220,220,233,259,259,287,287,384,384,399,399,399],"floor_reached":36,"playtime":3011,"items_purged":[],"score":460,"play_id":"56c56275-11ec-4af1-badd-6fcd8515eecf","local_time":"20201215082438","is_ascension_mode":false,"campfire_choices":[{"floor":11,"key":"REST"},{"data":"Inflame","floor":15,"key":"SMITH"},{"data":"Spot Weakness","floor":23,"key":"SMITH"},{"floor":25,"key":"REST"},{"floor":32,"key":"REST"}],"circlet_count":0,"master_deck":["Strike_R","Strike_R","Strike_R","Strike_R","Strike_R","Defend_R","Defend_R","Defend_R","Defend_R","Bash","Regret","Fire Breathing","infinitespire:FinalStrike","Parasite","Sword Boomerang","Flex","Doubt","Metallicize","Spot Weakness+1","Clash","Clothesline","Burn","Inflame+1","Sever Soul","Feed","CurseOfTheBell","Metallicize+1","Replay:Dark Deal+1","Reaper","Combust","infinitespire:Menacing","Demon Form","Twin Strike+1","Sword Boomerang","Fire Breathing","Armaments+1","Hemogenesis","Infernal Blade"],"relics":["Burning Blood","Paper Frog","Lantern","Sundial","WingedGreaves","Replay:Accelerometer","Calling Bell","Red Skull","infinitespire:CheckeredPen","Incense Burner","FossilizedHelix","infinitespire:Lucky Rock","Red Mask","Bird Faced Urn","SacredBark"],"acts_visited":["Exordium","TheCity","TheBeyond"],"potions_floor_usage":[16,16,24,33,33,33],"damage_taken":[{"damage":9,"enemies":"Jaw Worm","floor":1,"turns":3},{"damage":10,"enemies":"Small Slimes","floor":4,"turns":3},{"damage":31,"enemies":"Lagavulin","floor":6,"turns":5},{"damage":24,"enemies":"3 Sentries","floor":8,"turns":5},{"damage":0,"enemies":"Cultist","floor":10,"turns":1},{"damage":0,"enemies":"Exordium Wildlife","floor":13,"turns":2},{"damage":4,"enemies":"Looter","floor":14,"turns":2},{"damage":60,"enemies":"Fading Forest","floor":16,"turns":11},{"damage":22,"enemies":"3 Byrds","floor":18,"turns":3},{"damage":35,"enemies":"2 Thieves","floor":20,"turns":3},{"damage":11,"enemies":"Snake Plant","floor":22,"turns":4},{"damage":38,"enemies":"Nightmare","floor":24,"turns":8},{"damage":24,"enemies":"Cultist and Chosen","floor":28,"turns":5},{"damage":5,"enemies":"Masked Bandits","floor":29,"turns":3},{"damage":19,"enemies":"Slavers","floor":31,"turns":2},{"damage":49,"enemies":"Champ","floor":33,"turns":9},{"damage":0,"enemies":"Orb Walker","floor":35,"turns":2},{"damage":9,"enemies":"infinitespire:Three Voidlings","floor":36,"turns":2},{"damage":86,"enemies":"Nightmare_Alpha","floor":36,"turns":6}],"seed_played":"981649727734994850","potions_obtained":[{"floor":1,"key":"SteroidPotion"},{"floor":4,"key":"Swift Potion"},{"floor":6,"key":"infinitespire:BlackPotion"},{"floor":28,"key":"AttackPotion"},{"floor":29,"key":"EssenceOfSteel"},{"floor":31,"key":"Regen Potion"},{"floor":33,"key":"Death Potion"},{"floor":35,"key":"BlessingOfTheForge"}],"is_trial":false,"path_per_floor":["M","?","$","M","?","E","$","E","T","M","R","?","M","M","R","B",null,"M","?","M","?","M","R","NM","R","T","?","M","?","?","E","R","B",null,"M","?"],"character_chosen":"IRONCLAD","items_purchased":["Lantern","Sword Boomerang","Spot Weakness","Clash"],"campfire_rested":3,"item_purchase_floors":[3,3,7,7],"current_hp_per_floor":[77,56,56,52,52,27,27,9,9,15,39,39,45,47,47,11,80,64,64,35,40,42,42,10,34,34,34,30,31,31,18,42,20,80,80,0,0],"gold":399,"neow_bonus":"RANDOM_EVENT","is_daily":false,"chose_seed":false,"campfire_upgraded":2,"win_rate":0.0,"timestamp":1607973878,"path_taken":["M","?","$","M","?","E","$","E","T","M","R","?","M","M","R","BOSS","M","?","?","?","M","R","NM","R","T","?","M","?","?","E","R","BOSS","M","?"],"items_purchased_type":["Relic","Card","Card","Card"],"build_version":"2020-12-13","purchased_purges":0,"victory":false,"max_hp_per_floor":[80,80,80,80,80,80,80,80,80,80,80,80,80,80,80,80,80,80,80,80,80,80,80,80,80,80,80,80,80,80,80,80,80,80,80,80,80],"card_choices":[{"not_picked":["Run Through","Shrug It Off"],"picked":"Fire Breathing","floor":1},{"not_picked":["infinitespire:TheBestDefense","ReplayTheSpireMod:??????????????????????"],"picked":"infinitespire:FinalStrike","floor":2},{"not_picked":["Run Through","Combust"],"picked":"Flex","floor":4},{"not_picked":["True Grit","Armaments"],"picked":"Metallicize","floor":6},{"not_picked":["Pommel Strike","Run Through"],"picked":"Flex","floor":8},{"not_picked":["Body Slam","True Grit"],"picked":"Clothesline","floor":10},{"not_picked":["Burning Pact","Dropkick"],"picked":"Inflame","floor":13},{"not_picked":["Battle Trance","ReplayTheSpireMod:Muscle Training"],"picked":"Sever Soul","floor":14},{"not_picked":["Offering","Replay:Many Hands"],"picked":"Feed","floor":16},{"not_picked":["Sword Boomerang","Shrug It Off"],"picked":"Metallicize+1","floor":18},{"not_picked":["Crow Ritual+1","Secret Technique+1"],"picked":"Replay:Dark Deal+1","floor":19},{"not_picked":["ReplayTheSpireMod:Muscle Training","ReplayTheSpireMod:LeadingStrike+1"],"picked":"Reaper","floor":20},{"not_picked":["Flex","Clash"],"picked":"Combust","floor":22},{"not_picked":["ReplayTheSpireMod:??????????????????????","infinitespire:Oblivion"],"picked":"infinitespire:Menacing","floor":24},{"not_picked":["Armaments","Carnage"],"picked":"Demon Form","floor":24},{"not_picked":["Perfected Strike","Pommel Strike"],"picked":"Twin Strike+1","floor":28},{"not_picked":["Warcry","Clothesline"],"picked":"Sword Boomerang","floor":29},{"not_picked":["Eclipse","Heavy Blade"],"picked":"Armaments+1","floor":31},{"not_picked":["Bludgeon","Offering"],"picked":"Hemogenesis","floor":33},{"not_picked":["Perfected Strike+1","ReplayTheSpireMod:Strike From Hell+1"],"picked":"Infernal Blade","floor":35}],"player_experience":17774,"relics_obtained":[{"floor":6,"key":"Sundial"},{"floor":8,"key":"WingedGreaves"},{"floor":9,"key":"Replay:Accelerometer"},{"floor":17,"key":"Red Skull"},{"floor":17,"key":"infinitespire:CheckeredPen"},{"floor":17,"key":"Incense Burner"},{"floor":24,"key":"FossilizedHelix"},{"floor":26,"key":"infinitespire:Lucky Rock"},{"floor":29,"key":"Red Mask"},{"floor":31,"key":"Bird Faced Urn"}],"event_choices":[{"damage_healed":0,"gold_gain":0,"player_choice":"Box","damage_taken":0,"relics_obtained":["Paper Frog"],"max_hp_gain":0,"max_hp_loss":0,"event_name":"Big Fish","floor":0,"gold_loss":0,"cards_obtained":["Regret"]},{"damage_healed":0,"gold_gain":175,"player_choice":"AGREE","damage_taken":21,"max_hp_gain":0,"max_hp_loss":0,"event_name":"betterThird:BetterSerpent","floor":5,"gold_loss":0},{"damage_healed":39,"gold_gain":0,"player_choice":"Embrace Burn","damage_taken":0,"max_hp_gain":0,"max_hp_loss":80,"event_name":"betterThird:BetterShining","floor":12,"gold_loss":0},{"damage_healed":0,"gold_gain":0,"player_choice":"2","damage_taken":0,"max_hp_gain":0,"max_hp_loss":0,"event_name":"betterMatch:BetterMatch","floor":19,"gold_loss":0,"cards_obtained":["betterMatch:ColorlessRareCard"]},{"cards_removed":["Flex"],"damage_healed":5,"gold_gain":0,"player_choice":"Offered Common","damage_taken":0,"max_hp_gain":0,"max_hp_loss":0,"event_name":"Bonfire Elementals","floor":21,"gold_loss":0},{"cards_removed":["Flex"],"damage_healed":5,"gold_gain":0,"player_choice":"Offered Special","damage_taken":0,"max_hp_gain":0,"max_hp_loss":0,"event_name":"Bonfire Elementals","floor":21,"gold_loss":0},{"damage_healed":0,"gold_gain":0,"player_choice":"Ignored","damage_taken":0,"max_hp_gain":0,"max_hp_loss":0,"event_name":"Fountain of Cleansing","floor":27,"gold_loss":0},{"damage_healed":0,"gold_gain":0,"player_choice":"Fought Bandits","damage_taken":0,"max_hp_gain":0,"max_hp_loss":0,"event_name":"Masked Bandits","floor":29,"gold_loss":0},{"damage_healed":0,"gold_gain":0,"player_choice":"Read","damage_taken":0,"max_hp_gain":0,"max_hp_loss":0,"event_name":"The Library","floor":30,"gold_loss":0,"cards_obtained":["Fire Breathing"]}],"is_beta":false,"boss_relics":[{"not_picked":["Runic Cube","Painkiller Herb"],"picked":"Calling Bell"},{"not_picked":["infinitespire:Cupcake","Runic Dome"],"picked":"SacredBark"}],"items_purged_floors":[],"is_endless":true,"potions_floor_spawned":[1,4,6,13,14,28,29,31,33,35],"killed_by":"Nightmare_Alpha","ascension_level":0}}