{"host":"4zvbxxdl6kueq37o","time":1607958804,"event":{"mods":["Act Like it!","BaseMod","Better Third Choice","Downfall","Minty Spire (QoL Compilation)","Replay The Spire","StSLib"],"gold_per_floor":[163,163,163,163,163,163,189,189,217,217,217,235,56,70,88,193,193,193,193,193],"floor_reached":19,"playtime":620,"items_purged":[],"score":186,"play_id":"96eb68a7-91eb-4c3b-bda4-23a8751c0c66","local_time":"20201214161324","is_ascension_mode":false,"campfire_choices":[{"data":"champ:DefensiveShout","floor":4,"key":"SMITH"},{"data":"champ:DefensiveStyle","floor":10,"key":"SMITH"}],"circlet_count":0,"master_deck":["champ:Strike","champ:Strike","champ:Strike","champ:Strike","champ:Defend","champ:Defend","champ:Defend","champ:Defend","champ:Taunt","champ:DefensiveShout+1","champ:DefensiveStyle+1","champ:BringItOn","champ:RapidStrikes","champ:EnGarde","champ:FocusedDefense","champ:IronFortress","Replay:SS_fish_2","champ:FocusedDefense","champ:DefensiveShout","champ:IgnorePain"],"relics":["champ:ChampionCrown","downfall:HeartsMalice","Nunchaku","Question Card","Black Star","Enchiridion"],"acts_visited":["Exordium","TheCity"],"potions_floor_usage":[19],"damage_taken":[{"damage":0,"enemies":"Small Slimes","floor":3,"turns":1},{"damage":0,"enemies":"Cultist","floor":5,"turns":1},{"damage":0,"enemies":"2 Louse","floor":8,"turns":1},{"damage":27,"enemies":"Gremlin Nob","floor":9,"turns":5},{"damage":11,"enemies":"Lots of Slimes","floor":12,"turns":4},{"damage":0,"enemies":"downfall:FleeingMerchant","floor":13,"turns":4},{"damage":9,"enemies":"3 Louse","floor":14,"turns":4},{"damage":17,"enemies":"Exordium Wildlife","floor":15,"turns":5},{"damage":33,"enemies":"downfall:Watcher","floor":16,"turns":7},{"damage":131,"enemies":"Gremlin Leader","floor":19,"turns":10}],"seed_played":"4390750330935845835","potions_obtained":[{"floor":2,"key":"champ:OpenerPotion"},{"floor":2,"key":"champ:CounterPotion"},{"floor":2,"key":"champ:OpenerPotion"},{"floor":14,"key":"FairyPotion"}],"is_trial":false,"path_per_floor":["R","?","M","R","M","?","T","M","E","R","?","M","$","M","M","B",null,"R","E"],"character_chosen":"THE_CHAMP","items_purchased":["champ:IronFortress","Replay:SS_fish_2"],"campfire_rested":0,"item_purchase_floors":[13,13],"current_hp_per_floor":[90,90,90,90,90,90,90,90,63,63,63,52,52,54,45,20,90,74,0,0],"gold":193,"neow_bonus":"THREE_ENEMY_KILL","is_daily":false,"chose_seed":false,"campfire_upgraded":2,"win_rate":0.0,"timestamp":1607958804,"path_taken":["R","?","?","R","M","?","T","?","E","R","?","?","$","M","M","BOSS","R","E"],"items_purchased_type":["Card","Card"],"build_version":"2020-12-13","purchased_purges":0,"victory":false,"max_hp_per_floor":[90,90,90,90,90,90,90,90,90,90,90,90,90,90,90,90,90,90,90,90],"card_choices":[{"not_picked":["champ:CrookedStrike","champ:StanceDance"],"picked":"champ:DefensiveShout","floor":3},{"not_picked":["champ:TornadoPunch","champ:Encircle"],"picked":"champ:DefensiveStyle","floor":5},{"not_picked":["champ:BerserkersShout","champ:FocusedGladiator","champ:GladiatorsShout"],"picked":"SKIP","floor":8},{"not_picked":["champ:FanOfKnives","champ:FaceSlap"],"picked":"champ:BringItOn","floor":9},{"not_picked":["champ:Lariat","champ:HeavySlash","champ:FocusedDefense"],"picked":"champ:EnGarde","floor":12},{"not_picked":["champ:ArenaPreparation","champ:DefensiveShout","champ:Duel"],"picked":"champ:FocusedDefense","floor":13},{"not_picked":["champ:EnragedBash","champ:PerfectedStrike","champ:BladeFlurry"],"picked":"champ:FocusedDefense","floor":14},{"not_picked":["champ:PreciseThrust","champ:BringItOn","champ:GutPunch"],"picked":"champ:DefensiveShout","floor":15},{"not_picked":["champ:Devastate","champ:HeavySlash","champ:DancingMaster"],"picked":"champ:IgnorePain","floor":16}],"player_experience":662243,"relics_obtained":[{"floor":7,"key":"Nunchaku"},{"floor":9,"key":"Question Card"},{"floor":18,"key":"Enchiridion"}],"event_choices":[{"damage_healed":0,"gold_gain":0,"player_choice":"Got Potions","damage_taken":0,"max_hp_gain":0,"max_hp_loss":0,"event_name":"Lab","floor":2,"gold_loss":0},{"damage_healed":0,"gold_gain":0,"player_choice":"Ignored","damage_taken":0,"max_hp_gain":0,"max_hp_loss":0,"event_name":"NoteForYourself","floor":6,"gold_loss":0},{"damage_healed":0,"gold_gain":0,"cards_transformed":["champ:Execute"],"player_choice":"Transformed","damage_taken":0,"max_hp_gain":0,"max_hp_loss":0,"event_name":"Transmorgrifier","floor":11,"gold_loss":0,"cards_obtained":["champ:RapidStrikes"]}],"is_beta":false,"boss_relics":[{"not_picked":["Kintsugi","SlaversCollar"],"picked":"Black Star"}],"items_purged_floors":[],"is_endless":false,"potions_floor_spawned":[9,12,14],"killed_by":"Gremlin Leader","ascension_level":0}}