{"host":"j4g6ia6asvpyu2b0","time":1607968681,"event":{"mods":["BaseMod","Colored Map","Minty Spire (QoL Compilation)","Permanent Neow","Quick Restart","Relic Stats","StSLib","Unceasing Turn Reminder"],"gold_per_floor":[19,19,194,208,158,188,206,234,234,268,24,59,76,76,76],"floor_reached":14,"playtime":346,"items_purged":[],"score":130,"play_id":"926f052f-5dbc-4102-84f0-3c42f22216e9","local_time":"20201214105801","is_ascension_mode":true,"campfire_choices":[],"circlet_count":0,"master_deck":["Strike_B","Strike_B","Defend_B","Defend_B","Defend_B","Defend_B","Zap","Dualcast","Scrape","Lockon","Sunder","Sweeping Beam","Compile Driver","Loop","Sweeping Beam+1","Gash+1","Streamline+1","Capacitor"],"relics":["Cracked Core","WingedGreaves","Molten Egg 2","Nunchaku","Gremlin Horn","Singing Bowl"],"acts_visited":["Exordium"],"potions_floor_usage":[10,10,12],"damage_taken":[{"damage":0,"enemies":"Cultist","floor":1,"turns":2},{"damage":0,"enemies":"Small Slimes","floor":4,"turns":2},{"damage":26,"enemies":"3 Sentries","floor":6,"turns":7},{"damage":6,"enemies":"2 Louse","floor":7,"turns":2},{"damage":20,"enemies":"Gremlin Nob","floor":8,"turns":4},{"damage":4,"enemies":"3 Sentries","floor":10,"turns":4},{"damage":16,"enemies":"Lagavulin","floor":12,"turns":7},{"damage":4,"enemies":"2 Fungi Beasts","floor":13,"turns":2},{"damage":11,"enemies":"Gremlin Nob","floor":14,"turns":2}],"seed_played":"-7487603567589776233","potions_obtained":[{"floor":4,"key":"Regen Potion"},{"floor":6,"key":"Explosive Potion"},{"floor":10,"key":"AttackPotion"},{"floor":13,"key":"Ancient Potion"}],"is_trial":false,"path_per_floor":["M","$","?","M","?","E","M","E","T","E","$","E","M","E"],"character_chosen":"DEFECT","items_purchased":["Gremlin Horn"],"campfire_rested":0,"item_purchase_floors":[11],"current_hp_per_floor":[75,75,75,75,75,49,43,23,23,31,31,15,11,0,0],"gold":76,"neow_bonus":"TRANSFORM_TWO_CARDS","is_daily":false,"chose_seed":false,"campfire_upgraded":0,"win_rate":0.0,"timestamp":1607968681,"path_taken":["M","?","?","M","?","E","M","E","T","E","$","E","M","E"],"items_purchased_type":["Relic"],"build_version":"2020-12-13","purchased_purges":0,"victory":false,"max_hp_per_floor":[75,75,75,75,75,75,75,75,75,75,75,75,75,75,75],"relic_stats":{"Nunchaku":[2],"Gremlin Horn":[1,1],"Singing Bowl":0,"counters":[9,31],"obtain_stats":[{"Nunchaku":10,"Gremlin Horn":11,"Singing Bowl":12,"Molten Egg 2":8,"WingedGreaves":6,"Cracked Core":0},{"Nunchaku":6,"Gremlin Horn":6,"Singing Bowl":7,"Molten Egg 2":5,"WingedGreaves":3,"Cracked Core":0},{"Nunchaku":20,"Gremlin Horn":20,"Singing Bowl":27,"Molten Egg 2":17,"WingedGreaves":11,"Cracked Core":0}]},"card_choices":[{"not_picked":["Leap","Recycle"],"picked":"Sunder","floor":1},{"not_picked":["Heatsinks","Stack"],"picked":"Sweeping Beam","floor":4},{"not_picked":["Barrage","Reprogram"],"picked":"Compile Driver","floor":6},{"not_picked":["Conserve Battery","Gash"],"picked":"Loop","floor":7},{"not_picked":["Coolheaded","Force Field"],"picked":"Sweeping Beam+1","floor":8},{"not_picked":["Steam Power","Hyperbeam+1"],"picked":"Gash+1","floor":10},{"not_picked":["Conserve Battery","Multi-Cast"],"picked":"Streamline+1","floor":12},{"not_picked":["Storm","Blizzard+1"],"picked":"Capacitor","floor":13}],"player_experience":650656,"relics_obtained":[{"floor":6,"key":"WingedGreaves"},{"floor":8,"key":"Molten Egg 2"},{"floor":10,"key":"Nunchaku"},{"floor":12,"key":"Singing Bowl"}],"event_choices":[{"damage_healed":0,"gold_gain":175,"player_choice":"AGREE","damage_taken":0,"max_hp_gain":0,"max_hp_loss":0,"event_name":"Liars Game","floor":3,"gold_loss":0,"cards_obtained":["Doubt"]},{"cards_removed":["Doubt"],"damage_healed":0,"gold_gain":0,"player_choice":"Card Removal","damage_taken":0,"max_hp_gain":0,"max_hp_loss":0,"event_name":"The Cleric","floor":5,"gold_loss":50}],"is_beta":false,"boss_relics":[],"items_purged_floors":[],"is_endless":false,"potions_floor_spawned":[4,6,10,13],"killed_by":"Gremlin Nob","ascension_level":2}}