{"host":"8b6x5jh5dgxmxtlw","time":1607985314,"event":{"mods":["AchievementEnabler","Aspiration","BaseMod","Better Altar","Better Match","Better Note","Better Sensory Stone","Better Skull","Better Third Choice","BetterRewards","CCEM","Colored Map","Conspire","GifTheSpireLib","Halation","Hermit","Highlight Path","Hubris","Infinite Spire","Minty Spire (QoL Compilation)","Permanent Neow","Replay The Spire","Spicy Shops","StSLib","Stuff the Spire","Unceasing Turn Reminder"],"gold_per_floor":[117,136,152,152,171,171,200,100,100,15,29,29,29,56,56,152,152,162,180,180,194,25,43,68,68,122,122,134,149,149,181,181,181,181],"floor_reached":33,"playtime":2387,"items_purged":[],"score":297,"play_id":"5111a71f-7505-4871-8000-37f3b1f4dd0c","local_time":"20201214173514","is_ascension_mode":false,"campfire_choices":[{"data":"Dualcast","floor":6,"key":"SMITH"},{"data":"Ghostly","floor":13,"key":"SMITH"},{"floor":15,"key":"REST"},{"floor":25,"key":"REST"},{"floor":30,"key":"REST"},{"floor":32,"key":"REST"}],"circlet_count":0,"master_deck":["Strike_B","Strike_B","Strike_B","Strike_B","Defend_B","Defend_B","Defend_B","Defend_B","Zap+1","Dualcast+1","FTL","Conserve Battery","Sweeping Beam","ReplayTheSpireMod:Omega Cannon","Sweeping Beam","Ghostly+1","Hologram+1","Ball Lightning","StuffTheSpire:LoadUp+1","Seek","Seek","Turbo","Beam Cell","Conserve Battery","Crystallizer+1","Conserve Battery","Chaos","Crystallizer+1","ReplayTheSpireMod:Omega Cannon"],"relics":["Cracked Core","aspiration:DSix","aspiration:TomeofQuesting","Omamori","aspiration:FutureDiary","Frozen Egg 2","conspire:Boomerang","Oddly Smooth Stone","halation:KoshaPiece"],"acts_visited":["Exordium","TheCity"],"potions_floor_usage":[14,14,16,23,23,33],"damage_taken":[{"damage":5,"enemies":"2 Louse","floor":1,"turns":2},{"damage":2,"enemies":"Small Slimes","floor":2,"turns":2},{"damage":0,"enemies":"Cultist","floor":3,"turns":3},{"damage":1,"enemies":"Red Slaver","floor":5,"turns":4},{"damage":4,"enemies":"Replay:BlueRogue","floor":7,"turns":4},{"damage":0,"enemies":"Large Slime","floor":11,"turns":3},{"damage":13,"enemies":"Lagavulin","floor":14,"turns":3},{"damage":5,"enemies":"Slime Boss","floor":16,"turns":7},{"damage":5,"enemies":"conspire:FuzzyDice","floor":18,"turns":4},{"damage":0,"enemies":"Chosen","floor":19,"turns":3},{"damage":1,"enemies":"3 Cultists","floor":21,"turns":3},{"damage":16,"enemies":"Snake Plant","floor":23,"turns":4},{"damage":30,"enemies":"conspire:SneckoGhost","floor":24,"turns":6},{"damage":5,"enemies":"Chosen and Byrds","floor":28,"turns":4},{"damage":8,"enemies":"Snecko","floor":29,"turns":4},{"damage":21,"enemies":"Slavers","floor":31,"turns":4},{"damage":58,"enemies":"hubris:MusketHawk","floor":33,"turns":8}],"seed_played":"-5880037752003234340","potions_obtained":[{"floor":3,"key":"BlessingOfTheForge"},{"floor":7,"key":"FearPotion"},{"floor":14,"key":"SteroidPotion"},{"floor":18,"key":"Fire Potion"},{"floor":19,"key":"Block Potion"},{"floor":24,"key":"SneckoOil"},{"floor":31,"key":"DuplicationPotion"}],"is_trial":false,"path_per_floor":["M","M","M","?","M","R","E","?","T","$","M","?","R","E","R","B",null,"M","M","?","M","$","M","E","R","T","?","M","M","R","E","R","B"],"character_chosen":"DEFECT","items_purchased":["Hologram+1","Ball Lightning","Crystallizer","Frozen Egg 2"],"campfire_rested":4,"item_purchase_floors":[10,10,22,22],"current_hp_per_floor":[70,68,68,68,67,67,63,63,63,63,63,63,63,50,72,67,75,70,70,70,69,69,53,23,45,45,45,40,32,54,33,55,0,0],"gold":181,"neow_bonus":"DSIX","is_daily":false,"chose_seed":false,"campfire_upgraded":2,"win_rate":0.0,"timestamp":1607985314,"path_taken":["M","M","M","?","M","R","E","?","T","$","M","?","R","E","R","BOSS","M","M","?","M","$","M","E","R","T","?","M","M","R","E","R","BOSS"],"items_purchased_type":["Card","Card","Card","Relic"],"build_version":"2020-12-13","purchased_purges":0,"victory":false,"max_hp_per_floor":[75,75,75,75,75,75,75,75,75,75,75,75,75,75,75,75,75,75,75,75,75,75,75,75,75,75,75,75,75,75,75,75,75,75],"card_choices":[{"not_picked":["Skim","ReplayGash"],"picked":"FTL","floor":1},{"not_picked":["Compile Driver","Streamline"],"picked":"Conserve Battery","floor":2},{"not_picked":["Redo","Rebound"],"picked":"Sweeping Beam","floor":3},{"not_picked":["Streamline","StuffTheSpire:Plugnplay"],"picked":"ReplayTheSpireMod:Omega Cannon","floor":5},{"not_picked":["Turbo","Hologram"],"picked":"Sweeping Beam","floor":7},{"not_picked":["Melter","Stack"],"picked":"StuffTheSpire:LoadUp","floor":11},{"not_picked":["Panic Button","Reinforced Body"],"picked":"Seek","floor":14},{"not_picked":["Reboot","Buffer"],"picked":"Seek","floor":16},{"not_picked":["Reprogram","Panic Button"],"picked":"Turbo","floor":18},{"not_picked":["Barrage","Cold Snap+1"],"picked":"Beam Cell","floor":19},{"not_picked":["Doom and Gloom","StuffTheSpire:LoadUp"],"picked":"Conserve Battery","floor":21},{"not_picked":["ReplaySolidLightProjector","Turbo"],"picked":"Conserve Battery","floor":23},{"not_picked":["Darkness+1","Barrage","Heatsinks+1"],"picked":"SKIP","floor":24},{"not_picked":["Redo","Beam Cell"],"picked":"Chaos","floor":28},{"not_picked":["Go for the Eyes","Compile Driver"],"picked":"Crystallizer+1","floor":29},{"not_picked":["Coolheaded","Compile Driver"],"picked":"ReplayTheSpireMod:Omega Cannon","floor":31}],"player_experience":95602,"relics_obtained":[{"floor":7,"key":"aspiration:TomeofQuesting"},{"floor":14,"key":"Omamori"},{"floor":24,"key":"conspire:Boomerang"},{"floor":26,"key":"Oddly Smooth Stone"},{"floor":31,"key":"halation:KoshaPiece"}],"event_choices":[{"damage_healed":0,"gold_gain":0,"player_choice":"Grow","damage_taken":0,"max_hp_gain":0,"max_hp_loss":0,"event_name":"Living Wall","floor":4,"gold_loss":0,"cards_upgraded":["Zap"]},{"damage_healed":0,"gold_gain":0,"player_choice":"Argue","damage_taken":0,"max_hp_gain":0,"max_hp_loss":0,"event_name":"conspire:LoneGhost","floor":8,"gold_loss":0},{"damage_healed":0,"gold_gain":0,"player_choice":"Upgraded","damage_taken":0,"max_hp_gain":0,"max_hp_loss":0,"event_name":"Upgrade Shrine","floor":12,"gold_loss":0,"cards_upgraded":["StuffTheSpire:LoadUp"]},{"cards_removed":["Strike_B"],"damage_healed":0,"gold_gain":0,"player_choice":"Give","damage_taken":0,"max_hp_gain":0,"max_hp_loss":0,"event_name":"betterNote:BetterNote","floor":20,"gold_loss":0,"cards_obtained":["Burn"]}],"is_beta":false,"boss_relics":[{"not_picked":["hubris:RunicObelisk","Empty Cage"],"picked":"aspiration:FutureDiary"}],"items_purged_floors":[],"is_endless":false,"potions_floor_spawned":[3,7,14,18,19,24,31],"killed_by":"hubris:MusketHawk","ascension_level":0}}