{"host":"cv6i479uilws7tk5","time":1607978747,"event":{"mods":["BaseMod","Better Altar","Better Match","Better Note","Better Sensory Stone","Better Skull","Better Third Choice","Energized Spire","Highlight Path","Minty Spire (QoL Compilation)","Rare Cards Sparkle","Relic Stats","StSLib"],"gold_per_floor":[117,132,145,21,41,41,9,44,44,44,44],"floor_reached":10,"playtime":376,"items_purged":[],"score":82,"play_id":"72953c37-a4bc-46f7-a31e-6082fee742fc","local_time":"20201214134547","is_ascension_mode":true,"campfire_choices":[{"data":"Noxious Fumes","floor":6.0,"key":"SMITH"}],"circlet_count":0,"master_deck":["Strike_G","Strike_G","Strike_G","Strike_G","Strike_G","Defend_G","Defend_G","Defend_G","Defend_G","Defend_G","Survivor","Neutralize","Envenom","Backflip","Deadly Poison","Leg Sweep","Noxious Fumes+1","Dagger Spray","Crippling Poison"],"relics":["Ring of the Snake","betterThird:SlimedRelic","Frozen Egg 2","Singing Bowl"],"acts_visited":["Exordium"],"potions_floor_usage":[8,10],"damage_taken":[{"damage":3.0,"enemies":"Cultist","floor":1.0,"turns":5.0},{"damage":6.0,"enemies":"Jaw Worm","floor":2.0,"turns":5.0},{"damage":4.0,"enemies":"2 Louse","floor":3.0,"turns":3.0},{"damage":6.0,"enemies":"Large Slime","floor":5.0,"turns":6.0},{"damage":17,"enemies":"Lagavulin","floor":8,"turns":7},{"damage":28,"enemies":"Gremlin Nob","floor":10,"turns":4}],"seed_played":"2504362396113101120","potions_obtained":[{"floor":1.0,"key":"PowerPotion"},{"floor":8,"key":"Swift Potion"}],"is_trial":false,"path_per_floor":["M","M","M","$","M","R","?","E","T","E"],"character_chosen":"THE_SILENT","items_purchased":["Noxious Fumes","Dagger Spray"],"campfire_rested":0,"item_purchase_floors":[4,4],"current_hp_per_floor":[67,61,57,57,51,51,40,23,23,0,0],"gold":44,"neow_bonus":"ONE_RANDOM_RARE_CARD","is_daily":false,"chose_seed":false,"campfire_upgraded":1,"win_rate":0.0,"timestamp":1607978747,"path_taken":["M","M","?","$","M","R","?","E","T","E"],"items_purchased_type":["Card","Card"],"build_version":"2020-12-13","purchased_purges":0,"victory":false,"max_hp_per_floor":[70,70,70,70,70,70,70,70,70,70,70],"relic_stats":{"Singing Bowl":0,"counters":[6,30],"obtain_stats":[{"Singing Bowl":9,"betterThird:SlimedRelic":7,"Frozen Egg 2":8,"Ring of the Snake":0},{"Singing Bowl":5,"betterThird:SlimedRelic":4,"Frozen Egg 2":5,"Ring of the Snake":0},{"Singing Bowl":26,"betterThird:SlimedRelic":19,"Frozen Egg 2":26,"Ring of the Snake":0}],"Ring of the Snake":[12]},"card_choices":[{"not_picked":["Choke","Underhanded Strike"],"picked":"Backflip","floor":1.0},{"not_picked":["Backflip","Blade Dance"],"picked":"Deadly Poison","floor":2.0},{"not_picked":["Distraction","Blade Dance"],"picked":"Leg Sweep","floor":3.0},{"not_picked":["Backstab","Sucker Punch"],"picked":"Crippling Poison","floor":5.0},{"not_picked":["Tools of the Trade+1","Night Terror","Flying Knee"],"picked":"SKIP","floor":8}],"player_experience":318852,"relics_obtained":[{"floor":8,"key":"Frozen Egg 2"},{"floor":9,"key":"Singing Bowl"}],"event_choices":[{"damage_healed":0.0,"max_hp_gain":0.0,"max_hp_loss":0.0,"gold_gain":0.0,"event_name":"betterThird:BetterGoop","player_choice":"Slimed","floor":7.0,"gold_loss":32.0,"damage_taken":11.0}],"is_beta":false,"boss_relics":[],"items_purged_floors":[],"is_endless":false,"potions_floor_spawned":[1,8],"killed_by":"Gremlin Nob","ascension_level":4}}