{"host":"lstuuc6roym1046h","time":1607980226,"event":{"mods":["AchievementEnabler","BaseMod","Minty Spire (QoL Compilation)","Relic Stats","StSLib"],"gold_per_floor":[115,2,21,36,36,79,44,87,112,112,147,20,43,118,118,214,214,228,241,241,72,72,115,115,156,156,189,189,114,114,132,132,225,225,246,246,296,296,317,358,426,426,478,130,150,189,169,200,200,200,200],"floor_reached":52,"playtime":4808,"items_purged":["Strike_G","Strike_G"],"score":2006,"play_id":"bfe19444-3a90-4327-80cc-0e94706d1995","local_time":"20201214211026","is_ascension_mode":true,"campfire_choices":[{"data":"Finisher","floor":10.0,"key":"SMITH"},{"floor":15.0,"key":"REST"},{"data":"Phantasmal Killer","floor":24.0,"key":"SMITH"},{"data":"Burst","floor":28.0,"key":"SMITH"},{"data":"Malaise","floor":30.0,"key":"SMITH"},{"data":"Crippling Poison","floor":32.0,"key":"SMITH"},{"data":"Wraith Form v2","floor":42.0,"key":"SMITH"},{"floor":49.0,"key":"REST"}],"circlet_count":0,"master_deck":["AscendersBane","Strike_G","Strike_G","Defend_G","Defend_G","Defend_G","Defend_G","Defend_G","Survivor","Neutralize","Slice","PiercingWail","Dagger Spray","Underhanded Strike","Finisher+1","Acrobatics","Footwork+1","PiercingWail","Phantasmal Killer+1","Dodge and Roll","Cloak And Dagger","Malaise+1","Blade Dance+1","Backflip","Crippling Poison+1","RitualDagger","Burst+1","Wraith Form v2+1","Dark Shackles","Leg Sweep","Prepared+1","Parasite","Predator+1","Cloak And Dagger+1","Footwork"],"relics":["Runic Pyramid","Golden Idol","Vajra","Toy Ornithopter","Juzu Bracelet","Orichalcum","Bag of Preparation","HoveringKite","Orrery","Happy Flower","PreservedInsect","Singing Bowl","Dream Catcher","SlaversCollar","Lantern","Turnip","Bronze Scales","Art of War","Bird Faced Urn"],"acts_visited":["Exordium","TheCity","TheBeyond"],"potions_floor_usage":[51],"damage_taken":[{"damage":0.0,"enemies":"Cultist","floor":1.0,"turns":4.0},{"damage":0.0,"enemies":"Jaw Worm","floor":3.0,"turns":6.0},{"damage":0.0,"enemies":"Small Slimes","floor":4.0,"turns":4.0},{"damage":19.0,"enemies":"3 Sentries","floor":6.0,"turns":10.0},{"damage":20.0,"enemies":"Lagavulin","floor":8.0,"turns":6.0},{"damage":17.0,"enemies":"3 Sentries","floor":11.0,"turns":7.0},{"damage":6.0,"enemies":"The Guardian","floor":16.0,"turns":11.0},{"damage":0.0,"enemies":"Chosen","floor":18.0,"turns":6.0},{"damage":5.0,"enemies":"Spheric Guardian","floor":19.0,"turns":3.0},{"damage":10.0,"enemies":"Slavers","floor":23.0,"turns":5.0},{"damage":0.0,"enemies":"Gremlin Leader","floor":25.0,"turns":5.0},{"damage":0.0,"enemies":"Slavers","floor":27.0,"turns":5.0},{"damage":0.0,"enemies":"Snake Plant","floor":31.0,"turns":7.0},{"damage":24.0,"enemies":"Automaton","floor":33.0,"turns":13.0},{"damage":0.0,"enemies":"Orb Walker","floor":35.0,"turns":2.0},{"damage":8.0,"enemies":"3 Darklings","floor":39.0,"turns":8.0},{"damage":5.0,"enemies":"Giant Head","floor":40.0,"turns":5.0},{"damage":6.0,"enemies":"2 Orb Walkers","floor":41.0,"turns":6.0},{"damage":0.0,"enemies":"Writhing Mass","floor":45.0,"turns":8.0},{"damage":15.0,"enemies":"Reptomancer","floor":46.0,"turns":6.0},{"damage":0.0,"enemies":"Mind Bloom Boss Battle","floor":48.0,"turns":4.0},{"damage":4,"enemies":"Time Eater","floor":50,"turns":17},{"damage":23,"enemies":"Awakened One","floor":51,"turns":17}],"seed_played":"-2533314005251274132","potions_obtained":[{"floor":3.0,"key":"FearPotion"},{"floor":6.0,"key":"Fruit Juice"},{"floor":11.0,"key":"DistilledChaos"},{"floor":16.0,"key":"AttackPotion"},{"floor":23.0,"key":"PowerPotion"},{"floor":27.0,"key":"Dexterity Potion"},{"floor":40.0,"key":"BlessingOfTheForge"},{"floor":47.0,"key":"SteroidPotion"}],"is_trial":false,"path_per_floor":["M","$","M","M","?","E","?","E","T","R","E","$","T","?","R","B",null,"M","M","?","$","?","E","R","E","T","E","R","?","R","M","R","B",null,"M","?","?","?","M","E","?","R","T","$","M","E","?","?","R","B","B",null],"character_chosen":"THE_SILENT","items_purchased":["PiercingWail","Block Potion","PiercingWail","Orrery","Bronze Scales","Regen Potion"],"campfire_rested":2,"item_purchase_floors":[2,2,12,21,44,44],"current_hp_per_floor":[59,59,59,59,59,40,55,35,35,35,18,18,18,7,25,29,56,56,56,56,56,50,40,40,40,40,47,47,47,47,49,49,30,59,61,61,61,61,53,48,49,49,49,49,51,41,41,41,62,64,67],"gold":200,"neow_bonus":"BOSS_RELIC","is_daily":false,"chose_seed":false,"campfire_upgraded":6,"win_rate":0.0,"timestamp":1607980226,"path_taken":["M","?","M","M","?","E","?","E","T","R","E","$","?","?","R","BOSS","M","M","?","?","?","E","R","E","T","E","R","?","R","M","R","BOSS","M","?","?","?","M","E","?","R","T","$","M","E","?","?","R","BOSS","BOSS"],"items_purchased_type":["Card","Potion","Card","Relic","Relic","Potion"],"build_version":"2020-12-13","purchased_purges":2,"victory":true,"max_hp_per_floor":[66,66,66,66,60,60,60,60,60,60,60,60,60,60,60,65,65,65,65,65,65,65,65,65,65,65,67,67,67,67,69,69,69,69,71,71,71,67,67,67,69,69,69,69,71,71,71,71,71,71,71],"relic_stats":{"Happy Flower":[34],"Singing Bowl":10,"counters":[23,165],"Golden Idol":182,"HoveringKite":[37],"PreservedInsect":233,"Juzu Bracelet":3,"Bag of Preparation":[34],"Orichalcum":[168],"Dream Catcher":1,"Bronze Scales":[225],"Bird Faced Urn":[12],"Turnip":[5],"Art of War":[11],"obtain_stats":[{"Lantern":40,"Happy Flower":23,"Singing Bowl":26,"Golden Idol":5,"Vajra":6,"HoveringKite":17,"PreservedInsect":25,"Juzu Bracelet":9,"Bag of Preparation":13,"Orichalcum":11,"SlaversCollar":34,"Dream Catcher":27,"Bronze Scales":44,"Bird Faced Urn":48,"Orrery":21,"Turnip":41,"Art of War":46,"Toy Ornithopter":8,"Ring of the Snake":0,"Runic Pyramid":0},{"Lantern":17,"Happy Flower":10,"Singing Bowl":11,"Golden Idol":3,"Vajra":4,"HoveringKite":7,"PreservedInsect":11,"Juzu Bracelet":5,"Bag of Preparation":6,"Orichalcum":6,"SlaversCollar":14,"Dream Catcher":12,"Bronze Scales":18,"Bird Faced Urn":21,"Orrery":9,"Turnip":18,"Art of War":20,"Toy Ornithopter":5,"Ring of the Snake":0,"Runic Pyramid":0},{"Lantern":107,"Happy Flower":62,"Singing Bowl":67,"Golden Idol":14,"Vajra":24,"HoveringKite":48,"PreservedInsect":67,"Juzu Bracelet":30,"Bag of Preparation":37,"Orichalcum":37,"SlaversCollar":92,"Dream Catcher":72,"Bronze Scales":113,"Bird Faced Urn":131,"Orrery":57,"Turnip":113,"Art of War":127,"Toy Ornithopter":30,"Ring of the Snake":0,"Runic Pyramid":0}],"Toy Ornithopter":35},"card_choices":[{"not_picked":["Reflex","Escape Plan"],"picked":"Slice","floor":1.0},{"not_picked":["Deadly Poison","Blade Dance"],"picked":"Dagger Spray","floor":3.0},{"not_picked":["Outmaneuver","Blade Dance"],"picked":"Underhanded Strike","floor":4.0},{"not_picked":["Expertise","Outmaneuver"],"picked":"Finisher","floor":6.0},{"not_picked":["Deadly Poison","Night Terror"],"picked":"Acrobatics","floor":8.0},{"not_picked":["Bane","Caltrops"],"picked":"Footwork","floor":11.0},{"not_picked":["Tools of the Trade","Die Die Die"],"picked":"Phantasmal Killer","floor":16.0},{"not_picked":["Flying Knee","Dagger Spray"],"picked":"Dodge and Roll","floor":18.0},{"not_picked":["Slice","Outmaneuver"],"picked":"Cloak And Dagger","floor":19.0},{"not_picked":["Poisoned Stab","Catalyst"],"picked":"Malaise","floor":21.0},{"not_picked":["Slice","Storm of Steel"],"picked":"Blade Dance+1","floor":21.0},{"not_picked":["Masterful Stab","Outmaneuver"],"picked":"Backflip","floor":21.0},{"not_picked":["Heel Hook","Poisoned Stab"],"picked":"Crippling Poison","floor":21.0},{"not_picked":["Acrobatics","Flying Knee","Bane"],"picked":"SKIP","floor":23.0},{"not_picked":["Footwork","Expertise+1"],"picked":"Burst","floor":25.0},{"not_picked":["Blade Dance","Heel Hook","Dagger Spray"],"picked":"Singing Bowl","floor":27.0},{"not_picked":["Caltrops","Acrobatics","Masterful Stab"],"picked":"Singing Bowl","floor":31.0},{"not_picked":["Burst","Grand Finale"],"picked":"Wraith Form v2","floor":33.0},{"not_picked":["Dagger Spray","Poisoned Stab","Backflip"],"picked":"Singing Bowl","floor":35.0},{"not_picked":["Master of Strategy","Discovery"],"picked":"Dark Shackles","floor":36.0},{"not_picked":["Dagger Spray","Prepared"],"picked":"Leg Sweep","floor":39.0},{"not_picked":["Leg Sweep","Dash"],"picked":"Prepared+1","floor":40.0},{"not_picked":["Acrobatics","Catalyst","Choke"],"picked":"Singing Bowl","floor":41.0},{"not_picked":["Acrobatics","Poisoned Stab","Underhanded Strike+1"],"picked":"Singing Bowl","floor":45.0},{"not_picked":["Endless Agony","Acrobatics"],"picked":"Predator+1","floor":46.0},{"not_picked":["Backflip","Outmaneuver"],"picked":"Cloak And Dagger+1","floor":48.0},{"not_picked":["Dodge and Roll+1","Riddle With Holes"],"picked":"Footwork","floor":49.0}],"player_experience":822252,"relics_obtained":[{"floor":6.0,"key":"Vajra"},{"floor":8.0,"key":"Toy Ornithopter"},{"floor":9.0,"key":"Juzu Bracelet"},{"floor":11.0,"key":"Orichalcum"},{"floor":13.0,"key":"Bag of Preparation"},{"floor":23.0,"key":"Happy Flower"},{"floor":25.0,"key":"PreservedInsect"},{"floor":26.0,"key":"Singing Bowl"},{"floor":27.0,"key":"Dream Catcher"},{"floor":40.0,"key":"Lantern"},{"floor":41.0,"key":"Turnip"},{"floor":46.0,"key":"Art of War"},{"floor":48.0,"key":"Bird Faced Urn"}],"event_choices":[{"damage_healed":0.0,"max_hp_gain":0.0,"max_hp_loss":6.0,"gold_gain":0.0,"event_name":"Golden Idol","player_choice":"Lose Max HP","floor":5.0,"gold_loss":0.0,"damage_taken":0.0,"relics_obtained":["Golden Idol"]},{"damage_healed":15.0,"max_hp_gain":0.0,"max_hp_loss":0.0,"gold_gain":0.0,"event_name":"The Cleric","player_choice":"Healed","floor":7.0,"gold_loss":35.0,"damage_taken":0.0},{"damage_healed":0.0,"max_hp_gain":0.0,"max_hp_loss":0.0,"gold_gain":75.0,"event_name":"World of Goop","player_choice":"Gather Gold","floor":14.0,"gold_loss":0.0,"damage_taken":11.0},{"damage_healed":0.0,"max_hp_gain":0.0,"max_hp_loss":0.0,"gold_gain":0.0,"event_name":"Upgrade Shrine","player_choice":"Upgraded","floor":20.0,"gold_loss":0.0,"damage_taken":0.0,"cards_upgraded":["Footwork"]},{"damage_healed":0.0,"max_hp_gain":0.0,"max_hp_loss":0.0,"gold_gain":0.0,"event_name":"Nest","player_choice":"Joined the Cult","floor":22.0,"gold_loss":0.0,"damage_taken":6.0,"cards_obtained":["RitualDagger"]},{"cards_removed":["Strike_G"],"damage_healed":0.0,"max_hp_gain":0.0,"max_hp_loss":0.0,"gold_gain":0.0,"event_name":"Beggar","player_choice":"Gave Gold","floor":29.0,"gold_loss":75.0,"damage_taken":0.0},{"damage_healed":0.0,"max_hp_gain":0.0,"max_hp_loss":0.0,"gold_gain":0.0,"event_name":"SensoryStone","player_choice":"Memory 1","floor":36.0,"gold_loss":0.0,"damage_taken":0.0},{"damage_healed":0.0,"max_hp_gain":0.0,"max_hp_loss":0.0,"gold_gain":50.0,"event_name":"Golden Shrine","player_choice":"Pray","floor":37.0,"gold_loss":0.0,"damage_taken":0.0},{"damage_healed":0.0,"max_hp_gain":0.0,"max_hp_loss":4.0,"gold_gain":0.0,"event_name":"Winding Halls","player_choice":"Max HP","floor":38.0,"gold_loss":0.0,"damage_taken":0.0},{"damage_healed":0.0,"max_hp_gain":0.0,"max_hp_loss":0.0,"gold_gain":0.0,"event_name":"Mysterious Sphere","player_choice":"Fight","floor":41.0,"gold_loss":0.0,"damage_taken":0.0},{"damage_healed":0.0,"max_hp_gain":0.0,"max_hp_loss":0.0,"gold_gain":0.0,"event_name":"The Woman in Blue","player_choice":"Bought 1 Potion","floor":47.0,"gold_loss":0.0,"damage_taken":0.0},{"damage_healed":0.0,"max_hp_gain":0.0,"max_hp_loss":0.0,"gold_gain":0.0,"event_name":"MindBloom","player_choice":"Fight","floor":48.0,"gold_loss":0.0,"damage_taken":0.0}],"is_beta":false,"boss_relics":[{"not_picked":["Calling Bell","Runic Dome"],"picked":"HoveringKite"},{"not_picked":["Philosopher\u0027s Stone","Fusion Hammer"],"picked":"SlaversCollar"}],"items_purged_floors":[12,44],"is_endless":false,"potions_floor_spawned":[3,6,11,16,23,27,31,40,45,48],"ascension_level":20}}