{"host":"o3b7ow6d1xe49css","time":1607946271,"event":{"mods":["2.2 Compatiblity","Act Like it!","Aspiration","BaseMod","Bestiary","Better Altar","Better Match","Better Note","Better Sensory Stone","Better Skull","Better Third Choice","Colored Powertips","Conspire","Downfall","Elementarium","Energized Spire","GifTheSpireLib","Halation","Hermit","Hubris","Infinite Spire","Minty Spire (QoL Compilation)","Quick Restart","Replay The Spire","Spicy Shops","Spikes Relics","StSLib","Stuff the Spire","The Blue Laboratory","The Jungle","Wandering Minibosses","vexMod"],"gold_per_floor":[99,117,127,127,143,143,170,152,152,77,77,102,102,102,102,198,198,217,230,230,501,15,47,47,47,72,101,135,135,135,150,150,247,247,589,589,152,152,168,168,195,225,251,251,280,280,307,338,338,439,439,439],"floor_reached":51,"playtime":1553,"items_purged":["Strike_R","Strike_R","Wild Strike","Strike_R+1"],"score":1266,"play_id":"78978afb-e59c-4017-b5b1-3ef7da1f55c2","local_time":"20201214024431","daily_mods":["Heirloom","Flight"],"is_ascension_mode":true,"campfire_choices":[{"data":"CrushJoints","floor":6,"key":"SMITH"},{"data":"Inflame","floor":11,"key":"SMITH"},{"data":"Eruption","floor":13,"key":"SMITH"},{"data":"StuffTheSpire:Ambrosia","floor":15,"key":"SMITH"},{"floor":25,"key":"REST"},{"floor":29,"key":"REST"},{"data":"infinitespire:UltimateForm","floor":32,"key":"SMITH"},{"floor":40,"key":"REST"},{"data":"Heavy Blade","floor":46,"key":"SMITH"},{"data":"infinitespire:Execution","floor":49,"key":"SMITH"}],"circlet_count":0,"master_deck":["Whirlwind+1","Defend_R","Defend_R","Defend_R","Defend_R+1","Whirlwind","Eruption+1","Pommel Strike","CrushJoints+2","Twin Strike","Inflame+1","Heavy Blade+1","Disarm","Feed","StuffTheSpire:Ambrosia+1","Thunderclap+1","Hemokinesis+1","StuffTheSpire:Ambrosia+1","Blasphemy","infinitespire:UltimateForm+1","Protect","infinitespire:Execution+1","Heavy Blade+1","Whirlwind+1","hubris:NaturalOne"],"relics":["Ring of Chaos","conspire:InfiniteJournal","Replay:M_SmolderingBlood","hubris:Icosahedron","King of Hearts","Incense Burner","hubris:DisguiseKit","Ooze Armor","halation:PromiseList","Sling","RetroEgg","Blue Doll","Pear","Blood Vial","hubris:GlazedTorus","ReplayTheSpireMod:DimensionalGlitch","wanderingMiniBosses:LockLocket","hubris:FruitBowl","hubris:KleinBottle","Whetstone","infinitespire:Satchel","Medical Kit","Centennial Puzzle","infinitespire:EmpoweringShard","StuffTheSpire:Mouthbags","Happy Flower","vexMod:BarristanHead","BlackRope","aspiration:RitualDagger"],"acts_visited":["Exordium","TheCity","TheBeyond"],"potions_floor_usage":[5,21,28,31,31,33,33,42,42],"damage_taken":[{"damage":0,"enemies":"2 Louse","floor":2,"turns":2},{"damage":0,"enemies":"Cultist","floor":3,"turns":2},{"damage":5,"enemies":"Small Slimes","floor":5,"turns":2},{"damage":0,"enemies":"Lagavulin","floor":7,"turns":4},{"damage":12,"enemies":"3 Sentries","floor":8,"turns":4},{"damage":18,"enemies":"Lagavulin","floor":12,"turns":5},{"damage":11,"enemies":"Fading Forest","floor":16,"turns":11},{"damage":0,"enemies":"3 Byrds","floor":18,"turns":2},{"damage":0,"enemies":"Spheric Guardian","floor":19,"turns":1},{"damage":36,"enemies":"Snecko","floor":21,"turns":5},{"damage":36,"enemies":"Book of Stabbing","floor":23,"turns":4},{"damage":5,"enemies":"Slavers","floor":27,"turns":2},{"damage":15,"enemies":"Gremlin Leader","floor":28,"turns":2},{"damage":22,"enemies":"Snake Plant","floor":31,"turns":2},{"damage":36,"enemies":"conspire:MysteriousRune","floor":33,"turns":6},{"damage":3,"enemies":"3 Darklings","floor":35,"turns":5},{"damage":9,"enemies":"Orb Walker","floor":39,"turns":2},{"damage":1,"enemies":"Reptomancer","floor":41,"turns":2},{"damage":3,"enemies":"Nemesis","floor":42,"turns":3},{"damage":4,"enemies":"Nightmare","floor":45,"turns":3},{"damage":0,"enemies":"Reptomancer","floor":47,"turns":2},{"damage":7,"enemies":"R_Hoarder","floor":48,"turns":3},{"damage":34,"enemies":"Awakened One","floor":50,"turns":4}],"seed_played":"2664961950604327261","potions_obtained":[{"floor":2,"key":"BlessingOfTheForge"},{"floor":8,"key":"blueLaboratory:Moonshine"},{"floor":12,"key":"BloodPotion"},{"floor":18,"key":"blueLaboratory:LouseDecoction"},{"floor":27,"key":"Toxic Potion"},{"floor":28,"key":"Swift Potion"},{"floor":33,"key":"blueLaboratory:AbyssPotion"},{"floor":35,"key":"blueLaboratory:ConflagurationPotion"},{"floor":39,"key":"blueLaboratory:FrostheartPotion"},{"floor":50,"key":"blueLaboratory:BottledHope"}],"is_trial":true,"path_per_floor":["?","M","M","?","M","R","E","E","T","?","R","E","R","?","R","B",null,"M","M","?","M","$","E","?","R","T","E","E","R","AVR","M","R","B",null,"M","$","$","$","M","R","E","E","T","AVR","NM","R","E","E","R","B",null],"character_chosen":"IRONCLAD","items_purchased":["halation:PromiseList","Sling","Wild Strike","Hemokinesis","hubris:FruitBowl","hubris:KleinBottle","Whetstone","Heavy Blade+1","infinitespire:Satchel","Medical Kit"],"campfire_rested":3,"item_purchase_floors":[22,22,22,22,36,36,36,37,37,37],"current_hp_per_floor":[80,80,80,64,59,59,59,47,47,47,47,29,29,29,29,40,72,74,76,76,59,59,25,25,52,52,61,50,82,82,66,66,36,96,96,48,48,48,44,81,85,135,135,135,136,136,141,139,139,110,110,110],"gold":439,"neow_bonus":"","is_daily":false,"chose_seed":false,"campfire_upgraded":7,"win_rate":0.0,"timestamp":1607946271,"path_taken":["?","M","M","?","M","R","E","E","T","?","R","E","R","?","R","BOSS","M","M","?","M","$","E","?","R","T","E","E","R","AVR","?","R","BOSS","M","?","$","$","?","R","E","E","T","AVR","NM","R","E","E","R","BOSS"],"items_purchased_type":["Relic","Relic","Card","Card","Relic","Relic","Relic","Card","Relic","Relic"],"build_version":"2020-12-13","purchased_purges":4,"victory":false,"max_hp_per_floor":[80,80,80,80,80,80,80,80,80,80,80,80,80,80,80,82,82,84,86,86,88,88,90,90,90,90,104,108,108,108,112,112,116,116,120,120,120,120,126,126,132,138,138,138,144,144,150,156,156,162,162,162],"card_choices":[{"not_picked":["CrushJoints","Perfected Strike","Rampage"],"picked":"SKIP","floor":2},{"not_picked":["Thunderclap","Reckless Charge"],"picked":"Pommel Strike","floor":3},{"not_picked":["Shrug It Off","ForeignInfluence"],"picked":"CrushJoints","floor":5},{"not_picked":["Crescendo","Iron Wave"],"picked":"Twin Strike","floor":7},{"not_picked":["Impervious","conspire:HitWhereItHurts"],"picked":"Inflame","floor":8},{"not_picked":["Flex","Crescendo","ReplayTheSpireMod:Strike From Hell"],"picked":"Heavy Blade","floor":10},{"not_picked":["Rupture","Rampage","Infernal Blade"],"picked":"Disarm","floor":10},{"not_picked":["Hemogenesis","Replay:Many Hands","Juggernaut"],"picked":"Feed","floor":10},{"not_picked":["Disarm","Juggernaut","Halt","ThirdEye"],"picked":"SKIP","floor":12},{"not_picked":["StuffTheSpire:BrainWave","StuffTheSpire:Perfection"],"picked":"StuffTheSpire:Ambrosia","floor":14},{"not_picked":["Cleave","hubris:SharpeningStone","ClearTheMind"],"picked":"Thunderclap+1","floor":18},{"not_picked":["Combust","Uppercut","ThirdEye"],"picked":"Whirlwind+1","floor":19},{"not_picked":["Armaments","Second Wind","Anger","Meditate"],"picked":"SKIP","floor":21},{"not_picked":["Thunderclap","Infernal Blade","Twin Strike+1","EmptyFist"],"picked":"SKIP","floor":23},{"not_picked":["Clothesline","conspire:Charge","Sever Soul","Adaptation"],"picked":"SKIP","floor":27},{"not_picked":["Wild Strike","Seeing Red","Berserk"],"picked":"Blasphemy","floor":28},{"not_picked":["Evolve","ReplayTheSpireMod:Muscle Training","Fire Breathing+1"],"picked":"Protect","floor":31},{"not_picked":["Replay:Undeath\u0027s Touch","Wild Strike","Headbutt+1","FearNoEvil"],"picked":"SKIP","floor":35},{"not_picked":["infinitespire:Fortify","infinitespire:FutureSight"],"picked":"infinitespire:Execution","floor":36},{"not_picked":["StuffTheSpire:Incineration+1","ReplayTheSpireMod:LeadingStrike","Entrench","Tantrum"],"picked":"SKIP","floor":39},{"not_picked":["StuffTheSpire:Incineration+1","ReplayTheSpireMod:LeadingStrike","Entrench","Tantrum"],"picked":"SKIP","floor":39},{"not_picked":["StuffTheSpire:RockThrow","Dropkick","BarbarianYell","Replay:Vibes"],"picked":"SKIP","floor":41},{"not_picked":["Seeing Red+1","Carnage","StuffTheSpire:BloodClot","Replay:DivineShield"],"picked":"SKIP","floor":42},{"not_picked":["Clash","Inflame+1","Immolate","SandsOfTime"],"picked":"SKIP","floor":45},{"not_picked":["Corruption","Body Slam+1","Infernal Blade","Adaptation"],"picked":"SKIP","floor":47},{"not_picked":["StuffTheSpire:BloodClot+1","hubris:CleavingFinish+1","Perfected Strike","FlurryOfBlows"],"picked":"SKIP","floor":48}],"player_experience":1701508,"relics_obtained":[{"floor":7,"key":"King of Hearts"},{"floor":8,"key":"Incense Burner"},{"floor":9,"key":"hubris:DisguiseKit"},{"floor":12,"key":"infinitespire:Beetle Shell"},{"floor":23,"key":"RetroEgg"},{"floor":26,"key":"Blue Doll"},{"floor":27,"key":"Pear"},{"floor":28,"key":"Blood Vial"},{"floor":35,"key":"wanderingMiniBosses:LockLocket"},{"floor":41,"key":"Centennial Puzzle"},{"floor":42,"key":"infinitespire:EmpoweringShard"},{"floor":43,"key":"StuffTheSpire:Mouthbags"},{"floor":45,"key":"Happy Flower"},{"floor":47,"key":"vexMod:BarristanHead"},{"floor":48,"key":"BlackRope"}],"event_choices":[{"damage_healed":80,"gold_gain":0,"player_choice":"Upgrade","damage_taken":16,"max_hp_gain":0,"max_hp_loss":80,"event_name":"betterThird:BetterShining","floor":4,"gold_loss":0,"cards_upgraded":["Strike_R","Defend_R"]},{"damage_healed":0,"gold_gain":0,"player_choice":"1","damage_taken":0,"max_hp_gain":0,"max_hp_loss":0,"event_name":"betterMatch:BetterMatch","floor":10,"gold_loss":0,"cards_obtained":["betterMatch:CommonCard","betterMatch:UncommonCard","betterMatch:RareCard"]},{"cards_removed":["Strike_R"],"damage_healed":0,"gold_gain":0,"player_choice":"Give","damage_taken":0,"max_hp_gain":0,"max_hp_loss":0,"event_name":"betterNote:BetterNote","floor":20,"gold_loss":0,"cards_obtained":["Strike_R"]},{"damage_healed":0,"gold_gain":0,"player_choice":"Copied","damage_taken":0,"max_hp_gain":0,"max_hp_loss":0,"event_name":"Duplicator","floor":24,"gold_loss":0,"cards_obtained":["StuffTheSpire:Ambrosia"]}],"is_beta":false,"boss_relics":[{"not_picked":["energizedSpire:StickyHand","vexMod:CursedCompass"],"picked":"Ooze Armor"},{"not_picked":["conspire:RoyalGoblet","Snecko Heart"],"picked":"ReplayTheSpireMod:DimensionalGlitch"},{"not_picked":["hubris:HollowSoul","vexMod:MysteryBossChallenge"],"picked":"aspiration:RitualDagger"}],"items_purged_floors":[22,30,37,44],"is_endless":true,"potions_floor_spawned":[2,8,12,18,27,28,33,35,39,50],"ascension_level":5}}