{"host":"9ubnrp80z7gv8v8p","time":1607924838,"event":{"mods":["AchievementEnabler","BaseMod","Better Altar","Better Match","Better Note","Better Sensory Stone","Better Skull","Better Third Choice","Better Vampires","BetterRewards","Block Reminder","Colored Map","DeckTracker","Displayed Cursed Tome","Highlight Path","Minty Spire (QoL Compilation)","Quick Restart","Rare Cards Sparkle","Relic Stats","Spire Birthday Party","StSLib","everything is the same but u backflip on backflip","slay the spire mod where everything is the same but ironclad has a cowboy hat"],"gold_per_floor":[119,69,69,69,81,81,110,110,137,137,91,16,16,33,33,130,130,147,147,62,78,78,78,92,92,174,184,184,84,97,107,107,207,207,217,235,110,128,128,128,128,128,155,155,205,205,205,240,240,240,240],"floor_reached":50,"playtime":2291,"items_purged":["Defend_B","Strike_B","Strike_B"],"score":587,"play_id":"9413ead0-93f9-4f77-8a5c-224c8ffeee43","local_time":"20201213234718","is_ascension_mode":true,"campfire_choices":[{"floor":6.0,"key":"REST"},{"floor":10.0,"key":"RECALL"},{"floor":15.0,"key":"REST"},{"floor":23.0,"key":"REST"},{"floor":25.0,"key":"REST"},{"floor":32.0,"key":"REST"},{"floor":40,"key":"REST"},{"floor":42,"key":"REST"},{"floor":47,"key":"REST"},{"floor":49,"key":"REST"}],"circlet_count":0,"master_deck":["Strike_B","Defend_B","Defend_B","Defend_B","Zap","Dualcast","Ball Lightning","Leap","Thunder Strike+1","Apotheosis+1","Reboot","Ball Lightning","Redo+1","Biased Cognition","Redo+1","Parasite","Bandage Up","Enlightenment","Writhe"],"relics":["Cracked Core","NeowsBlessing","Akabeko","Lantern","betterThird:SlimedRelic","SacredBark","Centennial Puzzle","Ornamental Fan","SlaversCollar","Nunchaku","Calipers","Juzu Bracelet"],"acts_visited":["Exordium","TheCity","TheBeyond"],"potions_floor_usage":[33,33,50],"damage_taken":[{"damage":0.0,"enemies":"Cultist","floor":1.0,"turns":1.0},{"damage":0.0,"enemies":"Jaw Worm","floor":5.0,"turns":1.0},{"damage":0.0,"enemies":"Lagavulin","floor":7.0,"turns":1.0},{"damage":0.0,"enemies":"2 Louse","floor":14.0,"turns":1.0},{"damage":21.0,"enemies":"The Guardian","floor":16.0,"turns":8.0},{"damage":13.0,"enemies":"2 Thieves","floor":18.0,"turns":4.0},{"damage":12.0,"enemies":"Chosen","floor":21.0,"turns":3.0},{"damage":6.0,"enemies":"Snake Plant","floor":24.0,"turns":3.0},{"damage":5.0,"enemies":"Snecko","floor":27.0,"turns":4.0},{"damage":14.0,"enemies":"Shelled Parasite and Fungi","floor":30.0,"turns":5.0},{"damage":11.0,"enemies":"Snake Plant","floor":31.0,"turns":2.0},{"damage":48,"enemies":"Collector","floor":33,"turns":9},{"damage":1,"enemies":"3 Shapes","floor":35,"turns":4},{"damage":50,"enemies":"3 Darklings","floor":36,"turns":5},{"damage":15,"enemies":"Writhing Mass","floor":38,"turns":5},{"damage":22,"enemies":"Mind Bloom Boss Battle","floor":45,"turns":7},{"damage":104,"enemies":"Giant Head","floor":48,"turns":8},{"damage":74,"enemies":"Time Eater","floor":50,"turns":9}],"seed_played":"-4157194961028930422","potions_obtained":[{"floor":1.0,"key":"Fire Potion"},{"floor":5.0,"key":"SkillPotion"},{"floor":7.0,"key":"ColorlessPotion"},{"floor":22.0,"key":"FairyPotion"},{"floor":31.0,"key":"LiquidBronze"},{"floor":36,"key":"EssenceOfSteel"}],"is_trial":false,"path_per_floor":["M","?","?","?","M","R","E","?","T","R","?","$","?","M","R","B",null,"M","?","?","M","?","R","M","R","T","M","?","$","M","M","R","B",null,"M","M","$","M","$","R","?","R","T","?","?","?","R","E","R","B"],"character_chosen":"DEFECT","items_purchased":[],"campfire_rested":9,"item_purchase_floors":[],"current_hp_per_floor":[75,75,80,62,62,80,80,80,80,80,69,69,69,69,80,59,80,67,80,80,68,68,80,74,80,80,75,75,75,61,50,74,26,80,79,29,29,14,14,38,38,62,62,80,64,64,80,48,72,0,0],"gold":240,"neow_bonus":"THREE_ENEMY_KILL","is_daily":false,"chose_seed":false,"campfire_upgraded":0,"win_rate":0.0,"timestamp":1607924838,"path_taken":["M","?","?","?","?","R","E","?","T","R","?","$","?","?","R","BOSS","M","?","?","M","?","R","M","R","T","?","?","$","M","M","R","BOSS","M","M","$","M","$","R","?","R","T","?","?","?","R","E","R","BOSS"],"items_purchased_type":[],"build_version":"2020-12-13","purchased_purges":3,"victory":false,"max_hp_per_floor":[75,75,80,80,80,80,80,80,80,80,80,80,80,80,80,80,80,80,80,80,80,80,80,80,80,80,80,80,80,80,80,80,80,80,80,80,80,80,80,80,80,80,80,80,80,80,80,80,80,80,80],"relic_stats":{"Centennial Puzzle":[36],"Nunchaku":[2],"counters":[18,80],"Ornamental Fan":[16],"Juzu Bracelet":0,"obtain_stats":[{"Lantern":9,"Calipers":45,"NeowsBlessing":0,"SacredBark":17,"Juzu Bracelet":48,"Akabeko":7,"SlaversCollar":34,"Dream Catcher":4,"Centennial Puzzle":20,"Nunchaku":43,"Ornamental Fan":26,"betterThird:SlimedRelic":11,"Cracked Core":0},{"Lantern":3,"Calipers":16,"NeowsBlessing":0,"SacredBark":5,"Juzu Bracelet":17,"Akabeko":3,"SlaversCollar":12,"Dream Catcher":1,"Centennial Puzzle":6,"Nunchaku":15,"Ornamental Fan":8,"betterThird:SlimedRelic":3,"Cracked Core":0},{"Lantern":3,"Calipers":63,"NeowsBlessing":0,"SacredBark":12,"Juzu Bracelet":71,"Akabeko":3,"SlaversCollar":42,"Dream Catcher":1,"Centennial Puzzle":16,"Nunchaku":56,"Ornamental Fan":22,"betterThird:SlimedRelic":3,"Cracked Core":0}]},"card_choices":[{"not_picked":["Chill","Go for the Eyes","Darkness"],"picked":"SKIP","floor":1.0},{"not_picked":["Skim","Coolheaded"],"picked":"Ball Lightning","floor":5.0},{"not_picked":["Go for the Eyes","Reprogram"],"picked":"Leap","floor":6.0},{"not_picked":["Leap","Cold Snap"],"picked":"Thunder Strike","floor":7.0},{"not_picked":["Heatsinks","Go for the Eyes","Rip and Tear"],"picked":"SKIP","floor":14.0},{"not_picked":["Machine Learning","All For One"],"picked":"Reboot","floor":16.0},{"not_picked":["Rebound","Cold Snap","Doom and Gloom"],"picked":"SKIP","floor":18.0},{"not_picked":["Leap","Steam"],"picked":"Ball Lightning","floor":21.0},{"not_picked":["Genetic Algorithm","Chaos+1","White Noise"],"picked":"SKIP","floor":24.0},{"not_picked":["Rebound+1","Go for the Eyes","Compile Driver"],"picked":"SKIP","floor":27.0},{"not_picked":["Defragment","Hologram+1"],"picked":"Redo+1","floor":30.0},{"not_picked":["Capacitor","Chaos","Hologram"],"picked":"SKIP","floor":31.0},{"not_picked":["Buffer","Amplify"],"picked":"Biased Cognition","floor":33},{"not_picked":["Skim+1","Steam+1"],"picked":"Redo+1","floor":35},{"not_picked":["Cold Snap+1","Streamline","Leap"],"picked":"SKIP","floor":36},{"not_picked":["Hello World+1","Cold Snap","Steam+1"],"picked":"SKIP","floor":38},{"not_picked":["PanicButton","Jack Of All Trades"],"picked":"Bandage Up","floor":41},{"not_picked":["Madness","Trip"],"picked":"Enlightenment","floor":41},{"not_picked":["Turbo+1","Fusion","Streamline+1"],"picked":"SKIP","floor":48}],"player_experience":892725,"relics_obtained":[{"floor":7.0,"key":"Akabeko"},{"floor":9.0,"key":"Lantern"},{"floor":26.0,"key":"Ornamental Fan"},{"floor":43,"key":"Nunchaku"},{"floor":45,"key":"Calipers"},{"floor":48,"key":"Juzu Bracelet"}],"event_choices":[{"cards_removed":["Strike_B"],"damage_healed":0.0,"max_hp_gain":0.0,"max_hp_loss":0.0,"gold_gain":0.0,"event_name":"The Cleric","player_choice":"Card Removal","floor":2.0,"gold_loss":50.0,"damage_taken":0.0},{"damage_healed":0.0,"max_hp_gain":5.0,"max_hp_loss":0.0,"gold_gain":0.0,"event_name":"Big Fish","player_choice":"Donut","floor":3.0,"gold_loss":0.0,"damage_taken":0.0},{"damage_healed":0.0,"max_hp_gain":0.0,"max_hp_loss":0.0,"gold_gain":0.0,"event_name":"betterThird:BetterScrap","player_choice":"Relic ","floor":4.0,"gold_loss":0.0,"damage_taken":18.0,"cards_obtained":["Calculated Gamble"]},{"damage_healed":80.0,"max_hp_gain":0.0,"max_hp_loss":80.0,"gold_gain":0.0,"event_name":"betterThird:BetterShining","player_choice":"Protect","floor":8.0,"gold_loss":1.0,"damage_taken":0.0},{"damage_healed":0.0,"max_hp_gain":0.0,"max_hp_loss":0.0,"gold_gain":0.0,"event_name":"betterThird:BetterGoop","player_choice":"Slimed","floor":11.0,"gold_loss":46.0,"damage_taken":11.0},{"damage_healed":0.0,"max_hp_gain":0.0,"max_hp_loss":0.0,"gold_gain":0.0,"event_name":"Accursed Blacksmith","player_choice":"Forge","floor":13.0,"gold_loss":0.0,"damage_taken":0.0,"cards_upgraded":["Thunder Strike"]},{"damage_healed":26.0,"max_hp_gain":0.0,"max_hp_loss":0.0,"gold_gain":0.0,"event_name":"The Library","player_choice":"Heal","floor":19.0,"gold_loss":0.0,"damage_taken":0.0},{"damage_healed":0.0,"max_hp_gain":0.0,"max_hp_loss":0.0,"gold_gain":0.0,"event_name":"Addict","player_choice":"Obtained Relic","floor":20.0,"gold_loss":85.0,"damage_taken":0.0,"relics_obtained":["Centennial Puzzle"]},{"damage_healed":0.0,"max_hp_gain":0.0,"max_hp_loss":0.0,"gold_gain":0.0,"event_name":"Lab","player_choice":"Got Potions","floor":22.0,"gold_loss":0.0,"damage_taken":0.0},{"damage_healed":0.0,"max_hp_gain":0.0,"max_hp_loss":0.0,"gold_gain":0.0,"event_name":"Vampires","player_choice":"Ignored","floor":28.0,"gold_loss":0.0,"damage_taken":0.0},{"damage_healed":0,"gold_gain":3,"player_choice":"1","damage_taken":0,"max_hp_gain":0,"max_hp_loss":0,"event_name":"betterStone:BetterStone","floor":41,"gold_loss":0},{"damage_healed":20,"gold_gain":0,"player_choice":"Writhe","damage_taken":0,"max_hp_gain":0,"max_hp_loss":0,"event_name":"Winding Halls","floor":44,"gold_loss":0,"cards_obtained":["Writhe"]},{"damage_healed":0,"gold_gain":0,"player_choice":"Fight","damage_taken":0,"max_hp_gain":0,"max_hp_loss":0,"event_name":"MindBloom","floor":45,"gold_loss":0},{"damage_healed":0,"gold_gain":0,"player_choice":"Ignored","damage_taken":0,"max_hp_gain":0,"max_hp_loss":0,"event_name":"Mysterious Sphere","floor":46,"gold_loss":0}],"is_beta":false,"boss_relics":[{"not_picked":["FrozenCore","Ectoplasm"],"picked":"SacredBark"},{"not_picked":["Pandora\u0027s Box","Astrolabe"],"picked":"SlaversCollar"}],"items_purged_floors":[12,29,37],"is_endless":false,"potions_floor_spawned":[1,5,7,14,21,27,31,36],"killed_by":"Time Eater","ascension_level":3}}