{"host":"yassvrowvc2yfwp2","time":1607952134,"event":{"mods":["2.2 Compatiblity","Act Like it!","BaseMod","Better Note","Downfall","HololiveMod","Jorbs\u0027s Wanderer Trilogy","Minty Spire (QoL Compilation)","Prisma Mod","Rare Cards Sparkle","Reimu£®≤©¿ˆ¡È√Œ£©","Replay The Spire","Spicy Shops","StSLib","The Bug Knight","The Cursed","The Servant 0.9.4"],"gold_per_floor":[99,119,119,138,153,63,90,102,149,161,188,200,212,184,209,49,61,165,165,165,165,165,185,110,153,153,171,171,196,196,196,156,9,25,130,130,130,130,159,23,34,34,58,88,88,88,88,102,114,164,184,184],"floor_reached":53,"playtime":1966,"items_purged":["Regret","Pain"],"score":733,"play_id":"5ffe2323-ccb1-4711-b6af-d74275302378","local_time":"20201214212214","is_ascension_mode":false,"campfire_choices":[{"data":"sneckomod:MorePower","floor":8.0,"key":"SMITH"},{"data":"sneckomod:DangerNoodle","floor":10.0,"key":"SMITH"},{"data":"sneckomod:UnknownRareAttack","floor":20.0,"key":"SMITH"},{"data":"sneckomod:TrashToTreasure","floor":24.0,"key":"SMITH"},{"floor":28.0,"key":"REST"},{"data":"sneckomod:UnknownRarePower","floor":37.0,"key":"SMITH"},{"floor":46,"key":"REST"}],"circlet_count":0,"master_deck":["sneckomod:Strike","sneckomod:Defend","sneckomod:Defend","sneckomod:TailWhip","sneckomod:SnekBite","sneckomod:Unknown","sneckomod:Unknown","sneckomod:MorePower+1","sneckomod:UnknownClassCULL_RED_COLOR+1","sneckomod:IronFang","sneckomod:UnknownClassRED+1","sneckomod:SlitherStrike","sneckomod:UnknownClassSILVER","sneckomod:UnknownRarePower+1","sneckomod:DangerNoodle+1","sneckomod:UnknownClassSILVER+1","sneckomod:Unknown2Cost","sneckomod:Unknown2Cost+1","sneckomod:SlitherStrike","sneckomod:UnknownClassCOLOR_ILLYA_PINK+1","sneckomod:UnknownRareAttack+1","sneckomod:TrashToTreasure+1","sneckomod:UnknownUncommonAttack+1","sneckomod:UnknownColorless+1","sneckomod:Unknown2Cost+1","sneckomod:Unknown1Cost+1","ZunPunch:ReiMu","Apotheosis","sneckomod:UnknownColorless+1","sneckomod:UnknownRarePower+1","sneckomod:UnknownClassBLUE+1","sneckomod:PureSnecko+1","sneckomod:UnknownRareSkill","The Bomb","Replay:SS_hec_4","sneckomod:UnknownCommonSkill+1","sneckomod:UnknownClassRED+1","sneckomod:UnknownClassBLUE+1","sneckomod:UnknownClassREIMU_COLOR+1","sneckomod:UnknownClassBUGKNIGHT_GRAY_COLOR+1","sneckomod:SlitherStrike+1"],"relics":["sneckomod:SneckoSoul","Bird Faced Urn","Replay:Rubber Ducky","MawBank","Juzu Bracelet","PaintedHorse:ReiMu","Membership Card","Runic Dome","downfall:HeartBlessingGreen","Regal Pillow","Replay:Bottled Snecko","WarpedTongs","sneckomod:LoadedDie","SlaversCollar","Turnip","Bottled Tornado","Medical Kit","ClockworkSouvenir","Matryoshka","Replay:Mystery Machine","Orichalcum","Replay:Baseball","Replay:Ringing Soul","StrikeDummy","Unceasing Top"],"acts_visited":["Exordium","TheCity","TheBeyond"],"potions_floor_usage":[],"damage_taken":[{"damage":7.0,"enemies":"Small Slimes","floor":2.0,"turns":3.0},{"damage":6.0,"enemies":"Jaw Worm","floor":4.0,"turns":4.0},{"damage":0.0,"enemies":"Cultist","floor":5.0,"turns":2.0},{"damage":4.0,"enemies":"downfall:FleeingMerchant","floor":6.0,"turns":4.0},{"damage":7.0,"enemies":"Replay:BlueRogue","floor":9.0,"turns":6.0},{"damage":4.0,"enemies":"2 Fungi Beasts","floor":11.0,"turns":3.0},{"damage":4.0,"enemies":"Blue Slaver","floor":15.0,"turns":2.0},{"damage":0.0,"enemies":"downfall:FleeingMerchant","floor":16.0,"turns":4.0},{"damage":0.0,"enemies":"Red Slaver","floor":17.0,"turns":1.0},{"damage":42.0,"enemies":"downfall:CharBossSilent","floor":18.0,"turns":7.0},{"damage":0.0,"enemies":"Spheric Guardian","floor":23.0,"turns":1.0},{"damage":23.0,"enemies":"Shelled Parasite and Fungi","floor":25.0,"turns":5.0},{"damage":20.0,"enemies":"Snake Plant","floor":27.0,"turns":3.0},{"damage":10.0,"enemies":"Replay:Snechameleon","floor":29.0,"turns":4.0},{"damage":5.0,"enemies":"downfall:FleeingMerchant","floor":33.0,"turns":4.0},{"damage":0.0,"enemies":"Snecko","floor":34.0,"turns":3.0},{"damage":22.0,"enemies":"downfall:CharBossIronclad","floor":35.0,"turns":7.0},{"damage":40.0,"enemies":"Nemesis","floor":39.0,"turns":7.0},{"damage":0,"enemies":"downfall:FleeingMerchant","floor":40,"turns":2},{"damage":10,"enemies":"Orb Walker","floor":41,"turns":3},{"damage":27,"enemies":"R_Hoarder","floor":44,"turns":7},{"damage":0,"enemies":"3 Shapes","floor":48,"turns":4},{"damage":1,"enemies":"Sphere and 2 Shapes","floor":49,"turns":3},{"damage":10,"enemies":"Mind Bloom Boss Battle","floor":50,"turns":4},{"damage":8,"enemies":"Maw","floor":51,"turns":7},{"damage":0,"enemies":"downfall:CharBossWatcher","floor":52,"turns":1}],"seed_played":"2101322577230792944","potions_obtained":[{"floor":2.0,"key":"LiquidBronze"},{"floor":15.0,"key":"AttackPotion"},{"floor":17.0,"key":"PowerPotion"},{"floor":25.0,"key":"SmokeBomb"},{"floor":27.0,"key":"ColorlessPotion"},{"floor":42,"key":"BlessingOfTheForge"}],"is_trial":false,"path_per_floor":["R","M","?","M","M","$","T","R","E","R","M","PTL","PTL","?","M","$","M","B",null,"R","?","?","M","R","M","T","M","R","E","?","T","?","$","M","B",null,"R","?","E","$","M","?","T","E","?","R","?","M","M","?","M","B",null],"character_chosen":"THE_SNECKO","items_purchased":["Membership Card","Apotheosis","Bottled Tornado","Medical Kit","ClockworkSouvenir","The Bomb","Replay:SS_hec_4","Matryoshka"],"campfire_rested":2,"item_purchase_floors":[16,33,40,40,40,40,40,40],"current_hp_per_floor":[90,84,84,81,82,82,82,82,80,80,80,80,80,80,79,81,83,49,99,99,99,99,99,99,85,85,68,101,99,99,99,99,98,103,92,104,104,104,71,72,67,67,67,62,62,108,108,112,115,119,122,130],"gold":184,"neow_bonus":"ONE_RARE_RELIC","is_daily":false,"chose_seed":false,"campfire_upgraded":5,"win_rate":0.0,"timestamp":1607952134,"path_taken":["R","M","?","M","M","$","T","R","E","R","M","PTL","PTL","?","M","?","M","BOSS","R","?","?","M","R","M","T","M","R","E","?","?","?","?","M","BOSS","R","?","E","$","M","?","T","E","?","R","?","M","M","?","M","BOSS"],"items_purchased_type":["Relic","Card","Relic","Relic","Relic","Card","Card","Relic"],"build_version":"2020-12-13","purchased_purges":2,"victory":true,"max_hp_per_floor":[90,91,91,92,93,93,93,93,94,94,96,96,96,96,97,97,97,99,99,99,99,99,99,99,100,100,101,101,103,103,103,103,102,103,104,104,104,104,105,106,107,107,107,108,108,108,108,112,116,129,132,132],"card_choices":[{"not_picked":["sneckomod:UnknownX+1","sneckomod:UnknownClassCHLOE_RED+1"],"picked":"sneckomod:UnknownClassCULL_RED_COLOR+1","floor":2.0},{"not_picked":["sneckomod:UnknownX","sneckomod:Nope"],"picked":"sneckomod:IronFang","floor":2.0},{"not_picked":["sneckomod:UnknownCommonAttack+1","sneckomod:UnknownClassCULL_RED_COLOR+1"],"picked":"sneckomod:UnknownClassRED+1","floor":4.0},{"not_picked":["sneckomod:DiceCrush","sneckomod:Unknown1Cost"],"picked":"sneckomod:SlitherStrike","floor":4.0},{"not_picked":["sneckomod:QuickMove","sneckomod:UnknownVulnerable"],"picked":"sneckomod:UnknownClassSILVER","floor":5.0},{"not_picked":["sneckomod:UnknownRareSkill+1","sneckomod:UnknownClassMIYU_BLUE+1"],"picked":"sneckomod:UnknownRarePower+1","floor":9.0},{"not_picked":["sneckomod:UnknownClassPURPLE","sneckomod:Unknown1Cost"],"picked":"sneckomod:DangerNoodle","floor":9.0},{"not_picked":["sneckomod:UnknownClassHololive_BLUE+1","sneckomod:UnknownClassHEXA_GHOST_PURPLE+1"],"picked":"sneckomod:UnknownClassSILVER+1","floor":11.0},{"not_picked":["sneckomod:IronFang","sneckomod:UnknownCommonSkill"],"picked":"sneckomod:Unknown2Cost","floor":11.0},{"not_picked":["sneckomod:UnknownStrike+1","sneckomod:UnknownClassBUGKNIGHT_GRAY_COLOR+1"],"picked":"sneckomod:Unknown2Cost+1","floor":15.0},{"not_picked":["sneckomod:IronFang","sneckomod:WideSting"],"picked":"sneckomod:SlitherStrike","floor":15.0},{"not_picked":["sneckomod:UnknownStrike","sneckomod:UnknownVulnerable","sneckomod:RainOfDice"],"picked":"SKIP","floor":17.0},{"not_picked":["sneckomod:UnknownStrike+1","sneckomod:UnknownClassMIYU_BLUE+1"],"picked":"sneckomod:UnknownClassCOLOR_ILLYA_PINK+1","floor":18.0},{"not_picked":["sneckomod:SoulExchange","sneckomod:SerpentMind"],"picked":"sneckomod:UnknownRareAttack","floor":18.0},{"not_picked":["sneckomod:Nope","sneckomod:DiceCrush","sneckomod:QuickMove"],"picked":"SKIP","floor":23.0},{"not_picked":["sneckomod:UnknownClassMIYU_BLUE+1","sneckomod:UnknownClassHEXA_GHOST_PURPLE+1"],"picked":"sneckomod:UnknownUncommonAttack+1","floor":25.0},{"not_picked":["sneckomod:UnknownCommonSkill","sneckomod:IronFang","sneckomod:Nope"],"picked":"SKIP","floor":25.0},{"not_picked":["sneckomod:UnknownClassPURPLE+1","sneckomod:UnknownClassBUGKNIGHT_GRAY_COLOR+1"],"picked":"sneckomod:UnknownColorless+1","floor":27.0},{"not_picked":["sneckomod:UnknownCommonSkill+1","sneckomod:UnknownStrike+1","sneckomod:UnknownVulnerable"],"picked":"SKIP","floor":27.0},{"not_picked":["sneckomod:UnknownClassWANDERER_GRAY_COLOR+1","sneckomod:UnknownClassTHE_CURSED_PURPLE+1"],"picked":"sneckomod:Unknown2Cost+1","floor":29.0},{"not_picked":["sneckomod:QuickMove","sneckomod:SoulDraw"],"picked":"sneckomod:Unknown1Cost+1","floor":29.0},{"not_picked":["sneckomod:UnknownExhaust+1","sneckomod:UnknownClassRED+1"],"picked":"sneckomod:UnknownColorless+1","floor":34.0},{"not_picked":["sneckomod:DiceBlock+1","sneckomod:UnknownCommonAttack+1","sneckomod:SoulDraw"],"picked":"SKIP","floor":34.0},{"not_picked":["sneckomod:SerpentMind","sneckomod:MorePower"],"picked":"sneckomod:UnknownRarePower","floor":35.0},{"not_picked":["sneckomod:UnknownClassAchievements+1","sneckomod:UnknownWeak+1"],"picked":"sneckomod:UnknownClassBLUE+1","floor":39.0},{"not_picked":["sneckomod:UnknownClassWANDERER_GRAY_COLOR+1","sneckomod:UnknownClassSILVER"],"picked":"sneckomod:PureSnecko+1","floor":39.0},{"not_picked":["sneckomod:Nope","sneckomod:UnknownBlock"],"picked":"sneckomod:UnknownRareSkill","floor":40},{"not_picked":["sneckomod:UnknownClassSILVER+1","sneckomod:UnknownClassWANDERER_GRAY_COLOR+1"],"picked":"sneckomod:UnknownCommonSkill+1","floor":41},{"not_picked":["sneckomod:Unknown1Cost","sneckomod:UnknownClassGUARDIAN+1","sneckomod:QuickBite+1"],"picked":"SKIP","floor":41},{"not_picked":["sneckomod:UnknownClassTHE_CURSED_PURPLE+1","sneckomod:UnknownClassREIMU_COLOR+1"],"picked":"sneckomod:UnknownClassRED+1","floor":44},{"not_picked":["sneckomod:Nope+1","sneckomod:Unknown1Cost","sneckomod:UnknownClassInstall+1"],"picked":"SKIP","floor":44},{"not_picked":["sneckomod:UnknownClassCOLOR_ILLYA_PINK+1","sneckomod:UnknownClassInstall+1"],"picked":"sneckomod:UnknownClassBLUE+1","floor":48},{"not_picked":["sneckomod:PureSnecko","sneckomod:UnknownCommonSkill+1","sneckomod:QuickMove"],"picked":"SKIP","floor":48},{"not_picked":["sneckomod:UnknownClassInstall+1","sneckomod:Unknown1Cost+1"],"picked":"sneckomod:UnknownClassREIMU_COLOR+1","floor":49},{"not_picked":["sneckomod:UnknownCommonAttack","sneckomod:SnekBeam","sneckomod:WideSting+1"],"picked":"SKIP","floor":49},{"not_picked":["sneckomod:UnknownEthereal+1","sneckomod:UnknownClassRED+1"],"picked":"sneckomod:UnknownClassBUGKNIGHT_GRAY_COLOR+1","floor":50},{"not_picked":["sneckomod:UnknownCommonSkill","sneckomod:SoulRoll+1"],"picked":"sneckomod:SlitherStrike+1","floor":51},{"not_picked":["sneckomod:Unknown1Cost+1","sneckomod:UnknownX+1","sneckomod:UnknownClassGREEN+1"],"picked":"SKIP","floor":51}],"player_experience":1916244,"relics_obtained":[{"floor":7.0,"key":"MawBank"},{"floor":9.0,"key":"Juzu Bracelet"},{"floor":26.0,"key":"Regal Pillow"},{"floor":29.0,"key":"Replay:Bottled Snecko"},{"floor":31.0,"key":"sneckomod:LoadedDie"},{"floor":39.0,"key":"Turnip"},{"floor":43,"key":"Replay:Mystery Machine"},{"floor":43,"key":"Orichalcum"},{"floor":44,"key":"Replay:Baseball"},{"floor":45,"key":"Replay:Ringing Soul"},{"floor":45,"key":"StrikeDummy"},{"floor":50,"key":"Unceasing Top"}],"event_choices":[{"damage_healed":0.0,"max_hp_gain":0.0,"max_hp_loss":0.0,"gold_gain":0.0,"event_name":"Big Fish","player_choice":"Box","floor":3.0,"gold_loss":0.0,"damage_taken":0.0,"relics_obtained":["Replay:Rubber Ducky"],"cards_obtained":["Regret"]},{"damage_healed":0.0,"max_hp_gain":0.0,"max_hp_loss":0.0,"gold_gain":0.0,"event_name":"yidonshenshe","player_choice":"»˚«Æ","floor":14.0,"gold_loss":40.0,"damage_taken":0.0,"relics_obtained":["PaintedHorse:ReiMu"]},{"cards_removed":["TheCursedMod:Dregs"],"damage_healed":0.0,"max_hp_gain":0.0,"max_hp_loss":0.0,"gold_gain":0.0,"event_name":"Purifier","player_choice":"Purged","floor":21.0,"gold_loss":0.0,"damage_taken":0.0},{"damage_healed":0.0,"max_hp_gain":0.0,"max_hp_loss":0.0,"gold_gain":0.0,"cards_transformed":["sneckomod:Defend"],"event_name":"Transmorgrifier","player_choice":"Transformed","floor":22.0,"gold_loss":0.0,"damage_taken":0.0,"cards_obtained":["sneckomod:TrashToTreasure"]},{"damage_healed":0.0,"max_hp_gain":0.0,"max_hp_loss":0.0,"gold_gain":0.0,"event_name":"Accursed Blacksmith","player_choice":"Rummage","floor":30.0,"gold_loss":0.0,"damage_taken":0.0,"relics_obtained":["WarpedTongs"],"cards_obtained":["Pain"]},{"damage_healed":0.0,"max_hp_gain":0.0,"max_hp_loss":0.0,"gold_gain":0.0,"event_name":"ZunEvent","player_choice":"Ωª≥ˆ…Òæ∆","floor":32.0,"relics_lost":["ZunR:ReiMu"],"gold_loss":0.0,"damage_taken":0.0,"cards_obtained":["ZunPunch:ReiMu"]},{"cards_removed":["sneckomod:Strike"],"damage_healed":0.0,"max_hp_gain":0.0,"max_hp_loss":0.0,"gold_gain":0.0,"event_name":"Bonfire Elementals","player_choice":"Offered Basic","floor":38.0,"gold_loss":0.0,"damage_taken":0.0},{"damage_healed":0,"gold_gain":0,"player_choice":"Got Potions","damage_taken":0,"max_hp_gain":0,"max_hp_loss":0,"event_name":"Lab","floor":42,"gold_loss":0}],"is_beta":false,"boss_relics":[{"not_picked":["Abe\u0027s Treasure","Philosopher\u0027s Stone"],"picked":"Runic Dome"},{"not_picked":["Replay:Wanted Poster","Runic Pyramid"],"picked":"SlaversCollar"}],"items_purged_floors":[6,33],"is_endless":false,"potions_floor_spawned":[2,15,17,25,27,39,44,50,51],"ascension_level":0}}