{"host":"d5zlp9udt2hvvjfh","time":1607989915,"event":{"mods":["AchievementEnabler","BaseMod","Minty Spire (QoL Compilation)","Permanent Neow","Relic Stats","StSLib"],"gold_per_floor":[119,133,133,9,22,63,78,92,119,166,30,74,74,89,89,229,229,262,287,307,307,331,331,331,331],"floor_reached":24,"playtime":2229,"items_purged":["Injury"],"score":432,"play_id":"2888a894-c3f6-4ab5-8cb7-a4a85e9b10d9","local_time":"20201215005155","is_ascension_mode":true,"campfire_choices":[{"data":"Capacitor","floor":15.0,"key":"SMITH"},{"floor":23,"key":"REST"}],"circlet_count":0,"master_deck":["AscendersBane","Strike_B","Strike_B","Strike_B","Strike_B","Defend_B","Defend_B","Defend_B","Defend_B","Zap","Dualcast","Cold Snap","Rainbow","Fusion","Coolheaded","Capacitor+1","Fusion","Barrage","Echo Form","Sweeping Beam+1","Hologram"],"relics":["Snecko Eye","Golden Idol","Turnip","CeramicFish","DataDisk","DollysMirror","Regal Pillow","StrikeDummy","Cursed Key"],"acts_visited":["Exordium","TheCity"],"potions_floor_usage":[16,19],"damage_taken":[{"damage":0.0,"enemies":"Small Slimes","floor":1.0,"turns":2.0},{"damage":7.0,"enemies":"Jaw Worm","floor":2.0,"turns":5.0},{"damage":1.0,"enemies":"Cultist","floor":5.0,"turns":4.0},{"damage":19.0,"enemies":"Gremlin Nob","floor":6.0,"turns":4.0},{"damage":0.0,"enemies":"Looter","floor":7.0,"turns":3.0},{"damage":1.0,"enemies":"Exordium Wildlife","floor":8.0,"turns":3.0},{"damage":9.0,"enemies":"3 Sentries","floor":10.0,"turns":9.0},{"damage":4.0,"enemies":"Lagavulin","floor":12.0,"turns":7.0},{"damage":14.0,"enemies":"3 Louse","floor":14.0,"turns":3.0},{"damage":0,"enemies":"Hexaghost","floor":16,"turns":8},{"damage":0,"enemies":"Chosen","floor":18,"turns":4},{"damage":8,"enemies":"2 Thieves","floor":19,"turns":4},{"damage":13,"enemies":"Centurion and Healer","floor":20,"turns":6},{"damage":10,"enemies":"Snake Plant","floor":22,"turns":6},{"damage":71,"enemies":"Gremlin Leader","floor":24,"turns":8}],"seed_played":"-7219479250849805112","potions_obtained":[{"floor":7.0,"key":"Weak Potion"},{"floor":10.0,"key":"SteroidPotion"},{"floor":14.0,"key":"BlessingOfTheForge"},{"floor":16,"key":"DuplicationPotion"},{"floor":22,"key":"SteroidPotion"}],"is_trial":false,"path_per_floor":["M","M","?","$","M","E","M","M","T","E","$","E","?","M","R","B",null,"M","M","M","?","M","R","E"],"character_chosen":"DEFECT","items_purchased":["PowerPotion","DollysMirror"],"campfire_rested":1,"item_purchase_floors":[4,11],"current_hp_per_floor":[68,61,61,61,60,41,41,40,40,31,31,27,27,13,13,13,60,60,52,39,39,29,66,0,0],"gold":331,"neow_bonus":"BOSS_RELIC","is_daily":false,"chose_seed":false,"campfire_upgraded":1,"win_rate":0.0,"timestamp":1607989915,"path_taken":["M","M","?","$","M","E","M","M","T","E","$","E","?","M","R","BOSS","M","?","M","?","M","R","E"],"items_purchased_type":["Potion","Relic"],"build_version":"2020-12-13","purchased_purges":1,"victory":false,"max_hp_per_floor":[75,75,75,75,75,75,75,75,75,75,75,75,75,75,75,75,75,75,75,75,75,75,75,75,75],"relic_stats":{"Regal Pillow":15,"counters":[15,76],"Golden Idol":78,"CeramicFish":54,"Snecko Eye":[136,132,128,141],"Turnip":[8],"Cursed Key":0,"obtain_stats":[{"DataDisk":10,"Regal Pillow":12,"Golden Idol":3,"DollysMirror":11,"CeramicFish":9,"Snecko Eye":0,"Turnip":6,"Cracked Core":0,"StrikeDummy":13,"Cursed Key":17},{"DataDisk":7,"Regal Pillow":8,"Golden Idol":2,"DollysMirror":7,"CeramicFish":6,"Snecko Eye":0,"Turnip":4,"Cracked Core":0,"StrikeDummy":8,"Cursed Key":10},{"DataDisk":30,"Regal Pillow":37,"Golden Idol":7,"DollysMirror":30,"CeramicFish":21,"Snecko Eye":0,"Turnip":15,"Cracked Core":0,"StrikeDummy":37,"Cursed Key":48}]},"card_choices":[{"not_picked":["Coolheaded","Steam"],"picked":"Cold Snap","floor":1.0},{"not_picked":["Redo","Genetic Algorithm"],"picked":"Rainbow","floor":2.0},{"not_picked":["Streamline","Stack"],"picked":"Fusion","floor":5.0},{"not_picked":["Skim","Reboot"],"picked":"Coolheaded","floor":6.0},{"not_picked":["Static Discharge","Melter","Heatsinks"],"picked":"SKIP","floor":7.0},{"not_picked":["Steam","Conserve Battery","Coolheaded"],"picked":"SKIP","floor":8.0},{"not_picked":["Steam","Gash"],"picked":"Capacitor","floor":10.0},{"not_picked":["Turbo","Leap"],"picked":"Barrage","floor":12.0},{"not_picked":["Steam","Conserve Battery","Darkness"],"picked":"SKIP","floor":14.0},{"not_picked":["Multi-Cast","Rainbow"],"picked":"Echo Form","floor":16},{"not_picked":["Conserve Battery","Streamline"],"picked":"Sweeping Beam+1","floor":18},{"not_picked":["Steam","Rebound"],"picked":"Hologram","floor":19},{"not_picked":["Ball Lightning","Conserve Battery+1","Cold Snap"],"picked":"SKIP","floor":20},{"not_picked":["Coolheaded","Lockon","FTL"],"picked":"SKIP","floor":22}],"player_experience":1119189,"relics_obtained":[{"floor":6.0,"key":"Turnip"},{"floor":9.0,"key":"CeramicFish"},{"floor":10.0,"key":"DataDisk"},{"floor":12.0,"key":"Regal Pillow"}],"event_choices":[{"damage_healed":0.0,"max_hp_gain":0.0,"max_hp_loss":0.0,"gold_gain":0.0,"event_name":"Golden Idol","player_choice":"Take Wound","floor":3.0,"gold_loss":0.0,"damage_taken":0.0,"relics_obtained":["Golden Idol"],"cards_obtained":["Injury"]},{"damage_healed":0.0,"max_hp_gain":0.0,"max_hp_loss":0.0,"gold_gain":0.0,"event_name":"WeMeetAgain","player_choice":"Gave Potion","floor":13.0,"gold_loss":0.0,"damage_taken":0.0,"relics_obtained":["StrikeDummy"]},{"damage_healed":0,"gold_gain":0,"player_choice":"Ignored","damage_taken":0,"max_hp_gain":0,"max_hp_loss":0,"event_name":"Vampires","floor":21,"gold_loss":0}],"is_beta":false,"boss_relics":[{"not_picked":["Sozu","Ectoplasm"],"picked":"Cursed Key"}],"items_purged_floors":[4],"is_endless":false,"potions_floor_spawned":[7,10,14,16,22],"killed_by":"Gremlin Leader","ascension_level":12}}