{"host":"19tvufa8xx4wr4o1","time":1607911349,"event":{"mods":["AchievementEnabler","BaseMod","Better Sensory Stone","Better Third Choice","Highlight Path","Minty Spire (QoL Compilation)","Relic Stats","StSLib"],"gold_per_floor":[114,23,38,53,4,4,34,46,83,125,152,164,209,236,248,360,372,399,426,453,465,492,504,531,543,555,582,609,621,633,660,672,784,796,823,693,708,723,738,768,768,783,808,808,823,823,73,73,73,73],"floor_reached":51,"playtime":1657,"items_purged":["Regret"],"score":943,"play_id":"45f00613-ddd3-4c8d-9ce5-7a6a1e87a5ed","local_time":"20201213200229","daily_mods":["Cursed Run","Diverse","DeadlyEvents"],"is_ascension_mode":false,"campfire_choices":[{"data":"Zap","floor":6.0,"key":"SMITH"},{"data":"Streamline","floor":8.0,"key":"SMITH"},{"floor":12.0,"key":"REST"},{"data":"BattleHymn","floor":15.0,"key":"SMITH"},{"floor":23.0,"key":"REST"},{"data":"Carnage","floor":25.0,"key":"SMITH"},{"data":"Doom and Gloom","floor":29.0,"key":"SMITH"},{"floor":32.0,"key":"REST"},{"floor":41,"key":"REST"},{"floor":46,"key":"REST"},{"data":"Buffer","floor":49,"key":"SMITH"}],"circlet_count":0,"master_deck":["Strike_B+1","Strike_B+1","Strike_B+1","Strike_B+1","Defend_B+1","Defend_B+1","Defend_B+1","Defend_B+1","Zap+1","Dualcast+1","Pommel Strike","Doom and Gloom+1","BattleHymn+1","Clothesline","Streamline+1","Clumsy","Perseverance+1","Die Die Die","Clumsy","DevaForm","Redo+1","Carnage+1","Undo+1","Injury","Buffer+1","BootSequence","Heavy Blade+1","Leap+1","FollowUp+1","White Noise+1","Doubt","AscendersBane","Glacier","Injury","Acrobatics","Doubt"],"relics":["Cursed Key","Darkstone Periapt","Du-Vu Doll","MawBank","Regal Pillow","Boot","Nunchaku","Inserter","War Paint","Vajra","InkBottle","Orichalcum","Lizard Tail","HandDrill","Emotion Chip"],"acts_visited":["Exordium","TheCity","TheBeyond"],"potions_floor_usage":[38,50,50,50],"damage_taken":[{"damage":1.0,"enemies":"Cultist","floor":1.0,"turns":3.0},{"damage":0.0,"enemies":"Small Slimes","floor":3.0,"turns":3.0},{"damage":0.0,"enemies":"2 Louse","floor":4.0,"turns":2.0},{"damage":10.0,"enemies":"Gremlin Nob","floor":7.0,"turns":3.0},{"damage":21.0,"enemies":"Lagavulin","floor":10.0,"turns":5.0},{"damage":10.0,"enemies":"Gremlin Gang","floor":11.0,"turns":3.0},{"damage":0.0,"enemies":"3 Sentries","floor":13.0,"turns":4.0},{"damage":0.0,"enemies":"2 Fungi Beasts","floor":14.0,"turns":2.0},{"damage":0.0,"enemies":"Slime Boss","floor":16.0,"turns":5.0},{"damage":5.0,"enemies":"3 Byrds","floor":18.0,"turns":3.0},{"damage":11.0,"enemies":"Shell Parasite","floor":19.0,"turns":4.0},{"damage":22.0,"enemies":"Cultist and Chosen","floor":20.0,"turns":5.0},{"damage":19.0,"enemies":"Shelled Parasite and Fungi","floor":22.0,"turns":5.0},{"damage":9.0,"enemies":"Snecko","floor":24.0,"turns":4.0},{"damage":11.0,"enemies":"3 Cultists","floor":27.0,"turns":4.0},{"damage":13.0,"enemies":"Centurion and Healer","floor":28.0,"turns":3.0},{"damage":10.0,"enemies":"Snake Plant","floor":31.0,"turns":3.0},{"damage":57.0,"enemies":"Collector","floor":33.0,"turns":8.0},{"damage":25,"enemies":"3 Darklings","floor":35,"turns":3},{"damage":4,"enemies":"Orb Walker","floor":37,"turns":3},{"damage":10,"enemies":"Jaw Worm Horde","floor":38,"turns":4},{"damage":26,"enemies":"3 Darklings","floor":39,"turns":3},{"damage":18,"enemies":"Nemesis","floor":40,"turns":9},{"damage":8,"enemies":"Transient","floor":42,"turns":5},{"damage":34,"enemies":"Spire Growth","floor":45,"turns":4},{"damage":34,"enemies":"Time Eater","floor":50,"turns":10}],"seed_played":"1880613833527945180","potions_obtained":[{"floor":11.0,"key":"DistilledChaos"},{"floor":13.0,"key":"GamblersBrew"},{"floor":14.0,"key":"LiquidMemories"},{"floor":16.0,"key":"Regen Potion"},{"floor":18.0,"key":"Explosive Potion"},{"floor":22.0,"key":"Dexterity Potion"},{"floor":28.0,"key":"LiquidMemories"},{"floor":38,"key":"Strength Potion"},{"floor":42,"key":"Explosive Potion"}],"is_trial":false,"path_per_floor":["M","$","M","M","$","R","E","R","T","E","M","R","?","M","R","B",null,"M","M","M","?","M","R","M","R","T","M","M","R","?","M","R","B",null,"M","$","M","M","M","E","R","M","T","?","M","R","$","?","R","B",null],"character_chosen":"DEFECT","items_purchased":["Doom and Gloom","AttackPotion","Clothesline","BootSequence","Lizard Tail","HandDrill","Emotion Chip"],"campfire_rested":5,"item_purchase_floors":[2,2,5,36,47,47,47],"current_hp_per_floor":[74,74,74,74,74,74,64,64,70,49,39,78,78,78,78,84,87,82,71,49,49,44,85,76,76,82,71,58,58,58,48,90,39,99,74,74,70,60,34,16,60,52,58,64,30,78,78,84,84,56],"gold":73,"neow_bonus":"","is_daily":true,"chose_seed":false,"campfire_upgraded":6,"win_rate":0.0,"timestamp":1607911349,"path_taken":["M","?","M","M","$","R","E","R","T","E","M","R","?","M","R","BOSS","M","M","M","?","M","R","M","R","T","M","M","R","?","M","R","BOSS","M","$","?","M","M","E","R","M","T","?","?","R","$","?","R","BOSS"],"items_purchased_type":["Card","Potion","Card","Card","Relic","Relic","Relic"],"build_version":"2020-12-13","purchased_purges":1,"victory":true,"max_hp_per_floor":[75,75,75,75,75,75,75,75,81,81,81,81,81,81,81,87,87,87,87,87,87,87,87,87,87,93,93,93,93,93,93,93,99,99,99,99,99,99,99,99,99,99,105,111,111,111,111,117,117,123],"relic_stats":{"Darkstone Periapt":18,"Regal Pillow":75,"Inserter":[40],"counters":[27,140],"War Paint":["Perseverance","Dualcast"],"Orichalcum":[6],"Cursed Key":3,"MawBank":348,"Boot":[43],"Nunchaku":[18],"Lizard Tail":0,"Emotion Chip":[13,3,8,2,0],"HandDrill":[2],"obtain_stats":[{"Darkstone Periapt":28,"Singing Bowl":43,"Bag of Preparation":28,"Akabeko":25,"Sozu":34,"Bottled Flame":10,"CaptainsWheel":26,"Anchor":29,"Lizard Tail":47,"Emotion Chip":47,"Shuriken":7,"Mummified Hand":9,"Bronze Scales":5,"Strawberry":22,"Pantograph":41,"Black Star":17,"Bag of Marbles":41,"HandDrill":47,"Toxic Egg 2":25,"Ring of the Snake":0},{"Darkstone Periapt":15,"Singing Bowl":21,"Bag of Preparation":15,"Akabeko":14,"Sozu":17,"Bottled Flame":6,"CaptainsWheel":14,"Anchor":15,"Lizard Tail":26,"Emotion Chip":26,"Shuriken":5,"Mummified Hand":5,"Bronze Scales":4,"Strawberry":12,"Pantograph":21,"Black Star":9,"Bag of Marbles":21,"HandDrill":26,"Toxic Egg 2":14,"Ring of the Snake":0},{"Darkstone Periapt":75,"Singing Bowl":105,"Bag of Preparation":75,"Akabeko":68,"Sozu":87,"Bottled Flame":29,"CaptainsWheel":68,"Anchor":75,"Lizard Tail":130,"Emotion Chip":130,"Shuriken":23,"Mummified Hand":23,"Bronze Scales":19,"Strawberry":58,"Pantograph":105,"Black Star":45,"Bag of Marbles":105,"HandDrill":130,"Toxic Egg 2":68,"Ring of the Snake":0}],"InkBottle":[8]},"card_choices":[{"not_picked":["Thunderclap","Heavy Blade"],"picked":"Pommel Strike","floor":1.0},{"not_picked":["Prostrate","Meditate"],"picked":"BattleHymn","floor":3.0},{"not_picked":["Hologram","Adaptation","Evaluate"],"picked":"SKIP","floor":4.0},{"not_picked":["Rebound","BattleHymn"],"picked":"Streamline","floor":7.0},{"not_picked":["ForeignInfluence","FlyingSleeves","Backflip"],"picked":"SKIP","floor":10.0},{"not_picked":["Entrench","Compile Driver"],"picked":"Perseverance","floor":11.0},{"not_picked":["Pommel Strike","JustLucky"],"picked":"Die Die Die","floor":13.0},{"not_picked":["Crescendo","CutThroughFate","Cold Snap"],"picked":"SKIP","floor":14.0},{"not_picked":["Impervious","Brilliance"],"picked":"DevaForm","floor":16.0},{"not_picked":["Perfected Strike+1","True Grit"],"picked":"Redo+1","floor":18.0},{"not_picked":["Scrape","Coolheaded","Poisoned Stab"],"picked":"SKIP","floor":19.0},{"not_picked":["Reckless Charge","Acrobatics","Heavy Blade"],"picked":"SKIP","floor":20.0},{"not_picked":["Hello World+1","Cloak And Dagger","Dual Wield"],"picked":"SKIP","floor":22.0},{"not_picked":["Terror","Doppelganger"],"picked":"Carnage","floor":24.0},{"not_picked":["Storm","Sucker Punch","EmptyFist"],"picked":"SKIP","floor":27.0},{"not_picked":["Cleave","Loop"],"picked":"Undo+1","floor":28.0},{"not_picked":["MentalFortress+1","FlyingSleeves+1","Sweeping Beam+1"],"picked":"SKIP","floor":31.0},{"not_picked":["Meteor Strike","Brilliance"],"picked":"Buffer","floor":33.0},{"not_picked":["Dark Embrace+1","Force Field+1","Vengeance"],"picked":"SKIP","floor":35},{"not_picked":["Coolheaded+1","Doom and Gloom"],"picked":"Heavy Blade+1","floor":37},{"not_picked":["Dagger Throw","Combust+1"],"picked":"Leap+1","floor":38},{"not_picked":["Streamline","Reflex+1","Deadly Poison"],"picked":"SKIP","floor":39},{"not_picked":["Meteor Strike","Stack"],"picked":"FollowUp+1","floor":40},{"not_picked":["Ball Lightning+1","Vengeance+1"],"picked":"White Noise+1","floor":42},{"not_picked":["Havoc+1","Accuracy+1","Clash+1"],"picked":"SKIP","floor":45}],"player_experience":488248,"relics_obtained":[{"floor":7.0,"key":"MawBank"},{"floor":9.0,"key":"Regal Pillow"},{"floor":10.0,"key":"Boot"},{"floor":13.0,"key":"Nunchaku"},{"floor":26.0,"key":"War Paint"},{"floor":30.0,"key":"Vajra"},{"floor":40,"key":"InkBottle"},{"floor":43,"key":"Orichalcum"}],"event_choices":[{"damage_healed":0.0,"max_hp_gain":0.0,"max_hp_loss":0.0,"gold_gain":0.0,"event_name":"Dead Adventurer","player_choice":"Searched \u00271\u0027 times","floor":13.0,"gold_loss":0.0,"damage_taken":0.0},{"damage_healed":0.0,"max_hp_gain":0.0,"max_hp_loss":8.0,"gold_gain":0.0,"event_name":"betterThird:BetterWriting","player_choice":"Simplicity","floor":21.0,"gold_loss":0.0,"damage_taken":0.0},{"damage_healed":0.0,"max_hp_gain":0.0,"max_hp_loss":0.0,"gold_gain":0.0,"event_name":"Wheel of Change","player_choice":"Relic","floor":30.0,"gold_loss":0.0,"damage_taken":0.0},{"damage_healed":0,"gold_gain":3,"player_choice":"3","damage_taken":0,"max_hp_gain":0,"max_hp_loss":0,"event_name":"betterStone:BetterStone","floor":44,"gold_loss":0,"cards_obtained":["Glacier"]},{"damage_healed":0,"gold_gain":0,"player_choice":"2 cards matched","damage_taken":0,"max_hp_gain":0,"max_hp_loss":0,"event_name":"Match and Keep!","floor":48,"gold_loss":0,"cards_obtained":["Injury","Acrobatics"]}],"is_beta":false,"boss_relics":[{"not_picked":["Fusion Hammer","Calling Bell"],"picked":"Inserter"},{"not_picked":["Runic Dome","Pandora\u0027s Box","Coffee Dripper"]}],"items_purged_floors":[36],"is_endless":false,"potions_floor_spawned":[11,13,14,16,18,22,28,31,38,42,45],"ascension_level":0}}