{"host":"vm2xipfi7knqomas","time":1607912927,"event":{"mods":["BaseMod","BetterRewards","Downfall","Hermit","Minty Spire (QoL Compilation)","Shop Mod","StSLib"],"gold_per_floor":[110,128,303,303,303,323,341,122,147,176,176,206,206,219,219,324,324,338,338,348,34,34,34,34,54,80,80,30,43,71,83,83,181,181,194,194,194,194],"floor_reached":37,"playtime":977,"items_purged":["Doubt","Slimebound:Icky","Decay"],"score":422,"play_id":"6f81724a-4feb-4887-82fd-f17ab27d7cde","local_time":"20201213212847","is_ascension_mode":false,"campfire_choices":[{"data":"Tantrum","floor":11,"key":"SMITH"},{"data":"Halt","floor":15,"key":"SMITH"},{"data":"Slimebound:CheckThePlaybook","floor":23,"key":"SMITH"},{"floor":32,"key":"REST"}],"circlet_count":0,"master_deck":["Strike_P","Strike_P+1","Strike_P","Defend_P","Defend_P","Defend_P","Eruption","Vigilance","Tantrum+1","Halt+1","FlurryOfBlows","Tantrum","ThirdEye","Conclude+1","Slimebound:CheckThePlaybook+1","ClearTheMind+1","Halt+1","SashWhip+1","Meditate+1","Vault+1","FollowUp+1"],"relics":["Empty Cage","Vajra","Centennial Puzzle","Juzu Bracelet","Smiling Mask","Peace Pipe","Sozu","Toxic Egg 2","Whetstone","Oddly Smooth Stone","VioletLotus"],"acts_visited":["Exordium","TheCity","TheBeyond"],"potions_floor_usage":[10,10,12,30],"damage_taken":[{"damage":1,"enemies":"2 Louse","floor":1,"turns":3},{"damage":0,"enemies":"Cultist","floor":2,"turns":2},{"damage":1,"enemies":"Jaw Worm","floor":6,"turns":3},{"damage":15,"enemies":"Looter","floor":7,"turns":3},{"damage":0,"enemies":"Lagavulin","floor":10,"turns":2},{"damage":12,"enemies":"Gremlin Nob","floor":12,"turns":3},{"damage":0,"enemies":"Gremlin Gang","floor":14,"turns":2},{"damage":28,"enemies":"The Guardian","floor":16,"turns":13},{"damage":2,"enemies":"Shell Parasite","floor":18,"turns":2},{"damage":7,"enemies":"2 Thieves","floor":20,"turns":2},{"damage":4,"enemies":"3 Cultists","floor":25,"turns":4},{"damage":16,"enemies":"Snake Plant","floor":29,"turns":3},{"damage":9,"enemies":"Book of Stabbing","floor":30,"turns":4},{"damage":0,"enemies":"Sentry and Sphere","floor":31,"turns":2},{"damage":40,"enemies":"Champ","floor":33,"turns":4},{"damage":2,"enemies":"Orb Walker","floor":35,"turns":3},{"damage":82,"enemies":"Time Eater","floor":37,"turns":4}],"seed_played":"-7577958982819965763","potions_obtained":[{"floor":1,"key":"DuplicationPotion"},{"floor":6,"key":"FearPotion"},{"floor":10,"key":"hexamod:EctoCoolerPotion"},{"floor":16,"key":"GamblersBrew"}],"is_trial":false,"path_per_floor":["M","M","?","?","?","M","M","$","T","E","R","E","T","M","R","B",null,"M","?","M","$","?","R","?","M","T","?","$","M","E","M","R","B",null,"M","?","B"],"character_chosen":"WATCHER","items_purchased":["Vajra","Toxic Egg 2","ClearTheMind+1"],"campfire_rested":1,"item_purchase_floors":[8,21,21],"current_hp_per_floor":[71,71,71,76,76,75,60,60,60,60,60,48,48,48,48,20,77,75,75,68,68,68,68,68,64,64,64,64,48,39,39,62,22,77,75,75,0,0],"gold":194,"neow_bonus":"BOSS_RELIC","is_daily":false,"chose_seed":false,"campfire_upgraded":3,"win_rate":0.0,"timestamp":1607912927,"path_taken":["M","M","?","?","?","M","M","$","T","E","R","E","?","M","R","BOSS","M","?","M","$","?","R","?","M","T","?","$","M","E","M","R","BOSS","M","?","BOSS"],"items_purchased_type":["Relic","Relic","Card"],"build_version":"2020-12-13","purchased_purges":3,"victory":false,"max_hp_per_floor":[72,72,72,77,77,77,77,77,77,77,77,77,77,77,77,77,77,77,77,77,77,77,77,77,77,77,77,77,77,77,77,77,77,77,77,77,77,77],"card_choices":[{"not_picked":["WindmillStrike","Crescendo"],"picked":"Tantrum","floor":1},{"not_picked":["CrushJoints","FlyingSleeves","Meditate"],"picked":"SKIP","floor":2},{"not_picked":["Protect","FlurryOfBlows"],"picked":"Halt","floor":6},{"not_picked":["Scrawl","BowlingBash","Pray"],"picked":"SKIP","floor":7},{"not_picked":["Tantrum","ThirdEye"],"picked":"FlurryOfBlows","floor":10},{"not_picked":["PathToVictory","Tantrum","EmptyFist"],"picked":"SKIP","floor":12},{"not_picked":["PathToVictory","EmptyFist"],"picked":"Tantrum","floor":12},{"not_picked":["FearNoEvil","Study"],"picked":"ThirdEye","floor":14},{"not_picked":["ThirdEye","FlurryOfBlows"],"picked":"Conclude","floor":18},{"not_picked":["Indignation+1","Consecrate","ReachHeaven"],"picked":"SKIP","floor":20},{"not_picked":["Crescendo+1","Tantrum","LikeWater"],"picked":"SKIP","floor":25},{"not_picked":["Pray+1","WheelKick"],"picked":"SashWhip+1","floor":29},{"not_picked":["BowlingBash+1","Crescendo+1","WheelKick"],"picked":"SKIP","floor":30},{"not_picked":["ThirdEye+1","BowlingBash+1"],"picked":"Meditate+1","floor":31},{"not_picked":["MasterReality","Establishment"],"picked":"Vault+1","floor":33},{"not_picked":["CutThroughFate","Evaluate+1"],"picked":"FollowUp+1","floor":35}],"player_experience":121351,"relics_obtained":[{"floor":9,"key":"Centennial Puzzle"},{"floor":10,"key":"Juzu Bracelet"},{"floor":12,"key":"Smiling Mask"},{"floor":13,"key":"Peace Pipe"},{"floor":26,"key":"Whetstone"},{"floor":30,"key":"Oddly Smooth Stone"}],"event_choices":[{"damage_healed":0,"gold_gain":175,"player_choice":"AGREE","damage_taken":0,"max_hp_gain":0,"max_hp_loss":0,"event_name":"Liars Game","floor":3,"gold_loss":0,"cards_obtained":["Doubt"]},{"damage_healed":0,"gold_gain":0,"player_choice":"Donut","damage_taken":0,"max_hp_gain":5,"max_hp_loss":0,"event_name":"Big Fish","floor":4,"gold_loss":0},{"damage_healed":0,"gold_gain":0,"player_choice":"Ignored","damage_taken":0,"max_hp_gain":0,"max_hp_loss":0,"event_name":"Golden Wing","floor":5,"gold_loss":0},{"damage_healed":0,"gold_gain":0,"player_choice":"Smashed Altar","damage_taken":0,"max_hp_gain":0,"max_hp_loss":0,"event_name":"Forgotten Altar","floor":22,"gold_loss":0,"cards_obtained":["Decay"]},{"damage_healed":0,"gold_gain":0,"player_choice":"Copied","damage_taken":0,"max_hp_gain":0,"max_hp_loss":0,"event_name":"Duplicator","floor":24,"gold_loss":0,"cards_obtained":["Halt"]},{"damage_healed":0,"gold_gain":0,"player_choice":"Took Portal","damage_taken":0,"max_hp_gain":0,"max_hp_loss":0,"event_name":"SecretPortal","floor":36,"gold_loss":0}],"is_beta":false,"boss_relics":[{"not_picked":["Astrolabe","Black Star"],"picked":"Sozu"},{"not_picked":["Runic Dome","Busted Crown"],"picked":"VioletLotus"}],"items_purged_floors":[8,21,28],"is_endless":false,"potions_floor_spawned":[1,6,10,16,20,30,31,35],"killed_by":"Time Eater","ascension_level":0}}