{"host":"j4g6ia6asvpyu2b0","time":1607970004,"event":{"mods":["BaseMod","Colored Map","Minty Spire (QoL Compilation)","Permanent Neow","Quick Restart","Relic Stats","StSLib","Unceasing Turn Reminder"],"gold_per_floor":[111,71,85,100,117,117,144,144,144,170,190,190,253,265,265,370,370,383,383,393,393,409,438,26,26,75,91,126,126,126,126],"floor_reached":30,"playtime":867,"items_purged":[],"score":363,"play_id":"69404108-4299-447e-960b-1ffe9fef39cc","local_time":"20201214112004","is_ascension_mode":true,"campfire_choices":[{"data":"Zap","floor":6,"key":"SMITH"},{"data":"Defragment","floor":8,"key":"SMITH"},{"data":"Dualcast","floor":12,"key":"SMITH"},{"data":"Loop","floor":15,"key":"SMITH"},{"data":"Defragment","floor":25,"key":"SMITH"}],"circlet_count":0,"master_deck":["Strike_B+1","Strike_B+1","Strike_B+1","Strike_B+1","Defend_B+1","Defend_B+1","Defend_B+1","Defend_B+1","Zap+1","Dualcast+1","Loop+1","Beam Cell","Auto Shields","Capacitor","Defragment+1","Chill","Ball Lightning","Aggregate","Sweeping Beam","Creative AI","Tempest+1","Darkness","Streamline","Ball Lightning","Defragment+1","Defragment","Capacitor","Capacitor","Storm","Coolheaded+1"],"relics":["Runic Pyramid","Omamori","The Courier","Lizard Tail","Akabeko","Coffee Dripper","MawBank","Membership Card","Thread and Needle","DataDisk","Vajra","Ornamental Fan"],"acts_visited":["Exordium","TheCity"],"potions_floor_usage":[7,10,11,13,20,23,27,27],"damage_taken":[{"damage":1,"enemies":"Cultist","floor":1,"turns":3},{"damage":3,"enemies":"Jaw Worm","floor":3,"turns":4},{"damage":10,"enemies":"2 Louse","floor":4,"turns":2},{"damage":2,"enemies":"Looter","floor":5,"turns":4},{"damage":5,"enemies":"Gremlin Nob","floor":7,"turns":3},{"damage":0,"enemies":"Lagavulin","floor":10,"turns":6},{"damage":14,"enemies":"Large Slime","floor":11,"turns":6},{"damage":0,"enemies":"3 Sentries","floor":13,"turns":7},{"damage":9,"enemies":"Red Slaver","floor":14,"turns":3},{"damage":3,"enemies":"Hexaghost","floor":16,"turns":9},{"damage":5,"enemies":"Chosen","floor":18,"turns":4},{"damage":14,"enemies":"Shell Parasite","floor":20,"turns":4},{"damage":40,"enemies":"Snake Plant","floor":22,"turns":4},{"damage":0,"enemies":"Gremlin Leader","floor":23,"turns":5},{"damage":8,"enemies":"Chosen and Byrds","floor":27,"turns":2},{"damage":23,"enemies":"Book of Stabbing","floor":28,"turns":4},{"damage":18,"enemies":"Gremlin Leader","floor":30,"turns":2}],"seed_played":"5378316129123050567","potions_obtained":[{"floor":1,"key":"SteroidPotion"},{"floor":2,"key":"EssenceOfDarkness"},{"floor":2,"key":"EssenceOfSteel"},{"floor":4,"key":"PowerPotion"},{"floor":10,"key":"SkillPotion"},{"floor":13,"key":"DistilledChaos"},{"floor":14,"key":"SteroidPotion"},{"floor":18,"key":"Fire Potion"},{"floor":22,"key":"Energy Potion"},{"floor":23,"key":"Regen Potion"}],"is_trial":false,"path_per_floor":["M","?","M","M","M","R","E","R","T","E","M","R","?","M","R","B",null,"M","?","M","?","M","E","$","R","T","M","E","?","E"],"character_chosen":"DEFECT","items_purchased":["Membership Card","Defragment","Defragment","Thread and Needle","DataDisk","Capacitor","Capacitor"],"campfire_rested":0,"item_purchase_floors":[24,24,24,24,24,24,24],"current_hp_per_floor":[74,74,71,61,59,59,54,54,54,54,40,40,40,31,31,28,75,70,56,42,42,2,2,2,2,2,40,17,17,0,0],"gold":126,"neow_bonus":"BOSS_RELIC","is_daily":false,"chose_seed":false,"campfire_upgraded":5,"win_rate":0.0,"timestamp":1607970004,"path_taken":["M","?","M","?","M","R","E","R","T","E","M","R","?","M","R","BOSS","M","?","M","?","M","E","$","R","T","M","E","?","E"],"items_purchased_type":["Relic","Card","Card","Relic","Relic","Card","Card"],"build_version":"2020-12-13","purchased_purges":0,"victory":false,"max_hp_per_floor":[75,75,75,75,75,75,75,75,75,75,75,75,75,75,75,75,75,75,80,80,80,80,80,80,80,80,80,80,80,80,80],"relic_stats":{"Lizard Tail":40,"counters":[17,71],"Ornamental Fan":[0],"MawBank":12,"obtain_stats":[{"Vajra":26,"Thread and Needle":24,"The Courier":9,"Omamori":7,"MawBank":23,"Akabeko":13,"Lizard Tail":10,"DataDisk":24,"Ornamental Fan":28,"Coffee Dripper":17,"Membership Card":24,"Cracked Core":0,"Runic Pyramid":0},{"Vajra":14,"Thread and Needle":14,"The Courier":5,"Omamori":5,"MawBank":14,"Akabeko":8,"Lizard Tail":6,"DataDisk":14,"Ornamental Fan":16,"Coffee Dripper":10,"Membership Card":14,"Cracked Core":0,"Runic Pyramid":0},{"Vajra":63,"Thread and Needle":63,"The Courier":16,"Omamori":16,"MawBank":63,"Akabeko":35,"Lizard Tail":22,"DataDisk":63,"Ornamental Fan":69,"Coffee Dripper":47,"Membership Card":63,"Cracked Core":0,"Runic Pyramid":0}]},"card_choices":[{"not_picked":["Sweeping Beam","Barrage"],"picked":"Loop","floor":1},{"not_picked":["Reprogram","Rebound"],"picked":"Beam Cell","floor":3},{"not_picked":["Hologram","Consume"],"picked":"Auto Shields","floor":4},{"not_picked":["Reprogram","Sunder"],"picked":"Capacitor","floor":5},{"not_picked":["Steam","Thunder Strike"],"picked":"Defragment","floor":7},{"not_picked":["Thunder Strike","Barrage"],"picked":"Chill","floor":10},{"not_picked":["Compile Driver","Cold Snap"],"picked":"Ball Lightning","floor":11},{"not_picked":["Barrage","Streamline"],"picked":"Aggregate","floor":13},{"not_picked":["Turbo","Rebound"],"picked":"Sweeping Beam","floor":14},{"not_picked":["Buffer","Seek"],"picked":"Creative AI","floor":16},{"not_picked":["Gash","Scrape"],"picked":"Tempest+1","floor":18},{"not_picked":["Cold Snap","Steam"],"picked":"Darkness","floor":20},{"not_picked":["Stack","Gash"],"picked":"Streamline","floor":22},{"not_picked":["Sweeping Beam","Redo+1"],"picked":"Ball Lightning","floor":23},{"not_picked":["Ball Lightning","Machine Learning"],"picked":"Storm","floor":27},{"not_picked":["Turbo","Conserve Battery"],"picked":"Coolheaded+1","floor":28}],"player_experience":650656,"relics_obtained":[{"floor":7,"key":"Omamori"},{"floor":9,"key":"The Courier"},{"floor":10,"key":"Lizard Tail"},{"floor":13,"key":"Akabeko"},{"floor":23,"key":"MawBank"},{"floor":26,"key":"Vajra"},{"floor":28,"key":"Ornamental Fan"}],"event_choices":[{"damage_healed":0,"gold_gain":0,"player_choice":"Bought 3 Potions","damage_taken":0,"max_hp_gain":0,"max_hp_loss":0,"event_name":"The Woman in Blue","floor":2,"gold_loss":0},{"damage_healed":0,"gold_gain":0,"player_choice":"Searched \u00271\u0027 times","damage_taken":0,"max_hp_gain":0,"max_hp_loss":0,"event_name":"Dead Adventurer","floor":13,"gold_loss":0},{"damage_healed":0,"gold_gain":0,"player_choice":"Shed Blood","damage_taken":19,"max_hp_gain":5,"max_hp_loss":0,"event_name":"Forgotten Altar","floor":19,"gold_loss":0},{"damage_healed":0,"gold_gain":0,"player_choice":"Ignored","damage_taken":0,"max_hp_gain":0,"max_hp_loss":0,"event_name":"Ghosts","floor":21,"gold_loss":0},{"damage_healed":0,"gold_gain":0,"player_choice":"Simplicity","damage_taken":0,"max_hp_gain":0,"max_hp_loss":0,"event_name":"Back to Basics","floor":29,"gold_loss":0,"cards_upgraded":["Strike_B","Strike_B","Strike_B","Strike_B","Defend_B","Defend_B","Defend_B","Defend_B"]}],"is_beta":false,"boss_relics":[{"not_picked":["Busted Crown","Velvet Choker"],"picked":"Coffee Dripper"}],"items_purged_floors":[],"is_endless":false,"potions_floor_spawned":[1,4,5,10,13,14,18,22,23],"killed_by":"Gremlin Leader","ascension_level":2}}