{"host":"kda2p2afd6bvz6qo","time":1607916901,"event":{"mods":["BaseMod","Colored Map","Minty Spire (QoL Compilation)","Relic Stats"],"gold_per_floor":[110,123,123,123,73,73,73,108,108,36,66,66,66,66,66],"floor_reached":14,"playtime":464,"items_purged":[],"score":122,"play_id":"0cd7c2ef-1fe5-4faa-9a0d-25517c188347","local_time":"20201214033501","is_ascension_mode":true,"campfire_choices":[{"data":"Dagger Spray","floor":6,"key":"SMITH"},{"data":"Noxious Fumes","floor":12,"key":"SMITH"}],"circlet_count":0,"master_deck":["Strike_G","Strike_G","Strike_G","Strike_G","Defend_G","Defend_G","Defend_G","Defend_G","Defend_G","Survivor","Neutralize","Dagger Spray+1","Predator","Regret","Blur","Noxious Fumes+1","Blade Dance","Injury"],"relics":["SacredBark","Juzu Bracelet","Bag of Marbles","Happy Flower","Eternal Feather","Oddly Smooth Stone","Golden Idol"],"acts_visited":["Exordium"],"potions_floor_usage":[8,11],"damage_taken":[{"damage":1,"enemies":"Small Slimes","floor":1,"turns":4},{"damage":4,"enemies":"Jaw Worm","floor":2,"turns":5},{"damage":9,"enemies":"3 Sentries","floor":8,"turns":6},{"damage":14,"enemies":"Gremlin Nob","floor":11,"turns":5},{"damage":28,"enemies":"Lagavulin","floor":14,"turns":6}],"seed_played":"-6760443930897249398","potions_obtained":[{"floor":2,"key":"Block Potion"},{"floor":4,"key":"CultistPotion"},{"floor":4,"key":"DistilledChaos"}],"is_trial":false,"path_per_floor":["M","M","?","?","?","R","?","E","T","$","E","R","?","E"],"character_chosen":"THE_SILENT","items_purchased":["Noxious Fumes"],"campfire_rested":0,"item_purchase_floors":[10],"current_hp_per_floor":[62,58,40,40,40,40,40,31,31,31,17,26,26,0,0],"gold":66,"neow_bonus":"BOSS_RELIC","is_daily":false,"chose_seed":false,"campfire_upgraded":2,"win_rate":0.0,"timestamp":1607916901,"path_taken":["M","M","?","?","?","R","?","E","T","?","E","R","?","E"],"items_purchased_type":["Card"],"build_version":"2020-12-13","purchased_purges":0,"victory":false,"max_hp_per_floor":[70,70,70,70,70,70,70,70,70,70,70,70,70,70,70],"relic_stats":{"Happy Flower":[3],"counters":[5,26],"Golden Idol":0,"Eternal Feather":9,"Juzu Bracelet":2,"obtain_stats":[{"Happy Flower":8,"Golden Idol":13,"SacredBark":0,"Oddly Smooth Stone":11,"Eternal Feather":9,"Juzu Bracelet":3,"Bag of Marbles":7,"Ring of the Snake":0},{"Happy Flower":3,"Golden Idol":4,"SacredBark":0,"Oddly Smooth Stone":4,"Eternal Feather":3,"Juzu Bracelet":2,"Bag of Marbles":2,"Ring of the Snake":0},{"Happy Flower":15,"Golden Idol":20,"SacredBark":0,"Oddly Smooth Stone":20,"Eternal Feather":15,"Juzu Bracelet":9,"Bag of Marbles":9,"Ring of the Snake":0}]},"card_choices":[{"not_picked":["Prepared","Deflect"],"picked":"Dagger Spray","floor":1},{"not_picked":["Blur","Slice"],"picked":"Predator","floor":2},{"not_picked":["Underhanded Strike","Sucker Punch"],"picked":"Blur","floor":8},{"not_picked":["Bane","Dodge and Roll"],"picked":"Blade Dance","floor":11}],"player_experience":44617,"relics_obtained":[{"floor":8,"key":"Happy Flower"},{"floor":9,"key":"Eternal Feather"},{"floor":11,"key":"Oddly Smooth Stone"}],"event_choices":[{"damage_healed":0,"gold_gain":0,"player_choice":"Success","damage_taken":18,"relics_obtained":["Juzu Bracelet"],"max_hp_gain":0,"max_hp_loss":0,"event_name":"Scrap Ooze","floor":3,"gold_loss":0},{"damage_healed":0,"gold_gain":0,"player_choice":"Got Potions","damage_taken":0,"max_hp_gain":0,"max_hp_loss":0,"event_name":"Lab","floor":4,"gold_loss":0},{"cards_removed":["Strike_G"],"damage_healed":0,"gold_gain":0,"player_choice":"Card Removal","damage_taken":0,"max_hp_gain":0,"max_hp_loss":0,"event_name":"The Cleric","floor":5,"gold_loss":50},{"damage_healed":0,"gold_gain":0,"player_choice":"Box","damage_taken":0,"relics_obtained":["Bag of Marbles"],"max_hp_gain":0,"max_hp_loss":0,"event_name":"Big Fish","floor":7,"gold_loss":0,"cards_obtained":["Regret"]},{"damage_healed":0,"gold_gain":0,"player_choice":"Take Wound","damage_taken":0,"relics_obtained":["Golden Idol"],"max_hp_gain":0,"max_hp_loss":0,"event_name":"Golden Idol","floor":13,"gold_loss":0,"cards_obtained":["Injury"]}],"is_beta":false,"boss_relics":[],"items_purged_floors":[],"is_endless":false,"potions_floor_spawned":[2],"killed_by":"Lagavulin","ascension_level":6}}