{"host":"tbel5nf5tai26ewc","time":1607982225,"event":{"mods":["Act Like it!","BaseMod","Better Match","Better Sensory Stone","Better Skull","Better Third Choice","Colored Map","Colored Powertips","Custom Start","Filter the Spire","Minty Spire (QoL Compilation)","Rare Cards Sparkle","Relic Stats","Say the Spire","StSLib"],"gold_per_floor":[114,133,149,149,167,196,196,216,216,216,63,63,106,141,153,293,305,332,359,394,406,437,474,486,537,549,596,608,620,648,680,692,809,821,851,406,459,215,231,262,277,291,316,316,343,343,343,359,359,359],"floor_reached":51,"playtime":9162,"items_purged":[],"score":1211,"play_id":"f8fbac4e-bd58-4cad-b0e7-238d72034fa8","local_time":"20201214224345","is_ascension_mode":false,"campfire_choices":[{"floor":7.0,"key":"REST"},{"data":"Bloodletting","floor":15.0,"key":"SMITH"},{"data":"Juggernaut","floor":24.0,"key":"SMITH"},{"data":"Feed","floor":29.0,"key":"SMITH"},{"data":"Body Slam","floor":32.0,"key":"SMITH"},{"floor":49,"key":"REST"}],"circlet_count":0,"master_deck":["Dark Embrace+1","Dark Embrace+1","Feel No Pain+1","Feel No Pain+1","Impervious+1","Flame Barrier+1","Shrug It Off+1","Shrug It Off+1","Shrug It Off+1","Shrug It Off+1","Entrench+1","Entrench+1","Disarm+1","Spot Weakness+1","Limit Break+1","Exhume+1","Offering+1","Corruption+1","Barricade+1","Flame Barrier","Offering+1","Shrug It Off","Bloodletting+1","Juggernaut+1","True Grit","Shrug It Off","Body Slam+1","Feed+1","Body Slam+1","Seeing Red+1","Shrug It Off","Shrug It Off+1","Body Slam+1","Madness+1","Madness+1"],"relics":["Burning Blood","Dead Branch","Bottled Tornado","Whetstone","Ornamental Fan","Omamori","Self Forming Clay","OrangePellets","Bloody Idol","MawBank","SacredBark","betterThird:NestCultRelic","Turnip","Shuriken","Bottled Lightning","Fusion Hammer","Medical Kit","Toxic Egg 2","Mango","Membership Card","Bag of Preparation","TungstenRod","Smiling Mask","Pen Nib"],"acts_visited":["Exordium","TheCity","TheBeyond"],"potions_floor_usage":[50],"damage_taken":[{"damage":12.0,"enemies":"2 Louse","floor":1.0,"turns":1.0},{"damage":9.0,"enemies":"Cultist","floor":2.0,"turns":1.0},{"damage":6.0,"enemies":"Small Slimes","floor":3.0,"turns":2.0},{"damage":18.0,"enemies":"Exordium Wildlife","floor":5.0,"turns":1.0},{"damage":6.0,"enemies":"Gremlin Nob","floor":6.0,"turns":4.0},{"damage":2.0,"enemies":"3 Louse","floor":8.0,"turns":4.0},{"damage":3.0,"enemies":"Lagavulin","floor":13.0,"turns":2.0},{"damage":12.0,"enemies":"2 Fungi Beasts","floor":14.0,"turns":2.0},{"damage":9.0,"enemies":"The Guardian","floor":16.0,"turns":6.0},{"damage":6.0,"enemies":"3 Byrds","floor":18.0,"turns":2.0},{"damage":3.0,"enemies":"2 Thieves","floor":19.0,"turns":1.0},{"damage":6.0,"enemies":"3 Cultists","floor":20.0,"turns":1.0},{"damage":18.0,"enemies":"Cultist and Chosen","floor":22.0,"turns":2.0},{"damage":17.0,"enemies":"Centurion and Healer","floor":23.0,"turns":2.0},{"damage":8.0,"enemies":"Slavers","floor":25.0,"turns":1.0},{"damage":8.0,"enemies":"Book of Stabbing","floor":27.0,"turns":2.0},{"damage":6.0,"enemies":"Snake Plant","floor":30.0,"turns":3.0},{"damage":9.0,"enemies":"Shelled Parasite and Fungi","floor":31.0,"turns":2.0},{"damage":3.0,"enemies":"Collector","floor":33.0,"turns":2.0},{"damage":20.0,"enemies":"3 Shapes","floor":35.0,"turns":2.0},{"damage":47.0,"enemies":"2 Orb Walkers","floor":37.0,"turns":2.0},{"damage":15.0,"enemies":"Orb Walker","floor":39.0,"turns":3.0},{"damage":10.0,"enemies":"Nemesis","floor":40.0,"turns":5.0},{"damage":2,"enemies":"Maw","floor":41,"turns":2},{"damage":4,"enemies":"Spire Growth","floor":42,"turns":4},{"damage":2,"enemies":"Reptomancer","floor":45,"turns":4},{"damage":7,"enemies":"Writhing Mass","floor":48,"turns":3},{"damage":17,"enemies":"Awakened One","floor":50,"turns":4}],"seed_played":"-8015183937093863781","potions_obtained":[{"floor":2.0,"key":"FairyPotion"},{"floor":5.0,"key":"SmokeBomb"},{"floor":13.0,"key":"Swift Potion"},{"floor":18.0,"key":"Energy Potion"},{"floor":47,"key":"DistilledChaos"}],"is_trial":true,"path_per_floor":["M","M","M","?","M","E","R","M","T","?","$","?","E","M","R","B",null,"M","M","M","?","M","M","R","E","T","E","?","R","M","M","R","B",null,"M","$","?","$","M","E","M","M","T","?","E","?","?","M","R","B",null],"character_chosen":"IRONCLAD","items_purchased":["OrangePellets","Medical Kit","Shrug It Off","Toxic Egg 2","Membership Card","Bag of Preparation","Shrug It Off+1"],"campfire_rested":2,"item_purchase_floors":[11,36,36,36,38,38,38],"current_hp_per_floor":[74,71,71,71,59,59,80,80,80,40,40,40,43,37,37,34,80,80,80,80,80,68,57,57,55,55,53,53,58,72,83,88,88,88,79,84,62,62,62,67,80,91,96,96,109,95,95,103,126,119],"gold":359,"neow_bonus":"","is_daily":false,"chose_seed":false,"campfire_upgraded":4,"win_rate":0.0,"timestamp":1607982225,"path_taken":["M","M","M","?","M","E","R","?","T","?","$","?","E","M","R","BOSS","M","M","M","?","M","M","R","E","T","E","?","R","M","M","R","BOSS","BOSS","M","$","?","$","M","E","M","M","T","?","E","?","?","?","R","BOSS"],"items_purchased_type":["Relic","Relic","Card","Relic","Relic","Relic","Card"],"build_version":"2020-12-13","purchased_purges":0,"victory":true,"max_hp_per_floor":[80,80,80,80,80,80,80,80,80,80,80,80,80,80,80,80,80,80,80,80,80,80,80,80,80,80,80,80,80,84,88,88,88,88,88,88,102,102,106,110,114,118,118,118,122,122,122,126,126,130],"relic_stats":{"counters":[28,70],"Self Forming Clay":[108],"Dead Branch":[677],"Pen Nib":[1],"Bag of Preparation":[0],"Whetstone":[],"MawBank":276,"Medical Kit":[9],"Smiling Mask":0,"Burning Blood":158,"OrangePellets":[14],"Ornamental Fan":[72],"Shuriken":[13],"Bloody Idol":80,"Turnip":[3],"obtain_stats":[{"SacredBark":17,"Mango":37,"Bag of Preparation":38,"Whetstone":6,"Bottled Tornado":0,"Smiling Mask":43,"Burning Blood":0,"Fusion Hammer":34,"Toxic Egg 2":36,"Self Forming Clay":10,"Golden Idol":12,"Dead Branch":0,"betterThird:NestCultRelic":21,"Pen Nib":45,"Omamori":10,"MawBank":13,"Medical Kit":36,"OrangePellets":11,"Ornamental Fan":9,"Shuriken":26,"Bloody Idol":28,"Turnip":25,"Bottled Lightning":27,"Membership Card":38,"TungstenRod":40},{"SacredBark":9,"Mango":21,"Bag of Preparation":21,"Whetstone":5,"Bottled Tornado":0,"Smiling Mask":25,"Burning Blood":0,"Fusion Hammer":19,"Toxic Egg 2":20,"Self Forming Clay":6,"Golden Idol":6,"Dead Branch":0,"betterThird:NestCultRelic":12,"Pen Nib":26,"Omamori":6,"MawBank":7,"Medical Kit":20,"OrangePellets":6,"Ornamental Fan":6,"Shuriken":15,"Bloody Idol":16,"Turnip":15,"Bottled Lightning":16,"Membership Card":21,"TungstenRod":23},{"SacredBark":23,"Mango":45,"Bag of Preparation":45,"Whetstone":9,"Bottled Tornado":0,"Smiling Mask":59,"Burning Blood":0,"Fusion Hammer":41,"Toxic Egg 2":43,"Self Forming Clay":13,"Golden Idol":13,"Dead Branch":0,"betterThird:NestCultRelic":27,"Pen Nib":63,"Omamori":13,"MawBank":15,"Medical Kit":43,"OrangePellets":13,"Ornamental Fan":13,"Shuriken":32,"Bloody Idol":34,"Turnip":32,"Bottled Lightning":34,"Membership Card":45,"TungstenRod":53}],"TungstenRod":14},"card_choices":[{"not_picked":["Clash","True Grit"],"picked":"Flame Barrier","floor":1.0},{"not_picked":["Pommel Strike","Flex","Iron Wave"],"picked":"SKIP","floor":2.0},{"not_picked":["Cleave","Dual Wield"],"picked":"Offering","floor":3.0},{"not_picked":["Fire Breathing","Reckless Charge","Clothesline"],"picked":"SKIP","floor":5.0},{"not_picked":["Uppercut","Sever Soul","Fire Breathing"],"picked":"SKIP","floor":6.0},{"not_picked":["Armaments","Searing Blow","Flex"],"picked":"SKIP","floor":8.0},{"not_picked":["Twin Strike","Feel No Pain"],"picked":"Shrug It Off","floor":13.0},{"not_picked":["Dual Wield","Sword Boomerang"],"picked":"Bloodletting","floor":14.0},{"not_picked":["Fiend Fire","Corruption"],"picked":"Juggernaut","floor":16.0},{"not_picked":["Shockwave","Anger+1","Disarm"],"picked":"SKIP","floor":18.0},{"not_picked":["Shockwave","Anger+1","Disarm"],"picked":"SKIP","floor":18.0},{"not_picked":["True Grit","Rage","Pommel Strike"],"picked":"SKIP","floor":19.0},{"not_picked":["Rage","Pommel Strike"],"picked":"True Grit","floor":19.0},{"not_picked":["Perfected Strike","Havoc"],"picked":"Shrug It Off","floor":20.0},{"not_picked":["Spot Weakness","Flex+1"],"picked":"Body Slam+1","floor":22.0},{"not_picked":["Rage","Hemokinesis","True Grit"],"picked":"SKIP","floor":23.0},{"not_picked":["Clothesline","Dark Embrace","Sword Boomerang"],"picked":"SKIP","floor":25.0},{"not_picked":["Headbutt","Clothesline+1"],"picked":"Feed","floor":27.0},{"not_picked":["Headbutt","Cleave"],"picked":"Body Slam","floor":30.0},{"not_picked":["Heavy Blade+1","Perfected Strike+1","Dual Wield+1"],"picked":"SKIP","floor":31.0},{"not_picked":["Pummel+1","Flex+1"],"picked":"Seeing Red+1","floor":35.0},{"not_picked":["Twin Strike","Thunderclap","Battle Trance+1"],"picked":"SKIP","floor":39.0},{"not_picked":["Anger","Perfected Strike+1","Heavy Blade+1"],"picked":"SKIP","floor":40.0},{"not_picked":["Perfected Strike","Clash+1","Spot Weakness+1"],"picked":"SKIP","floor":41},{"not_picked":["Cleave+1","Warcry+1"],"picked":"Body Slam+1","floor":42},{"not_picked":["Barricade","Uppercut+1","Metallicize+1"],"picked":"SKIP","floor":45},{"not_picked":["Thunderclap+1","Sever Soul+1","Ghostly Armor+1"],"picked":"SKIP","floor":48}],"player_experience":310519,"relics_obtained":[{"floor":6.0,"key":"Whetstone"},{"floor":9.0,"key":"Ornamental Fan"},{"floor":13.0,"key":"MawBank"},{"floor":25.0,"key":"Turnip"},{"floor":26.0,"key":"Shuriken"},{"floor":27.0,"key":"Bottled Lightning"},{"floor":37.0,"key":"Mango"},{"floor":40.0,"key":"TungstenRod"},{"floor":43,"key":"Smiling Mask"},{"floor":45,"key":"Pen Nib"}],"event_choices":[{"damage_healed":0.0,"max_hp_gain":0.0,"max_hp_loss":0.0,"gold_gain":0.0,"event_name":"Upgrade Shrine","player_choice":"Upgraded","floor":4.0,"gold_loss":0.0,"damage_taken":0.0,"cards_upgraded":["Offering"]},{"damage_healed":0.0,"max_hp_gain":0.0,"max_hp_loss":0.0,"gold_gain":1.0,"event_name":"betterThird:BetterScrap","player_choice":"Relic Relic ","floor":10.0,"gold_loss":0.0,"damage_taken":40.0,"cards_obtained":["WheelKick"]},{"damage_healed":0.0,"max_hp_gain":0.0,"max_hp_loss":0.0,"gold_gain":0.0,"event_name":"Golden Idol","player_choice":"Take Wound","floor":12.0,"gold_loss":0.0,"damage_taken":0.0,"relics_obtained":["Golden Idol"],"cards_obtained":["Injury"]},{"damage_healed":0.0,"max_hp_gain":0.0,"max_hp_loss":0.0,"gold_gain":0.0,"event_name":"betterThird:BetterNest","player_choice":"Madness","floor":21.0,"gold_loss":0.0,"damage_taken":0.0,"relics_obtained":["betterThird:NestCultRelic"]},{"damage_healed":0.0,"max_hp_gain":0.0,"max_hp_loss":0.0,"gold_gain":0.0,"event_name":"Forgotten Altar","player_choice":"Gave Idol","floor":28.0,"relics_lost":["Golden Idol"],"gold_loss":0.0,"damage_taken":0.0,"relics_obtained":["Bloody Idol"]},{"damage_healed":0.0,"max_hp_gain":0.0,"max_hp_loss":0.0,"gold_gain":0.0,"event_name":"Mysterious Sphere","player_choice":"Fight","floor":37.0,"gold_loss":0.0,"damage_taken":0.0},{"cards_removed":["Offering"],"damage_healed":0,"gold_gain":0,"player_choice":"Removed Skill","damage_taken":0,"max_hp_gain":0,"max_hp_loss":0,"event_name":"Falling","floor":44,"gold_loss":0},{"damage_healed":0,"gold_gain":0,"player_choice":"Embrace Madness","damage_taken":15,"max_hp_gain":0,"max_hp_loss":0,"event_name":"Winding Halls","floor":46,"gold_loss":0,"cards_obtained":["Madness","Madness"]},{"damage_healed":0,"gold_gain":0,"player_choice":"Got Potions","damage_taken":0,"max_hp_gain":0,"max_hp_loss":0,"event_name":"Lab","floor":47,"gold_loss":0}],"is_beta":false,"boss_relics":[{"not_picked":["Runic Pyramid","Astrolabe"],"picked":"SacredBark"},{"not_picked":["Runic Dome","Velvet Choker"],"picked":"Fusion Hammer"}],"items_purged_floors":[],"is_endless":false,"potions_floor_spawned":[2,5,13,16,18,23,25,27,39,40,45,48],"ascension_level":0}}