{"host":"5dk97cf2ubw2v967","time":1607911312,"event":{"mods":["AlwaysNeverKeys","BaseMod","Better Altar","Better Vampires","Block Reminder","Colored Powertips","Downfall","Googly Eyes","Highlight Path","Minty Spire (QoL Compilation)","Permanent Neow","Potion Indicator Mod","Quick Restart","Relic Filter","Relic Stats","Say the Spire","Spicy Shops","StSLib","Waifu the Spire","everything is the same but u backflip on backflip"],"gold_per_floor":[117,117,117,117,134,134,59,59,59,78,91,117,136,164,164,164,164],"floor_reached":16,"playtime":618,"items_purged":["Strike_G"],"score":220,"play_id":"cc521b7b-5d69-4aa9-b243-9d55673b3f25","local_time":"20201214020152","is_ascension_mode":true,"campfire_choices":[{"data":"Dagger Spray","floor":6,"key":"SMITH"},{"data":"Blade Dance","floor":8,"key":"SMITH"},{"data":"Footwork","floor":15,"key":"SMITH"}],"circlet_count":0,"master_deck":["AscendersBane","Strike_G+1","Strike_G","Strike_G+1","Strike_G","Defend_G","Defend_G","Defend_G","Defend_G","Defend_G","Survivor","Neutralize","expansioncontent:BronzeBeam","Dagger Spray+1","Blade Dance+1","Tools of the Trade","Backflip","Accuracy","Footwork+1"],"relics":["Ring of the Snake","Nunchaku","Matryoshka","Singing Bowl","The Courier"],"acts_visited":["Exordium"],"potions_floor_usage":[12,14,14,16],"damage_taken":[{"damage":0,"enemies":"2 Louse","floor":1,"turns":4},{"damage":4,"enemies":"Small Slimes","floor":5,"turns":3},{"damage":0,"enemies":"Cultist","floor":10,"turns":2},{"damage":0,"enemies":"Large Slime","floor":11,"turns":6},{"damage":9,"enemies":"Gremlin Nob","floor":12,"turns":4},{"damage":3,"enemies":"Blue Slaver","floor":13,"turns":3},{"damage":2,"enemies":"3 Sentries","floor":14,"turns":4},{"damage":23,"enemies":"The Guardian","floor":16,"turns":13}],"seed_played":"4017105348556373232","potions_obtained":[{"floor":5,"key":"Block Potion"},{"floor":10,"key":"SkillPotion"},{"floor":13,"key":"DistilledChaos"},{"floor":14,"key":"Explosive Potion"}],"is_trial":false,"path_per_floor":["M","?","?","?","M","R","$","R","T","M","M","E","M","E","R","B"],"character_chosen":"THE_SILENT","items_purchased":[],"campfire_rested":0,"item_purchase_floors":[],"current_hp_per_floor":[59,59,59,39,35,35,35,35,35,35,35,26,25,23,23,0,0],"gold":164,"neow_bonus":"RANDOM_COLORLESS","is_daily":false,"chose_seed":false,"campfire_upgraded":3,"win_rate":0.0,"timestamp":1607911312,"path_taken":["M","?","?","?","M","R","$","R","T","M","M","E","M","E","R","BOSS"],"items_purchased_type":[],"build_version":"2020-12-13","purchased_purges":1,"victory":false,"max_hp_per_floor":[66,66,66,66,66,66,66,66,66,66,66,66,68,68,68,68,68],"relic_stats":{"Nunchaku":[9],"Singing Bowl":2,"counters":[8,39],"obtain_stats":[{"Nunchaku":2,"Matryoshka":9,"Singing Bowl":12,"The Courier":14,"Ring of the Snake":0},{"Nunchaku":1,"Matryoshka":2,"Singing Bowl":5,"The Courier":7,"Ring of the Snake":0},{"Nunchaku":4,"Matryoshka":7,"Singing Bowl":19,"The Courier":26,"Ring of the Snake":0}],"Ring of the Snake":[16]},"card_choices":[{"not_picked":["expansioncontent:HyperBeam","expansioncontent:Torchfire"],"picked":"expansioncontent:BronzeBeam","floor":0},{"not_picked":["PiercingWail","Acrobatics"],"picked":"Dagger Spray","floor":1},{"not_picked":["Prepared","Masterful Stab"],"picked":"Blade Dance","floor":5},{"not_picked":["Dash","All Out Attack"],"picked":"Tools of the Trade","floor":10},{"not_picked":["PiercingWail","Sucker Punch"],"picked":"Backflip","floor":11},{"not_picked":["Well Laid Plans","Choke"],"picked":"Accuracy","floor":12},{"not_picked":["Outmaneuver","Distraction","Eviscerate"],"picked":"Singing Bowl","floor":13},{"not_picked":["Slice","Distraction"],"picked":"Footwork","floor":14}],"player_experience":1237437,"relics_obtained":[{"floor":9,"key":"Matryoshka"},{"floor":12,"key":"Singing Bowl"},{"floor":14,"key":"The Courier"}],"event_choices":[{"damage_healed":0,"gold_gain":0,"player_choice":"Box","damage_taken":0,"relics_obtained":["Nunchaku"],"max_hp_gain":0,"max_hp_loss":0,"event_name":"Big Fish","floor":2,"gold_loss":0,"cards_obtained":["Regret"]},{"cards_removed":["Regret"],"damage_healed":0,"gold_gain":0,"player_choice":"Forget","damage_taken":0,"max_hp_gain":0,"max_hp_loss":0,"event_name":"Living Wall","floor":3,"gold_loss":0},{"damage_healed":0,"gold_gain":0,"player_choice":"Entered Light","damage_taken":20,"max_hp_gain":0,"max_hp_loss":0,"event_name":"Shining Light","floor":4,"gold_loss":0,"cards_upgraded":["Strike_G","Strike_G"]}],"is_beta":false,"boss_relics":[],"items_purged_floors":[7],"is_endless":false,"potions_floor_spawned":[5,10,13,14],"killed_by":"The Guardian","ascension_level":20}}