{"host":"4zvbxxdl6kueq37o","time":1607966514,"event":{"mods":["Act Like it!","BaseMod","Better Third Choice","Downfall","Minty Spire (QoL Compilation)","Replay The Spire","StSLib"],"gold_per_floor":[99,113,113,124,224,224,249,263,8,19,34,51,151,58,70,173,173,268,368,368,382,395,428,428,428,428,428,444,458,458,470,480,584,584,584,584,640,640,111,131,131,151,164,197,212,2,20,38,56,56],"floor_reached":51,"playtime":2864,"items_purged":["Slimebound:Strike_Slimebound"],"score":820,"play_id":"797c36d8-5a48-4f66-940f-26acce1c3de2","local_time":"20201214182154","is_ascension_mode":false,"campfire_choices":[{"floor":1.0,"key":"DIG"},{"data":"Slimebound:Split","floor":3.0,"key":"SMITH"},{"data":"Slimebound:MinionMaster","floor":6,"key":"SMITH"},{"data":"Slimebound:Nibble","floor":20,"key":"SMITH"},{"data":"Slimebound:Overexert","floor":20,"key":"SMITH"},{"data":"Slimebound:MassFeed","floor":25,"key":"SMITH"},{"data":"Slimebound:GoopSpray","floor":25,"key":"SMITH"},{"data":"Slimebound:RejuvenatingLick","floor":27,"key":"SMITH"},{"data":"Slimebound:Equalize","floor":27,"key":"SMITH"},{"data":"Slimebound:HauntingLick","floor":35,"key":"SMITH"},{"data":"Slimebound:SplitAcid","floor":35,"key":"SMITH"},{"data":"Slimebound:SlimeBarrage","floor":38,"key":"SMITH"},{"data":"expansioncontent:Flail","floor":38,"key":"SMITH"}],"circlet_count":0,"master_deck":["Slimebound:Tackle","Slimebound:Defend_Slimebound","Slimebound:Defend_Slimebound","Slimebound:Defend_Slimebound+1","Slimebound:Defend_Slimebound","Slimebound:Split+1","Slimebound:CorrosiveSpit+1","Slimebound:MinionMaster+1","Slimebound:ViciousTackle","Slimebound:SelfFormingGoo","Slimebound:Gluttony+1","Slimebound:LeechEnergy","Slimebound:RollThrough","expansioncontent:Flail+1","Slimebound:SplitAcid+1","Slimebound:FinishingTackle","Slimebound:RejuvenatingLick+1","Slimebound:Equalize+1","Slimebound:Nibble+1","Slimebound:GoopSpray+1","Slimebound:Overexert+1","Slimebound:SlimeSpikes+1","Slimebound:SamplingLick+1","Slimebound:SlimeTap","Slimebound:MassFeed+1","Slimebound:MassFeed+1","Slimebound:SlimeSpikes+1","Slimebound:HauntingLick+1","Slimebound:SplitAcid","Slimebound:SlimeBarrage+1","Slimebound:Teamwork","Slimebound:Schlurp+1","Slimebound:SlimeBrawl+1","Slimebound:MegaLick+1","Slimebound:LeechLife+1","Panache+1","Slimebound:SpikyOuterGoop+1","Slimebound:FormOfPuddle+1","Slimebound:SamplingLick+1","Slimebound:WasteNot","Slimebound:SlimeTap+1","Slimebound:GoopSpray+1","Slimebound:LevelUp+1"],"relics":["Slimebound:AbsorbEndCombat","War Paint","Orichalcum","Replay:Rubber Ducky","Snecko Heart","Replay:Arrowhead","Kunai","Frozen Egg 2","ReplayFunnel","Replay:Bronze Core","Bottled Lightning","Guide Book","Replay:Accelerometer","Strawberry","Darkstone Periapt","Mercury Hourglass"],"acts_visited":["Exordium","TheCity","TheBeyond"],"potions_floor_usage":[5],"damage_taken":[{"damage":14.0,"enemies":"Jaw Worm","floor":2.0,"turns":3.0},{"damage":9.0,"enemies":"2 Louse","floor":4.0,"turns":2.0},{"damage":44,"enemies":"downfall:Heads","floor":5,"turns":5},{"damage":17,"enemies":"Small Slimes","floor":8,"turns":3},{"damage":19,"enemies":"downfall:FleeingMerchant","floor":9,"turns":4},{"damage":4,"enemies":"Blue Slaver","floor":10,"turns":4},{"damage":8,"enemies":"Large Slime","floor":11,"turns":5},{"damage":19,"enemies":"Exordium Thugs","floor":12,"turns":4},{"damage":8,"enemies":"downfall:FleeingMerchant","floor":14,"turns":4},{"damage":20,"enemies":"Exordium Wildlife","floor":15,"turns":5},{"damage":44,"enemies":"downfall:Ironclad","floor":16,"turns":7},{"damage":26,"enemies":"downfall:Watcher","floor":19,"turns":6},{"damage":1,"enemies":"Chosen","floor":21,"turns":3},{"damage":23,"enemies":"Spheric Guardian","floor":22,"turns":4},{"damage":37,"enemies":"Gremlin Leader","floor":23,"turns":5},{"damage":15,"enemies":"Snake Plant","floor":28,"turns":4},{"damage":8,"enemies":"Cultist and Chosen","floor":29,"turns":4},{"damage":24,"enemies":"Centurion and Healer","floor":31,"turns":4},{"damage":22,"enemies":"Snecko","floor":32,"turns":6},{"damage":44,"enemies":"downfall:Silent","floor":33,"turns":5},{"damage":28,"enemies":"downfall:FleeingMerchant","floor":39,"turns":4},{"damage":12,"enemies":"3 Darklings","floor":40,"turns":3},{"damage":17,"enemies":"Orb Walker","floor":42,"turns":3},{"damage":11,"enemies":"3 Darklings","floor":43,"turns":4},{"damage":60,"enemies":"Nemesis","floor":44,"turns":7},{"damage":35,"enemies":"Writhing Mass","floor":45,"turns":6},{"damage":46,"enemies":"Jaw Worm Horde","floor":47,"turns":4},{"damage":51,"enemies":"4 Shapes","floor":48,"turns":4},{"damage":16,"enemies":"Maw","floor":49,"turns":3},{"damage":30,"enemies":"downfall:Defect","floor":50,"turns":5}],"seed_played":"-5544937755566966557","potions_obtained":[{"floor":2.0,"key":"PowerPotion"},{"floor":4.0,"key":"SpeedPotion"},{"floor":11,"key":"Ancient Potion"},{"floor":12,"key":"Slimebound:SpawnSlimePotion"},{"floor":16,"key":"Swift Potion"},{"floor":22,"key":"Slimebound:SlimedPotion"},{"floor":33,"key":"Energy Potion"}],"is_trial":false,"path_per_floor":["R","M","R","M","?","R","T","M","$","M","M","M","?","$","M","B",null,"R","?","R","M","M","E","T","R","?","R","M","M","?","M","M","B",null,"R","?","?","R","$","M","T","M","M","E","M","$","M","M","M","B",null],"character_chosen":"SLIMEBOUND","items_purchased":["Replay:Rubber Ducky","expansioncontent:Flail","Slimebound:Nibble","Slimebound:LeechLife","Guide Book","Replay:Accelerometer","Panache+1","Strawberry","Slimebound:WasteNot"],"campfire_rested":0,"item_purchase_floors":[9,9,14,39,39,39,39,39,46],"current_hp_per_floor":[42,40,40,43,27,27,27,30,47,59,60,60,60,60,60,48,60,60,60,60,60,58,53,53,53,53,53,56,64,64,64,66,65,73,73,73,44,44,80,80,80,84,88,44,61,61,88,69,100,100],"gold":56,"neow_bonus":"THREE_RARE_CARDS","is_daily":false,"chose_seed":false,"campfire_upgraded":12,"win_rate":0.0,"timestamp":1607966514,"path_taken":["R","M","R","M","?","R","T","M","$","M","M","M","?","$","M","BOSS","R","?","R","M","M","E","T","R","?","R","M","M","?","M","M","BOSS","R","?","?","R","$","M","T","M","M","E","M","$","M","?","M","BOSS"],"items_purchased_type":["Relic","Card","Card","Card","Relic","Relic","Card","Relic","Card"],"build_version":"2020-12-13","purchased_purges":1,"victory":true,"max_hp_per_floor":[60,60,60,60,60,60,60,60,60,60,60,60,60,60,60,60,60,60,60,60,60,60,60,60,60,60,60,64,64,64,70,70,73,73,73,73,73,73,80,80,80,84,88,88,88,88,88,100,100,100],"card_choices":[{"not_picked":["Slimebound:DouseInSlime","Slimebound:CheckThePlaybook"],"picked":"Slimebound:MinionMaster","floor":0.0},{"not_picked":["Slimebound:Dissolve","Slimebound:FlameTackle"],"picked":"Slimebound:ViciousTackle","floor":2.0},{"not_picked":["Slimebound:Schlurp","Slimebound:PressTheAttack"],"picked":"Slimebound:SplitBruiser","floor":4.0},{"not_picked":["Slimebound:SlimeBarrage","Slimebound:RejuvenatingLick"],"picked":"Slimebound:SelfFormingGoo","floor":5},{"not_picked":["Slimebound:Grow","Slimebound:GoopTackle"],"picked":"Slimebound:LeechEnergy","floor":8},{"not_picked":["Slimebound:DivideAndConquer","Slimebound:BestDefense"],"picked":"Slimebound:RollThrough","floor":9},{"not_picked":["Slimebound:ForwardTackle","Slimebound:SplitBruiser"],"picked":"Slimebound:SplitAcid","floor":10},{"not_picked":["Slimebound:DouseInSlime","Slimebound:PressTheAttack"],"picked":"Slimebound:FinishingTackle","floor":11},{"not_picked":["Slimebound:SamplingLick","Slimebound:ViciousTackle"],"picked":"Slimebound:RejuvenatingLick","floor":12},{"not_picked":["Slimebound:PressTheAttack","Slimebound:ViciousTackle"],"picked":"Slimebound:Equalize","floor":14},{"not_picked":["Slimebound:DivideAndConquer","Slimebound:GrowthPunch"],"picked":"Slimebound:GoopSpray","floor":15},{"not_picked":["Slimebound:CheckThePlaybook","Slimebound:MassRepurpose"],"picked":"Slimebound:Overexert","floor":16},{"not_picked":["Slimebound:LeechEnergy","Slimebound:Dissolve"],"picked":"Slimebound:SlimeSpikes+1","floor":19},{"not_picked":["Slimebound:GoopSpray","Slimebound:GrowthPunch"],"picked":"Slimebound:SamplingLick+1","floor":21},{"not_picked":["Slimebound:BestDefense","Slimebound:PressTheAttack"],"picked":"Slimebound:SlimeTap","floor":22},{"not_picked":["Slimebound:TongueLash","Slimebound:FinishingTackle"],"picked":"Slimebound:MassFeed","floor":23},{"not_picked":["Slimebound:SlimeSpikes","Slimebound:GrowthPunch"],"picked":"Slimebound:MassFeed","floor":28},{"not_picked":["Slimebound:ServeAndProtect","Slimebound:Gluttony+1"],"picked":"Slimebound:SlimeSpikes+1","floor":29},{"not_picked":["Slimebound:ServeAndProtect","Slimebound:SamplingLick"],"picked":"Slimebound:SplitAcid","floor":31},{"not_picked":["Slimebound:Chomp","Slimebound:GrowthPunch"],"picked":"Slimebound:SlimeBarrage","floor":32},{"not_picked":["Slimebound:MinionMaster+1","Slimebound:CheckThePlaybook"],"picked":"Slimebound:Teamwork","floor":33},{"not_picked":["Slimebound:LeechEnergy","Slimebound:GrowthPunch+1"],"picked":"Slimebound:Schlurp+1","floor":37},{"not_picked":["Slimebound:SlimeSpikes","Slimebound:Replication"],"picked":"Slimebound:SlimeBrawl+1","floor":37},{"not_picked":["Slimebound:RollThrough+1","Slimebound:SplitBruiser+1"],"picked":"Slimebound:MegaLick+1","floor":39},{"not_picked":["Slimebound:SplitBruiser","Slimebound:GrowthPunch+1"],"picked":"Slimebound:SpikyOuterGoop+1","floor":40},{"not_picked":["Slimebound:RollThrough","Slimebound:SamplingLick","Slimebound:DivideAndConquer+1"],"picked":"SKIP","floor":42},{"not_picked":["Slimebound:ServeAndProtect+1","Slimebound:RejuvenatingLick"],"picked":"Slimebound:FormOfPuddle+1","floor":43},{"not_picked":["Slimebound:Teamwork","Slimebound:Gluttony+1","Slimebound:Replication"],"picked":"SKIP","floor":44},{"not_picked":["Slimebound:SlimeBrawl","Slimebound:ServeAndProtect+1"],"picked":"Slimebound:SamplingLick+1","floor":45},{"not_picked":["Slimebound:ServeAndProtect","Slimebound:PressTheAttack+1"],"picked":"Slimebound:SlimeTap+1","floor":47},{"not_picked":["Slimebound:GrowthPunch","Slimebound:SplitMire+1"],"picked":"Slimebound:GoopSpray+1","floor":48},{"not_picked":["Slimebound:SplitMire","Slimebound:ComboTackle+1"],"picked":"Slimebound:LevelUp+1","floor":49}],"player_experience":664887,"relics_obtained":[{"floor":1.0,"key":"War Paint"},{"floor":7,"key":"Orichalcum"},{"floor":19,"key":"Replay:Arrowhead"},{"floor":19,"key":"Kunai"},{"floor":23,"key":"Frozen Egg 2"},{"floor":24,"key":"ReplayFunnel"},{"floor":37,"key":"Bottled Lightning"},{"floor":41,"key":"Darkstone Periapt"},{"floor":44,"key":"Mercury Hourglass"}],"event_choices":[{"damage_healed":0,"gold_gain":0,"player_choice":"Read","damage_taken":0,"max_hp_gain":0,"max_hp_loss":0,"event_name":"The Library","floor":30,"gold_loss":0,"cards_obtained":["Slimebound:HauntingLick"]}],"is_beta":false,"boss_relics":[{"not_picked":["Sozu","SacredBark"],"picked":"Snecko Heart"},{"not_picked":["ChewingGum","Pandora\u0027s Box"],"picked":"Replay:Bronze Core"}],"items_purged_floors":[46],"is_endless":false,"potions_floor_spawned":[2,4,11,12,16,21,22,28,33,40,44,48],"ascension_level":0}}