{"host":"opr81hzsdc1gmhxe","time":1607904322,"event":{"mods":["BaseMod","BetterRewards","Colored Map","Colored Powertips","Downfall","Friendly Minions","Minty Spire (QoL Compilation)","Replay The Spire","StSLib"],"gold_per_floor":[99,99,131,131,306,306,306,341,341,359,420,67,67,67,85,85,85],"floor_reached":16,"playtime":867,"items_purged":[],"score":129,"play_id":"a8c1f32b-82ee-4c59-9894-f7febbfb46e3","local_time":"20201213190522","is_ascension_mode":false,"campfire_choices":[{"floor":1,"key":"DIG"},{"data":"Slimebound:MassFeed","floor":6,"key":"SMITH"},{"data":"Slimebound:SlimeBarrage","floor":9,"key":"SMITH"}],"circlet_count":0,"master_deck":["Slimebound:Strike_Slimebound","Slimebound:Strike_Slimebound","Slimebound:Strike_Slimebound","Slimebound:Tackle","Slimebound:Defend_Slimebound","Slimebound:Defend_Slimebound","Slimebound:Defend_Slimebound","Slimebound:Defend_Slimebound","Slimebound:Split","Slimebound:CorrosiveSpit","Slimebound:GoopSpray","Slimebound:FlameTackle","Slimebound:MassFeed+1","Doubt","Slimebound:SlimeBarrage+1","Slimebound:SamplingLick","Slimebound:LevelUp","Slimebound:LivingWall+1","expansioncontent:QuickStudy+1","Pot Of Greed","Pot Of Greed","Slimebound:Nibble"],"relics":["Slimebound:AbsorbEndCombat","downfall:HeartsMalice","Slimebound:AggressiveSlimeRelic","Pocketwatch","Letter Opener","Golden Egg","Potion Belt","Toolbox","Grinning Jar","Slimebound:GreedOozeRelic"],"acts_visited":["Exordium"],"potions_floor_usage":[12,16,16],"damage_taken":[{"damage":0,"enemies":"Small Slimes","floor":2,"turns":1},{"damage":0,"enemies":"Gremlin Nob","floor":3,"turns":1},{"damage":0,"enemies":"downfall:FleeingMerchant","floor":4,"turns":1},{"damage":12,"enemies":"Replay:BlueRogue","floor":8,"turns":4},{"damage":4,"enemies":"2 Louse","floor":10,"turns":2},{"damage":37,"enemies":"3 Sentries","floor":11,"turns":5},{"damage":21,"enemies":"downfall:FleeingMerchant","floor":12,"turns":4},{"damage":13,"enemies":"Jaw Worm","floor":15,"turns":2},{"damage":49,"enemies":"downfall:Ironclad","floor":16,"turns":3}],"seed_played":"2914967454204106913","potions_obtained":[{"floor":10,"key":"GamblersBrew"},{"floor":11,"key":"Weak Potion"},{"floor":15,"key":"LifebloodPotion"}],"is_trial":false,"path_per_floor":["R_BF","M","E","$","?","R","T","E","R","M","?","$","?","?","M","B"],"character_chosen":"SLIMEBOUND","items_purchased":["Toolbox","expansioncontent:QuickStudy"],"campfire_rested":0,"item_purchase_floors":[12,12],"current_hp_per_floor":[60,60,60,60,60,60,60,59,59,60,39,34,27,27,22,0,0],"gold":85,"neow_bonus":"THREE_ENEMY_KILL","is_daily":false,"chose_seed":false,"campfire_upgraded":2,"win_rate":0.0,"timestamp":1607904322,"path_taken":["R_BF","M","E","$","?","R","T","E","R","M","?","$","?","?","M","BOSS"],"items_purchased_type":["Relic","Card"],"build_version":"2020-12-13","purchased_purges":0,"victory":false,"max_hp_per_floor":[60,60,60,60,60,60,60,60,60,60,60,60,60,60,60,60,60],"card_choices":[{"not_picked":["Slimebound:SamplingLick","Slimebound:SlimeSpikes"],"picked":"Slimebound:GoopSpray","floor":2},{"not_picked":["Slimebound:ViciousTackle","Slimebound:GrowthPunch"],"picked":"Slimebound:FlameTackle","floor":3},{"not_picked":["Slimebound:SamplingLick","Slimebound:Gluttony"],"picked":"Slimebound:MassFeed","floor":4},{"not_picked":["Slimebound:ComboTackle","Slimebound:SamplingLick"],"picked":"Slimebound:SlimeBarrage","floor":8},{"not_picked":["Slimebound:LeechEnergy","Slimebound:SplitBruiser"],"picked":"Slimebound:SamplingLick","floor":10},{"not_picked":["Slimebound:ProtectTheBoss","Slimebound:SplitMire"],"picked":"Slimebound:LevelUp","floor":11},{"not_picked":["Slimebound:SplitLeeching","Slimebound:SplitBruiser"],"picked":"Slimebound:LivingWall","floor":12},{"not_picked":["Slimebound:ViciousTackle","Slimebound:SplitAcid"],"picked":"Slimebound:Nibble","floor":15}],"player_experience":417811,"relics_obtained":[{"floor":1,"key":"Slimebound:AggressiveSlimeRelic"},{"floor":3,"key":"Pocketwatch"},{"floor":7,"key":"Letter Opener"},{"floor":8,"key":"Golden Egg"}],"event_choices":[{"damage_healed":0,"gold_gain":0,"player_choice":"Success","damage_taken":7,"relics_obtained":["Grinning Jar"],"max_hp_gain":0,"max_hp_loss":0,"event_name":"Scrap Ooze","floor":13,"gold_loss":0}],"is_beta":false,"boss_relics":[],"items_purged_floors":[],"is_endless":false,"potions_floor_spawned":[10,11,15],"killed_by":"downfall:Ironclad","ascension_level":0}}