{"host":"5raohst9sk3kvp5v","time":1607922025,"event":{"mods":["BaseMod","Colored Powertips","Highlight Path","Minty Spire (QoL Compilation)","Quick Restart","Relic Stats","StSLib"],"gold_per_floor":[117,134,114,128,144,144,155,155,155,167,196,207,207,132,132,208,208,220,237,71,83,83,83,93,93,116,128,153,153,153,153],"floor_reached":30,"playtime":916,"items_purged":[],"score":508,"play_id":"40e956a3-1c61-414b-8679-18f43d14911b","local_time":"20201213230025","is_ascension_mode":true,"campfire_choices":[{"data":"Clothesline","floor":6.0,"key":"SMITH"},{"data":"Sword Boomerang","floor":8.0,"key":"SMITH"},{"data":"Spot Weakness","floor":13.0,"key":"SMITH"},{"data":"Flame Barrier","floor":15.0,"key":"SMITH"},{"data":"Demon Form","floor":23.0,"key":"SMITH"},{"data":"Heavy Blade","floor":25.0,"key":"SMITH"}],"circlet_count":0,"master_deck":["AscendersBane","Strike_R+1","Strike_R+1","Strike_R+1","Strike_R+1","Defend_R+1","Defend_R+1","Defend_R+1","Defend_R+1","Bash","Power Through","Clothesline+1","Headbutt","Sword Boomerang+1","Shrug It Off","Spot Weakness+1","Flame Barrier+1","Immolate","Pommel Strike","Demon Form+1","Heavy Blade+1"],"relics":["Burning Blood","NeowsBlessing","Gremlin Horn","Pantograph","Busted Crown","Oddly Smooth Stone","Eternal Feather"],"acts_visited":["Exordium","TheCity"],"potions_floor_usage":[30],"damage_taken":[{"damage":0.0,"enemies":"Jaw Worm","floor":1.0,"turns":1.0},{"damage":0.0,"enemies":"Cultist","floor":2.0,"turns":1.0},{"damage":0.0,"enemies":"Small Slimes","floor":4.0,"turns":1.0},{"damage":17.0,"enemies":"Looter","floor":5.0,"turns":3.0},{"damage":0.0,"enemies":"Large Slime","floor":7.0,"turns":3.0},{"damage":18.0,"enemies":"Red Slaver","floor":10.0,"turns":3.0},{"damage":2.0,"enemies":"3 Sentries","floor":11.0,"turns":6.0},{"damage":16.0,"enemies":"2 Fungi Beasts","floor":12.0,"turns":4.0},{"damage":45.0,"enemies":"Hexaghost","floor":16.0,"turns":10.0},{"damage":3.0,"enemies":"Spheric Guardian","floor":18.0,"turns":3.0},{"damage":18.0,"enemies":"3 Byrds","floor":19.0,"turns":2.0},{"damage":18.0,"enemies":"Centurion and Healer","floor":21.0,"turns":6.0},{"damage":26.0,"enemies":"Sentry and Sphere","floor":24.0,"turns":6.0},{"damage":7.0,"enemies":"Snake Plant","floor":27.0,"turns":2.0},{"damage":25.0,"enemies":"Gremlin Leader","floor":28.0,"turns":3.0},{"damage":20,"enemies":"Slavers","floor":30,"turns":4}],"seed_played":"-6284527400623668427","potions_obtained":[{"floor":1.0,"key":"AttackPotion"},{"floor":3.0,"key":"SteroidPotion"},{"floor":5.0,"key":"Fire Potion"},{"floor":7.0,"key":"SpeedPotion"},{"floor":12.0,"key":"BloodPotion"},{"floor":18.0,"key":"Energy Potion"},{"floor":19.0,"key":"PowerPotion"},{"floor":27.0,"key":"DuplicationPotion"},{"floor":28.0,"key":"Strength Potion"}],"is_trial":false,"path_per_floor":["M","M","?","M","M","R","M","R","T","M","E","M","R","?","R","B",null,"M","M","$","M","?","R","M","R","T","M","E","?","E"],"character_chosen":"IRONCLAD","items_purchased":["Demon Form"],"campfire_rested":0,"item_purchase_floors":[20],"current_hp_per_floor":[74,75,75,75,64,64,70,70,70,58,62,52,52,52,52,36,65,68,71,71,59,59,59,39,39,39,38,19,19,0,0],"gold":153,"neow_bonus":"THREE_ENEMY_KILL","is_daily":false,"chose_seed":false,"campfire_upgraded":6,"win_rate":0.0,"timestamp":1607922025,"path_taken":["M","M","?","M","M","R","M","R","T","M","E","?","R","?","R","BOSS","M","M","$","M","?","R","M","R","T","M","E","?","E"],"items_purchased_type":["Card"],"build_version":"2020-12-13","purchased_purges":0,"victory":false,"max_hp_per_floor":[75,75,75,75,75,75,75,75,75,75,75,75,75,75,75,75,75,75,75,75,75,75,75,75,75,75,75,75,75,75,75],"relic_stats":{"Busted Crown":12,"Gremlin Horn":[12,12],"counters":[16,58],"Pantograph":23,"Eternal Feather":0,"obtain_stats":[{"Busted Crown":17,"NeowsBlessing":0,"Gremlin Horn":9,"Pantograph":11,"Oddly Smooth Stone":26,"Eternal Feather":28,"Burning Blood":0},{"Busted Crown":9,"NeowsBlessing":0,"Gremlin Horn":5,"Pantograph":7,"Oddly Smooth Stone":13,"Eternal Feather":15,"Burning Blood":0},{"Busted Crown":32,"NeowsBlessing":0,"Gremlin Horn":9,"Pantograph":18,"Oddly Smooth Stone":49,"Eternal Feather":54,"Burning Blood":0}],"Burning Blood":79},"card_choices":[{"not_picked":["Dropkick","Cleave"],"picked":"Power Through","floor":1.0},{"not_picked":["Anger","Iron Wave"],"picked":"Clothesline","floor":2.0},{"not_picked":["Infernal Blade","Dropkick"],"picked":"Headbutt","floor":4.0},{"not_picked":["Flex","Iron Wave"],"picked":"Sword Boomerang","floor":5.0},{"not_picked":["Armaments","Thunderclap"],"picked":"Shrug It Off","floor":7.0},{"not_picked":["Twin Strike","Cleave"],"picked":"Spot Weakness","floor":10.0},{"not_picked":["Hemokinesis","Brutality"],"picked":"Flame Barrier","floor":11.0},{"not_picked":["Thunderclap","Perfected Strike","Iron Wave"],"picked":"SKIP","floor":12.0},{"not_picked":["Impervious","Limit Break"],"picked":"Immolate","floor":16.0},{"not_picked":[],"picked":"Pommel Strike","floor":18.0},{"not_picked":["Clothesline"],"picked":"SKIP","floor":19.0},{"not_picked":["Sentinel"],"picked":"SKIP","floor":21.0},{"not_picked":["Havoc"],"picked":"SKIP","floor":24.0},{"not_picked":["Warcry"],"picked":"SKIP","floor":27.0},{"not_picked":["Anger"],"picked":"SKIP","floor":28.0}],"player_experience":1686929,"relics_obtained":[{"floor":9.0,"key":"Gremlin Horn"},{"floor":11.0,"key":"Pantograph"},{"floor":26.0,"key":"Oddly Smooth Stone"},{"floor":28.0,"key":"Eternal Feather"}],"event_choices":[{"damage_healed":0.0,"max_hp_gain":0.0,"max_hp_loss":0.0,"gold_gain":0.0,"event_name":"The Woman in Blue","player_choice":"Bought 1 Potion","floor":3.0,"gold_loss":0.0,"damage_taken":0.0},{"cards_removed":["Strike_R"],"damage_healed":0.0,"max_hp_gain":0.0,"max_hp_loss":0.0,"gold_gain":0.0,"event_name":"The Cleric","player_choice":"Card Removal","floor":14.0,"gold_loss":75.0,"damage_taken":0.0},{"damage_healed":0.0,"max_hp_gain":0.0,"max_hp_loss":0.0,"gold_gain":0.0,"event_name":"The Library","player_choice":"Read","floor":22.0,"gold_loss":0.0,"damage_taken":0.0,"cards_obtained":["Heavy Blade"]},{"damage_healed":0.0,"max_hp_gain":0.0,"max_hp_loss":0.0,"gold_gain":0.0,"event_name":"Back to Basics","player_choice":"Simplicity","floor":29.0,"gold_loss":0.0,"damage_taken":0.0,"cards_upgraded":["Strike_R","Strike_R","Strike_R","Strike_R","Defend_R","Defend_R","Defend_R","Defend_R"]}],"is_beta":false,"boss_relics":[{"not_picked":["Philosopher\u0027s Stone","SacredBark"],"picked":"Busted Crown"}],"items_purged_floors":[],"is_endless":false,"potions_floor_spawned":[1,5,7,12,18,19,27,28],"killed_by":"Slavers","ascension_level":20}}