{"host":"kh6fvhxn285ncg0o","time":1607918717,"event":{"mods":["Act Like it!","BaseMod","Colored Map","Friendly Minions","Keyboard Shortcuts","Minty Spire (QoL Compilation)","Quick Restart","Relic Stats","StSLib","SuperFastMode"],"gold_per_floor":[115,390,401,421,421,421,449,202,226,261,261,291,291,305,305,383,383,396,129,142,40,56,56,56],"floor_reached":23,"playtime":357,"items_purged":["Regret","Strike_R","Strike_R"],"score":398,"play_id":"b6f7a8bc-56e0-4fcc-aca9-ae6a9412e05b","local_time":"20201214130517","is_ascension_mode":true,"campfire_choices":[{"data":"Carnage","floor":6.0,"key":"SMITH"},{"data":"Bash","floor":11.0,"key":"SMITH"},{"floor":13.0,"key":"REST"},{"data":"Dropkick","floor":15.0,"key":"SMITH"}],"circlet_count":0,"master_deck":["AscendersBane","Strike_R+1","Strike_R","Strike_R","Defend_R","Defend_R+1","Defend_R","Defend_R","Bash+1","Evolve","Carnage+1","Dropkick+1","Juggernaut","Immolate","Second Wind","Deep Breath","Battle Trance"],"relics":["Burning Blood","NeowsBlessing","Dream Catcher","Bronze Scales","PreservedInsect","Art of War","SlaversCollar","Membership Card"],"acts_visited":["Exordium","TheCity"],"potions_floor_usage":[],"damage_taken":[{"damage":0.0,"enemies":"Jaw Worm","floor":1.0,"turns":1.0},{"damage":0.0,"enemies":"Cultist","floor":3.0,"turns":1.0},{"damage":0.0,"enemies":"2 Louse","floor":4.0,"turns":1.0},{"damage":48.0,"enemies":"Lagavulin","floor":7.0,"turns":6.0},{"damage":4.0,"enemies":"3 Sentries","floor":10.0,"turns":7.0},{"damage":9.0,"enemies":"Exordium Thugs","floor":14.0,"turns":3.0},{"damage":26.0,"enemies":"Hexaghost","floor":16.0,"turns":7.0},{"damage":18.0,"enemies":"Chosen","floor":18.0,"turns":3.0},{"damage":33.0,"enemies":"Spheric Guardian","floor":20.0,"turns":4.0},{"damage":15.0,"enemies":"Snake Plant","floor":22.0,"turns":3.0},{"damage":18,"enemies":"Gremlin Leader","floor":23,"turns":2}],"seed_played":"-8495980907951828418","potions_obtained":[{"floor":1.0,"key":"Weak Potion"},{"floor":4.0,"key":"ColorlessPotion"},{"floor":7.0,"key":"PowerPotion"},{"floor":10.0,"key":"Strength Potion"},{"floor":14.0,"key":"Energy Potion"},{"floor":18.0,"key":"Swift Potion"},{"floor":20.0,"key":"ElixirPotion"}],"is_trial":false,"path_per_floor":["M","?","M","M","?","R","E","$","T","E","R","?","R","M","R","B",null,"M","$","M","$","M","E"],"character_chosen":"IRONCLAD","items_purchased":["Bronze Scales","Membership Card","Deep Breath","Battle Trance"],"campfire_rested":1,"item_purchase_floors":[8,19,19,21],"current_hp_per_floor":[74,74,75,75,52,52,10,10,10,12,12,12,34,31,31,11,59,47,47,20,20,11,0,0],"gold":56,"neow_bonus":"THREE_ENEMY_KILL","is_daily":false,"chose_seed":false,"campfire_upgraded":3,"win_rate":0.0,"timestamp":1607918717,"path_taken":["M","?","M","?","?","R","E","$","T","E","R","?","R","M","R","BOSS","M","$","M","$","M","E"],"items_purchased_type":["Relic","Relic","Card","Card"],"build_version":"2020-12-13","purchased_purges":3,"victory":false,"max_hp_per_floor":[75,75,75,75,75,75,75,75,75,75,75,75,75,75,75,75,75,75,75,75,75,75,75,75],"relic_stats":{"Dream Catcher":1,"counters":[11,38],"Bronze Scales":[87],"PreservedInsect":82,"Art of War":[1],"obtain_stats":[{"SlaversCollar":17,"Dream Catcher":7,"NeowsBlessing":0,"Bronze Scales":8,"PreservedInsect":9,"Art of War":10,"Membership Card":19,"Burning Blood":0},{"SlaversCollar":7,"Dream Catcher":4,"NeowsBlessing":0,"Bronze Scales":4,"PreservedInsect":4,"Art of War":5,"Membership Card":8,"Burning Blood":0},{"SlaversCollar":26,"Dream Catcher":9,"NeowsBlessing":0,"Bronze Scales":9,"PreservedInsect":9,"Art of War":16,"Membership Card":29,"Burning Blood":0}],"Burning Blood":49},"card_choices":[{"not_picked":["Dark Embrace","Sentinel"],"picked":"Evolve","floor":1.0},{"not_picked":["Twin Strike","Heavy Blade"],"picked":"Carnage","floor":3.0},{"not_picked":["Pummel","Clash"],"picked":"Dropkick","floor":4.0},{"not_picked":["Bloodletting","Reaper","Intimidate"],"picked":"SKIP","floor":7.0},{"not_picked":["Iron Wave","Clash","True Grit"],"picked":"SKIP","floor":10.0},{"not_picked":["Clash","Iron Wave"],"picked":"Juggernaut","floor":14.0},{"not_picked":["Bludgeon","Double Tap"],"picked":"Immolate","floor":16.0},{"not_picked":["Sever Soul","Armaments"],"picked":"Second Wind","floor":18.0},{"not_picked":["Heavy Blade","Hemokinesis+1","Armaments"],"picked":"SKIP","floor":20.0},{"not_picked":["Whirlwind","Clash","Twin Strike"],"picked":"SKIP","floor":22.0}],"player_experience":3160244,"relics_obtained":[{"floor":7.0,"key":"Dream Catcher"},{"floor":9.0,"key":"PreservedInsect"},{"floor":10.0,"key":"Art of War"}],"event_choices":[{"damage_healed":0.0,"max_hp_gain":0.0,"max_hp_loss":0.0,"gold_gain":275.0,"event_name":"Golden Shrine","player_choice":"Desecrate","floor":2.0,"gold_loss":0.0,"damage_taken":0.0,"cards_obtained":["Regret"]},{"damage_healed":0.0,"max_hp_gain":0.0,"max_hp_loss":0.0,"gold_gain":0.0,"event_name":"Shining Light","player_choice":"Entered Light","floor":5.0,"gold_loss":0.0,"damage_taken":23.0,"cards_upgraded":["Strike_R","Defend_R"]},{"damage_healed":0.0,"max_hp_gain":0.0,"max_hp_loss":0.0,"gold_gain":30.0,"event_name":"Dead Adventurer","player_choice":"Searched \u00271\u0027 times","floor":12.0,"gold_loss":0.0,"damage_taken":0.0}],"is_beta":false,"boss_relics":[{"not_picked":["SacredBark","Runic Cube"],"picked":"SlaversCollar"}],"items_purged_floors":[8,19,21],"is_endless":false,"potions_floor_spawned":[1,4,7,10,14,18,20],"killed_by":"Gremlin Leader","ascension_level":20}}