{"host":"4hn57zqaxj5t3h2c","time":1607957505,"event":{"mods":["BaseMod","Downfall","Minty Spire (QoL Compilation)","Quick Restart","StSLib"],"gold_per_floor":[99,99,199,228,378,396,423,423,423,423,442,459,476,502,519,618,618,618,643,662,676,705,715,715,728,758,608,627,646,463,477,493,598,598,598,648,648,648],"floor_reached":37,"playtime":3014,"items_purged":["champ:Strike"],"score":531,"play_id":"34a9ed8d-7421-4857-86b7-0ed79d5abe56","local_time":"20201214225145","is_ascension_mode":false,"campfire_choices":[{"data":"champ:Execute","floor":1.0,"key":"SMITH"},{"data":"champ:Duel","floor":8.0,"key":"SMITH"},{"data":"champ:HoldFirm","floor":10.0,"key":"SMITH"},{"floor":18.0,"key":"RECALL"},{"data":"champ:SkillfulDodge","floor":27.0,"key":"SMITH"},{"data":"champ:DefensiveStyle","floor":35,"key":"SMITH"}],"circlet_count":0,"master_deck":["champ:Defend","champ:Defend","champ:Defend","champ:Defend","champ:Execute+1","champ:Taunt","champ:Duel+1","champ:DefensiveStyle+1","Slimebound:Icky","champ:HoldFirm+1","champ:CrookedStrike+1","champ:SkillfulDodge+1","champ:VampiricStrike+1","champ:StanceDance+1","champ:EnGarde+1","champ:RapidStrikes+1","champ:Circumvent","champ:BringItOn","champ:Circumvent+1","champ:StanceDance+1","champ:StanceDance+1","Deep Breath+1","champ:FocusedDefense+1","champ:ShieldSlam"],"relics":["champ:ChampionCrown","downfall:HeartsMalice","CloakClasp","Sundial","Oddly Smooth Stone","Odd Mushroom","Astrolabe","champ:FightingForDummies","Toxic Egg 2","Whetstone","downfall:HeartBlessingRed","downfall:HeartBlessingGreen","Cursed Key"],"acts_visited":["Exordium","TheCity","TheBeyond"],"potions_floor_usage":[],"damage_taken":[{"damage":0.0,"enemies":"Jaw Worm","floor":2.0,"turns":1.0},{"damage":0.0,"enemies":"Jaw Worm","floor":3.0,"turns":1.0},{"damage":0.0,"enemies":"Lagavulin","floor":4.0,"turns":1.0},{"damage":3.0,"enemies":"Small Slimes","floor":6.0,"turns":3.0},{"damage":0.0,"enemies":"2 Louse","floor":11.0,"turns":3.0},{"damage":3.0,"enemies":"Lots of Slimes","floor":12.0,"turns":7.0},{"damage":5.0,"enemies":"2 Fungi Beasts","floor":13.0,"turns":3.0},{"damage":11.0,"enemies":"The Mushroom Lair","floor":14.0,"turns":8.0},{"damage":7.0,"enemies":"3 Louse","floor":15.0,"turns":5.0},{"damage":0.0,"enemies":"downfall:Watcher","floor":16.0,"turns":11.0},{"damage":4.0,"enemies":"Book of Stabbing","floor":19.0,"turns":7.0},{"damage":0.0,"enemies":"Spheric Guardian","floor":20.0,"turns":7.0},{"damage":0.0,"enemies":"3 Byrds","floor":21.0,"turns":6.0},{"damage":31.0,"enemies":"Gremlin Leader","floor":22.0,"turns":21.0},{"damage":5.0,"enemies":"Snecko","floor":23.0,"turns":6.0},{"damage":12.0,"enemies":"Centurion and Healer","floor":25.0,"turns":15.0},{"damage":23.0,"enemies":"Slavers","floor":26.0,"turns":12.0},{"damage":9.0,"enemies":"3 Cultists","floor":28.0,"turns":10.0},{"damage":9.0,"enemies":"Cultist and Chosen","floor":29.0,"turns":6.0},{"damage":0.0,"enemies":"downfall:FleeingMerchant","floor":30.0,"turns":4.0},{"damage":5.0,"enemies":"Centurion and Healer","floor":31.0,"turns":12.0},{"damage":0.0,"enemies":"Chosen and Byrds","floor":32.0,"turns":6.0},{"damage":6.0,"enemies":"downfall:Silent","floor":33.0,"turns":10.0},{"damage":5,"enemies":"Mind Bloom Boss Battle","floor":36,"turns":12},{"damage":0,"enemies":"Reptomancer","floor":37,"turns":1}],"seed_played":"6845683411161326085","potions_obtained":[{"floor":3.0,"key":"Fire Potion"},{"floor":4.0,"key":"Ancient Potion"},{"floor":11.0,"key":"Dexterity Potion"},{"floor":13.0,"key":"LiquidMemories"},{"floor":19.0,"key":"LiquidMemories"},{"floor":22.0,"key":"Strength Potion"},{"floor":26.0,"key":"Fire Potion"},{"floor":29.0,"key":"champ:TechniquePotion"},{"floor":31.0,"key":"Swift Potion"}],"is_trial":false,"path_per_floor":["R","M","?","E","?","M","T","R","?","R","M","M","M","?","M","B",null,"R","E","M","M","E","M","T","M","E","R","M","M","$","M","M","B",null,"R","?","E"],"character_chosen":"THE_CHAMP","items_purchased":["Deep Breath+1"],"campfire_rested":0,"item_purchase_floors":[30],"current_hp_per_floor":[90,90,90,90,90,87,87,87,87,87,87,84,84,78,74,74,90,90,90,90,90,87,90,90,83,85,85,90,81,90,90,90,90,90,90,90,90,90],"gold":648,"neow_bonus":"THREE_ENEMY_KILL","is_daily":false,"chose_seed":false,"campfire_upgraded":5,"win_rate":0.0,"timestamp":1607957505,"path_taken":["R","M","?","E","?","M","T","R","?","R","?","M","M","?","M","BOSS","R","E","M","M","E","M","T","M","E","R","M","M","$","M","M","BOSS","R","?","E"],"items_purchased_type":["Card"],"build_version":"2020-12-13","purchased_purges":1,"victory":false,"max_hp_per_floor":[90,90,90,90,90,90,90,90,90,90,90,90,90,90,90,90,90,90,90,90,90,90,90,90,90,90,90,90,90,90,90,90,90,90,90,90,90,90],"card_choices":[{"not_picked":["champ:PerfectedStrike","champ:GladiatorsShout"],"picked":"champ:Duel","floor":2.0},{"not_picked":["champ:FanOfKnives","champ:GutPunch"],"picked":"champ:DefensiveStyle","floor":4.0},{"not_picked":["champ:DefensiveShout","champ:PerfectedStrike"],"picked":"champ:HoldFirm","floor":6.0},{"not_picked":["champ:FanOfKnives","champ:ArenaPreparation","champ:EndlessRage"],"picked":"SKIP","floor":11.0},{"not_picked":["champ:PreciseThrust","champ:GladiatorsShout","champ:RisingSlash"],"picked":"SKIP","floor":12.0},{"not_picked":["champ:Haymaker","champ:PerfectedStrike","champ:AdrenalArmor"],"picked":"SKIP","floor":13.0},{"not_picked":["champ:ArenaPreparation","champ:Backstep"],"picked":"champ:CrookedStrike","floor":14.0},{"not_picked":["champ:DefensiveShout","champ:Encircle"],"picked":"champ:SkillfulDodge","floor":15.0},{"not_picked":["champ:ShieldThrow","champ:StrikeOfGenius"],"picked":"champ:VampiricStrike","floor":16.0},{"not_picked":["champ:AdrenalArmor+1","champ:BladeFlurry","champ:CheapShot"],"picked":"SKIP","floor":19.0},{"not_picked":["champ:AdrenalArmor+1","champ:BladeFlurry","champ:CheapShot"],"picked":"SKIP","floor":19.0},{"not_picked":["champ:GutPunch+1","champ:DefensiveShout","champ:StanceDance"],"picked":"SKIP","floor":20.0},{"not_picked":["champ:EnragedBash","champ:RisingSlash"],"picked":"champ:Circumvent","floor":21.0},{"not_picked":["champ:FanOfKnives","champ:CheapShot"],"picked":"champ:BringItOn","floor":22.0},{"not_picked":["champ:RecklessLeap","champ:EndlessRage","champ:TornadoPunch"],"picked":"SKIP","floor":23.0},{"not_picked":["champ:Backstep+1","champ:FocusedGladiator+1","champ:CalledShot+1"],"picked":"SKIP","floor":25.0},{"not_picked":["champ:RecklessLeap","champ:PreciseThrust+1","champ:TornadoPunch+1"],"picked":"SKIP","floor":26.0},{"not_picked":["champ:FaceSlap+1","champ:CrookedStrike"],"picked":"champ:Circumvent+1","floor":28.0},{"not_picked":["champ:Backstep+1","champ:FocusedGladiator+1"],"picked":"champ:StanceDance+1","floor":29.0},{"not_picked":["champ:CrookedStrike+1","champ:Shatter+1"],"picked":"champ:StanceDance+1","floor":30.0},{"not_picked":["champ:BringItOn+1","champ:FanOfKnives","champ:GladiatorStyle"],"picked":"SKIP","floor":31.0},{"not_picked":["champ:Encircle","champ:GutPunch"],"picked":"champ:FocusedDefense+1","floor":32.0},{"not_picked":["champ:StrikeOfGenius","champ:HeavySlash"],"picked":"champ:ShieldSlam","floor":33.0}],"player_experience":742952,"relics_obtained":[{"floor":3.0,"key":"CloakClasp"},{"floor":4.0,"key":"Sundial"},{"floor":7.0,"key":"Oddly Smooth Stone"},{"floor":14.0,"key":"Odd Mushroom"},{"floor":19.0,"key":"champ:FightingForDummies"},{"floor":24.0,"key":"Toxic Egg 2"},{"floor":26.0,"key":"Whetstone"}],"event_choices":[{"damage_healed":0.0,"max_hp_gain":0.0,"max_hp_loss":0.0,"gold_gain":0.0,"event_name":"FaceTrader","player_choice":"Leave","floor":9.0,"gold_loss":0.0,"damage_taken":0.0},{"damage_healed":0.0,"max_hp_gain":0.0,"max_hp_loss":0.0,"gold_gain":0.0,"event_name":"Mushrooms","player_choice":"Fought Mushrooms","floor":14.0,"gold_loss":0.0,"damage_taken":0.0}],"is_beta":false,"boss_relics":[{"not_picked":["Sozu","Snecko Eye"],"picked":"Astrolabe"},{"not_picked":["Calling Bell","Pandora\u0027s Box"],"picked":"Cursed Key"}],"items_purged_floors":[30],"is_endless":false,"potions_floor_spawned":[3,4,11,13,16,19,22,26,29,31,33,36],"killed_by":"Reptomancer","ascension_level":0}}