{"host":"k2x36244ucab5lxq","time":1607973238,"event":{"mods":["2.2 Compatiblity","AchievementEnabler","Act Like it!","Aspiration","BaseMod","Beaked The Cultist","Better Altar","Better Match","Better Note","Better Sensory Stone","Better Skull","Better Third Choice","BetterRewards","Block Reminder","CatGirl Mod","Clawfect","Clockwork Mod","Colored Map","Conspire","Downfall","Energized Spire","Gensokyo","GungeonMod","Halation","Hermit","Hubris","Infinite Spire","Jedi Mod","JesterMod","Jorbs\u0027s Wanderer Trilogy","Marisa????????","Marked Mod","Mimic Mod","Minty Spire (QoL Compilation)","Pale of the Ancients","Random Character Button","Rare Cards Sparkle","Relic Sorter","Relic Stats","Replay The Spire","SCP261 Mod","Shop Mod","StSLib","The Administrix","The Alterego","The Blackbeard","The Bladedancer","The Construct","The Cursed","The Disciple","The Judge","The Necromancer","The Problem Sleuth","The Sage","The Servant 0.9.4","The Showman","Transform Curses","Unceasing Turn Reminder","egg","everything is the same but u backflip on backflip","slay the spire mod where everything is the same but ironclad has a cowboy hat","thorton"],"gold_per_floor":[99,199,124,137,170,170,208,208,218,143,157,157,175,3,23,124,124,124,34,34,54,54,54,104,137,169,94,105,125,145,159,173,270,270,270,175,190,209,219,48,86,105,117,143,143,153,163,163,173,173],"floor_reached":51,"playtime":4927,"items_purged":["hexamod:Haunted","Languid"],"score":753,"play_id":"fce47363-fa09-4fe2-b5d9-6db949d7a977","local_time":"20201214141358","is_ascension_mode":false,"campfire_choices":[{"floor":1,"key":"RECALL"},{"floor":3,"key":"REST"},{"floor":6,"key":"REST"},{"data":"champ:TornadoPunch","floor":10,"key":"SMITH"},{"data":"champ:PerfectForm","floor":18,"key":"SMITH"},{"data":"champ:Improvising","floor":20,"key":"SMITH"},{"data":"champ:StanceDance","floor":23,"key":"SMITH"},{"data":"champ:ShieldThrow","floor":27,"key":"SMITH"},{"data":"champ:PerfectForm","floor":35,"key":"SMITH"}],"circlet_count":0,"master_deck":["champ:Strike","champ:Strike","champ:Strike","champ:Strike","champ:Defend","champ:Defend","champ:Defend","champ:Defend","champ:Execute","champ:Taunt+1","champ:ShieldThrow+1","champ:DefensiveShout","champ:Backstep","champ:TornadoPunch+1","champ:IgnorePain","champ:StanceDance+1","champ:Lariat+1","champ:PerfectForm+1","champ:Improvising+1","ReplayTheSpireMod:Splinters","champ:DefensiveStyle+1","champ:EnragedBash+1","champ:SteelEdge","champ:CalledShot","champ:VampiricStrike","champ:PerfectForm+1","champ:BladeFlurry","champ:PerfectedStrike","champ:PerfectedStrike","champ:FalseCounter+1","champ:Lariat","champ:SteelEdge","champ:PerfectedStrike+1","champ:EnGarde+1"],"relics":["champ:ChampionCrown","CloakClasp","downfall:HeartBlessingRed","hubris:Potato","downfall:HeartBlessingBlue","hubris:EmptyBottle","Replay:Ancient Bell","Pen Nib","Shuriken","Durian","War Paint","The Courier","Bottled Tornado","downfall:HeartBlessingGreen","SlaversCollar","sagemod:The_Guidebook_Guide","hubris:MedicalManual","jedi:angrymask","hubris:Towel"],"acts_visited":["Exordium","TheCity","TheBeyond"],"potions_floor_usage":[13,16,16,19,25,25,29,31,33,39,39,39,40,46,50,50,50,50],"damage_taken":[{"damage":107,"enemies":"downfall:Defect","floor":2,"turns":12},{"damage":0,"enemies":"Jaw Worm","floor":4,"turns":4},{"damage":11,"enemies":"Gremlin Nob","floor":5,"turns":4},{"damage":0,"enemies":"Small Slimes","floor":7,"turns":9},{"damage":0,"enemies":"Small Slimes","floor":9,"turns":3},{"damage":0,"enemies":"2 Louse","floor":11,"turns":3},{"damage":0,"enemies":"Large Slime","floor":13,"turns":4},{"damage":0,"enemies":"downfall:FleeingMerchant","floor":14,"turns":4},{"damage":4,"enemies":"Exordium Thugs","floor":15,"turns":4},{"damage":11,"enemies":"downfall:Watcher","floor":16,"turns":16},{"damage":0,"enemies":"downfall:FleeingMerchant","floor":19,"turns":4},{"damage":7,"enemies":"3 Byrds","floor":21,"turns":8},{"damage":3,"enemies":"Replay:Snechameleon","floor":25,"turns":9},{"damage":0,"enemies":"Chosen","floor":26,"turns":9},{"damage":0,"enemies":"Chosen","floor":28,"turns":6},{"damage":6,"enemies":"3 Cultists","floor":29,"turns":7},{"damage":5,"enemies":"Snake Plant","floor":30,"turns":5},{"damage":13,"enemies":"Chosen and Byrds","floor":31,"turns":9},{"damage":4,"enemies":"Cultist and Chosen","floor":32,"turns":7},{"damage":0,"enemies":"downfall:Silent","floor":33,"turns":13},{"damage":0,"enemies":"downfall:FleeingMerchant","floor":36,"turns":4},{"damage":28,"enemies":"3 Shapes","floor":37,"turns":5},{"damage":17,"enemies":"Orb Walker","floor":38,"turns":5},{"damage":0,"enemies":"Maw","floor":39,"turns":8},{"damage":0,"enemies":"downfall:FleeingMerchant","floor":40,"turns":4},{"damage":0,"enemies":"Sphere and 2 Shapes","floor":41,"turns":14},{"damage":21,"enemies":"Sphere and 2 Shapes","floor":42,"turns":8},{"damage":29,"enemies":"Transient","floor":43,"turns":5},{"damage":13,"enemies":"R_Hoarder","floor":44,"turns":8},{"damage":0,"enemies":"Spire Growth","floor":46,"turns":7},{"damage":13,"enemies":"3 Darklings","floor":47,"turns":5},{"damage":0,"enemies":"4 Shapes","floor":49,"turns":5},{"damage":30,"enemies":"downfall:Ironclad","floor":50,"turns":11}],"seed_played":"8736569061020117752","potions_obtained":[{"floor":5,"key":"SCP261:BarrettColaPotion"},{"floor":11,"key":"SCP261:GirlTearsPotion"},{"floor":13,"key":"Cursed Concoction"},{"floor":15,"key":"SCP261:BarrettColaPotion"},{"floor":21,"key":"SkillPotion"},{"floor":28,"key":"SCP261:DietGhostPotion"},{"floor":30,"key":"SCP261:GirlTearsPotion"},{"floor":31,"key":"DemoMod:LeadSkinPotion"},{"floor":42,"key":"SCP261:GirlTearsPotion"},{"floor":43,"key":"champ:CounterPotion"},{"floor":46,"key":"Guardian:BlockOnCardUsePotion"},{"floor":49,"key":"champ:CounterPotion"}],"is_trial":false,"path_per_floor":["R","?","R","M","E","R","MIM","?","M","R","M","?","M","$","M","B",null,"R","$","R","M","?","R","T","E","MIM","R","M","M","M","M","M","B",null,"R","$","M","M","M","$","MIM","M","M","E","?","M","M","?","M","B",null],"character_chosen":"THE_CHAMP","items_purchased":["hubris:EmptyBottle","sagemod:The_Guidebook_Guide","champ:PerfectedStrike"],"campfire_rested":2,"item_purchase_floors":[14,40,40],"current_hp_per_floor":[90,3,30,30,19,46,56,56,61,71,71,81,86,91,92,87,105,105,105,105,98,98,98,98,105,105,105,105,99,99,90,88,105,105,105,105,84,79,91,105,105,94,85,102,102,105,100,100,105,92],"gold":173,"neow_bonus":"ONE_RANDOM_RARE_CARD","is_daily":false,"chose_seed":false,"campfire_upgraded":6,"win_rate":0.0,"timestamp":1607973238,"path_taken":["R","?","R","M","E","R","MIM","?","M","R","?","?","M","$","M","BOSS","R","$","R","M","?","R","T","E","?","R","M","?","M","?","M","BOSS","R","$","M","M","M","$","MIM","M","M","E","?","?","M","?","M","BOSS"],"items_purchased_type":["Relic","Relic","Card"],"build_version":"2020-12-13","purchased_purges":2,"victory":true,"max_hp_per_floor":[90,90,90,90,90,90,90,90,90,100,100,100,100,100,100,100,105,105,105,105,105,105,105,105,105,105,105,105,105,105,105,105,105,105,105,105,105,105,105,105,105,105,105,105,105,105,105,105,105,105],"relic_stats":{"counters":[33,229],"Shuriken":[23],"Pen Nib":[21],"CloakClasp":[505],"War Paint":["champ:Lariat","champ:Taunt"],"obtain_stats":[{"jedi:angrymask":44,"downfall:HeartBlessingRed":3,"champ:ChampionCrown":0,"downfall:HeartBlessingGreen":27,"DemoMod:GlassGuonStoneRelic":7,"Pen Nib":17,"The Courier":25,"hubris:MedicalManual":41,"CloakClasp":2,"Replay:Ancient Bell":17,"hubris:EmptyBottle":14,"War Paint":24,"Bottled Tornado":26,"sagemod:The_Guidebook_Guide":40,"hubris:Towel":48,"SlaversCollar":34,"downfall:HeartBlessingBlue":10,"Shuriken":17,"Durian":17,"hubris:Potato":5},{"jedi:angrymask":29,"downfall:HeartBlessingRed":1,"champ:ChampionCrown":0,"downfall:HeartBlessingGreen":14,"DemoMod:GlassGuonStoneRelic":4,"Pen Nib":10,"The Courier":13,"hubris:MedicalManual":26,"CloakClasp":1,"Replay:Ancient Bell":10,"hubris:EmptyBottle":8,"War Paint":12,"Bottled Tornado":14,"sagemod:The_Guidebook_Guide":25,"hubris:Towel":31,"SlaversCollar":20,"downfall:HeartBlessingBlue":5,"Shuriken":10,"Durian":10,"hubris:Potato":3},{"jedi:angrymask":201,"downfall:HeartBlessingRed":12,"champ:ChampionCrown":0,"downfall:HeartBlessingGreen":93,"DemoMod:GlassGuonStoneRelic":29,"Pen Nib":63,"The Courier":84,"hubris:MedicalManual":180,"CloakClasp":12,"Replay:Ancient Bell":63,"hubris:EmptyBottle":43,"War Paint":75,"Bottled Tornado":93,"sagemod:The_Guidebook_Guide":166,"hubris:Towel":213,"SlaversCollar":140,"downfall:HeartBlessingBlue":32,"Shuriken":63,"Durian":63,"hubris:Potato":20}]},"card_choices":[{"not_picked":["champ:Encircle","champ:GladiatorStyle"],"picked":"champ:DefensiveShout","floor":2},{"not_picked":["champ:Riposte","champ:GladiatorStyle","champ:PerfectedStrike"],"picked":"SKIP","floor":4},{"not_picked":["champ:AdrenalArmor","champ:FanOfKnives","champ:PerfectedStrike"],"picked":"SKIP","floor":5},{"not_picked":["champ:PerfectedStrike","champ:Shatter"],"picked":"champ:Backstep","floor":7},{"not_picked":["champ:FanOfKnives","champ:GutPunch"],"picked":"champ:TornadoPunch","floor":9},{"not_picked":["champ:BringItOn","champ:GladiatorsShout"],"picked":"champ:IgnorePain","floor":11},{"not_picked":["champ:ViciousMockery","champ:FlashCut"],"picked":"champ:StanceDance","floor":13},{"not_picked":["champ:StanceDance","champ:PerfectedStrike"],"picked":"champ:Lariat","floor":14},{"not_picked":["champ:FanOfKnives","champ:SkillfulDodge"],"picked":"champ:PerfectForm","floor":15},{"not_picked":["champ:LastStand","champ:CrownThrow"],"picked":"champ:Improvising","floor":16},{"not_picked":["Looming Evil","WordoMod:Infected"],"picked":"ReplayTheSpireMod:Splinters","floor":17},{"not_picked":["theSleuth:MortholDryax","hexamod:Haunted"],"picked":"Languid","floor":17},{"not_picked":["ReplayTheSpireMod:Faulty Equipment","Normality"],"picked":"hexamod:Haunted","floor":17},{"not_picked":["champ:PerfectedStrike","champ:TornadoPunch"],"picked":"champ:DefensiveStyle+1","floor":19},{"not_picked":["champ:TornadoPunch","champ:Lariat"],"picked":"champ:EnragedBash+1","floor":21},{"not_picked":["champ:DefensiveShout+1","champ:BringItOn","champ:ViciousMockery+1"],"picked":"SKIP","floor":25},{"not_picked":["champ:BerserkersShout","champ:RecklessLeap+1","champ:Haymaker+1"],"picked":"SKIP","floor":28},{"not_picked":["champ:EndlessRage","champ:Backstep+1"],"picked":"champ:SteelEdge","floor":29},{"not_picked":["champ:CrookedStrike","champ:BerserkersShout","champ:Backstep"],"picked":"SKIP","floor":30},{"not_picked":["champ:ArenaPreparation","champ:TornadoPunch"],"picked":"champ:CalledShot","floor":31},{"not_picked":["champ:DefensiveShout","champ:StanceDance"],"picked":"champ:VampiricStrike","floor":32},{"not_picked":["champ:DancingMaster","champ:SwordThrow"],"picked":"champ:PerfectForm","floor":33},{"not_picked":["champ:Backstep+1","champ:FlashCut","champ:ViciousMockery+1"],"picked":"SKIP","floor":36},{"not_picked":["champ:PerfectedStrike","champ:BringItOn"],"picked":"champ:BladeFlurry","floor":37},{"not_picked":["champ:DeathBlow","champ:HeartStrike+1","champ:TornadoPunch"],"picked":"SKIP","floor":38},{"not_picked":["champ:Haymaker","champ:TornadoPunch+1","champ:FocusedGladiator+1"],"picked":"SKIP","floor":39},{"not_picked":["champ:StrikeOfGenius","champ:DefensiveShout","champ:StanceDance"],"picked":"SKIP","floor":40},{"not_picked":["champ:BerserkersShout+1","champ:AdrenalArmor","champ:PerfectedStrike"],"picked":"SKIP","floor":42},{"not_picked":["champ:FanOfKnives","champ:TornadoPunch+1"],"picked":"champ:FalseCounter+1","floor":43},{"not_picked":["champ:Circumvent","champ:GladiatorsShout+1"],"picked":"champ:Lariat","floor":44},{"not_picked":["champ:FightOn","champ:GutPunch"],"picked":"champ:PerfectedStrike+1","floor":46},{"not_picked":["champ:Backstep","champ:BerserkerStyle"],"picked":"champ:EnGarde+1","floor":47},{"not_picked":["champ:ViciousMockery+1","champ:BladeFlurry+1","champ:Backstep"],"picked":"SKIP","floor":49}],"player_experience":527470,"relics_obtained":[{"floor":2,"key":"CloakClasp"},{"floor":5,"key":"hubris:Potato"},{"floor":24,"key":"War Paint"},{"floor":25,"key":"The Courier"},{"floor":26,"key":"Bottled Tornado"},{"floor":41,"key":"hubris:MedicalManual"},{"floor":44,"key":"jedi:angrymask"}],"event_choices":[{"damage_healed":0,"gold_gain":0,"player_choice":"Ignored","damage_taken":0,"max_hp_gain":0,"max_hp_loss":0,"event_name":"betterNote:BetterNote","floor":22,"gold_loss":0,"cards_obtained":["alterego_mod:Impale"]},{"damage_healed":0,"gold_gain":0,"player_choice":"Copied","damage_taken":0,"max_hp_gain":0,"max_hp_loss":0,"event_name":"Duplicator","floor":45,"gold_loss":0,"cards_obtained":["champ:SteelEdge"]}],"is_beta":false,"boss_relics":[{"not_picked":["energizedSpire:HugeHouse","Philosopher\u0027s Stone"],"picked":"Replay:Ancient Bell"},{"not_picked":["Replay:Wax Seal","Omamori"],"picked":"Pen Nib"},{"not_picked":["Garlic","Frozen Egg 2"],"picked":"Shuriken"},{"not_picked":["DemoMod:Orange","conspire:Boomerang"],"picked":"Durian"},{"not_picked":["halation:Yufonium","jesterMod:MachoBrace"],"picked":"SlaversCollar"}],"items_purged_floors":[19,36],"is_endless":false,"potions_floor_spawned":[5,11,13,15,21,28,30,31,33,37,42,43,46,49],"ascension_level":0}}