{"host":"0vd2boh2oi7jm085","time":1607915739,"event":{"mods":["BaseMod","Colored Map","Colored Powertips","Highlight Path","Minty Spire (QoL Compilation)","Quick Restart","StSLib","The IronCluck"],"gold_per_floor":[361,143,143,143,153,169,169,169,195,205,205,237,237,251,251,251,251],"floor_reached":16,"playtime":384,"items_purged":[],"score":185,"play_id":"5ebab330-3655-46fc-899e-3531c82e4bab","local_time":"20201213191539","is_ascension_mode":true,"campfire_choices":[{"floor":7,"key":"REST"},{"floor":11,"key":"REST"},{"floor":13,"key":"REST"},{"floor":15,"key":"REST"}],"circlet_count":0,"master_deck":["AscendersBane","Strike_R","Strike_R","Strike_R","Strike_R","Strike_R","Defend_R","Defend_R","Defend_R","Defend_R","Bash","Parasite","Ghostly Armor","Shrug It Off","Shrug It Off","Metallicize","Iron Wave"],"relics":["Burning Blood","Pen Nib","InkBottle","MealTicket","Centennial Puzzle"],"acts_visited":["Exordium"],"potions_floor_usage":[16],"damage_taken":[{"damage":9,"enemies":"Jaw Worm","floor":1,"turns":6},{"damage":4,"enemies":"2 Louse","floor":5,"turns":3},{"damage":12,"enemies":"Small Slimes","floor":6,"turns":3},{"damage":27,"enemies":"Exordium Thugs","floor":10,"turns":5},{"damage":47,"enemies":"Gremlin Nob","floor":12,"turns":6},{"damage":19,"enemies":"Large Slime","floor":14,"turns":9},{"damage":68,"enemies":"Slime Boss","floor":16,"turns":11}],"seed_played":"189860124126855814","potions_obtained":[{"floor":1,"key":"SneckoOil"},{"floor":6,"key":"Regen Potion"},{"floor":14,"key":"Energy Potion"}],"is_trial":false,"path_per_floor":["M","$","?","?","M","M","R","?","T","M","R","E","R","M","R","B"],"character_chosen":"IRONCLAD","items_purchased":["Pen Nib","Shrug It Off"],"campfire_rested":4,"item_purchase_floors":[2,2],"current_hp_per_floor":[65,65,65,60,62,56,75,75,75,54,75,34,56,43,65,10,10],"gold":251,"neow_bonus":"TWO_FIFTY_GOLD","is_daily":false,"chose_seed":false,"campfire_upgraded":0,"win_rate":0.0,"timestamp":1607915739,"path_taken":["M","$","?","?","?","M","R","?","T","M","R","E","R","M","R","BOSS"],"items_purchased_type":["Relic","Card"],"build_version":"2020-12-13","purchased_purges":0,"victory":false,"max_hp_per_floor":[75,75,75,75,75,75,75,75,75,75,75,75,75,75,75,75,75],"card_choices":[{"not_picked":["Pommel Strike","Anger"],"picked":"Ghostly Armor","floor":1},{"not_picked":["Rupture","Inflame"],"picked":"Shrug It Off","floor":5},{"not_picked":["Cleave","Intimidate","Feel No Pain"],"picked":"SKIP","floor":6},{"not_picked":["Dual Wield","Flex"],"picked":"Metallicize","floor":10},{"not_picked":["Shockwave","Second Wind"],"picked":"Iron Wave","floor":12},{"not_picked":["Wild Strike","Whirlwind","Sword Boomerang"],"picked":"SKIP","floor":14}],"player_experience":80788,"relics_obtained":[{"floor":9,"key":"MealTicket"},{"floor":12,"key":"Centennial Puzzle"}],"event_choices":[{"damage_healed":0,"gold_gain":0,"player_choice":"Ignored","damage_taken":0,"max_hp_gain":0,"max_hp_loss":0,"event_name":"Shining Light","floor":3,"gold_loss":0},{"damage_healed":0,"gold_gain":0,"player_choice":"Success","damage_taken":5,"relics_obtained":["InkBottle"],"max_hp_gain":0,"max_hp_loss":0,"event_name":"Scrap Ooze","floor":4,"gold_loss":0},{"damage_healed":0,"gold_gain":0,"player_choice":"Searched \u00270\u0027 times","damage_taken":0,"max_hp_gain":0,"max_hp_loss":0,"event_name":"Dead Adventurer","floor":8,"gold_loss":0}],"is_beta":false,"boss_relics":[],"items_purged_floors":[],"is_endless":false,"potions_floor_spawned":[1,6,14],"killed_by":"Slime Boss","ascension_level":17}}