{"host":"dcj2yvrgcvh5dl2s","time":1607983293,"event":{"mods":["BaseMod","Better Note","Block Reminder","Colored Powertips","DeckTracker","Minty Spire (QoL Compilation)","Quick Restart","Rare Cards Sparkle","Relic Stats","StSLib"],"gold_per_floor":[118,132,307,307,32,58,58,86,86,86,86,96,96,96,96,195,195,206,60,60,60,60,94,94,104,104,133,133,133,159,178,178,178,178],"floor_reached":33,"playtime":2003,"items_purged":["Doubt","Defend_R"],"score":518,"play_id":"c2bbc5f2-21ca-43d0-8dbb-4b7d78917ba6","local_time":"20201215080133","is_ascension_mode":true,"campfire_choices":[{"data":"Uppercut","floor":7,"key":"SMITH"},{"data":"Heavy Blade","floor":11,"key":"SMITH"},{"data":"Pummel","floor":13,"key":"SMITH"},{"floor":15,"key":"REST"},{"floor":24,"key":"REST"},{"floor":29,"key":"REST"},{"floor":32,"key":"REST"}],"circlet_count":0,"master_deck":["Strike_R","Strike_R","Strike_R+1","Strike_R+1","Strike_R","Defend_R","Defend_R","Defend_R","Clash","Shrug It Off","Clash","Uppercut+1","Heavy Blade+1","Pummel+1","Offering","Intimidate","Clash","Shame","RitualDagger","Whirlwind","Injury","Infernal Blade+1","Flex","Inflame","True Grit"],"relics":["Burning Blood","NeowsBlessing","Ginger","Pen Nib","Meat on the Bone","InkBottle","Mummified Hand","Cursed Key","Ancient Tea Set","The Courier","Dream Catcher","Oddly Smooth Stone","Darkstone Periapt"],"acts_visited":["Exordium","TheCity"],"potions_floor_usage":[23,23,27,33],"damage_taken":[{"damage":0,"enemies":"Cultist","floor":1,"turns":1},{"damage":0,"enemies":"Small Slimes","floor":2,"turns":1},{"damage":0,"enemies":"Gremlin Nob","floor":6,"turns":1},{"damage":35,"enemies":"Lagavulin","floor":8,"turns":7},{"damage":0,"enemies":"2 Louse","floor":12,"turns":2},{"damage":58,"enemies":"The Guardian","floor":16,"turns":11},{"damage":37,"enemies":"3 Byrds","floor":18,"turns":5},{"damage":25,"enemies":"Slavers","floor":23,"turns":6},{"damage":17,"enemies":"Spheric Guardian","floor":25,"turns":3},{"damage":18,"enemies":"Gremlin Leader","floor":27,"turns":6},{"damage":6,"enemies":"Slavers","floor":30,"turns":1},{"damage":33,"enemies":"Shelled Parasite and Fungi","floor":31,"turns":4},{"damage":86,"enemies":"Collector","floor":33,"turns":7}],"seed_played":"7438904137927208460","potions_obtained":[{"floor":1,"key":"EssenceOfSteel"},{"floor":8,"key":"Energy Potion"},{"floor":12,"key":"Weak Potion"},{"floor":23,"key":"Ancient Potion"},{"floor":25,"key":"GamblersBrew"}],"is_trial":false,"path_per_floor":["M","M","?","?","$","E","R","E","T","?","R","M","R","?","R","B",null,"M","$","?","?","?","E","R","M","T","E","?","R","E","M","R","B"],"character_chosen":"IRONCLAD","items_purchased":["Clash","Pen Nib","Clash"],"campfire_rested":4,"item_purchase_floors":[5,5,19],"current_hp_per_floor":[78,80,80,55,55,61,61,44,44,37,37,55,55,39,63,23,66,47,47,47,41,26,19,44,45,45,45,45,70,70,55,80,0,0],"gold":178,"neow_bonus":"THREE_ENEMY_KILL","is_daily":false,"chose_seed":false,"campfire_upgraded":3,"win_rate":0.0,"timestamp":1607983293,"path_taken":["M","M","?","?","$","E","R","E","T","?","R","M","R","?","R","BOSS","M","$","?","?","?","E","R","M","T","E","?","R","E","M","R","BOSS"],"items_purchased_type":["Card","Relic","Card"],"build_version":"2020-12-13","purchased_purges":2,"victory":false,"max_hp_per_floor":[80,80,80,80,80,80,80,80,80,80,80,80,80,80,80,80,80,80,80,80,80,85,85,85,85,85,85,85,85,85,85,85,85,85],"relic_stats":{"Darkstone Periapt":0,"Dream Catcher":2,"counters":[13,55],"Mummified Hand":[2],"Pen Nib":[11],"Ginger":[7],"Cursed Key":1,"obtain_stats":[{"Darkstone Periapt":30,"NeowsBlessing":0,"Oddly Smooth Stone":27,"Pen Nib":5,"The Courier":23,"Ginger":4,"Cursed Key":17,"Ancient Tea Set":20,"Burning Blood":0,"Dream Catcher":26,"Mummified Hand":9,"InkBottle":8,"Meat on the Bone":6},{"Darkstone Periapt":11,"NeowsBlessing":0,"Oddly Smooth Stone":10,"Pen Nib":2,"The Courier":8,"Ginger":2,"Cursed Key":6,"Ancient Tea Set":7,"Burning Blood":0,"Dream Catcher":9,"Mummified Hand":4,"InkBottle":4,"Meat on the Bone":3},{"Darkstone Periapt":44,"NeowsBlessing":0,"Oddly Smooth Stone":43,"Pen Nib":2,"The Courier":34,"Ginger":2,"Cursed Key":23,"Ancient Tea Set":28,"Burning Blood":0,"Dream Catcher":37,"Mummified Hand":10,"InkBottle":10,"Meat on the Bone":3}],"Burning Blood":68,"InkBottle":[16],"Meat on the Bone":96},"card_choices":[{"not_picked":["Rage","Second Wind"],"picked":"Clash","floor":1},{"not_picked":["Perfected Strike","Iron Wave"],"picked":"Shrug It Off","floor":2},{"not_picked":["Perfected Strike","Pommel Strike"],"picked":"Uppercut","floor":6},{"not_picked":["Sever Soul","Twin Strike"],"picked":"Heavy Blade","floor":8},{"not_picked":["Intimidate","Anger"],"picked":"Pummel","floor":12},{"not_picked":["Double Tap","Limit Break"],"picked":"Offering","floor":16},{"not_picked":["Rampage","Carnage"],"picked":"Intimidate","floor":18},{"not_picked":["Blood for Blood","Armaments","Headbutt"],"picked":"SKIP","floor":23},{"not_picked":["Iron Wave","Intimidate"],"picked":"Whirlwind","floor":25},{"not_picked":["Cleave","Inflame"],"picked":"Infernal Blade","floor":27},{"not_picked":["Warcry","Pommel Strike"],"picked":"Flex","floor":29},{"not_picked":["Cleave","Offering"],"picked":"Inflame","floor":30},{"not_picked":["Rampage","Havoc","Body Slam"],"picked":"SKIP","floor":31},{"not_picked":["Brutality","Twin Strike+1"],"picked":"True Grit","floor":32}],"player_experience":1962087,"relics_obtained":[{"floor":6,"key":"Meat on the Bone"},{"floor":8,"key":"InkBottle"},{"floor":9,"key":"Mummified Hand"},{"floor":23,"key":"The Courier"},{"floor":26,"key":"Dream Catcher"},{"floor":27,"key":"Oddly Smooth Stone"},{"floor":30,"key":"Darkstone Periapt"}],"event_choices":[{"damage_healed":0,"gold_gain":175,"player_choice":"AGREE","damage_taken":0,"max_hp_gain":0,"max_hp_loss":0,"event_name":"Liars Game","floor":3,"gold_loss":0,"cards_obtained":["Doubt"]},{"damage_healed":0,"gold_gain":0,"player_choice":"Success","damage_taken":25,"relics_obtained":["Ginger"],"max_hp_gain":0,"max_hp_loss":0,"event_name":"Scrap Ooze","floor":4,"gold_loss":0},{"cards_removed":["Bash"],"damage_healed":0,"gold_gain":0,"player_choice":"Card Removal","damage_taken":7,"max_hp_gain":0,"max_hp_loss":0,"event_name":"Golden Wing","floor":10,"gold_loss":0},{"damage_healed":0,"gold_gain":0,"player_choice":"Entered Light","damage_taken":16,"max_hp_gain":0,"max_hp_loss":0,"event_name":"Shining Light","floor":14,"gold_loss":0,"cards_upgraded":["Strike_R","Strike_R"]},{"damage_healed":0,"gold_gain":0,"player_choice":"Stole Relic","damage_taken":0,"relics_obtained":["Ancient Tea Set"],"max_hp_gain":0,"max_hp_loss":0,"event_name":"Addict","floor":20,"gold_loss":0,"cards_obtained":["Shame"]},{"damage_healed":0,"gold_gain":0,"player_choice":"Joined the Cult","damage_taken":6,"max_hp_gain":0,"max_hp_loss":0,"event_name":"Nest","floor":21,"gold_loss":0,"cards_obtained":["RitualDagger"]},{"damage_healed":0,"gold_gain":0,"player_choice":"Shed Blood","damage_taken":20,"max_hp_gain":5,"max_hp_loss":0,"event_name":"Forgotten Altar","floor":22,"gold_loss":0},{"damage_healed":0,"gold_gain":0,"player_choice":"Upgraded","damage_taken":0,"max_hp_gain":0,"max_hp_loss":0,"event_name":"Upgrade Shrine","floor":28,"gold_loss":0,"cards_upgraded":["Infernal Blade"]}],"is_beta":false,"boss_relics":[{"not_picked":["Runic Pyramid","Black Star"],"picked":"Cursed Key"}],"items_purged_floors":[5,19],"is_endless":false,"potions_floor_spawned":[1,8,12,23,25],"killed_by":"Collector","ascension_level":9}}