{"host":"icfpfg8l7slpscsh","time":1607921148,"event":{"mods":["AchievementEnabler","BaseMod","Colored Map","Colored Powertips","Highlight Path","Minty Spire (QoL Compilation)","Permanent Neow","Quick Restart","StSLib"],"gold_per_floor":[111,81,99,115,115,115,131,131,212,238,37,19,33,76,76,76,76],"floor_reached":16,"playtime":814,"items_purged":[],"score":249,"play_id":"f3f307eb-ff5f-4ebf-a1ea-a0f827938047","local_time":"20201213234548","is_ascension_mode":true,"campfire_choices":[{"data":"Bash","floor":6.0,"key":"SMITH"},{"data":"Iron Wave","floor":8,"key":"SMITH"},{"data":"Uppercut","floor":15,"key":"SMITH"}],"circlet_count":0,"master_deck":["AscendersBane","Strike_R","Strike_R","Strike_R","Strike_R","Defend_R","Defend_R","Defend_R","Defend_R","Bash+1","Shrug It Off","Headbutt","Iron Wave+1","Wild Strike","Headbutt","Corruption","Uppercut+1","Inflame","Cleave"],"relics":["Burning Blood","Pear","Centennial Puzzle","CeramicFish"],"acts_visited":["Exordium"],"potions_floor_usage":[7,10,12,14],"damage_taken":[{"damage":1.0,"enemies":"Small Slimes","floor":1.0,"turns":4.0},{"damage":3.0,"enemies":"Cultist","floor":3.0,"turns":4.0},{"damage":4.0,"enemies":"Jaw Worm","floor":4.0,"turns":5.0},{"damage":18,"enemies":"Exordium Wildlife","floor":7,"turns":6},{"damage":1,"enemies":"Gremlin Nob","floor":10,"turns":3},{"damage":23,"enemies":"Exordium Thugs","floor":12,"turns":4},{"damage":9,"enemies":"Large Slime","floor":13,"turns":5},{"damage":38,"enemies":"3 Sentries","floor":14,"turns":8},{"damage":53,"enemies":"Hexaghost","floor":16,"turns":11}],"seed_played":"-6769949640385603394","potions_obtained":[{"floor":2.0,"key":"Strength Potion"},{"floor":2.0,"key":"SpeedPotion"},{"floor":3.0,"key":"DuplicationPotion"},{"floor":12,"key":"Fruit Juice"},{"floor":14,"key":"BloodPotion"}],"is_trial":false,"path_per_floor":["M","?","M","M","?","R","M","R","T","E","$","M","M","E","R","B"],"character_chosen":"IRONCLAD","items_purchased":["Corruption","Uppercut"],"campfire_rested":0,"item_purchase_floors":[11,11],"current_hp_per_floor":[80,80,82,82,75,75,63,63,73,78,78,66,63,50,50,0,0],"gold":76,"neow_bonus":"TEN_PERCENT_HP_BONUS","is_daily":false,"chose_seed":false,"campfire_upgraded":3,"win_rate":0.0,"timestamp":1607921148,"path_taken":["M","?","M","?","?","R","M","R","T","E","?","M","M","E","R","BOSS"],"items_purchased_type":["Card","Card"],"build_version":"2020-12-13","purchased_purges":0,"victory":false,"max_hp_per_floor":[82,82,82,82,82,82,82,82,92,92,92,97,97,97,97,97,97],"card_choices":[{"not_picked":["Clash","Cleave"],"picked":"Shrug It Off","floor":1.0},{"not_picked":["Body Slam","Warcry"],"picked":"Headbutt","floor":3.0},{"not_picked":["Thunderclap","Havoc"],"picked":"Iron Wave","floor":4.0},{"not_picked":["Bloodletting","Flex"],"picked":"Wild Strike","floor":7},{"not_picked":["Clash","Flex"],"picked":"Headbutt","floor":10},{"not_picked":["Warcry","Heavy Blade","Bludgeon"],"picked":"SKIP","floor":12},{"not_picked":["Sword Boomerang","Bloodletting"],"picked":"Inflame","floor":13},{"not_picked":["Uppercut","Perfected Strike"],"picked":"Cleave","floor":14}],"player_experience":1411462,"relics_obtained":[{"floor":9,"key":"Pear"},{"floor":10,"key":"Centennial Puzzle"},{"floor":14,"key":"CeramicFish"}],"event_choices":[{"damage_healed":0.0,"max_hp_gain":0.0,"max_hp_loss":0.0,"gold_gain":0.0,"event_name":"The Woman in Blue","player_choice":"Bought 2 Potions","floor":2.0,"gold_loss":0.0,"damage_taken":0.0},{"cards_removed":["Strike_R"],"damage_healed":0.0,"max_hp_gain":0.0,"max_hp_loss":0.0,"gold_gain":0.0,"event_name":"Golden Wing","player_choice":"Card Removal","floor":5.0,"gold_loss":0.0,"damage_taken":7.0}],"is_beta":false,"boss_relics":[],"items_purged_floors":[],"is_endless":false,"potions_floor_spawned":[3,4,12,14],"killed_by":"Hexaghost","ascension_level":20}}