{"host":"p7j7o00jacnw7qzt","time":1607985391,"event":{"mods":["BaseMod","Colored Map","Colored Powertips","DeckTracker","Highlight Path","Minty Spire (QoL Compilation)","Relic Stats"],"gold_per_floor":[118,118,129,142,156,156,166,91,91,91,116,128,175,200,212,224,224],"floor_reached":16,"playtime":768,"items_purged":["Strike_R"],"score":274,"play_id":"2a9ceb45-b2a9-417c-8f33-be4ec2bc7593","local_time":"20201214173631","is_ascension_mode":true,"campfire_choices":[{"data":"Feed","floor":6.0,"key":"SMITH"},{"data":"Pommel Strike","floor":10.0,"key":"SMITH"},{"data":"Burning Pact","floor":12.0,"key":"SMITH"},{"data":"Spot Weakness","floor":15.0,"key":"SMITH"}],"circlet_count":0,"master_deck":["AscendersBane","Strike_R","Strike_R","Strike_R","Strike_R","Defend_R","Defend_R","Defend_R","Defend_R","Bash","Feed+1","Pommel Strike+1","Dark Embrace","Dual Wield","Burning Pact+1","Power Through","Seeing Red","Spot Weakness+1","Warcry"],"relics":["Burning Blood","Art of War","MawBank","InkBottle"],"acts_visited":["Exordium"],"potions_floor_usage":[],"damage_taken":[{"damage":7.0,"enemies":"Jaw Worm","floor":1.0,"turns":4.0},{"damage":11.0,"enemies":"2 Louse","floor":3.0,"turns":3.0},{"damage":4.0,"enemies":"Small Slimes","floor":4.0,"turns":3.0},{"damage":16.0,"enemies":"3 Louse","floor":5.0,"turns":8.0},{"damage":31.0,"enemies":"Red Slaver","floor":7.0,"turns":7.0},{"damage":18.0,"enemies":"Gremlin Nob","floor":11.0,"turns":4.0},{"damage":25.0,"enemies":"3 Sentries","floor":13.0,"turns":8.0},{"damage":22.0,"enemies":"2 Fungi Beasts","floor":14.0,"turns":6.0},{"damage":24,"enemies":"Hexaghost","floor":16,"turns":7}],"seed_played":"-8144311116135734657","potions_obtained":[{"floor":4.0,"key":"EntropicBrew"},{"floor":7.0,"key":"DistilledChaos"},{"floor":11.0,"key":"Fruit Juice"},{"floor":13.0,"key":"PowerPotion"}],"is_trial":false,"path_per_floor":["M","?","M","M","M","R","M","$","T","R","E","R","E","M","R","B"],"character_chosen":"IRONCLAD","items_purchased":[],"campfire_rested":0,"item_purchase_floors":[],"current_hp_per_floor":[52,78,73,78,71,71,50,50,50,50,38,38,36,28,28,4,4],"gold":224,"neow_bonus":"THREE_RARE_CARDS","is_daily":false,"chose_seed":false,"campfire_upgraded":4,"win_rate":0.0,"timestamp":1607985391,"path_taken":["M","?","M","M","M","R","M","$","T","R","E","R","E","M","R","BOSS"],"items_purchased_type":[],"build_version":"2020-12-13","purchased_purges":1,"victory":false,"max_hp_per_floor":[78,78,78,81,84,84,88,88,88,88,88,88,105,113,113,113,113],"relic_stats":{"counters":[9,50],"Art of War":[6],"MawBank":60,"obtain_stats":[{"Art of War":9,"MawBank":11,"Burning Blood":0,"InkBottle":13},{"Art of War":5,"MawBank":6,"Burning Blood":0,"InkBottle":7},{"Art of War":25,"MawBank":29,"Burning Blood":0,"InkBottle":37}],"Burning Blood":48,"InkBottle":[3]},"card_choices":[{"not_picked":["Exhume","Bludgeon"],"picked":"Feed","floor":0.0},{"not_picked":["Sword Boomerang","Body Slam"],"picked":"Pommel Strike","floor":1.0},{"not_picked":["Sword Boomerang","Clothesline"],"picked":"Dark Embrace","floor":3.0},{"not_picked":["Sword Boomerang","Flex"],"picked":"Dual Wield","floor":4.0},{"not_picked":["Sword Boomerang","Warcry"],"picked":"Burning Pact","floor":5.0},{"not_picked":["Warcry","Cleave"],"picked":"Power Through","floor":7.0},{"not_picked":["Brutality","Intimidate"],"picked":"Seeing Red","floor":11.0},{"not_picked":["Flame Barrier","Perfected Strike"],"picked":"Spot Weakness","floor":13.0},{"not_picked":["Cleave","Pommel Strike"],"picked":"Warcry","floor":14.0}],"player_experience":858266,"relics_obtained":[{"floor":9.0,"key":"Art of War"},{"floor":11.0,"key":"MawBank"},{"floor":13.0,"key":"InkBottle"}],"event_choices":[{"damage_healed":26.0,"max_hp_gain":0.0,"max_hp_loss":0.0,"gold_gain":0.0,"event_name":"Big Fish","player_choice":"Banana","floor":2.0,"gold_loss":0.0,"damage_taken":0.0}],"is_beta":false,"boss_relics":[],"items_purged_floors":[8],"is_endless":false,"potions_floor_spawned":[4,7,11,13],"killed_by":"Hexaghost","ascension_level":20}}