{"host":"ow9msrs9p2ctkx99","time":1607915711,"event":{"mods":["AchievementEnabler","BaseMod","Colored Map","Colored Powertips","Minty Spire (QoL Compilation)","Permanent Neow","Quick Restart","SuperFastMode"],"gold_per_floor":[109,109,125,200,200,200,22,66,118,136,136,157,157,188,188,281,281,306,327,46,46,59,109,109,136,145,159,177,196,480,480,480],"floor_reached":31,"playtime":1029,"items_purged":["Strike_G","Writhe"],"score":467,"play_id":"636e7243-f42f-4ea4-8f49-466b06ccfda8","local_time":"20201214041511","is_ascension_mode":true,"campfire_choices":[{"data":"Poisoned Stab","floor":6.0,"key":"SMITH"},{"floor":11.0,"key":"REST"},{"data":"White Noise","floor":13.0,"key":"SMITH"},{"floor":15.0,"key":"REST"},{"data":"Malaise","floor":24,"key":"SMITH"}],"circlet_count":0,"master_deck":["AscendersBane","Strike_G","Strike_G","Strike_G","Defend_G","Defend_G","Defend_G","Defend_G","Defend_G","Survivor","Neutralize","Poisoned Stab+1","Dagger Throw","Finesse","White Noise+1","Turbo","Malaise+1","Iron Wave+1","Cold Snap+1","Swift Strike","BowlingBash","Parasite","Regret"],"relics":["Cursed Key","Golden Idol","The Courier","PrismaticShard","Centennial Puzzle","MealTicket","Ornamental Fan","SlaversCollar","Shuriken","CeramicFish"],"acts_visited":["Exordium","TheCity"],"potions_floor_usage":[16,23,29],"damage_taken":[{"damage":0.0,"enemies":"Jaw Worm","floor":1.0,"turns":5.0},{"damage":0.0,"enemies":"2 Louse","floor":3.0,"turns":3.0},{"damage":21.0,"enemies":"Gremlin Nob","floor":8.0,"turns":4.0},{"damage":0.0,"enemies":"Small Slimes","floor":10.0,"turns":3.0},{"damage":3.0,"enemies":"Blue Slaver","floor":12.0,"turns":3.0},{"damage":7.0,"enemies":"3 Sentries","floor":14.0,"turns":13.0},{"damage":45,"enemies":"The Guardian","floor":16,"turns":12},{"damage":17,"enemies":"Spheric Guardian","floor":18,"turns":6},{"damage":8,"enemies":"3 Byrds","floor":19,"turns":4},{"damage":1,"enemies":"Snake Plant","floor":22,"turns":6},{"damage":1,"enemies":"Book of Stabbing","floor":23,"turns":5},{"damage":10,"enemies":"Centurion and Healer","floor":25,"turns":6},{"damage":3,"enemies":"Shelled Parasite and Fungi","floor":27,"turns":6},{"damage":8,"enemies":"Snecko","floor":28,"turns":9},{"damage":5,"enemies":"Cultist and Chosen","floor":29,"turns":10},{"damage":13,"enemies":"Snake Plant","floor":31,"turns":2}],"seed_played":"-2509277740014181695","potions_obtained":[{"floor":3.0,"key":"AttackPotion"},{"floor":8.0,"key":"Energy Potion"},{"floor":10.0,"key":"FairyPotion"},{"floor":14.0,"key":"SpeedPotion"},{"floor":19,"key":"SneckoOil"},{"floor":22,"key":"GhostInAJar"}],"is_trial":false,"path_per_floor":["M","?","M","?","?","R","$","E","T","M","R","M","R","E","R","B",null,"M","M","$","?","M","E","R","M","T","M","M","M","?","M"],"character_chosen":"THE_SILENT","items_purchased":["PrismaticShard","Shuriken"],"campfire_rested":2,"item_purchase_floors":[7,20],"current_hp_per_floor":[59,59,59,48,37,37,37,16,16,16,34,31,31,24,42,18,50,33,25,40,40,39,38,38,28,28,25,17,12,12,0,0],"gold":480,"neow_bonus":"BOSS_RELIC","is_daily":false,"chose_seed":false,"campfire_upgraded":3,"win_rate":0.0,"timestamp":1607915711,"path_taken":["M","?","M","?","?","R","$","E","T","M","R","M","R","E","R","BOSS","M","M","$","?","M","E","R","?","T","M","M","M","?","M"],"items_purchased_type":["Relic","Relic"],"build_version":"2020-12-13","purchased_purges":2,"victory":false,"max_hp_per_floor":[66,60,60,60,60,60,60,60,60,60,60,60,60,60,60,60,60,60,60,60,60,60,60,60,60,60,60,60,60,60,60,60],"card_choices":[{"not_picked":["Acrobatics","Endless Agony"],"picked":"Poisoned Stab","floor":1.0},{"not_picked":["Poisoned Stab","Concentrate"],"picked":"Dagger Throw","floor":3.0},{"not_picked":["Dark Embrace","Combust"],"picked":"Finesse","floor":8.0},{"not_picked":["Evaluate","Iron Wave","Acrobatics"],"picked":"SKIP","floor":10.0},{"not_picked":["Coolheaded","Blood for Blood"],"picked":"White Noise","floor":12.0},{"not_picked":["EmptyMind","Loop"],"picked":"Turbo","floor":14.0},{"not_picked":["Demon Form","SpiritShield"],"picked":"Malaise","floor":16},{"not_picked":["Dagger Throw","Conserve Battery"],"picked":"Iron Wave+1","floor":18},{"not_picked":["Clothesline","Prostrate"],"picked":"Cold Snap+1","floor":19},{"not_picked":["CrushJoints","WreathOfFlame","Ball Lightning"],"picked":"SKIP","floor":22},{"not_picked":["Pummel","Ragnarok"],"picked":"Swift Strike","floor":23},{"not_picked":["ClearTheMind","Beam Cell"],"picked":"BowlingBash","floor":25},{"not_picked":["Lockon","Compile Driver","BattleHymn"],"picked":"SKIP","floor":27},{"not_picked":["LikeWater","Accuracy","Rupture"],"picked":"SKIP","floor":28},{"not_picked":["Prostrate","Sucker Punch","JustLucky"],"picked":"SKIP","floor":29}],"player_experience":1054527,"relics_obtained":[{"floor":8.0,"key":"Centennial Puzzle"},{"floor":9.0,"key":"MealTicket"},{"floor":14.0,"key":"Ornamental Fan"},{"floor":23,"key":"CeramicFish"}],"event_choices":[{"damage_healed":0.0,"max_hp_gain":0.0,"max_hp_loss":6.0,"gold_gain":0.0,"event_name":"Golden Idol","player_choice":"Lose Max HP","floor":2.0,"gold_loss":0.0,"damage_taken":0.0,"relics_obtained":["Golden Idol"]},{"damage_healed":0.0,"max_hp_gain":0.0,"max_hp_loss":0.0,"gold_gain":75.0,"event_name":"World of Goop","player_choice":"Gather Gold","floor":4.0,"gold_loss":0.0,"damage_taken":11.0},{"damage_healed":0.0,"max_hp_gain":0.0,"max_hp_loss":0.0,"gold_gain":0.0,"event_name":"Scrap Ooze","player_choice":"Success","floor":5.0,"gold_loss":0.0,"damage_taken":11.0,"relics_obtained":["The Courier"]},{"cards_removed":["Strike_G"],"damage_healed":0,"gold_gain":0,"player_choice":"Offered Basic","damage_taken":0,"max_hp_gain":0,"max_hp_loss":0,"event_name":"Bonfire Elementals","floor":21,"gold_loss":0},{"damage_healed":0,"gold_gain":275,"player_choice":"Desecrate","damage_taken":0,"max_hp_gain":0,"max_hp_loss":0,"event_name":"Golden Shrine","floor":30,"gold_loss":0,"cards_obtained":["Regret"]}],"is_beta":false,"boss_relics":[{"not_picked":["Busted Crown","Fusion Hammer"],"picked":"SlaversCollar"}],"items_purged_floors":[7,20],"is_endless":false,"potions_floor_spawned":[3,8,10,14,19,22],"killed_by":"Snake Plant","ascension_level":15}}