{"host":"vvp4eihuvtuugjfx","time":1607935645,"event":{"mods":["Act Like it!","Aspiration","BaseMod","Better Note","CCEM","Colored Map","Colored Powertips","Downfall","Hallownest","Highlight Path","Mimic Mod","Minty Spire (QoL Compilation)","Permanent Neow","Quick Restart","Replay The Spire","Shop Mod","Spicy Shops","StSLib","The Bug Knight","The Construct","Unceasing Turn Reminder"],"gold_per_floor":[99,16,291,12,12,22,54,70,96,108,132,155,228,240,263,380,392,404,416,428,455,467,508,520,556,568,580,580],"floor_reached":27,"playtime":2273,"items_purged":["Regret"],"score":229,"play_id":"4a5d9985-d44b-418e-89c9-ac88178b25ce","local_time":"20201214094725","is_ascension_mode":false,"campfire_choices":[{"floor":5,"key":"REST"},{"data":"hexamod:Float","floor":10,"key":"SMITH"},{"floor":18,"key":"DIG"},{"data":"hexamod:SearingWound","floor":20,"key":"SMITH"},{"data":"hexamod:SpectralAdrenaline","floor":22,"key":"SMITH"},{"floor":26,"key":"REST"}],"circlet_count":0,"master_deck":["hexamod:Strike","hexamod:Strike","hexamod:Defend+1","hexamod:Defend","hexamod:Defend","hexamod:Sear+1","hexamod:Float+1","hexamod:AdvancingGuard","hexamod:RainOfEmbers","hexamod:ExtraCrispy","hexamod:SoulSteal","hexamod:SpectersWail+1","hexamod:SpectralSpark","hexamod:EmpoweredFlame","hexamod:HauntingEcho","hexamod:SpectralAdrenaline+1","hexamod:SearingWound+1","hexamod:RainOfEmbers","hexamod:EmpoweredFlame","Normality","hexamod:NightmareGuise","hexamod:FifthSeal","hexamod:SpectersWail","hexamod:SecondSeal","hexamod:SpectersWail","hexamod:SoulSteal+1","hexamod:ThirdSeal","hexamod:StepThrough+1"],"relics":["hexamod:SpiritBrand","Strange Spoon","War Paint","MawBank","Mirror","Ring of Misfortune","ReplayTheSpireMod:Ring of Exchange","aspiration:SecretTechniqueScroll","Omamori","Dream Catcher","Oddly Smooth Stone"],"acts_visited":["Exordium","TheCity"],"potions_floor_usage":[13,15,21,21,27,27],"damage_taken":[{"damage":0,"enemies":"downfall:FleeingMerchant","floor":2,"turns":4},{"damage":5,"enemies":"downfall:FleeingMerchant","floor":4,"turns":4},{"damage":0,"enemies":"Cultist","floor":6,"turns":4},{"damage":0,"enemies":"Small Slimes","floor":7,"turns":3},{"damage":0,"enemies":"Small Slimes","floor":8,"turns":2},{"damage":7,"enemies":"Lagavulin","floor":9,"turns":5},{"damage":0,"enemies":"2 Louse","floor":11,"turns":3},{"damage":0,"enemies":"Exordium Wildlife","floor":12,"turns":2},{"damage":13,"enemies":"Lagavulin Event","floor":13,"turns":4},{"damage":4,"enemies":"Lots of Slimes","floor":15,"turns":3},{"damage":3,"enemies":"downfall:Watcher","floor":16,"turns":6},{"damage":5,"enemies":"Spheric Guardian","floor":21,"turns":5},{"damage":37,"enemies":"Slavers","floor":23,"turns":4},{"damage":18,"enemies":"Centurion and Healer","floor":25,"turns":4},{"damage":33,"enemies":"Book of Stabbing","floor":27,"turns":4}],"seed_played":"6872795211697304250","potions_obtained":[{"floor":6,"key":"hexamod:InfernoChargePotion"},{"floor":8,"key":"SkillPotion"},{"floor":11,"key":"ColorlessPotion"},{"floor":13,"key":"Energy Potion"},{"floor":16,"key":"LiquidMemories"},{"floor":23,"key":"LiquidMemories"}],"is_trial":false,"path_per_floor":["R_BF","$","?","$","R","M","MIM","M","E","R","M","M","?","?","M","B",null,"R_BF","?","R","M","R","E","T","M","R","E"],"character_chosen":"THE_SPIRIT","items_purchased":["hexamod:ExtraCrispy","Strange Spoon","hexamod:SpectersWail+1"],"campfire_rested":2,"item_purchase_floors":[2,4,4],"current_hp_per_floor":[49,49,49,44,65,65,65,65,58,58,58,58,45,45,49,46,70,70,70,70,65,65,28,28,10,31,0,0],"gold":580,"neow_bonus":"REMOVE_TWO","is_daily":false,"chose_seed":false,"campfire_upgraded":3,"win_rate":0.0,"timestamp":1607935645,"path_taken":["R_BF","?","?","$","R","?","MIM","M","E","R","M","M","?","?","M","BOSS","R_BF","?","R","M","R","E","T","M","R","E"],"items_purchased_type":["Card","Relic","Card"],"build_version":"2020-12-13","purchased_purges":1,"victory":false,"max_hp_per_floor":[70,70,70,70,70,70,70,70,70,70,70,70,70,70,70,70,70,70,70,70,70,70,70,70,70,70,70,70],"card_choices":[{"not_picked":["hexamod:Hexaguard","hexamod:GhostOfSpireFuture"],"picked":"hexamod:RainOfEmbers","floor":2},{"not_picked":["hexamod:SwordOfDarkness","hexamod:SecondSeal"],"picked":"hexamod:SoulSteal","floor":4},{"not_picked":["hexamod:BacktrackSmack","hexamod:ThermalTransfer"],"picked":"hexamod:SpectralSpark","floor":6},{"not_picked":["hexamod:GiftsFromTheDead","hexamod:FastForward"],"picked":"hexamod:EmpoweredFlame","floor":7},{"not_picked":["hexamod:NightmareStrike","hexamod:InspiringFlames"],"picked":"hexamod:HauntingEcho","floor":8},{"not_picked":["hexamod:GhostLash","hexamod:InspiringFlames"],"picked":"hexamod:SpectralAdrenaline","floor":9},{"not_picked":["hexamod:HauntingEcho","hexamod:Hexaguard"],"picked":"hexamod:SearingWound","floor":11},{"not_picked":["hexamod:SecondSeal","hexamod:AdvancingGuard"],"picked":"hexamod:RainOfEmbers","floor":12},{"not_picked":["hexamod:BurningTouch","hexamod:ThermalTransfer"],"picked":"hexamod:EmpoweredFlame","floor":13},{"not_picked":["hexamod:ChargedBarrage","hexamod:NecessarySacrifice"],"picked":"hexamod:NightmareGuise","floor":15},{"not_picked":["hexamod:TurnItUp","hexamod:Toasty"],"picked":"hexamod:FifthSeal","floor":16},{"not_picked":["hexamod:SixthSeal","hexamod:ThirdSeal"],"picked":"hexamod:SecondSeal","floor":21},{"not_picked":["hexamod:HeatCrush","hexamod:RainOfEmbers"],"picked":"hexamod:SpectersWail","floor":21},{"not_picked":["hexamod:RainOfEmbers+1","hexamod:InspiringFlames"],"picked":"hexamod:SoulSteal+1","floor":23},{"not_picked":["hexamod:GhostShield+1","hexamod:NecessarySacrifice"],"picked":"hexamod:ThirdSeal","floor":25},{"not_picked":["hexamod:HauntingEcho+1","hexamod:Firestarter"],"picked":"hexamod:StepThrough+1","floor":26}],"player_experience":727226,"relics_obtained":[{"floor":7,"key":"War Paint"},{"floor":9,"key":"MawBank"},{"floor":13,"key":"Mirror"},{"floor":14,"key":"Ring of Misfortune"},{"floor":14,"key":"ReplayTheSpireMod:Ring of Exchange"},{"floor":18,"key":"Omamori"},{"floor":23,"key":"Dream Catcher"},{"floor":24,"key":"Oddly Smooth Stone"}],"event_choices":[{"cards_removed":["hexamod:FifthSeal"],"damage_healed":0,"gold_gain":0,"player_choice":"Take \u0026 Give","damage_taken":0,"max_hp_gain":0,"max_hp_loss":0,"event_name":"betterNote:BetterNote","floor":19,"gold_loss":0,"cards_obtained":["hexamod:SpectersWail"]}],"is_beta":false,"boss_relics":[{"not_picked":["Replay:Bronze Core","Coffee Dripper"],"picked":"aspiration:SecretTechniqueScroll"}],"items_purged_floors":[4],"is_endless":false,"potions_floor_spawned":[6,8,11,13,16,23],"killed_by":"Book of Stabbing","ascension_level":0}}