{"host":"egyxg9lnjq7g2hmw","time":1607918599,"event":{"mods":["AchievementEnabler","BaseMod","Block Reminder","Colored Map","Colored Powertips","Highlight Path","Minty Spire (QoL Compilation)","Rare Cards Sparkle","StSLib"],"gold_per_floor":[111,111,111,61,61,61,93,107,186,217,217,234,252,263,263,368,368,384,384,384,395,310,345,357,386,413,431,114,148,161,172,172,277,277,287,287,287,299,309,309,340,89,115,42,42,60,77,105,105,105,105,105,60,86,86,86],"floor_reached":55,"playtime":3831,"items_purged":["Strike_P","Strike_P"],"score":1009,"play_id":"76d5a1e9-7938-4b89-ba1c-6df5004078b8","local_time":"20201213200319","is_ascension_mode":true,"campfire_choices":[{"data":"Eruption","floor":6.0,"key":"SMITH"},{"data":"Halt","floor":11.0,"key":"SMITH"},{"data":"WindmillStrike","floor":15.0,"key":"SMITH"},{"data":"Vault","floor":32.0,"key":"SMITH"},{"data":"SpiritShield","floor":40.0,"key":"SMITH"},{"data":"SpiritShield","floor":45.0,"key":"SMITH"},{"floor":49.0,"key":"RECALL"},{"data":"MentalFortress","floor":52.0,"key":"SMITH"}],"circlet_count":0,"master_deck":["Strike_P","Defend_P","Defend_P","Defend_P","Defend_P+1","Eruption+1","Vigilance","WheelKick+1","Halt+1","EmptyFist","DeceiveReality","Prostrate","WindmillStrike+1","Judgement","MentalFortress+1","FollowUp+1","SpiritShield+1","Vault+1","Prostrate","Prostrate","SpiritShield+1","Dark Shackles","Madness","Madness","Prostrate+1","Perseverance","LessonLearned","EmptyBody"],"relics":["PureWater","Du-Vu Doll","Lizard Tail","Shuriken","Eternal Feather","Bag of Preparation","Coffee Dripper","Nilry\u0027s Codex","Darkstone Periapt","Vajra","Thread and Needle","PreservedInsect","Bottled Lightning","Lantern","VioletLotus","Bottled Tornado","MealTicket","CaptainsWheel","Pen Nib"],"acts_visited":["Exordium","TheCity","TheBeyond","TheEnding"],"potions_floor_usage":[],"damage_taken":[{"damage":1.0,"enemies":"Cultist","floor":1.0,"turns":4.0},{"damage":23.0,"enemies":"Lagavulin","floor":7.0,"turns":6.0},{"damage":1.0,"enemies":"Small Slimes","floor":8.0,"turns":4.0},{"damage":0.0,"enemies":"Gremlin Nob","floor":10.0,"turns":2.0},{"damage":0.0,"enemies":"2 Louse","floor":12.0,"turns":2.0},{"damage":0.0,"enemies":"Blue Slaver","floor":13.0,"turns":3.0},{"damage":2.0,"enemies":"3 Louse","floor":14.0,"turns":4.0},{"damage":0.0,"enemies":"The Guardian","floor":16.0,"turns":9.0},{"damage":0.0,"enemies":"Chosen","floor":18.0,"turns":3.0},{"damage":0.0,"enemies":"Spheric Guardian","floor":21.0,"turns":1.0},{"damage":6.0,"enemies":"Book of Stabbing","floor":23.0,"turns":7.0},{"damage":0.0,"enemies":"Cultist and Chosen","floor":24.0,"turns":4.0},{"damage":1.0,"enemies":"Slavers","floor":25.0,"turns":6.0},{"damage":5.0,"enemies":"Snake Plant","floor":27.0,"turns":4.0},{"damage":0.0,"enemies":"Book of Stabbing","floor":29.0,"turns":2.0},{"damage":0.0,"enemies":"Snecko","floor":30.0,"turns":4.0},{"damage":7.0,"enemies":"Shelled Parasite and Fungi","floor":31.0,"turns":6.0},{"damage":6.0,"enemies":"Champ","floor":33.0,"turns":8.0},{"damage":1.0,"enemies":"Orb Walker","floor":35.0,"turns":3.0},{"damage":11.0,"enemies":"3 Darklings","floor":38.0,"turns":6.0},{"damage":37.0,"enemies":"Transient","floor":39.0,"turns":6.0},{"damage":3.0,"enemies":"Giant Head","floor":41.0,"turns":9.0},{"damage":0.0,"enemies":"4 Shapes","floor":46.0,"turns":6.0},{"damage":3.0,"enemies":"Sphere and 2 Shapes","floor":47.0,"turns":6.0},{"damage":11.0,"enemies":"Reptomancer","floor":48.0,"turns":10.0},{"damage":44.0,"enemies":"Donu and Deca","floor":50.0,"turns":14.0},{"damage":2.0,"enemies":"Shield and Spear","floor":54.0,"turns":9.0},{"damage":114,"enemies":"The Heart","floor":55,"turns":8}],"seed_played":"-7475934500635909251","potions_obtained":[{"floor":8.0,"key":"SneckoOil"},{"floor":13.0,"key":"AttackPotion"},{"floor":16.0,"key":"SpeedPotion"},{"floor":18.0,"key":"Block Potion"},{"floor":21.0,"key":"StancePotion"},{"floor":24.0,"key":"CultistPotion"},{"floor":27.0,"key":"Regen Potion"},{"floor":33.0,"key":"DistilledChaos"},{"floor":38.0,"key":"Swift Potion"},{"floor":39.0,"key":"ColorlessPotion"},{"floor":41.0,"key":"AttackPotion"},{"floor":48.0,"key":"SkillPotion"},{"floor":54.0,"key":"DuplicationPotion"}],"is_trial":false,"path_per_floor":["M","?","?","?","?","R","E","M","T","E","R","M","M","M","R","B",null,"M","?","?","M","?","E","M","E","T","M","$","E","M","M","R","B",null,"M","?","?","M","M","R","E","$","T","$","R","M","M","E","R","B",null,"R","$","E","B"],"character_chosen":"WATCHER","items_purchased":["Bottled Lightning","MealTicket","StancePotion","EmptyBody"],"campfire_rested":0,"item_purchase_floors":[28,42,44,53],"current_hp_per_floor":[64,57,45,45,32,32,9,8,8,8,14,14,14,12,21,21,65,65,49,49,49,49,43,43,42,42,37,37,37,37,30,42,51,65,64,59,51,40,3,18,15,15,15,30,45,45,42,31,46,2,65,65,65,63,0,0],"gold":86,"neow_bonus":"ONE_RARE_RELIC","is_daily":false,"chose_seed":false,"campfire_upgraded":7,"win_rate":0.0,"timestamp":1607918599,"path_taken":["M","?","?","?","?","R","E","M","T","E","R","M","M","?","R","BOSS","M","?","?","M","?","E","M","E","T","?","?","E","M","M","R","BOSS","M","?","?","?","M","R","E","$","T","?","R","M","?","E","R","BOSS","R","$","E","BOSS"],"items_purchased_type":["Relic","Relic","Potion","Card"],"build_version":"2020-12-13","purchased_purges":2,"victory":false,"max_hp_per_floor":[65,65,65,65,65,65,65,65,65,65,65,65,65,65,65,65,65,65,65,65,65,65,65,65,65,65,65,65,65,65,65,65,65,65,65,65,65,65,65,65,65,65,65,65,65,65,65,65,65,65,65,65,65,65,65,65],"card_choices":[{"not_picked":["ClearTheMind","FearNoEvil"],"picked":"WheelKick","floor":1.0},{"not_picked":["LikeWater","Pray"],"picked":"Halt","floor":7.0},{"not_picked":["Consecrate","Wireheading"],"picked":"EmptyFist","floor":8.0},{"not_picked":["Nirvana","Meditate"],"picked":"DeceiveReality","floor":10.0},{"not_picked":["InnerPeace","Halt","Wallop"],"picked":"SKIP","floor":12.0},{"not_picked":["FlurryOfBlows","Protect"],"picked":"Prostrate","floor":13.0},{"not_picked":["Perseverance","Halt"],"picked":"WindmillStrike","floor":14.0},{"not_picked":["Devotion","DevaForm"],"picked":"Judgement","floor":16.0},{"not_picked":["ClearTheMind","Evaluate","WaveOfTheHand+1"],"picked":"SKIP","floor":18.0},{"not_picked":["PathToVictory","FlyingSleeves+1"],"picked":"FollowUp+1","floor":21.0},{"not_picked":["Swivel","SashWhip"],"picked":"SpiritShield","floor":23.0},{"not_picked":["Sanctity","ThirdEye","SashWhip"],"picked":"SKIP","floor":24.0},{"not_picked":["ForeignInfluence+1","Meditate+1"],"picked":"Vault","floor":25.0},{"not_picked":["Evaluate","EmptyBody"],"picked":"Prostrate","floor":27.0},{"not_picked":["ThirdEye+1","SandsOfTime","Consecrate"],"picked":"SKIP","floor":29.0},{"not_picked":["BattleHymn","BowlingBash","FollowUp"],"picked":"SKIP","floor":30.0},{"not_picked":["JustLucky","BowlingBash"],"picked":"Prostrate","floor":31.0},{"not_picked":["Wish","Judgement"],"picked":"SpiritShield","floor":33.0},{"not_picked":["EmptyBody+1","Prostrate","PathToVictory"],"picked":"SKIP","floor":35.0},{"not_picked":["HandOfGreed","Metamorphosis"],"picked":"Dark Shackles","floor":36.0},{"not_picked":["Crescendo+1","DeceiveReality","FlyingSleeves+1"],"picked":"SKIP","floor":38.0},{"not_picked":["MentalFortress","ForeignInfluence"],"picked":"Prostrate+1","floor":39.0},{"not_picked":["JustLucky","CutThroughFate"],"picked":"Perseverance","floor":41.0},{"not_picked":["CutThroughFate","Sanctity"],"picked":"LessonLearned","floor":46.0},{"not_picked":["Sanctity","FollowUp","FearNoEvil+1"],"picked":"SKIP","floor":47.0},{"not_picked":["FlyingSleeves+1","Nirvana","CutThroughFate+1"],"picked":"SKIP","floor":48.0},{"not_picked":["ClearTheMind+1","Weave+1","Consecrate"],"picked":"SKIP","floor":54.0}],"player_experience":430700,"relics_obtained":[{"floor":7.0,"key":"Shuriken"},{"floor":9.0,"key":"Eternal Feather"},{"floor":10.0,"key":"Bag of Preparation"},{"floor":19.0,"key":"Nilry\u0027s Codex"},{"floor":23.0,"key":"Vajra"},{"floor":25.0,"key":"Thread and Needle"},{"floor":26.0,"key":"PreservedInsect"},{"floor":29.0,"key":"Lantern"},{"floor":41.0,"key":"Bottled Tornado"},{"floor":48.0,"key":"CaptainsWheel"},{"floor":54.0,"key":"Pen Nib"}],"event_choices":[{"cards_removed":["Strike_P"],"damage_healed":0.0,"max_hp_gain":0.0,"max_hp_loss":0.0,"gold_gain":0.0,"event_name":"Golden Wing","player_choice":"Card Removal","floor":2.0,"gold_loss":0.0,"damage_taken":7.0},{"damage_healed":0.0,"max_hp_gain":0.0,"max_hp_loss":0.0,"gold_gain":0.0,"event_name":"Scrap Ooze","player_choice":"Success","floor":3.0,"gold_loss":0.0,"damage_taken":12.0,"relics_obtained":["Lizard Tail"]},{"damage_healed":0.0,"max_hp_gain":0.0,"max_hp_loss":0.0,"gold_gain":0.0,"event_name":"World of Goop","player_choice":"Left Gold","floor":4.0,"gold_loss":50.0,"damage_taken":0.0},{"damage_healed":0.0,"max_hp_gain":0.0,"max_hp_loss":0.0,"gold_gain":0.0,"event_name":"Shining Light","player_choice":"Entered Light","floor":5.0,"gold_loss":0.0,"damage_taken":13.0,"cards_upgraded":["Defend_P","WheelKick"]},{"damage_healed":0.0,"max_hp_gain":0.0,"max_hp_loss":0.0,"gold_gain":0.0,"event_name":"Cursed Tome","player_choice":"Obtained Book","floor":19.0,"gold_loss":0.0,"damage_taken":16.0},{"damage_healed":0.0,"max_hp_gain":0.0,"max_hp_loss":0.0,"gold_gain":0.0,"event_name":"The Library","player_choice":"Read","floor":20.0,"gold_loss":0.0,"damage_taken":0.0,"cards_obtained":["MentalFortress"]},{"damage_healed":0.0,"max_hp_gain":0.0,"max_hp_loss":0.0,"gold_gain":0.0,"event_name":"Addict","player_choice":"Obtained Relic","floor":22.0,"gold_loss":85.0,"damage_taken":0.0,"relics_obtained":["Darkstone Periapt"]},{"damage_healed":0.0,"max_hp_gain":0.0,"max_hp_loss":0.0,"gold_gain":0.0,"event_name":"SensoryStone","player_choice":"Memory 2","floor":36.0,"gold_loss":0.0,"damage_taken":5.0},{"damage_healed":0.0,"max_hp_gain":0.0,"max_hp_loss":0.0,"gold_gain":0.0,"event_name":"Winding Halls","player_choice":"Embrace Madness","floor":37.0,"gold_loss":0.0,"damage_taken":8.0,"cards_obtained":["Madness","Madness"]}],"is_beta":false,"boss_relics":[{"not_picked":["Cursed Key","Astrolabe"],"picked":"Coffee Dripper"},{"not_picked":["Empty Cage","Calling Bell"],"picked":"VioletLotus"}],"items_purged_floors":[28,42],"is_endless":false,"potions_floor_spawned":[8,13,16,18,21,24,27,33,38,39,41,46,48,54],"killed_by":"The Heart","ascension_level":2}}