{"host":"qm4rv4rkpk76sbxu","time":1607969334,"event":{"mods":["BaseMod","Bestiary","Block Reminder","DeckTracker","Filter the Spire","Keyboard Shortcuts","Minty Spire (QoL Compilation)","MonsterHotkey","Potion Indicator Mod","Quick Restart","Random Character Button","Relic Stats","Slay-I","StSLib","ojb\u0027s Better Paths Mod"],"gold_per_floor":[114,114,21,38,38,71,81,156,156,156,156],"floor_reached":10,"playtime":242,"items_purged":[],"score":132,"play_id":"ac26100a-7098-4e3e-9ffb-6fdda31874d1","local_time":"20201214190854","is_ascension_mode":true,"campfire_choices":[],"circlet_count":0,"master_deck":["AscendersBane","Strike_B","Strike_B","Strike_B","Strike_B","Defend_B","Defend_B","Defend_B","Defend_B","Zap","Dualcast","Reprogram","Gash","Machine Learning","Go for the Eyes"],"relics":["Cracked Core","NlothsMask","Letter Opener"],"acts_visited":["Exordium"],"potions_floor_usage":[],"damage_taken":[{"damage":9.0,"enemies":"2 Louse","floor":1.0,"turns":2.0},{"damage":0.0,"enemies":"Cultist","floor":4.0,"turns":4.0},{"damage":31.0,"enemies":"Lagavulin","floor":6.0,"turns":8.0},{"damage":9,"enemies":"Jaw Worm","floor":7,"turns":4},{"damage":5,"enemies":"3 Sentries","floor":10,"turns":1}],"seed_played":"-7802852560384068336","potions_obtained":[{"floor":0.0,"key":"Energy Potion"},{"floor":0.0,"key":"Strength Potion"}],"is_trial":false,"path_per_floor":["M","?","$","M","$","E","M","?","T","E"],"character_chosen":"DEFECT","items_purchased":["Reprogram","Gash"],"campfire_rested":0,"item_purchase_floors":[3,3],"current_hp_per_floor":[55,55,55,55,55,24,15,4,4,0,0],"gold":156,"neow_bonus":"THREE_SMALL_POTIONS","is_daily":false,"chose_seed":false,"campfire_upgraded":0,"win_rate":0.0,"timestamp":1607969334,"path_taken":["M","?","?","M","$","E","M","?","T","E"],"items_purchased_type":["Card","Card"],"build_version":"2020-12-13","purchased_purges":0,"victory":false,"max_hp_per_floor":[71,71,71,71,71,71,71,71,71,71,71],"relic_stats":{"counters":[5,19],"Letter Opener":[0],"obtain_stats":[{"Letter Opener":6,"Cracked Core":0,"NlothsMask":2},{"Letter Opener":3,"Cracked Core":0,"NlothsMask":1},{"Letter Opener":14,"Cracked Core":0,"NlothsMask":2}]},"card_choices":[{"not_picked":["Storm","Stack","Blizzard"],"picked":"SKIP","floor":1.0},{"not_picked":["Blizzard","Barrage","Static Discharge"],"picked":"SKIP","floor":4.0},{"not_picked":["Streamline","Stack"],"picked":"Machine Learning","floor":6.0},{"not_picked":["Darkness","Stack"],"picked":"Go for the Eyes","floor":7}],"player_experience":1051573,"relics_obtained":[{"floor":6.0,"key":"Letter Opener"}],"event_choices":[{"damage_healed":0.0,"max_hp_gain":0.0,"max_hp_loss":0.0,"gold_gain":0.0,"event_name":"FaceTrader","player_choice":"Trade","floor":2.0,"gold_loss":0.0,"damage_taken":0.0,"relics_obtained":["NlothsMask"]},{"damage_healed":0,"gold_gain":75,"player_choice":"Gather Gold","damage_taken":11,"max_hp_gain":0,"max_hp_loss":0,"event_name":"World of Goop","floor":8,"gold_loss":0}],"is_beta":false,"boss_relics":[],"items_purged_floors":[],"is_endless":false,"potions_floor_spawned":[1],"killed_by":"3 Sentries","ascension_level":20}}