{"host":"cyh4fejqtcjbfr7k","time":1607936025,"event":{"mods":["2.2 Compatiblity","AchievementEnabler","BaseMod","Colored Map","Colored Powertips","DeckTracker","Downfall","Googly Eyes","Hubris","Infinite Spire","Minty Spire (QoL Compilation)","Replay The Spire","Shop Mod","StSLib","SuperFastMode","The Disciple","Unceasing Turn Reminder"],"gold_per_floor":[111,111,121,121,121,151,166,179,179,244,264,279,279,343,343,343,343],"floor_reached":16,"playtime":596,"items_purged":[],"score":133,"play_id":"f0c7589f-318a-45d9-bbd4-eed8602fb008","local_time":"20201214015345","is_ascension_mode":true,"campfire_choices":[{"floor":13,"key":"REST"},{"floor":15,"key":"REST"}],"circlet_count":0,"master_deck":["Strike_G+1","Strike_G","Strike_G","Strike_G","Strike_G+1","Defend_G","Defend_G","Defend_G","Defend_G","Defend_G","Survivor","Neutralize","Distraction","Blade Dance","ReplayTheSpireMod:Scrap Shanks","Outmaneuver","Sucker Punch","Flying Knee","Blade Dance","Choke"],"relics":["Ring of the Snake","NeowsBlessing","Anchor","hubris:TinFlute","Ninja Scroll"],"acts_visited":["Exordium"],"potions_floor_usage":[10,10,16],"damage_taken":[{"damage":0,"enemies":"Jaw Worm","floor":1,"turns":1},{"damage":0,"enemies":"2 Louse","floor":3,"turns":1},{"damage":0,"enemies":"Gremlin Nob","floor":6,"turns":1},{"damage":0,"enemies":"Small Slimes","floor":7,"turns":2},{"damage":0,"enemies":"3 Louse","floor":8,"turns":2},{"damage":34,"enemies":"Lagavulin Event","floor":10,"turns":8},{"damage":4,"enemies":"Large Slime","floor":11,"turns":7},{"damage":0,"enemies":"Looter","floor":12,"turns":2},{"damage":64,"enemies":"The Guardian","floor":16,"turns":18}],"seed_played":"-1620595701238980279","potions_obtained":[{"floor":3,"key":"Fire Potion"},{"floor":7,"key":"Ancient Potion"},{"floor":11,"key":"Doom Potion"},{"floor":12,"key":"LiquidMemories"}],"is_trial":false,"path_per_floor":["M","?","M","?","?","E","M","M","T","?","M","M","R","?","R","B"],"character_chosen":"THE_SILENT","items_purchased":[],"campfire_rested":2,"item_purchase_floors":[],"current_hp_per_floor":[70,70,70,70,56,56,56,56,56,22,18,18,39,39,60,0,0],"gold":343,"neow_bonus":"THREE_ENEMY_KILL","is_daily":false,"chose_seed":false,"campfire_upgraded":0,"win_rate":0.0,"timestamp":1607936025,"path_taken":["M","?","M","?","?","E","M","M","T","?","M","M","R","?","R","BOSS"],"items_purchased_type":[],"build_version":"2020-12-13","purchased_purges":0,"victory":false,"max_hp_per_floor":[70,70,70,70,70,70,70,70,70,70,70,70,70,70,70,70,70],"card_choices":[{"not_picked":["Dodge and Roll","Dagger Throw"],"picked":"Distraction","floor":1},{"not_picked":["hubris:Sniper","Deflect"],"picked":"Blade Dance","floor":3},{"not_picked":["Blur","ReplayTheSpireMod:Necrosis"],"picked":"ReplayTheSpireMod:Scrap Shanks","floor":6},{"not_picked":["Replay:Poison Smokescreen","ReplayTheSpireMod:Speed Training"],"picked":"Outmaneuver","floor":7},{"not_picked":["Bane","Distraction"],"picked":"Sucker Punch","floor":8},{"not_picked":["Finisher","hubris:SlightOfHand"],"picked":"Flying Knee","floor":10},{"not_picked":["Phantasmal Killer","Dagger Throw"],"picked":"Blade Dance","floor":11},{"not_picked":["Flechettes","Masterful Stab"],"picked":"Choke","floor":12}],"player_experience":569454,"relics_obtained":[{"floor":6,"key":"Anchor"},{"floor":9,"key":"hubris:TinFlute"},{"floor":10,"key":"Ninja Scroll"}],"event_choices":[{"damage_healed":0,"gold_gain":0,"player_choice":"Leave","damage_taken":0,"max_hp_gain":0,"max_hp_loss":0,"event_name":"The Cleric","floor":4,"gold_loss":0},{"damage_healed":0,"gold_gain":0,"player_choice":"Entered Light","damage_taken":14,"max_hp_gain":0,"max_hp_loss":0,"event_name":"Shining Light","floor":5,"gold_loss":0,"cards_upgraded":["Strike_G","Strike_G"]},{"damage_healed":0,"gold_gain":0,"player_choice":"Searched \u00271\u0027 times","damage_taken":0,"max_hp_gain":0,"max_hp_loss":0,"event_name":"Dead Adventurer","floor":10,"gold_loss":0},{"damage_healed":0,"gold_gain":64,"player_choice":"Gained Gold","damage_taken":0,"max_hp_gain":0,"max_hp_loss":0,"event_name":"Golden Wing","floor":14,"gold_loss":0}],"is_beta":false,"boss_relics":[],"items_purged_floors":[],"is_endless":false,"potions_floor_spawned":[3,7,11,12],"killed_by":"The Guardian","ascension_level":1}}