{"host":"oluf6aumjll4vfac","time":1607958551,"event":{"mods":["BaseMod","Colored Map","Colored Powertips","Conspire","Downfall","Minty Spire (QoL Compilation)","Quick Restart","Shop Mod","StSLib","SuperFastMode"],"gold_per_floor":[118,193,208,222,24,24,79,79,104,279,296,296,296,306,306,407,407,422,235,251,280,280,309,309,335,335,335,350,350,265,62,62,158,158,171,171,88,103,116,116,116],"floor_reached":40,"playtime":1373,"items_purged":["Strike_R"],"score":437,"play_id":"19cee9db-9a3c-415c-80ec-fb9d9bfb7a5f","local_time":"20201214230911","is_ascension_mode":false,"campfire_choices":[{"data":"Infernal Blade","floor":6,"key":"SMITH"},{"data":"Flex","floor":8,"key":"SMITH"},{"data":"Carnage","floor":12,"key":"SMITH"},{"floor":15,"key":"REST"},{"floor":24,"key":"REST"},{"data":"Armaments","floor":32,"key":"SMITH"}],"circlet_count":0,"master_deck":["Defend_R","Defend_R","Defend_R","Defend_R","Bash","Infernal Blade+1","Clash","Carnage+1","Flex+1","Anger","Cleave","Barricade","Inflame","conspire:ExplosiveBarrier","Armaments+1","Warcry+1","Slimebound:Tackle+1","Slimebound:Tackle+1","Slimebound:Tackle+1","Headbutt","Ghostly","Ghostly","Ghostly","Ghostly","Ghostly","expansioncontent:Flail","Twin Strike+1","conspire:HitWhereItHurts"],"relics":["Burning Blood","NeowsBlessing","MerchantsRug","Bag of Marbles","Vajra","SacredBark","Red Mask","Blue Candle","Self Forming Clay","Kunai","Smiling Mask","Strawberry","Black Star"],"acts_visited":["Exordium","TheCity","TheBeyond"],"potions_floor_usage":[7,7,16,20,25,28,33,39],"damage_taken":[{"damage":0,"enemies":"Jaw Worm","floor":1,"turns":1},{"damage":0,"enemies":"2 Louse","floor":3,"turns":1},{"damage":0,"enemies":"Small Slimes","floor":4,"turns":1},{"damage":30,"enemies":"Lagavulin Event","floor":7,"turns":4},{"damage":7,"enemies":"Blue Slaver","floor":11,"turns":3},{"damage":0,"enemies":"2 Fungi Beasts","floor":14,"turns":2},{"damage":35,"enemies":"Hexaghost","floor":16,"turns":6},{"damage":5,"enemies":"Chosen","floor":18,"turns":3},{"damage":33,"enemies":"Spheric Guardian","floor":20,"turns":6},{"damage":19,"enemies":"Masked Bandits","floor":21,"turns":3},{"damage":18,"enemies":"Slavers","floor":23,"turns":4},{"damage":20,"enemies":"Book of Stabbing","floor":25,"turns":5},{"damage":16,"enemies":"Shelled Parasite and Fungi","floor":28,"turns":2},{"damage":51,"enemies":"Collector","floor":33,"turns":11},{"damage":23,"enemies":"3 Darklings","floor":35,"turns":6},{"damage":8,"enemies":"Orb Walker","floor":38,"turns":3},{"damage":18,"enemies":"4 Shapes","floor":39,"turns":1},{"damage":46,"enemies":"Nemesis","floor":40,"turns":7}],"seed_played":"1692336779880752837","potions_obtained":[{"floor":3,"key":"Dexterity Potion"},{"floor":4,"key":"DistilledChaos"},{"floor":14,"key":"PowerPotion"},{"floor":23,"key":"EssenceOfSteel"},{"floor":25,"key":"LiquidMemories"},{"floor":38,"key":"DuplicationPotion"}],"is_trial":false,"path_per_floor":["M","?","M","M","$","R","?","R","T","?","M","R","?","M","R","B",null,"M","$","M","?","?","E","R","E","T","?","M","?","?","$","R","B",null,"M","?","$","M","M","E"],"character_chosen":"IRONCLAD","items_purchased":["MerchantsRug","Flex","conspire:ExplosiveBarrier","EssenceOfSteel","Strawberry","BloodPotion","expansioncontent:Flail"],"campfire_rested":2,"item_purchase_floors":[5,5,19,19,31,31,37],"current_hp_per_floor":[80,69,75,80,80,80,56,56,56,56,55,55,55,61,80,51,80,80,80,53,40,40,28,52,38,38,38,28,28,28,35,35,8,47,30,30,30,28,16,0,0],"gold":116,"neow_bonus":"THREE_ENEMY_KILL","is_daily":false,"chose_seed":false,"campfire_upgraded":4,"win_rate":0.0,"timestamp":1607958551,"path_taken":["M","?","M","M","$","R","?","R","T","?","M","R","?","M","R","BOSS","M","$","M","?","?","E","R","E","T","?","?","?","?","$","R","BOSS","M","?","$","M","M","E"],"items_purchased_type":["Relic","Card","Card","Potion","Relic","Potion","Card"],"build_version":"2020-12-13","purchased_purges":1,"victory":false,"max_hp_per_floor":[80,80,80,80,80,80,80,80,80,80,80,80,80,80,80,80,80,80,80,80,80,80,80,80,80,80,80,80,40,40,47,47,47,47,47,47,47,47,47,47,47],"card_choices":[{"not_picked":["Thunderclap","Heavy Blade"],"picked":"Infernal Blade","floor":1},{"not_picked":["True Grit","Body Slam"],"picked":"Clash","floor":3},{"not_picked":["Bloodletting","Anger"],"picked":"Carnage","floor":4},{"not_picked":["Heavy Blade","Headbutt"],"picked":"Anger","floor":11},{"not_picked":["Shrug It Off","Havoc"],"picked":"Cleave","floor":14},{"not_picked":["conspire:Purge","Impervious"],"picked":"Barricade","floor":16},{"not_picked":["Anger","Cleave"],"picked":"Inflame","floor":18},{"not_picked":["conspire:Charge+1","Iron Wave"],"picked":"Armaments","floor":20},{"not_picked":["Rampage","Heavy Blade"],"picked":"Warcry+1","floor":21},{"not_picked":["Second Wind","Heavy Blade","Berserk"],"picked":"SKIP","floor":23},{"not_picked":["Heavy Blade","Clothesline","Pummel+1"],"picked":"SKIP","floor":25},{"not_picked":["Shockwave","Clash"],"picked":"Headbutt","floor":28},{"not_picked":["Pummel+1","Heavy Blade+1","True Grit+1"],"picked":"SKIP","floor":35},{"not_picked":["Body Slam","Perfected Strike"],"picked":"Twin Strike+1","floor":38},{"not_picked":["Pummel+1","Armaments"],"picked":"conspire:HitWhereItHurts","floor":39}],"player_experience":45058,"relics_obtained":[{"floor":7,"key":"Bag of Marbles"},{"floor":9,"key":"Vajra"},{"floor":21,"key":"Red Mask"},{"floor":23,"key":"Blue Candle"},{"floor":25,"key":"Self Forming Clay"},{"floor":26,"key":"Kunai"}],"event_choices":[{"damage_healed":0,"gold_gain":75,"player_choice":"Gather Gold","damage_taken":11,"max_hp_gain":0,"max_hp_loss":0,"event_name":"World of Goop","floor":2,"gold_loss":0},{"damage_healed":0,"gold_gain":30,"player_choice":"Searched \u00273\u0027 times","damage_taken":0,"max_hp_gain":0,"max_hp_loss":0,"event_name":"Dead Adventurer","floor":7,"gold_loss":0},{"damage_healed":0,"gold_gain":175,"player_choice":"AGREE","damage_taken":0,"max_hp_gain":0,"max_hp_loss":0,"event_name":"Liars Game","floor":10,"gold_loss":0,"cards_obtained":["Doubt"]},{"cards_removed":["Doubt"],"damage_healed":0,"gold_gain":0,"player_choice":"Forget","damage_taken":0,"max_hp_gain":0,"max_hp_loss":0,"event_name":"Living Wall","floor":13,"gold_loss":0},{"damage_healed":0,"gold_gain":0,"player_choice":"Fought Bandits","damage_taken":0,"max_hp_gain":0,"max_hp_loss":0,"event_name":"Masked Bandits","floor":21,"gold_loss":0},{"damage_healed":0,"gold_gain":0,"player_choice":"Leave","damage_taken":0,"max_hp_gain":0,"max_hp_loss":0,"event_name":"FaceTrader","floor":27,"gold_loss":0},{"damage_healed":0,"gold_gain":0,"player_choice":"Became a Ghost","damage_taken":0,"max_hp_gain":0,"max_hp_loss":40,"event_name":"Ghosts","floor":29,"gold_loss":0,"cards_obtained":["Ghostly","Ghostly","Ghostly","Ghostly","Ghostly"]},{"damage_healed":0,"gold_gain":0,"player_choice":"Obtained Relic","damage_taken":0,"relics_obtained":["Smiling Mask"],"max_hp_gain":0,"max_hp_loss":0,"event_name":"Addict","floor":30,"gold_loss":85},{"damage_healed":0,"gold_gain":0,"player_choice":"Ignored","damage_taken":0,"max_hp_gain":0,"max_hp_loss":0,"event_name":"WeMeetAgain","floor":36,"gold_loss":0}],"is_beta":false,"boss_relics":[{"not_picked":["conspire:SeveredTorchhead","Empty Cage"],"picked":"SacredBark"},{"not_picked":["Astrolabe","Coffee Dripper"],"picked":"Black Star"}],"items_purged_floors":[19],"is_endless":false,"potions_floor_spawned":[3,4,14,23,25,38],"killed_by":"Nemesis","ascension_level":0}}