{"host":"72lt20yb89m1ezcj","time":1607933199,"event":{"mods":["2.2 Compatiblity","AchievementEnabler","AlwaysNeverKeys","BaseMod","Better Note","BetterRewards","Block Reminder","Colored Powertips","Highlight Path","Minty Spire (QoL Compilation)","Rare Cards Sparkle","Reorder Act Four","StSLib","everything is the same but u backflip on backflip","slay the spire mod where everything is the same but ironclad has a cowboy hat"],"gold_per_floor":[111,127,127,127,127,127,157,169,208,220,266,291,303,9,9,106,106,121,134,134,149,168,202,202,218,242,242,242,242,242],"floor_reached":29,"playtime":1881,"items_purged":[],"score":351,"play_id":"f88d3693-8377-4dcf-aa3f-719f09d03c04","local_time":"20201214020639","is_ascension_mode":false,"campfire_choices":[{"floor":6,"key":"REST"},{"floor":8,"key":"REST"},{"floor":10,"key":"REST"},{"floor":13,"key":"REST"},{"data":"1","floor":15,"key":"LIFT"},{"floor":24,"key":"REST"},{"floor":28,"key":"RECALL"}],"circlet_count":0,"master_deck":["Zap","Dualcast","Auto Shields","White Noise","Pain","Fusion","Lockon","Self Repair","Amplify","Hello World","Force Field","Undo","Steam","Force Field","White Noise","Glacier","Undo","Barrage+1","Beam Cell+1","Cold Snap+1","Rebound","BootSequence","Gash+1"],"relics":["Cracked Core","Whetstone","Pocketwatch","Centennial Puzzle","WarpedTongs","MawBank","Toy Ornithopter","Girya","TungstenRod","Pandora\u0027s Box","Lantern","Pen Nib","FaceOfCleric"],"acts_visited":["Exordium","TheCity"],"potions_floor_usage":[16],"damage_taken":[{"damage":3,"enemies":"Jaw Worm","floor":1,"turns":3},{"damage":0,"enemies":"Small Slimes","floor":2,"turns":2},{"damage":33,"enemies":"Lagavulin","floor":7,"turns":6},{"damage":24,"enemies":"3 Sentries","floor":11,"turns":6},{"damage":3,"enemies":"Cultist","floor":12,"turns":2},{"damage":58,"enemies":"Slime Boss","floor":16,"turns":13},{"damage":0,"enemies":"Shell Parasite","floor":18,"turns":10},{"damage":5,"enemies":"3 Byrds","floor":19,"turns":5},{"damage":55,"enemies":"3 Cultists","floor":21,"turns":9},{"damage":7,"enemies":"Snecko","floor":22,"turns":5},{"damage":11,"enemies":"Book of Stabbing","floor":23,"turns":10},{"damage":5,"enemies":"Centurion and Healer","floor":25,"turns":8},{"damage":53,"enemies":"Gremlin Leader","floor":29,"turns":9}],"seed_played":"-2475036069919478475","potions_obtained":[{"floor":2,"key":"Ancient Potion"},{"floor":11,"key":"Swift Potion"},{"floor":16,"key":"Explosive Potion"},{"floor":19,"key":"PowerPotion"}],"is_trial":false,"path_per_floor":["M","M","?","?","?","R","E","R","T","R","E","M","R","$","R","B",null,"M","M","?","M","M","E","R","M","T","?","R","E"],"character_chosen":"DEFECT","items_purchased":["Whetstone","TungstenRod"],"campfire_rested":5,"item_purchase_floors":[0,14],"current_hp_per_floor":[64,64,64,31,31,53,20,42,42,64,40,37,59,59,59,13,75,75,75,75,27,27,26,48,50,50,50,50,0,0],"gold":242,"neow_bonus":"","is_daily":false,"chose_seed":false,"campfire_upgraded":0,"win_rate":0.0,"timestamp":1607933199,"path_taken":["M","M","?","?","?","R","E","R","T","R","E","?","R","$","R","BOSS","M","M","?","M","M","E","R","?","T","?","R","E"],"items_purchased_type":["Relic","Relic"],"build_version":"2020-12-13","purchased_purges":0,"victory":false,"max_hp_per_floor":[75,75,75,75,75,75,75,75,75,75,75,75,75,75,75,75,75,75,75,75,75,75,75,75,75,75,75,75,75,75],"card_choices":[{"not_picked":["Stack","BootSequence"],"picked":"Auto Shields","floor":1},{"not_picked":["Double Energy","Stack"],"picked":"White Noise","floor":2},{"not_picked":["Hologram","Compile Driver"],"picked":"Fusion","floor":7},{"not_picked":["Double Energy","Tempest"],"picked":"Lockon","floor":11},{"not_picked":["Hologram","Steam Power"],"picked":"Self Repair","floor":12},{"not_picked":["Rainbow","Seek"],"picked":"Amplify","floor":16},{"not_picked":["Stack","Redo"],"picked":"Barrage+1","floor":18},{"not_picked":["Force Field+1","Hologram"],"picked":"Beam Cell+1","floor":19},{"not_picked":["Skim","Barrage"],"picked":"Cold Snap+1","floor":21},{"not_picked":["Steam","Barrage"],"picked":"Rebound","floor":22},{"not_picked":["Lockon","Doom and Gloom"],"picked":"BootSequence","floor":23},{"not_picked":["Chaos","Rebound"],"picked":"Gash+1","floor":25}],"player_experience":738378,"relics_obtained":[{"floor":7,"key":"MawBank"},{"floor":9,"key":"Toy Ornithopter"},{"floor":11,"key":"Girya"},{"floor":23,"key":"Lantern"},{"floor":26,"key":"Pen Nib"}],"event_choices":[{"damage_healed":0,"gold_gain":0,"player_choice":"Ignored","damage_taken":0,"max_hp_gain":0,"max_hp_loss":0,"event_name":"Golden Wing","floor":3,"gold_loss":0},{"damage_healed":0,"gold_gain":0,"player_choice":"Success","damage_taken":33,"relics_obtained":["Centennial Puzzle"],"max_hp_gain":0,"max_hp_loss":0,"event_name":"Scrap Ooze","floor":4,"gold_loss":0},{"damage_healed":0,"gold_gain":0,"player_choice":"Rummage","damage_taken":0,"relics_obtained":["WarpedTongs"],"max_hp_gain":0,"max_hp_loss":0,"event_name":"Accursed Blacksmith","floor":5,"gold_loss":0,"cards_obtained":["Pain"]},{"damage_healed":0,"gold_gain":0,"player_choice":"Bought 0 Potions","damage_taken":0,"max_hp_gain":0,"max_hp_loss":0,"event_name":"The Woman in Blue","floor":20,"gold_loss":0},{"damage_healed":0,"gold_gain":0,"player_choice":"Trade","damage_taken":0,"relics_obtained":["FaceOfCleric"],"max_hp_gain":0,"max_hp_loss":0,"event_name":"FaceTrader","floor":27,"gold_loss":0}],"is_beta":false,"boss_relics":[{"not_picked":["Runic Pyramid","Coffee Dripper"],"picked":"Pandora\u0027s Box"}],"items_purged_floors":[],"is_endless":false,"potions_floor_spawned":[2,11,16,19,23],"killed_by":"Gremlin Leader","ascension_level":0}}