{"host":"qzi6bhetobyvb8z3","time":1607960449,"event":{"mods":["Act Like it!","Aspiration","BaseMod","BetterRewards","HololiveMod","Hubris","Infinite Spire","Minty Spire (QoL Compilation)","Quick Restart","Replay The Spire","Shop Mod","StSLib","vexMod"],"gold_per_floor":[81,91,91,16,32,67,96,125,125,166,197,210,237,275,275,354,354,391,391,408,426,426,459,480,88,139,189,226,280,309,14,14,163,163,197,472,507,397,397,473,231,314,337,434,505,567,122,122,122,324,520,520,541,816,708,620,99,143,172,211,211,238,272,319,368,368,368,599,599,599,599],"floor_reached":70,"playtime":2547,"items_purged":["Pain","Hololive_FlyingPonyTail","Regret","Hololive_RevenueBasedLive+1","Hololive_Rebirth"],"score":3904,"play_id":"efd963e6-9a5e-4374-903a-833a348f19ca","local_time":"20201214234049","daily_mods":["Draft","Heirloom","Flight"],"is_ascension_mode":true,"campfire_choices":[{"data":"Hololive_CallSpadeEcho","floor":15,"key":"SMITH"},{"data":"Hololive_CallDoris","floor":32,"key":"SMITH"},{"data":"Hololive_IdolExercise","floor":49,"key":"SMITH"},{"data":"Hololive_CallAZKi","floor":67,"key":"SMITH"}],"circlet_count":0,"master_deck":["AscendersBane","Hololive_CallOkamiMio","Hololive_CallAiraniIofifteen","Hololive_CallMomosuzuNene+18","Hololive_CallMoonaHoshinova","Hololive_Spy","Hololive_CallYukihanaLamy","Hololive_CallHoushouMarine","Hololive_CallRoboco","Hololive_CallKiryuuCoco","Hololive_CallFriendA","Hololive_CallArtia","Hololive_CallShiroganeNoel","Hololive_CallHimemoriLuna","Hololive_CallYuzukiChoco","Hololive_CallAkiRosenthal","Hololive_CallNatsuiroMatsuri","Hololive_CallTsunomakiWatame","Hololive_CallYogiri","Hololive_CallSpadeEcho+1","Hololive_CallAkaiHaato","Hololive_CallTokinoSora","Hololive_CallUsadaPekora","Hololive_IdolExercise+1","Hololive_CallSpadeEcho","Hololive_CallCivia","Hololive_SummonFox","Hololive_CallSakuraMiko","Hololive_CallSpadeEcho","Hololive_CallNekomataOkayu","Hololive_CallSakuraMiko","Hololive_CallMinatoAqua","Hololive_DiamondStrike","Hololive_CallShiranuiFlare","Hololive_CallNakiriAyame","Hololive_CallDoris+1","Hololive_Nanodesu","Hololive_CallAZKi+1","Hololive_CallInugamiKorone","Hololive_CallShirakamiFubuki","Hololive_CallOzoraSubaru","Hololive_IdolExercise","Hololive_CallTokoyamiTowa","Hololive_CallSpadeEcho","Hololive_CallHoshimachiSuisei","Hololive_CallSpadeEcho","Hololive_CallManoAloe"],"relics":["Hololive_TheStar","Prayer Wheel","WarpedTongs","infinitespire:PuzzleCube","Blood Vial","Darkstone Periapt","Ornamental Fan","Oddly Smooth Stone","PreservedInsect","Hololive_Finger","infinitespire:Broken Mirror","aspiration:RitualStick","vexMod:ScavengeHelm","MerchantsRug","vexMod:PlasmaPancake","Hololive_LightStick","Gremlin Horn","Replay:Kaleidoscope","Iron Hammer","hubris:VirtuousBlindfold","aspiration:Lifesprig","ReplayTheSpireMod:Shallot","aspiration:TomeofQuesting","aspiration:ChemicalBlood","hubris:AstralHammer","Pondfish Scales","Bronze Scales","infinitespire:Midas Blood","hubris:EmptyBottle","infinitespire:Bottled Soul","aspiration:SecretTechniqueScroll","Omamori","Lantern","BargainBundle","Golden Egg","aspiration:FetidBarrel","aspiration:HatOfInfinitePower","hubris:TenFootPole","Replay:Ringing Soul","aspiration:VileToxins","Centennial Puzzle","Meat on the Bone","ChewingGum"],"acts_visited":["Exordium","TheCity","TheBeyond","Exordium","TheCity"],"potions_floor_usage":[13],"damage_taken":[{"damage":0,"enemies":"Jaw Worm","floor":1,"turns":3},{"damage":0,"enemies":"Cultist","floor":2,"turns":3},{"damage":0,"enemies":"2 Louse","floor":5,"turns":2},{"damage":0,"enemies":"Gremlin Nob","floor":6,"turns":3},{"damage":0,"enemies":"Lagavulin","floor":7,"turns":4},{"damage":0,"enemies":"Gremlin Nob","floor":8,"turns":3},{"damage":0,"enemies":"Lagavulin","floor":10,"turns":4},{"damage":0,"enemies":"Gremlin Nob","floor":11,"turns":3},{"damage":0,"enemies":"Blue Slaver","floor":12,"turns":2},{"damage":0,"enemies":"Lots of Slimes","floor":13,"turns":5},{"damage":0,"enemies":"3 Sentries","floor":14,"turns":5},{"damage":0,"enemies":"Fading Forest","floor":16,"turns":13},{"damage":0,"enemies":"3 Byrds","floor":18,"turns":3},{"damage":0,"enemies":"Chosen","floor":20,"turns":3},{"damage":0,"enemies":"Snecko","floor":21,"turns":2},{"damage":0,"enemies":"Nightmare","floor":23,"turns":3},{"damage":0,"enemies":"Snake Plant","floor":24,"turns":2},{"damage":0,"enemies":"Book of Stabbing","floor":27,"turns":2},{"damage":0,"enemies":"Sentry and Sphere","floor":28,"turns":2},{"damage":0,"enemies":"Replay:Snechameleon","floor":29,"turns":3},{"damage":0,"enemies":"Centurion and Healer","floor":30,"turns":2},{"damage":0,"enemies":"hubris:MusketHawk","floor":33,"turns":7},{"damage":0,"enemies":"3 Shapes","floor":35,"turns":2},{"damage":0,"enemies":"Orb Walker","floor":37,"turns":2},{"damage":0,"enemies":"Giant Head","floor":40,"turns":5},{"damage":0,"enemies":"Nightmare","floor":42,"turns":3},{"damage":21,"enemies":"Giant Head","floor":44,"turns":7},{"damage":0,"enemies":"Reptomancer","floor":45,"turns":2},{"damage":0,"enemies":"Nemesis","floor":46,"turns":3},{"damage":0,"enemies":"Replay:Hell Engine","floor":50,"turns":13},{"damage":0,"enemies":"hubris:GrandSnecko","floor":51,"turns":10},{"damage":0,"enemies":"Cultist","floor":53,"turns":2},{"damage":0,"enemies":"Lagavulin","floor":58,"turns":2},{"damage":0,"enemies":"3 Sentries","floor":59,"turns":2},{"damage":0,"enemies":"Gremlin Nob","floor":60,"turns":1},{"damage":0,"enemies":"Small Slimes","floor":62,"turns":1},{"damage":0,"enemies":"Lagavulin","floor":63,"turns":2},{"damage":0,"enemies":"Jaw Worm","floor":64,"turns":1},{"damage":0,"enemies":"3 Sentries","floor":65,"turns":2},{"damage":0,"enemies":"Fading Forest","floor":68,"turns":13},{"damage":0,"enemies":"Spheric Guardian","floor":70,"turns":1}],"seed_played":"-1756296875621622305","potions_obtained":[{"floor":1,"key":"Block Potion"},{"floor":5,"key":"SteroidPotion"},{"floor":16,"key":"DuplicationPotion"},{"floor":27,"key":"Cursed Concoction"},{"floor":29,"key":"SneckoOil"},{"floor":33,"key":"LifebloodPotion"},{"floor":37,"key":"PowerPotion"},{"floor":51,"key":"Weak Potion"},{"floor":53,"key":"Ancient Potion"},{"floor":59,"key":"Regen Potion"},{"floor":60,"key":"DuplicationPotion"},{"floor":62,"key":"EntropicBrew"}],"is_trial":true,"path_per_floor":["M","M","?","$","M","E","E","E","T","E","E","M","M","E","R","B",null,"M","AVR","M","M","?","NM","M","$","T","E","M","E","M","$","R","B",null,"M","?","M","?","AVR","E","$","NM","T","E","E","E","$","T","R","B","B",null,"M","?","$","?","$","E","E","E","T","M","E","M","E","AVR","R","B",null,"M"],"character_chosen":"Hololive_HololiveCharacter","items_purchased":["MerchantsRug","vexMod:PlasmaPancake","Hololive_CallDoris","Iron Hammer","Hololive_CallShirakamiFubuki","aspiration:TomeofQuesting","Bronze Scales","infinitespire:Midas Blood","hubris:EmptyBottle","Omamori","BargainBundle","Golden Egg"],"campfire_rested":0,"item_purchase_floors":[25,25,31,31,41,41,47,47,47,55,57,57],"current_hp_per_floor":[27,27,27,27,27,27,27,29,29,30,30,30,30,30,30,30,30,30,30,30,30,22,24,26,32,32,34,36,36,36,36,36,36,36,36,42,42,42,42,42,42,42,42,21,22,23,23,23,23,24,25,38,39,45,45,45,45,47,48,48,48,48,48,48,51,51,51,51,51,51,51],"gold":599,"neow_bonus":"","is_daily":false,"chose_seed":false,"campfire_upgraded":4,"win_rate":0.0,"timestamp":1607960449,"path_taken":["M","M","?","$","M","E","E","E","T","E","E","?","M","E","R","BOSS","M","AVR","M","M","?","NM","M","$","T","E","M","E","M","$","R","BOSS","M","?","?","?","AVR","E","$","NM","T","E","E","E","$","?","R","BOSS","BOSS","M","?","?","?","$","E","E","E","T","M","E","?","E","AVR","R","BOSS","M"],"items_purchased_type":["Relic","Relic","Card","Relic","Card","Relic","Relic","Relic","Relic","Relic","Relic","Relic"],"build_version":"2020-12-13","purchased_purges":5,"victory":false,"max_hp_per_floor":[30,30,30,30,30,30,30,30,30,30,30,30,30,30,30,30,30,30,30,30,30,30,30,30,36,36,36,36,36,36,36,36,36,36,36,42,42,42,42,42,42,42,42,42,42,42,42,42,42,42,42,42,42,48,48,48,48,48,48,48,48,48,48,48,51,51,51,51,51,51,51],"card_choices":[{"not_picked":["Hololive_OvertimeWork","Hololive_CocoNews"],"picked":"Hololive_FlyingPonyTail","floor":0},{"not_picked":["Hololive_Drill","Hololive_LuckPotion"],"picked":"Hololive_CallOkamiMio","floor":0},{"not_picked":["Hololive_OvertimeWork","Hololive_Drill"],"picked":"Hololive_CallAiraniIofifteen","floor":0},{"not_picked":["Hololive_Breathe","Hololive_HuntDinosaur"],"picked":"Hololive_CallMomosuzuNene","floor":0},{"not_picked":["Hololive_FlyingPonyTail","Hololive_HuntDinosaur"],"picked":"Hololive_CallMoonaHoshinova","floor":0},{"not_picked":["Hololive_HuntDinosaur","Hololive_Trident"],"picked":"Hololive_Spy","floor":0},{"not_picked":["Hololive_OvertimeWork","Hololive_Breathe"],"picked":"Hololive_CallYukihanaLamy","floor":0},{"not_picked":["Hololive_StrengthChampion","Hololive_Psychosis"],"picked":"Hololive_CallHoushouMarine","floor":0},{"not_picked":["Hololive_StrengthChampion","Hololive_CallOzoraSubaru"],"picked":"Hololive_CallRoboco","floor":0},{"not_picked":["Hololive_Breathe","Hololive_HuntDinosaur"],"picked":"Hololive_CallKiryuuCoco","floor":0},{"not_picked":["Hololive_Trident","Hololive_CallCivia"],"picked":"Hololive_CallFriendA","floor":0},{"not_picked":["Hololive_Rebound","Hololive_Drill"],"picked":"Hololive_RevenueBasedLive","floor":0},{"not_picked":["Hololive_LuckPotion","Hololive_FlyingPonyTail"],"picked":"Hololive_CallArtia","floor":0},{"not_picked":["Hololive_SummonFox","Hololive_CallYukihanaLamy"],"picked":"Hololive_CallShiroganeNoel","floor":0},{"not_picked":["Hololive_StrengthChampion","Hololive_FlyingPonyTail"],"picked":"Hololive_CallHimemoriLuna","floor":0},{"not_picked":["Hololive_DevilCharm","Hololive_StrengthChampion","Hololive_HuntDinosaur"],"picked":"Hololive_CallYuzukiChoco","floor":1},{"not_picked":["Hololive_Psychosis","Hololive_RevenueBasedLive","Hololive_CocoNews","Hololive_StrengthChampion"],"picked":"SKIP","floor":1},{"not_picked":["Hololive_Watashimo","Hololive_StrengthChampion","Hololive_FlyingPonyTail"],"picked":"Hololive_CallAkiRosenthal","floor":2},{"not_picked":["Hololive_CallDoris","Hololive_Psychosis","Hololive_FlyingPonyTail"],"picked":"Hololive_CallNatsuiroMatsuri","floor":2},{"not_picked":["Hololive_CocoNews","Hololive_Recruit","Hololive_CallRoboco","Hololive_OvertimeWork"],"picked":"SKIP","floor":5},{"not_picked":["Hololive_HuntDinosaur","Hololive_StrengthChampion","Hololive_OvertimeWork","Hololive_FlyingPonyTail"],"picked":"SKIP","floor":5},{"not_picked":["Hololive_HuntDinosaur","Hololive_Trident","Hololive_Teleport","Hololive_CocoNews"],"picked":"SKIP","floor":6},{"not_picked":["Hololive_OvertimeWork","Hololive_LuckPotion","Hololive_Drill"],"picked":"Hololive_CallTsunomakiWatame","floor":7},{"not_picked":["Hololive_Sequa","Hololive_CallYukihanaLamy","Hololive_LuckPotion"],"picked":"Hololive_CallYogiri","floor":8},{"not_picked":["Hololive_FlareMind","Hololive_CallYuzukiChoco","Hololive_StrengthChampion","Hololive_RevenueBasedLive"],"picked":"SKIP","floor":10},{"not_picked":["Hololive_LuckPotion","Hololive_OvertimeWork","Hololive_CallYogiri","Hololive_CocoNews"],"picked":"SKIP","floor":11},{"not_picked":["Hololive_CallTokinoSora","Hololive_Rebound","Hololive_LuckPotion"],"picked":"Hololive_CallSpadeEcho","floor":12},{"not_picked":["Hololive_Trident","Hololive_CallAkiRosenthal","Hololive_HuntDinosaur"],"picked":"Hololive_CallAkaiHaato","floor":12},{"not_picked":["Hololive_StrengthChampion","Hololive_Breathe","Hololive_Watashimo"],"picked":"Hololive_CallTokinoSora","floor":13},{"not_picked":["Hololive_HuntDinosaur","Hololive_LuckPotion","Hololive_Drill","Hololive_Teleport"],"picked":"SKIP","floor":13},{"not_picked":["Hololive_Rebirth","Hololive_OvertimeWork","Hololive_CallYogiri"],"picked":"Hololive_CallUsadaPekora","floor":14},{"not_picked":["Hololive_MaximGun","Hololive_DDD","Hololive_Recruit"],"picked":"Hololive_IdolExercise","floor":16},{"not_picked":["Hololive_Spy","Hololive_CallNatsuiroMatsuri","Hololive_Rebound"],"picked":"Hololive_CallSpadeEcho","floor":18},{"not_picked":["Hololive_StrengthChampion","Hololive_RevenueBasedLive","Hololive_HuntDinosaur","Hololive_Rebound"],"picked":"SKIP","floor":18},{"not_picked":["Hololive_Trident","Hololive_OvertimeWork","Hololive_Psychosis"],"picked":"Hololive_CallCivia","floor":20},{"not_picked":["Hololive_CallRoboco","Hololive_DevilCharm","Hololive_CallNatsuiroMatsuri"],"picked":"Hololive_SummonFox","floor":20},{"not_picked":["Hololive_StrengthChampion+1","Hololive_CocoNews","Hololive_HuntDinosaur","Hololive_RevenueBasedLive"],"picked":"SKIP","floor":21},{"not_picked":["Hololive_BringToTrial","Hololive_Rebound","Hololive_CocoNews","Hololive_Trident"],"picked":"SKIP","floor":21},{"not_picked":["Hololive_CallMinatoAqua","Hololive_FlyingPonyTail+1","Hololive_BeCareful"],"picked":"Hololive_CallSakuraMiko","floor":23},{"not_picked":["Hololive_StrengthChampion","Hololive_Sequa","Hololive_Breathe"],"picked":"Hololive_CallSpadeEcho","floor":24},{"not_picked":["Hololive_Drill","Hololive_LuckPotion","Hololive_Sequa"],"picked":"Hololive_CallNekomataOkayu","floor":24},{"not_picked":["Hololive_Drill","Hololive_Trident","Hololive_Spy","Hololive_StrengthChampion"],"picked":"SKIP","floor":27},{"not_picked":["Hololive_Trident","Hololive_CallRosalyn","Hololive_Breathe"],"picked":"Hololive_CallSakuraMiko","floor":28},{"not_picked":["Hololive_Psychosis+1","Hololive_LuckPotion","Hololive_FlyingPonyTail"],"picked":"Hololive_CallMinatoAqua","floor":28},{"not_picked":["Hololive_CallNekomataOkayu","Hololive_StarCraft","Hololive_CallYogiri"],"picked":"Hololive_DiamondStrike","floor":29},{"not_picked":["Hololive_Rebound","Hololive_FlyingPonyTail","Hololive_LuckPotion+1"],"picked":"Hololive_CallShiranuiFlare","floor":30},{"not_picked":["Hololive_CocoNews","Hololive_LuckPotion","Hololive_Drill"],"picked":"Hololive_CallNakiriAyame","floor":30},{"not_picked":["Hololive_HighAtkLowDef","Hololive_MaximGun","Hololive_WolfAndLamb"],"picked":"Hololive_Nanodesu","floor":33},{"not_picked":["Hololive_CallHoushouMarine","Hololive_Drill+1","Hololive_BringToTrial+1","Hololive_Sequa"],"picked":"SKIP","floor":35},{"not_picked":["Hololive_Psychosis","Hololive_FlyingPonyTail+1","Hololive_Sequa","Hololive_Trident"],"picked":"SKIP","floor":35},{"not_picked":["Hololive_CallHoushouMarine","Hololive_CocoNews+1","Hololive_Sequa"],"picked":"Hololive_CallAZKi","floor":37},{"not_picked":["Hololive_Breathe","Hololive_Drill","Hololive_Psychosis","Hololive_CocoNews"],"picked":"SKIP","floor":37},{"not_picked":["Hololive_Breathe","Hololive_CallAZKi+1","Hololive_CallMomosuzuNene"],"picked":"Hololive_CallInugamiKorone","floor":40},{"not_picked":["Hololive_CallAkiRosenthal+1","Hololive_OvertimeWork+1","Hololive_CallTsunomakiWatame+1","Hololive_RevenueBasedLive"],"picked":"SKIP","floor":42},{"not_picked":["Hololive_WolfAndLamb","Hololive_CallFriendA","Hololive_FlyingPonyTail","Hololive_SoulCatcher"],"picked":"SKIP","floor":44},{"not_picked":["Hololive_LuckPotion","Hololive_Psychosis","Hololive_CallAyundaRisu+1"],"picked":"Hololive_CallOzoraSubaru","floor":45},{"not_picked":["Hololive_CallOzoraSubaru+1","Hololive_Sequa","Hololive_FlyingPonyTail","Hololive_Spy"],"picked":"SKIP","floor":46},{"not_picked":["Hololive_OpenUp","Hololive_ScarfAndHalo","Hololive_StarCraft"],"picked":"Hololive_IdolExercise","floor":50},{"not_picked":["Hololive_WolfAndLamb","Hololive_ASMR","Hololive_DurableLive"],"picked":"Hololive_Rebirth","floor":51},{"not_picked":["Hololive_CallOzoraSubaru","Hololive_Breathe","Hololive_CallRosalyn"],"picked":"Hololive_CallTokoyamiTowa","floor":53},{"not_picked":["Hololive_Rebound","Hololive_Drill","Hololive_CocoNews"],"picked":"Hololive_CallSpadeEcho","floor":53},{"not_picked":["Hololive_Trident","Hololive_CocoNews","Hololive_StrengthChampion","Hololive_RevenueBasedLive"],"picked":"SKIP","floor":58},{"not_picked":["Hololive_FlyingPonyTail","Hololive_Sequa","Hololive_OvertimeWork"],"picked":"Hololive_CallHoshimachiSuisei","floor":59},{"not_picked":["Hololive_Trident","Hololive_Breathe","Hololive_Drill"],"picked":"Hololive_CallSpadeEcho","floor":60},{"not_picked":["Hololive_Sequa","Hololive_Drill","Hololive_Trident","Hololive_Yoholoon"],"picked":"SKIP","floor":62},{"not_picked":["Hololive_CallNekomataOkayu","Hololive_Psychosis","Hololive_CallAkaiHaato","Hololive_Watashimo"],"picked":"SKIP","floor":62},{"not_picked":["Hololive_Teleport","Hololive_RevenueBasedLive","Hololive_Sequa","Hololive_CallShirakamiFubuki"],"picked":"SKIP","floor":63},{"not_picked":["Hololive_ScarfAndHalo","Hololive_Trident","Hololive_Rebound","Hololive_CocoNews"],"picked":"SKIP","floor":64},{"not_picked":["Hololive_Spy","Hololive_FlyingPonyTail","Hololive_CallOkamiMio","Hololive_StrengthChampion"],"picked":"SKIP","floor":64},{"not_picked":["Hololive_OvertimeWork","Hololive_CallShishiroBotan","Hololive_Sequa"],"picked":"Hololive_CallManoAloe","floor":65}],"player_experience":903104,"relics_obtained":[{"floor":6,"key":"infinitespire:PuzzleCube"},{"floor":7,"key":"Blood Vial"},{"floor":8,"key":"Darkstone Periapt"},{"floor":9,"key":"Replay:Bottled Steam"},{"floor":10,"key":"Ornamental Fan"},{"floor":11,"key":"Oddly Smooth Stone"},{"floor":14,"key":"PreservedInsect"},{"floor":23,"key":"vexMod:ScavengeHelm"},{"floor":26,"key":"Hololive_LightStick"},{"floor":27,"key":"Gremlin Horn"},{"floor":29,"key":"Replay:Kaleidoscope"},{"floor":40,"key":"ReplayTheSpireMod:Shallot"},{"floor":42,"key":"aspiration:ChemicalBlood"},{"floor":43,"key":"Replay:Baseball"},{"floor":44,"key":"hubris:AstralHammer"},{"floor":45,"key":"Gambling Chip"},{"floor":46,"key":"Pondfish Scales"},{"floor":48,"key":"infinitespire:Bottled Soul"},{"floor":58,"key":"aspiration:FetidBarrel"},{"floor":59,"key":"aspiration:HatOfInfinitePower"},{"floor":60,"key":"hubris:TenFootPole"},{"floor":61,"key":"Replay:Ringing Soul"},{"floor":63,"key":"aspiration:VileToxins"},{"floor":65,"key":"Centennial Puzzle"}],"event_choices":[{"damage_healed":0,"gold_gain":0,"player_choice":"Rummage","damage_taken":0,"relics_obtained":["WarpedTongs"],"max_hp_gain":0,"max_hp_loss":0,"event_name":"Accursed Blacksmith","floor":3,"gold_loss":0,"cards_obtained":["Pain"]},{"damage_healed":0,"gold_gain":275,"player_choice":"Desecrate","damage_taken":0,"max_hp_gain":0,"max_hp_loss":0,"event_name":"Golden Shrine","floor":36,"gold_loss":0,"cards_obtained":["Regret"]},{"cards_removed":["Regret"],"damage_healed":0,"gold_gain":0,"player_choice":"Upgrade and Remove","damage_taken":0,"max_hp_gain":0,"max_hp_loss":0,"event_name":"Designer","floor":38,"gold_loss":110,"cards_upgraded":["Hololive_RevenueBasedLive"]},{"damage_healed":0,"gold_gain":275,"player_choice":"Desecrate","damage_taken":0,"max_hp_gain":0,"max_hp_loss":0,"event_name":"Golden Shrine","floor":54,"gold_loss":0,"cards_obtained":["Regret"]},{"damage_healed":0,"gold_gain":0,"player_choice":"Paid Gold","damage_taken":0,"relics_obtained":["Lantern"],"max_hp_gain":0,"max_hp_loss":0,"event_name":"WeMeetAgain","floor":56,"gold_loss":88}],"is_beta":false,"boss_relics":[{"not_picked":["SlaversCollar","Empty Cage"],"picked":"Hololive_Finger"},{"not_picked":["Ring of Chaos","aspiration:SilentSkillbook"],"picked":"hubris:VirtuousBlindfold"},{"not_picked":["Hololive_ChaosS","Tiny House"],"picked":"aspiration:SecretTechniqueScroll"},{"not_picked":["Abe\u0027s Treasure","Tiny House"],"picked":"ChewingGum"}],"items_purged_floors":[4,19,55,57,66],"is_endless":true,"potions_floor_spawned":[1,5,6,7,8,16,18,24,27,29,30,33,37,42,44,46,51,53,59,60,62,68],"killed_by":"Spheric Guardian","ascension_level":20}}