{"host":"rhvnggv2pwqsaug0","time":1607940417,"event":{"mods":["BaseMod","Minty Spire (QoL Compilation)","Replay The Spire","StSLib"],"gold_per_floor":[17,31,31,31,44,44,63,91,115,141,141,90,90,110,110,211,211,230,230,170,189,44,44,78,78,78,89,124,124,104,116,116,219,219,234,284,295,340,360,387,387,387,387,437,0,13,13,26,26,26],"floor_reached":51,"playtime":2329,"items_purged":[],"score":876,"play_id":"2d56c3e7-6233-465d-b7a7-e97e7ead130d","local_time":"20201214180657","is_ascension_mode":true,"campfire_choices":[{"data":"Barricade","floor":6,"key":"SMITH"},{"data":"Armaments","floor":13,"key":"SMITH"},{"data":"Body Slam","floor":15,"key":"SMITH"},{"data":"Metallicize","floor":23,"key":"SMITH"},{"data":"Juggernaut","floor":25,"key":"SMITH"},{"data":"Demonic Infusion","floor":29,"key":"SMITH"},{"data":"True Grit","floor":32,"key":"SMITH"},{"floor":42,"key":"REST"},{"data":"Entrench","floor":49,"key":"SMITH"}],"circlet_count":0,"master_deck":["Strike_R+1","Strike_R+1","Defend_R","Defend_R+1","Defend_R","Defend_R","Bash","Barricade+1","True Grit+1","Rampage","Demonic Infusion+1","Replay:Undeath\u0027s Touch","Entrench+1","Armaments+1","Body Slam+1","Juggernaut+1","Entrench+1","True Grit+1","ReplayTheSpireMod:Stacked","Offering","Flame Barrier+1","Body Slam+1","Seeing Red","Ghostly Armor+1","Juggernaut"],"relics":["Burning Blood","PreservedInsect","Lantern","Whetstone","Ooze Armor","ReplayTheSpireMod:Ring of Exchange","ReplayTheSpireMod:Ring of Collecting","Torii","ReplayTheSpireMod:Ring of Challenge","Replay:Bottled Snecko","Replay:Drink Me","Calipers","Another Sword","Ornamental Fan","Ring of Hypnosis","Mango","Ring of Greed","Toy Ornithopter","Smiling Mask","The Courier","Iron Hammer","War Paint","Vajra"],"acts_visited":["Exordium","TheCity","TheBeyond"],"potions_floor_usage":[7,8,16,31,31,33,38,38,39,50,50],"damage_taken":[{"damage":7,"enemies":"2 Louse","floor":1,"turns":3},{"damage":6,"enemies":"Cultist","floor":2,"turns":3},{"damage":11,"enemies":"Small Slimes","floor":5,"turns":4},{"damage":11,"enemies":"Blue Slaver","floor":7,"turns":5},{"damage":14,"enemies":"Gremlin Nob","floor":8,"turns":3},{"damage":20,"enemies":"Exordium Thugs","floor":14,"turns":6},{"damage":29,"enemies":"Fading Forest","floor":16,"turns":11},{"damage":5,"enemies":"3 Byrds","floor":18,"turns":5},{"damage":14,"enemies":"Spheric Guardian","floor":21,"turns":5},{"damage":12,"enemies":"Replay:Snechameleon","floor":24,"turns":6},{"damage":1,"enemies":"Cultist and Chosen","floor":27,"turns":6},{"damage":14,"enemies":"Gremlin Leader","floor":28,"turns":6},{"damage":16,"enemies":"Centurion and Healer","floor":31,"turns":7},{"damage":9,"enemies":"Champ","floor":33,"turns":10},{"damage":11,"enemies":"3 Shapes","floor":35,"turns":4},{"damage":6,"enemies":"Mind Bloom Boss Battle","floor":36,"turns":6},{"damage":23,"enemies":"3 Darklings","floor":37,"turns":6},{"damage":23,"enemies":"2 Orb Walkers","floor":38,"turns":7},{"damage":20,"enemies":"Transient","floor":39,"turns":5},{"damage":0,"enemies":"R_Hoarder","floor":40,"turns":6},{"damage":6,"enemies":"Writhing Mass","floor":46,"turns":3},{"damage":0,"enemies":"Sphere and 2 Shapes","floor":48,"turns":5},{"damage":6,"enemies":"Awakened One","floor":50,"turns":6}],"seed_played":"-8987864472585655000","potions_obtained":[{"floor":2,"key":"EssenceOfSteel"},{"floor":5,"key":"Regen Potion"},{"floor":7,"key":"ColorlessPotion"},{"floor":24,"key":"FearPotion"},{"floor":27,"key":"Regen Potion"},{"floor":30,"key":"LiquidBronze"},{"floor":33,"key":"Strength Potion"},{"floor":35,"key":"Ancient Potion"},{"floor":37,"key":"Milkshake"},{"floor":38,"key":"Adrenaline Potion"},{"floor":46,"key":"PowerPotion"}],"is_trial":false,"path_per_floor":["M","M","?","$","M","R","M","E","T","T","?","$","R","M","R","B",null,"M","?","?","M","$","R","E","R","T","M","E","R","?","M","R","B",null,"M","?","M","?","M","E","?","R","T","T","$","M","$","M","R","B",null],"character_chosen":"IRONCLAD","items_purchased":["Armaments","Metallicize","Entrench","Iron Hammer","War Paint","Vajra"],"campfire_rested":1,"item_purchase_floors":[12,22,22,45,45,45],"current_hp_per_floor":[79,79,79,79,74,74,69,61,61,61,54,54,54,40,40,40,80,80,80,80,72,72,72,66,66,66,71,63,63,63,68,68,65,60,55,55,38,21,7,13,13,31,45,45,45,45,45,51,51,61],"gold":26,"neow_bonus":"THREE_RARE_CARDS","is_daily":false,"chose_seed":false,"campfire_upgraded":8,"win_rate":0.0,"timestamp":1607940417,"path_taken":["M","M","?","$","?","R","M","E","T","?","?","?","R","M","R","BOSS","M","?","?","M","$","R","E","R","T","?","E","R","?","?","R","BOSS","M","?","M","?","M","E","?","R","T","?","$","M","?","M","R","BOSS"],"items_purchased_type":["Card","Card","Card","Relic","Relic","Relic"],"build_version":"2020-12-13","purchased_purges":0,"victory":true,"max_hp_per_floor":[80,80,80,80,80,80,80,80,80,80,80,80,80,80,80,80,80,80,80,80,80,80,80,80,80,80,80,80,80,80,80,80,80,60,60,60,60,60,60,60,60,60,74,74,74,74,74,74,74,74],"card_choices":[{"not_picked":["Exhume","Offering"],"picked":"Barricade","floor":0},{"not_picked":["Warcry","Heavy Blade"],"picked":"True Grit","floor":1},{"not_picked":["Pommel Strike","Twin Strike"],"picked":"Rampage","floor":2},{"not_picked":["Dropkick","Body Slam"],"picked":"Demonic Infusion","floor":5},{"not_picked":["Clothesline","Perfected Strike"],"picked":"Replay:Undeath\u0027s Touch","floor":7},{"not_picked":["Clash","Perfected Strike"],"picked":"Entrench","floor":8},{"not_picked":["Pommel Strike","Exhume"],"picked":"Body Slam","floor":14},{"not_picked":["Limit Break","Eclipse"],"picked":"Juggernaut","floor":16},{"not_picked":["Clash","Run Through","Clothesline+1"],"picked":"SKIP","floor":18},{"not_picked":["Cleave","Twin Strike","Evolve+1"],"picked":"SKIP","floor":21},{"not_picked":["Heavy Blade","Iron Wave+1"],"picked":"True Grit+1","floor":24},{"not_picked":["Blood for Blood","Pummel"],"picked":"Replay:Undeath\u0027s Touch","floor":27},{"not_picked":["Hemokinesis","Havoc","Clothesline"],"picked":"SKIP","floor":28},{"not_picked":["Brutality","Reckless Charge"],"picked":"ReplayTheSpireMod:Stacked","floor":31},{"not_picked":["Replay:Many Hands","Feed"],"picked":"Offering","floor":33},{"not_picked":["Life Link","Headbutt+1","Warcry+1"],"picked":"SKIP","floor":35},{"not_picked":["Shrug It Off","Havoc+1"],"picked":"Flame Barrier+1","floor":37},{"not_picked":["Fire Breathing+1","Twin Strike"],"picked":"Body Slam+1","floor":38},{"not_picked":["Thunderclap+1","Perfected Strike+1"],"picked":"Seeing Red","floor":39},{"not_picked":["Wild Strike+1","Hemokinesis+1"],"picked":"Ghostly Armor+1","floor":40},{"not_picked":["Twin Strike+1","Pommel Strike"],"picked":"Juggernaut","floor":46},{"not_picked":["Battle Trance+1","Wild Strike","Uppercut"],"picked":"SKIP","floor":48}],"player_experience":199013,"relics_obtained":[{"floor":8,"key":"PreservedInsect"},{"floor":9,"key":"Lantern"},{"floor":10,"key":"Whetstone"},{"floor":19,"key":"ReplayTheSpireMod:Ring of Exchange"},{"floor":19,"key":"ReplayTheSpireMod:Ring of Collecting"},{"floor":24,"key":"Torii"},{"floor":26,"key":"ReplayTheSpireMod:Ring of Challenge"},{"floor":28,"key":"Replay:Bottled Snecko"},{"floor":36,"key":"Calipers"},{"floor":38,"key":"Another Sword"},{"floor":40,"key":"Ornamental Fan"},{"floor":43,"key":"Ring of Hypnosis"},{"floor":43,"key":"Mango"},{"floor":44,"key":"Ring of Greed"},{"floor":44,"key":"Toy Ornithopter"},{"floor":44,"key":"Smiling Mask"},{"floor":44,"key":"The Courier"}],"event_choices":[{"cards_removed":["Strike_R"],"damage_healed":0,"gold_gain":0,"player_choice":"Purged","damage_taken":0,"max_hp_gain":0,"max_hp_loss":0,"event_name":"Purifier","floor":3,"gold_loss":0},{"cards_removed":["Strike_R"],"damage_healed":0,"gold_gain":0,"player_choice":"Card Removal","damage_taken":7,"max_hp_gain":0,"max_hp_loss":0,"event_name":"Golden Wing","floor":11,"gold_loss":0},{"damage_healed":0,"gold_gain":0,"player_choice":"Bought 1 Potion","damage_taken":0,"max_hp_gain":0,"max_hp_loss":0,"event_name":"The Woman in Blue","floor":30,"gold_loss":0},{"damage_healed":0,"gold_gain":0,"player_choice":"Fight","damage_taken":0,"max_hp_gain":0,"max_hp_loss":0,"event_name":"MindBloom","floor":36,"gold_loss":0},{"damage_healed":0,"gold_gain":0,"player_choice":"Fight","damage_taken":0,"max_hp_gain":0,"max_hp_loss":0,"event_name":"Mysterious Sphere","floor":38,"gold_loss":0},{"cards_removed":["Metallicize"],"damage_healed":0,"gold_gain":0,"player_choice":"Removed Power","damage_taken":0,"max_hp_gain":0,"max_hp_loss":0,"event_name":"Falling","floor":41,"gold_loss":0}],"is_beta":false,"boss_relics":[{"not_picked":["ReplayTheSpireMod:DimensionalGlitch","Snecko Eye"],"picked":"Ooze Armor"},{"not_picked":["Honey Jar","Black Blood"],"picked":"Replay:Drink Me"}],"items_purged_floors":[],"is_endless":false,"potions_floor_spawned":[2,5,7,24,27,33,35,37,38,46],"ascension_level":1}}