{"host":"o7j6aatxjwpw1421","time":1607964064,"event":{"mods":["2.2 Compatiblity","BaseMod","Colored Map","DeckTracker","Highlight Path","Keyboard Shortcuts","Minty Spire (QoL Compilation)","Permanent Neow","Quick Restart","StSLib","SuperFastMode","everything is the same but u backflip on backflip"],"gold_per_floor":[109,109,109,109,123,148,148,178,225,259,3,3,3,23,23,100,100,110,110,126,144,73,99,99,118,118,18,18,35,55,65,65,65,65],"floor_reached":33,"playtime":2003,"items_purged":["Strike_G","Strike_G"],"score":543,"play_id":"461ce733-ee18-42ce-a2e9-d3ad1aac9bc9","local_time":"20201215014104","is_ascension_mode":true,"campfire_choices":[{"data":"Bouncing Flask","floor":7.0,"key":"SMITH"},{"data":"Storm of Steel","floor":15.0,"key":"SMITH"},{"floor":24.0,"key":"REST"},{"floor":28,"key":"REST"},{"floor":32,"key":"REST"}],"circlet_count":0,"master_deck":["AscendersBane","Defend_G","Defend_G","Defend_G","Defend_G","Defend_G","Survivor","Neutralize","Poisoned Stab","Bouncing Flask+1","Well Laid Plans","Dagger Throw","Dagger Spray","PiercingWail","Storm of Steel+1","Adrenaline","Tactician","Wraith Form v2","Underhanded Strike","Noxious Fumes","Tools of the Trade","Riddle With Holes","Venomology","Backflip","Backflip"],"relics":["Ring of the Serpent","NeowsBlessing","PreservedInsect","Juzu Bracelet","Happy Flower","Ancient Tea Set","Art of War","Nloth\u0027s Gift","Boot","Lantern"],"acts_visited":["Exordium","TheCity"],"potions_floor_usage":[25,33,33,33],"damage_taken":[{"damage":0.0,"enemies":"Jaw Worm","floor":1.0,"turns":1.0},{"damage":0.0,"enemies":"Small Slimes","floor":5.0,"turns":1.0},{"damage":0.0,"enemies":"Gremlin Nob","floor":6.0,"turns":1.0},{"damage":7.0,"enemies":"3 Sentries","floor":8.0,"turns":7.0},{"damage":12.0,"enemies":"Lagavulin","floor":10.0,"turns":4.0},{"damage":0.0,"enemies":"Cultist","floor":14.0,"turns":3.0},{"damage":24.0,"enemies":"The Guardian","floor":16.0,"turns":9.0},{"damage":18.0,"enemies":"2 Thieves","floor":18.0,"turns":5.0},{"damage":16.0,"enemies":"Shell Parasite","floor":20.0,"turns":7.0},{"damage":4.0,"enemies":"Snake Plant","floor":21.0,"turns":5.0},{"damage":12.0,"enemies":"Slavers","floor":23.0,"turns":5.0},{"damage":3,"enemies":"Snecko","floor":25,"turns":5},{"damage":19,"enemies":"Shelled Parasite and Fungi","floor":29,"turns":6},{"damage":16,"enemies":"3 Cultists","floor":30,"turns":5},{"damage":2,"enemies":"Snecko","floor":31,"turns":5},{"damage":19,"enemies":"Champ","floor":33,"turns":11}],"seed_played":"2783112657997689294","potions_obtained":[{"floor":1.0,"key":"Poison Potion"},{"floor":5.0,"key":"Swift Potion"},{"floor":6.0,"key":"ColorlessPotion"},{"floor":16.0,"key":"SpeedPotion"},{"floor":20.0,"key":"BlessingOfTheForge"},{"floor":21.0,"key":"FearPotion"},{"floor":23.0,"key":"Ancient Potion"},{"floor":25,"key":"Poison Potion"}],"is_trial":false,"path_per_floor":["M","?","?","?","M","E","R","E","T","E","$","?","?","M","R","B",null,"M","?","M","M","$","E","R","M","T","$","R","M","M","M","R","B"],"character_chosen":"THE_SILENT","items_purchased":["PiercingWail","Lee\u0027s Waffle","Noxious Fumes"],"campfire_rested":3,"item_purchase_floors":[11,11,22],"current_hp_per_floor":[59,59,48,48,48,48,48,41,41,29,73,73,66,66,66,42,65,47,47,31,27,27,15,36,33,33,33,54,35,19,17,38,19,19],"gold":65,"neow_bonus":"THREE_ENEMY_KILL","is_daily":false,"chose_seed":false,"campfire_upgraded":2,"win_rate":0.0,"timestamp":1607964064,"path_taken":["M","?","?","?","M","E","R","E","T","E","$","?","?","M","R","BOSS","M","?","M","M","$","E","R","M","T","?","R","M","M","M","R","BOSS"],"items_purchased_type":["Card","Relic","Card"],"build_version":"2020-12-13","purchased_purges":2,"victory":false,"max_hp_per_floor":[66,66,66,66,66,66,66,66,66,66,73,73,73,73,73,73,73,73,73,73,73,73,73,73,73,73,73,73,73,73,73,73,73,73],"card_choices":[{"not_picked":["Well Laid Plans","Slice"],"picked":"Poisoned Stab","floor":1.0},{"not_picked":["Distraction","Reflex"],"picked":"Well Laid Plans","floor":5.0},{"not_picked":["Outmaneuver","Acrobatics"],"picked":"Dagger Throw","floor":6.0},{"not_picked":["Skewer","Doppelganger"],"picked":"Dagger Spray","floor":8.0},{"not_picked":["Acrobatics","Skewer","Choke"],"picked":"SKIP","floor":10.0},{"not_picked":["Dash","Acrobatics","PiercingWail"],"picked":"SKIP","floor":14.0},{"not_picked":["Die Die Die","Phantasmal Killer"],"picked":"Adrenaline","floor":16.0},{"not_picked":["Outmaneuver","Cloak And Dagger"],"picked":"Tactician","floor":18.0},{"not_picked":["Flying Knee","Underhanded Strike"],"picked":"Wraith Form v2","floor":20.0},{"not_picked":["Infinite Blades","Dagger Spray"],"picked":"Underhanded Strike","floor":21.0},{"not_picked":["Quick Slash","Malaise"],"picked":"Tools of the Trade","floor":23.0},{"not_picked":["Acrobatics","Dodge and Roll"],"picked":"Riddle With Holes","floor":25},{"not_picked":["Concentrate","Deflect"],"picked":"Venomology","floor":29},{"not_picked":["Concentrate","Dash"],"picked":"Backflip","floor":30},{"not_picked":["Deflect","Outmaneuver"],"picked":"Backflip","floor":31}],"player_experience":237911,"relics_obtained":[{"floor":6.0,"key":"Juzu Bracelet"},{"floor":8.0,"key":"Happy Flower"},{"floor":9.0,"key":"Ancient Tea Set"},{"floor":10.0,"key":"Art of War"},{"floor":23.0,"key":"Boot"},{"floor":26,"key":"Lantern"}],"event_choices":[{"damage_healed":0.0,"max_hp_gain":0.0,"max_hp_loss":0.0,"gold_gain":0.0,"cards_transformed":["Strike_G"],"event_name":"Living Wall","player_choice":"Change","floor":2.0,"gold_loss":0.0,"damage_taken":0.0,"cards_obtained":["Bouncing Flask"]},{"damage_healed":0.0,"max_hp_gain":0.0,"max_hp_loss":0.0,"gold_gain":0.0,"event_name":"Scrap Ooze","player_choice":"Success","floor":3.0,"gold_loss":0.0,"damage_taken":11.0,"relics_obtained":["PreservedInsect"]},{"damage_healed":0.0,"max_hp_gain":0.0,"max_hp_loss":0.0,"gold_gain":0.0,"event_name":"Liars Game","player_choice":"Ignored","floor":4.0,"gold_loss":0.0,"damage_taken":0.0},{"damage_healed":0.0,"max_hp_gain":0.0,"max_hp_loss":0.0,"gold_gain":0.0,"cards_transformed":["Strike_G"],"event_name":"Transmorgrifier","player_choice":"Transformed","floor":12.0,"gold_loss":0.0,"damage_taken":0.0,"cards_obtained":["Storm of Steel"]},{"cards_removed":["Strike_G"],"damage_healed":0.0,"max_hp_gain":0.0,"max_hp_loss":0.0,"gold_gain":0.0,"event_name":"Golden Wing","player_choice":"Card Removal","floor":13.0,"gold_loss":0.0,"damage_taken":7.0},{"damage_healed":0.0,"max_hp_gain":0.0,"max_hp_loss":0.0,"gold_gain":0.0,"event_name":"N\u0027loth","player_choice":"Traded Relic","floor":19.0,"relics_lost":["Lee\u0027s Waffle"],"gold_loss":0.0,"damage_taken":0.0,"relics_obtained":["Nloth\u0027s Gift"]}],"is_beta":false,"boss_relics":[{"not_picked":["Busted Crown","SacredBark"],"picked":"Ring of the Serpent"}],"items_purged_floors":[11,27],"is_endless":false,"potions_floor_spawned":[1,5,6,16,20,21,23,25],"killed_by":"Champ","ascension_level":15}}