{"host":"i344ixtilokuekwt","time":1607967579,"event":{"mods":["BaseMod","Card Forge","Colored Powertips","Minty Spire (QoL Compilation)","Quick Restart","Relic Stats","StSLib"],"gold_per_floor":[119,51,62,73,23,53,53,73,73,84,116,116,133,150,150,253,253,265,284,301,0,10,41,41,41,41,41,141,41,41,67,67,67,67],"floor_reached":33,"playtime":1624,"items_purged":["Decay","Strike_B"],"score":322,"play_id":"3d2ac716-6bfa-4975-a6ba-12ac8af3d51c","local_time":"20201214123939","is_ascension_mode":false,"campfire_choices":[{"data":"Glacier","floor":7,"key":"SMITH"},{"data":"Coolheaded","floor":15,"key":"SMITH"},{"data":"Electrodynamics","floor":24,"key":"SMITH"},{"data":"Buffer","floor":27,"key":"SMITH"},{"data":"Glacier","floor":30,"key":"SMITH"},{"floor":32,"key":"REST"}],"circlet_count":0,"master_deck":["Strike_B","Strike_B","Defend_B","Defend_B","Defend_B","Defend_B","Zap","Dualcast","Leap","Doom and Gloom","Genetic Algorithm","Cold Snap","Glacier+1","Coolheaded+1","Cold Snap","Electrodynamics+1","Hologram+1","Double Energy","Genetic Algorithm+1","Glacier+1","Buffer+1","Coolheaded+1"],"relics":["Hammer of Thor","Seething Fire","Anvil of the Gods","Cursed Key","Centennial Puzzle","Shuriken","Runic Pyramid","Lee\u0027s Waffle","Akabeko","StoneCalendar","Blue Candle","StrikeDummy"],"acts_visited":["Exordium","TheCity"],"potions_floor_usage":[16,28,28,28],"damage_taken":[{"damage":0,"enemies":"Cultist","floor":1,"turns":3},{"damage":0,"enemies":"Small Slimes","floor":3,"turns":2},{"damage":6,"enemies":"2 Louse","floor":4,"turns":2},{"damage":20,"enemies":"Gremlin Nob","floor":6,"turns":4},{"damage":0,"enemies":"Lots of Slimes","floor":8,"turns":4},{"damage":2,"enemies":"Blue Slaver","floor":10,"turns":4},{"damage":12,"enemies":"Lagavulin","floor":11,"turns":8},{"damage":0,"enemies":"Large Slime","floor":13,"turns":6},{"damage":0,"enemies":"Exordium Wildlife","floor":14,"turns":3},{"damage":22,"enemies":"Hexaghost","floor":16,"turns":12},{"damage":3,"enemies":"Shell Parasite","floor":18,"turns":7},{"damage":0,"enemies":"Chosen","floor":19,"turns":6},{"damage":0,"enemies":"3 Cultists","floor":20,"turns":4},{"damage":3,"enemies":"Shelled Parasite and Fungi","floor":22,"turns":8},{"damage":26,"enemies":"Gremlin Leader","floor":23,"turns":7},{"damage":11,"enemies":"Colosseum Slavers","floor":28,"turns":2},{"damage":0,"enemies":"Colosseum Nobs","floor":28,"turns":5},{"damage":2,"enemies":"Slavers","floor":31,"turns":4},{"damage":66,"enemies":"Champ","floor":33,"turns":23}],"seed_played":"3903810093894455179","potions_obtained":[{"floor":4,"key":"SteroidPotion"},{"floor":8,"key":"Fire Potion"},{"floor":10,"key":"SteroidPotion"},{"floor":16,"key":"Weak Potion"},{"floor":18,"key":"PowerPotion"},{"floor":20,"key":"Energy Potion"}],"is_trial":false,"path_per_floor":["M","$","M","M","?","E","R","M","T","M","E","?","M","M","R","B",null,"M","M","M","$","M","E","R","?","T","R","?","$","R","E","R","B"],"character_chosen":"DEFECT","items_purchased":["Doom and Gloom","Glacier","Lee\u0027s Waffle"],"campfire_rested":1,"item_purchase_floors":[2,21,21],"current_hp_per_floor":[75,75,75,69,69,49,49,49,49,47,35,35,35,35,35,13,75,72,72,72,82,79,53,53,53,53,53,42,42,42,40,64,0,0],"gold":67,"neow_bonus":"BOSS_RELIC","is_daily":false,"chose_seed":false,"campfire_upgraded":5,"win_rate":0.0,"timestamp":1607967579,"path_taken":["M","$","?","M","?","E","R","M","T","M","E","?","M","M","R","BOSS","M","M","?","$","M","E","R","?","T","R","?","?","R","E","R","BOSS"],"items_purchased_type":["Card","Card","Relic"],"build_version":"2020-12-13","purchased_purges":2,"victory":false,"max_hp_per_floor":[75,75,75,75,75,75,75,75,75,75,75,75,75,75,75,75,75,75,75,75,82,82,82,82,82,82,82,82,82,82,82,82,82,82],"relic_stats":{"Centennial Puzzle":[25],"Lee\u0027s Waffle":10,"counters":[19,114],"Shuriken":[11],"Blue Candle":[0],"StoneCalendar":[32],"Cursed Key":0,"obtain_stats":[{"Lee\u0027s Waffle":21,"Blue Candle":28,"StoneCalendar":28,"Hammer of Thor":0,"Seething Fire":0,"Cursed Key":0,"Akabeko":23,"Centennial Puzzle":6,"Anvil of the Gods":0,"Shuriken":11,"Cracked Core":0,"StrikeDummy":31,"Runic Pyramid":17},{"Lee\u0027s Waffle":13,"Blue Candle":17,"StoneCalendar":17,"Hammer of Thor":0,"Seething Fire":0,"Cursed Key":0,"Akabeko":15,"Centennial Puzzle":4,"Anvil of the Gods":0,"Shuriken":7,"Cracked Core":0,"StrikeDummy":18,"Runic Pyramid":10},{"Lee\u0027s Waffle":65,"Blue Candle":87,"StoneCalendar":87,"Hammer of Thor":0,"Seething Fire":0,"Cursed Key":0,"Akabeko":80,"Centennial Puzzle":11,"Anvil of the Gods":0,"Shuriken":27,"Cracked Core":0,"StrikeDummy":91,"Runic Pyramid":48}]},"card_choices":[{"not_picked":["Turbo","Recycle"],"picked":"Leap","floor":1},{"not_picked":["Recycle","Sweeping Beam"],"picked":"Genetic Algorithm","floor":3},{"not_picked":["Rip and Tear","Sweeping Beam"],"picked":"Cold Snap","floor":4},{"not_picked":["Sweeping Beam","Recycle"],"picked":"Glacier","floor":6},{"not_picked":["Conserve Battery","Auto Shields","Sweeping Beam"],"picked":"SKIP","floor":8},{"not_picked":["Rip and Tear","Chaos","Turbo"],"picked":"SKIP","floor":10},{"not_picked":["Rip and Tear","Undo"],"picked":"Coolheaded","floor":11},{"not_picked":["Beam Cell","Hologram","Streamline"],"picked":"SKIP","floor":13},{"not_picked":["Reprogram","Conserve Battery"],"picked":"Cold Snap","floor":14},{"not_picked":["Machine Learning","Seek"],"picked":"Electrodynamics","floor":16},{"not_picked":["Barrage","Scrape"],"picked":"Hologram+1","floor":18},{"not_picked":["Turbo","Coolheaded"],"picked":"Double Energy","floor":19},{"not_picked":["Aggregate","Steam"],"picked":"Genetic Algorithm+1","floor":20},{"not_picked":["Doom and Gloom","Auto Shields","Streamline+1"],"picked":"SKIP","floor":22},{"not_picked":["Force Field+1","Recycle+1"],"picked":"Buffer","floor":23},{"not_picked":["Heatsinks","Rebound+1"],"picked":"Coolheaded+1","floor":31}],"player_experience":663879,"relics_obtained":[{"floor":6,"key":"Centennial Puzzle"},{"floor":11,"key":"Shuriken"},{"floor":23,"key":"Akabeko"},{"floor":28,"key":"StoneCalendar"},{"floor":28,"key":"Blue Candle"},{"floor":31,"key":"StrikeDummy"}],"event_choices":[{"cards_removed":["Strike_B"],"damage_healed":0,"gold_gain":0,"player_choice":"Card Removal","damage_taken":0,"max_hp_gain":0,"max_hp_loss":0,"event_name":"The Cleric","floor":5,"gold_loss":50},{"damage_healed":0,"gold_gain":0,"player_choice":"Cursed","damage_taken":0,"max_hp_gain":0,"max_hp_loss":0,"event_name":"Wheel of Change","floor":12,"gold_loss":0,"cards_obtained":["Decay"]},{"damage_healed":0,"gold_gain":0,"player_choice":"Fight","damage_taken":0,"max_hp_gain":0,"max_hp_loss":0,"event_name":"Colosseum","floor":28,"gold_loss":0},{"damage_healed":0,"gold_gain":0,"player_choice":"Fought Nobs","damage_taken":0,"max_hp_gain":0,"max_hp_loss":0,"event_name":"Colosseum","floor":28,"gold_loss":0}],"is_beta":false,"boss_relics":[{"not_picked":["Coffee Dripper","SacredBark"],"picked":"Runic Pyramid"}],"items_purged_floors":[21,29],"is_endless":false,"potions_floor_spawned":[4,8,10,16,18,20,23],"killed_by":"Champ","ascension_level":0}}