{"host":"k0kjm4m87pwj4phr","time":1607955500,"event":{"mods":["BaseMod","Colored Map","Colored Powertips","Downfall","Minty Spire (QoL Compilation)","Permanent Neow","Prisma Mod","Quick Restart","Relic Stats","StSLib","óô»ðÖ¸ÄÏ"],"gold_per_floor":[99,124,124,141,141,141,166,197,122,159,178,190,214,232,261,365,437,362,390,404,150,150,184,184,215,187,227,246,255,279,132,150,260,260,185,232,247,247,295,295,318,364,364,401,410,426,38,47,67,67,67,111,36,36,36],"floor_reached":56,"playtime":2681,"items_purged":["Pain"],"score":1585,"play_id":"cd041442-5ef8-475c-b20c-26f3bf22329f","local_time":"20201214221820","is_ascension_mode":true,"campfire_choices":[{"data":"expansioncontent:FaceSlap","floor":1.0,"key":"SMITH"},{"data":"Guardian:TwinSlam","floor":6,"key":"SMITH"},{"floor":9,"key":"RECALL"},{"data":"Guardian:BaubleBeam","floor":18,"key":"SMITH"},{"data":"Guardian:ExploitGems","floor":22,"key":"SMITH"},{"data":"Guardian:FierceBash","floor":35,"key":"SMITH"},{"data":"Guardian:FastForward","floor":38,"key":"SMITH"},{"data":"Guardian:FloatingOrbs","floor":40,"key":"SMITH"},{"data":"Guardian:ShieldCharger","floor":43,"key":"SMITH"},{"data":"Guardian:PrismaticBarrier","floor":54,"key":"SMITH"}],"circlet_count":0,"master_deck":["Guardian:CurlUp","Guardian:TwinSlam+1","expansioncontent:FaceSlap+1","Guardian:Incinerate+1","Guardian:Planning","Guardian:RevengeProtocol","Guardian:BronzeOrb","Guardian:BaubleBeam+1","Guardian:FloatingOrbs+1","Guardian:DecasProtection","Guardian:SpikerProtocol","Guardian:ShieldCharger+1","Guardian:PrismaticBarrier+1","Guardian:PrimingBeam+1","Guardian:FastForward+1","Guardian:ExploitGems+1","Guardian:Planning+1","Guardian:EvasiveProtocol+1","Guardian:FierceBash+1","Guardian:Planning","Necronomicurse","Guardian:TimeSifter+1","Guardian:GemFinder+1","Guardian:Orbwalk+1","Guardian:Gem_Red","Guardian:TimeSifter+1","Panache+1","Guardian:Orbwalk+1","Guardian:GemFinder+1"],"relics":["Guardian:ModeShifter","Lantern","downfall:HeartBlessingBlue","CeramicFish","Guardian:PocketSentry","Pandora\u0027s Box","downfall:HeartBlessingRed","Guardian:DefensiveModeMoreBlock","Matryoshka","Letter Opener","Pen Nib","Whetstone","Strawberry","Frozen Egg 2","Art of War","Necronomicon","Runic Dome","downfall:HeartBlessingGreen","Potion Belt","Ice Cream","Happy Flower","Juzu Bracelet","Gremlin Horn","Regal Pillow","OrangePellets","WarpedTongs","TheAbacus","Mercury Hourglass"],"acts_visited":["Exordium","TheCity","TheBeyond","TheEnding"],"potions_floor_usage":[33,33,55],"damage_taken":[{"damage":27.0,"enemies":"3 Sentries","floor":2.0,"turns":12.0},{"damage":0,"enemies":"2 Louse","floor":4,"turns":2},{"damage":11,"enemies":"Lagavulin","floor":8,"turns":5},{"damage":7,"enemies":"Gremlin Nob","floor":10,"turns":4},{"damage":0,"enemies":"Small Slimes","floor":11,"turns":3},{"damage":0,"enemies":"Cultist","floor":12,"turns":2},{"damage":12,"enemies":"Exordium Thugs","floor":15,"turns":3},{"damage":8,"enemies":"downfall:Silent","floor":16,"turns":7},{"damage":9,"enemies":"Gremlin Leader","floor":19,"turns":4},{"damage":3,"enemies":"3 Byrds","floor":20,"turns":3},{"damage":3,"enemies":"downfall:FleeingMerchant","floor":21,"turns":4},{"damage":0,"enemies":"Slavers","floor":23,"turns":3},{"damage":13,"enemies":"Book of Stabbing","floor":25,"turns":4},{"damage":0,"enemies":"downfall:FleeingMerchant","floor":26,"turns":4},{"damage":9,"enemies":"Gremlin Leader","floor":27,"turns":4},{"damage":7,"enemies":"Shell Parasite","floor":28,"turns":2},{"damage":0,"enemies":"Cultist and Chosen","floor":30,"turns":3},{"damage":1,"enemies":"Snake Plant","floor":32,"turns":3},{"damage":34,"enemies":"downfall:Ironclad","floor":33,"turns":6},{"damage":19,"enemies":"Nemesis","floor":36,"turns":7},{"damage":13,"enemies":"3 Shapes","floor":37,"turns":3},{"damage":10,"enemies":"2 Orb Walkers","floor":39,"turns":4},{"damage":12,"enemies":"Reptomancer","floor":42,"turns":3},{"damage":3,"enemies":"Nemesis","floor":44,"turns":3},{"damage":2,"enemies":"3 Darklings","floor":46,"turns":3},{"damage":16,"enemies":"Jaw Worm Horde","floor":49,"turns":4},{"damage":6,"enemies":"downfall:Defect","floor":50,"turns":5},{"damage":31,"enemies":"downfall:CharBossMerchant","floor":52,"turns":5},{"damage":12,"enemies":"downfall:NeowBoss","floor":55,"turns":13}],"seed_played":"-5846867593521583747","potions_obtained":[{"floor":2.0,"key":"Fire Potion"},{"floor":10,"key":"LiquidBronze"},{"floor":11,"key":"hexamod:EctoCoolerPotion"},{"floor":39,"key":"DistilledChaos"},{"floor":46,"key":"BlessingOfTheForge"},{"floor":49,"key":"hexamod:EctoCoolerPotion"}],"is_trial":false,"path_per_floor":["R","E","?","M","?","R","T","E","R","E","M","M","T","?","M","B",null,"R","E","M","$","R","E","T","E","$","E","M","?","M","$","M","B",null,"R","E","M","R","?","R","T","E","R","E","?","M","$","?","M","B",null,"E","$","R","B",null],"character_chosen":"GUARDIAN","items_purchased":["Matryoshka","Frozen Egg 2","Guardian:EvasiveProtocol+1","Guardian:Gem_Red","Guardian:TimeSifter+1","Panache+1","Guardian:Orbwalk+1","OrangePellets"],"campfire_rested":0,"item_purchase_floors":[21,26,26,26,31,47,47,47],"current_hp_per_floor":[80,53,53,53,53,53,53,42,52,45,45,45,45,45,33,25,90,90,81,78,75,75,75,75,69,69,60,53,37,37,37,36,2,97,97,78,65,65,55,55,55,43,43,40,40,38,38,38,22,16,97,66,66,66,54],"gold":36,"neow_bonus":"RANDOM_COLORLESS","is_daily":false,"chose_seed":false,"campfire_upgraded":9,"win_rate":0.0,"timestamp":1607955500,"path_taken":["R","E","?","M","?","R","T","E","R","E","?","M","?","?","M","BOSS","R","E","?","$","R","E","T","E","$","E","?","?","M","$","M","BOSS","R","E","M","R","?","R","T","E","R","E","?","M","$","?","M","BOSS","E","$","R","BOSS"],"items_purchased_type":["Relic","Relic","Card","Card","Card","Card","Card","Relic"],"build_version":"2020-12-13","purchased_purges":1,"victory":true,"max_hp_per_floor":[80,80,80,80,80,80,80,80,90,90,90,90,90,90,90,90,90,90,90,90,90,90,90,90,97,97,97,97,97,97,97,97,97,97,97,97,97,97,97,97,97,97,97,97,97,97,97,97,97,97,97,97,97,97,97],"relic_stats":{"Regal Pillow":0,"Happy Flower":[12],"Gremlin Horn":[7,7],"counters":[29,127],"CeramicFish":333,"Pen Nib":[26],"Juzu Bracelet":1,"Letter Opener":[217],"Whetstone":["Guardian:PrimingBeam","Guardian:Incinerate"],"WarpedTongs":[25],"Mercury Hourglass":[30],"OrangePellets":[14],"TheAbacus":[30],"Pandora\u0027s Box":["Guardian:FloatingOrbs","Guardian:DecasProtection","Guardian:Gem_Crimson","Guardian:SpikerProtocol","Guardian:ShieldCharger","Guardian:PrismaticBarrier","Guardian:PrimingBeam","Guardian:FastForward"],"Art of War":[4],"Necronomicon":[28],"obtain_stats":[{"Ice Cream":39,"Lantern":2,"Regal Pillow":44,"Gremlin Horn":42,"CeramicFish":10,"downfall:HeartBlessingGreen":35,"Juzu Bracelet":41,"Whetstone":24,"Matryoshka":21,"TheAbacus":52,"downfall:HeartBlessingBlue":9,"Strawberry":25,"Necronomicon":29,"Guardian:DefensiveModeMoreBlock":19,"Potion Belt":36,"downfall:HeartBlessingRed":18,"Happy Flower":41,"Guardian:ModeShifter":0,"Pen Nib":24,"Guardian:PocketSentry":13,"Letter Opener":23,"Frozen Egg 2":26,"WarpedTongs":48,"Mercury Hourglass":52,"Runic Dome":34,"OrangePellets":47,"Pandora\u0027s Box":17,"Art of War":27},{"Ice Cream":22,"Lantern":1,"Regal Pillow":24,"Gremlin Horn":23,"CeramicFish":4,"downfall:HeartBlessingGreen":19,"Juzu Bracelet":22,"Whetstone":12,"Matryoshka":11,"TheAbacus":28,"downfall:HeartBlessingBlue":3,"Strawberry":13,"Necronomicon":16,"Guardian:DefensiveModeMoreBlock":9,"Potion Belt":20,"downfall:HeartBlessingRed":8,"Happy Flower":22,"Guardian:ModeShifter":0,"Pen Nib":12,"Guardian:PocketSentry":6,"Letter Opener":12,"Frozen Egg 2":14,"WarpedTongs":25,"Mercury Hourglass":28,"Runic Dome":19,"OrangePellets":25,"Pandora\u0027s Box":8,"Art of War":15},{"Ice Cream":91,"Lantern":12,"Regal Pillow":97,"Gremlin Horn":94,"CeramicFish":23,"downfall:HeartBlessingGreen":77,"Juzu Bracelet":91,"Whetstone":51,"Matryoshka":48,"TheAbacus":114,"downfall:HeartBlessingBlue":19,"Strawberry":55,"Necronomicon":65,"Guardian:DefensiveModeMoreBlock":42,"Potion Belt":84,"downfall:HeartBlessingRed":38,"Happy Flower":91,"Guardian:ModeShifter":0,"Pen Nib":51,"Guardian:PocketSentry":28,"Letter Opener":51,"Frozen Egg 2":59,"WarpedTongs":100,"Mercury Hourglass":114,"Runic Dome":77,"OrangePellets":100,"Pandora\u0027s Box":38,"Art of War":63}]},"card_choices":[{"not_picked":["expansioncontent:HyperBeam","expansioncontent:SuperHexaguard"],"picked":"expansioncontent:FaceSlap","floor":0.0},{"not_picked":["Guardian:CrystalBeam","Guardian:PolyBeam"],"picked":"Guardian:Gem_Purple","floor":2.0},{"not_picked":["Guardian:CrystalBeam","Guardian:TimeCapacitor"],"picked":"Guardian:Incinerate","floor":4},{"not_picked":["Guardian:TimeBomb","Guardian:DonusPower"],"picked":"Guardian:Planning","floor":8},{"not_picked":["Guardian:RollAttack","Guardian:TemporalShield"],"picked":"Guardian:RevengeProtocol","floor":10},{"not_picked":["Guardian:Reroute","Guardian:Gem_Red"],"picked":"Guardian:Gem_Fragmented","floor":11},{"not_picked":["Guardian:BronzeArmor","Guardian:Suspension","Guardian:GuardianWhirl"],"picked":"SKIP","floor":12},{"not_picked":["Guardian:Preprogram","Guardian:CrystalBeam"],"picked":"Guardian:BronzeOrb","floor":15},{"not_picked":["Guardian:Gem_Orange","Guardian:StasisEngine"],"picked":"Guardian:BaubleBeam","floor":16},{"not_picked":["Guardian:Reroute","Guardian:TimeBomb","Guardian:Gem_Blue"],"picked":"SKIP","floor":19},{"not_picked":["Guardian:Suspension","Guardian:MultiBeam","Guardian:CrystalBeam"],"picked":"SKIP","floor":20},{"not_picked":["Guardian:Reroute","Guardian:Gem_Fragmented"],"picked":"Guardian:ExploitGems","floor":21},{"not_picked":["Guardian:Reroute","Guardian:Gem_Crimson"],"picked":"Guardian:Planning+1","floor":23},{"not_picked":["Guardian:PiercingHide","Guardian:Suspension","Guardian:ChargeCore+1"],"picked":"SKIP","floor":25},{"not_picked":["Guardian:PiercingHide","Guardian:Preprogram+1"],"picked":"Guardian:Gem_Purple","floor":26},{"not_picked":["Guardian:BronzeArmor","Guardian:WalkerClaw"],"picked":"Guardian:FierceBash","floor":27},{"not_picked":["Guardian:PiercingHide+1","Guardian:CrystalBeam"],"picked":"Guardian:Planning","floor":28},{"not_picked":["Guardian:DonusPower","Guardian:ShieldSpikes"],"picked":"Guardian:Gem_Blue","floor":30},{"not_picked":["Guardian:TemporalStrike","Guardian:PiercingHide","Guardian:RollAttack"],"picked":"SKIP","floor":32},{"not_picked":["Guardian:ConstructionForm+1","Guardian:ExploitGems"],"picked":"Guardian:GemFinder+1","floor":33},{"not_picked":["Guardian:Gem_Cyan","Guardian:Gem_Green"],"picked":"Guardian:Gem_Lightblue","floor":36},{"not_picked":["Guardian:PolyBeam","Guardian:RollAttack+1"],"picked":"Guardian:Orbwalk+1","floor":36},{"not_picked":["Guardian:ChargeCore","Guardian:TemporalShield+1","Guardian:MultiBeam"],"picked":"SKIP","floor":37},{"not_picked":["Guardian:Gem_Cyan","Guardian:Gem_Lightblue"],"picked":"Guardian:Gem_Red","floor":42},{"not_picked":["Guardian:RollAttack+1","Guardian:BronzeArmor"],"picked":"Guardian:Gem_Fragmented","floor":42},{"not_picked":["Guardian:Gem_Lightblue","Guardian:Gem_Green"],"picked":"Guardian:Gem_Red","floor":44},{"not_picked":["Guardian:ChargeCore+1","Guardian:Planning","Guardian:PrimingBeam+1"],"picked":"SKIP","floor":44},{"not_picked":["Guardian:Incinerate+1","Guardian:TemporalStrike+1","Guardian:ShieldCharger+1"],"picked":"SKIP","floor":46},{"not_picked":["Guardian:Gem_Green","Guardian:Gem_Lightblue"],"picked":"Guardian:Gem_Red","floor":49},{"not_picked":["Guardian:TemporalShield","Guardian:ChargeCore","Guardian:CrystalBeam"],"picked":"SKIP","floor":49},{"not_picked":["Guardian:Gem_Lightblue","Guardian:Gem_Green"],"picked":"Guardian:Gem_Red","floor":52},{"not_picked":["Guardian:Gem_Green","Guardian:RollAttack"],"picked":"Guardian:GemFinder+1","floor":52}],"player_experience":433957,"relics_obtained":[{"floor":2.0,"key":"Lantern"},{"floor":10,"key":"CeramicFish"},{"floor":13,"key":"Guardian:PocketSentry"},{"floor":19,"key":"Guardian:DefensiveModeMoreBlock"},{"floor":23,"key":"Letter Opener"},{"floor":24,"key":"Pen Nib"},{"floor":24,"key":"Whetstone"},{"floor":25,"key":"Strawberry"},{"floor":27,"key":"Art of War"},{"floor":29,"key":"Necronomicon"},{"floor":36,"key":"Potion Belt"},{"floor":39,"key":"Ice Cream"},{"floor":41,"key":"Happy Flower"},{"floor":41,"key":"Juzu Bracelet"},{"floor":42,"key":"Gremlin Horn"},{"floor":44,"key":"Regal Pillow"},{"floor":52,"key":"TheAbacus"},{"floor":52,"key":"Mercury Hourglass"}],"event_choices":[{"damage_healed":0,"gold_gain":0,"player_choice":"Fled","damage_taken":0,"max_hp_gain":0,"max_hp_loss":0,"event_name":"Scrap Ooze","floor":3,"gold_loss":0},{"damage_healed":0,"gold_gain":0,"player_choice":"Fight","damage_taken":0,"max_hp_gain":0,"max_hp_loss":0,"event_name":"Mysterious Sphere","floor":39,"gold_loss":0},{"damage_healed":0,"gold_gain":0,"player_choice":"Copied","damage_taken":0,"max_hp_gain":0,"max_hp_loss":0,"event_name":"Duplicator","floor":45,"gold_loss":0,"cards_obtained":["Guardian:TimeSifter"]}],"is_beta":false,"boss_relics":[{"not_picked":["Snecko Eye","SlaversCollar"],"picked":"Pandora\u0027s Box"},{"not_picked":["SacredBark","Velvet Choker"],"picked":"Runic Dome"}],"items_purged_floors":[53],"is_endless":false,"potions_floor_spawned":[2,10,11,16,20,25,28,30,39,46,49],"ascension_level":2}}