{"host":"1tl36azeqm6yhdgj","time":1607947124,"event":{"mods":["AchievementEnabler","BaseMod","Minty Spire (QoL Compilation)","StSLib","The IronCluck","everything is the same but u backflip on backflip"],"gold_per_floor":[113,113,113,113,128,128,160,180,180,206,223,223,223],"floor_reached":12,"playtime":384,"items_purged":[],"score":136,"play_id":"0e3a7b09-97e6-4fb7-9c5b-4415306622e8","local_time":"20201214065844","is_ascension_mode":true,"campfire_choices":[{"data":"Apotheosis","floor":6.0,"key":"SMITH"}],"circlet_count":0,"master_deck":["AscendersBane","Strike_R","Strike_R","Strike_R","Defend_R","Defend_R","Defend_R","Defend_R","Bash","Apotheosis+1","Shockwave","Thunderclap","Cleave","Spot Weakness"],"relics":["Burning Blood","Singing Bowl","Frozen Egg 2","Mercury Hourglass"],"acts_visited":["Exordium"],"potions_floor_usage":[7,12],"damage_taken":[{"damage":2.0,"enemies":"Cultist","floor":1.0,"turns":4.0},{"damage":4.0,"enemies":"Jaw Worm","floor":5.0,"turns":4.0},{"damage":47,"enemies":"3 Sentries","floor":7,"turns":12},{"damage":0,"enemies":"2 Louse","floor":8,"turns":2},{"damage":28,"enemies":"Gremlin Nob","floor":10,"turns":5},{"damage":10,"enemies":"Exordium Thugs","floor":11,"turns":4},{"damage":14,"enemies":"3 Sentries","floor":12,"turns":2}],"seed_played":"8369434600521501093","potions_obtained":[{"floor":5.0,"key":"Swift Potion"},{"floor":11,"key":"Fire Potion"}],"is_trial":false,"path_per_floor":["M","?","?","?","M","R","E","M","T","E","M","E"],"character_chosen":"IRONCLAD","items_purchased":[],"campfire_rested":0,"item_purchase_floors":[],"current_hp_per_floor":[72,65,70,70,72,72,31,39,39,17,13,0,0],"gold":223,"neow_bonus":"RANDOM_COLORLESS_2","is_daily":false,"chose_seed":false,"campfire_upgraded":1,"win_rate":0.0,"timestamp":1607947124,"path_taken":["M","?","?","?","M","R","E","M","T","E","M","E"],"items_purchased_type":[],"build_version":"2020-12-13","purchased_purges":0,"victory":false,"max_hp_per_floor":[72,72,77,77,77,77,77,79,79,79,79,79,79],"card_choices":[{"not_picked":["Metamorphosis","Panache"],"picked":"Apotheosis","floor":0.0},{"not_picked":["Headbutt","Armaments","Twin Strike"],"picked":"SKIP","floor":1.0},{"not_picked":["Power Through","Combust"],"picked":"Shockwave","floor":5.0},{"not_picked":["Armaments","Brutality"],"picked":"Thunderclap","floor":7},{"not_picked":["Wild Strike","Battle Trance","Power Through"],"picked":"Singing Bowl","floor":8},{"not_picked":["Rage","Flex"],"picked":"Cleave","floor":10},{"not_picked":["Twin Strike","Intimidate"],"picked":"Spot Weakness","floor":11}],"player_experience":1923411,"relics_obtained":[{"floor":7,"key":"Singing Bowl"},{"floor":9,"key":"Frozen Egg 2"},{"floor":10,"key":"Mercury Hourglass"}],"event_choices":[{"cards_removed":["Strike_R"],"damage_healed":0.0,"max_hp_gain":0.0,"max_hp_loss":0.0,"gold_gain":0.0,"event_name":"Golden Wing","player_choice":"Card Removal","floor":2.0,"gold_loss":0.0,"damage_taken":7.0},{"damage_healed":0.0,"max_hp_gain":5.0,"max_hp_loss":0.0,"gold_gain":0.0,"event_name":"Big Fish","player_choice":"Donut","floor":3.0,"gold_loss":0.0,"damage_taken":0.0},{"cards_removed":["Strike_R"],"damage_healed":0.0,"max_hp_gain":0.0,"max_hp_loss":0.0,"gold_gain":0.0,"event_name":"Purifier","player_choice":"Purged","floor":4.0,"gold_loss":0.0,"damage_taken":0.0}],"is_beta":false,"boss_relics":[],"items_purged_floors":[],"is_endless":false,"potions_floor_spawned":[5,11],"killed_by":"3 Sentries","ascension_level":11}}