{"host":"og6lam4kt3nibbw0","time":1607990173,"event":{"mods":["AchievementEnabler","BaseMod","Colored Map","DeckTracker","Highlight Path","Keyboard Shortcuts","Minty Spire (QoL Compilation)","Permanent Neow","Quick Restart","StSLib","SuperFastMode"],"gold_per_floor":[10,10,23,98,111,146,146,158,182,244,77,77,104,115,115,189,189,202,213,213,213,213,244,244,244,244,244,244,244,244,244,244,322,322,322,647,647,660,328,363,376,376,400,400,400,428,445,113,113,113,113],"floor_reached":52,"playtime":510,"items_purged":[],"score":2526,"play_id":"c54ff5bb-a5ad-49c1-8270-1b46ca16bf5a","local_time":"20201215085613","is_ascension_mode":true,"campfire_choices":[{"data":"Grand Finale","floor":7,"key":"SMITH"},{"data":"Tactician","floor":15,"key":"SMITH"},{"floor":24,"key":"REST"},{"data":"Acrobatics","floor":27,"key":"SMITH"},{"floor":29,"key":"REST"},{"floor":32,"key":"RECALL"},{"data":"Acrobatics","floor":42,"key":"SMITH"},{"floor":44,"key":"REST"},{"floor":49,"key":"REST"}],"circlet_count":0,"master_deck":["Grand Finale+1","Acrobatics+1","Acrobatics+1","CurseOfTheBell"],"relics":["Ring of the Snake","TungstenRod","Snake Skull","Vajra","Lantern","Blood Vial","CaptainsWheel","Bag of Marbles","Calling Bell","CeramicFish","Eternal Feather","Ginger","Ice Cream","Akabeko","HoveringKite","Old Coin","Sling","Art of War","Tough Bandages","Whetstone","Oddly Smooth Stone","Membership Card","Unceasing Top"],"acts_visited":["Exordium","TheCity","TheBeyond"],"potions_floor_usage":[16,46],"damage_taken":[{"damage":0,"enemies":"Small Slimes","floor":1,"turns":1},{"damage":0,"enemies":"Jaw Worm","floor":3,"turns":1},{"damage":0,"enemies":"Cultist","floor":5,"turns":1},{"damage":0,"enemies":"Gremlin Nob","floor":6,"turns":1},{"damage":0,"enemies":"Exordium Thugs","floor":8,"turns":1},{"damage":0,"enemies":"3 Sentries","floor":10,"turns":1},{"damage":0,"enemies":"3 Sentries","floor":13,"turns":1},{"damage":0,"enemies":"Large Slime","floor":14,"turns":1},{"damage":0,"enemies":"Hexaghost","floor":16,"turns":1},{"damage":0,"enemies":"3 Byrds","floor":18,"turns":1},{"damage":0,"enemies":"Chosen","floor":19,"turns":1},{"damage":0,"enemies":"Slavers","floor":23,"turns":1},{"damage":0,"enemies":"Centurion and Healer","floor":25,"turns":1},{"damage":0,"enemies":"Shelled Parasite and Fungi","floor":30,"turns":1},{"damage":0,"enemies":"Sentry and Sphere","floor":31,"turns":1},{"damage":0,"enemies":"Champ","floor":33,"turns":1},{"damage":0,"enemies":"3 Darklings","floor":35,"turns":1},{"damage":0,"enemies":"Mind Bloom Boss Battle","floor":36,"turns":1},{"damage":0,"enemies":"Orb Walker","floor":38,"turns":1},{"damage":0,"enemies":"Reptomancer","floor":40,"turns":1},{"damage":0,"enemies":"Spire Growth","floor":41,"turns":1},{"damage":0,"enemies":"Nemesis","floor":46,"turns":1},{"damage":0,"enemies":"Maw","floor":47,"turns":1},{"damage":0,"enemies":"Awakened One","floor":50,"turns":2},{"damage":0,"enemies":"Time Eater","floor":51,"turns":1}],"seed_played":"7784370936680581590","potions_obtained":[{"floor":3,"key":"Fire Potion"},{"floor":5,"key":"GhostInAJar"},{"floor":18,"key":"SkillPotion"},{"floor":46,"key":"Fruit Juice"}],"is_trial":false,"path_per_floor":["M","?","M","?","M","E","R","M","T","?","$","T","E","M","R","B",null,"M","M","$","?","?","E","R","M","T","R","$","R","M","M","R","B",null,"M","?","?","M","$","E","M","R","T","R","?","E","M","$","R","B","B",null],"character_chosen":"THE_SILENT","items_purchased":["Blood Vial","Sling","Art of War","Membership Card","Unceasing Top"],"campfire_rested":4,"item_purchase_floors":[11,39,39,48,48],"current_hp_per_floor":[59,59,59,49,49,49,49,49,49,49,49,49,51,53,53,55,63,65,66,66,66,49,51,71,71,71,71,71,71,71,71,71,71,71,71,71,71,71,71,71,71,71,71,71,71,76,76,76,76,76,76],"gold":113,"neow_bonus":"ONE_RARE_RELIC","is_daily":false,"chose_seed":false,"campfire_upgraded":4,"win_rate":0.0,"timestamp":1607990173,"path_taken":["M","?","M","?","M","E","R","M","T","?","$","?","E","M","R","BOSS","M","?","$","?","?","E","R","M","T","R","?","R","?","M","R","BOSS","M","?","?","M","$","E","M","R","T","R","?","E","M","$","R","BOSS","BOSS"],"items_purchased_type":["Relic","Relic","Relic","Relic","Relic"],"build_version":"2020-12-13","purchased_purges":0,"victory":true,"max_hp_per_floor":[66,66,66,66,66,66,66,66,66,66,66,66,66,66,66,66,66,66,66,66,66,71,71,71,71,71,71,71,71,71,71,71,71,71,71,71,71,71,71,71,71,71,71,71,71,76,76,76,76,76,76],"card_choices":[{"not_picked":["Dagger Throw","Predator","Outmaneuver"],"picked":"SKIP","floor":1},{"not_picked":["PiercingWail","Tactician","Bane"],"picked":"SKIP","floor":3},{"not_picked":["Dagger Spray","Deflect","Cloak And Dagger"],"picked":"SKIP","floor":5},{"not_picked":["Cloak And Dagger","A Thousand Cuts","Backstab"],"picked":"SKIP","floor":6},{"not_picked":["Dagger Spray","Blade Dance","Escape Plan"],"picked":"SKIP","floor":8},{"not_picked":["Distraction","Calculated Gamble","Tactician"],"picked":"SKIP","floor":13},{"not_picked":["Quick Slash","Blade Dance","Bane"],"picked":"SKIP","floor":14},{"not_picked":["Acrobatics","Underhanded Strike","Flying Knee"],"picked":"SKIP","floor":18},{"not_picked":["Caltrops","Dodge and Roll","Prepared"],"picked":"SKIP","floor":19},{"not_picked":["Deflect","Bane","Riddle With Holes"],"picked":"SKIP","floor":23},{"not_picked":["Heel Hook+1","Backflip","Underhanded Strike"],"picked":"SKIP","floor":25},{"not_picked":["Eviscerate","Skewer","Dagger Spray"],"picked":"SKIP","floor":30},{"not_picked":["Deadly Poison","Dagger Throw","Unload"],"picked":"SKIP","floor":31},{"not_picked":["Cloak And Dagger","Outmaneuver","Masterful Stab+1"],"picked":"SKIP","floor":35},{"not_picked":["Predator+1","Poisoned Stab","Bane"],"picked":"SKIP","floor":38},{"not_picked":["Underhanded Strike","Die Die Die","Prepared"],"picked":"SKIP","floor":40},{"not_picked":["Distraction+1","Flying Knee","Outmaneuver"],"picked":"SKIP","floor":41},{"not_picked":["Deflect","Slice","Prepared+1"],"picked":"SKIP","floor":46},{"not_picked":["Accuracy","Distraction+1","Calculated Gamble"],"picked":"SKIP","floor":47}],"player_experience":748810,"relics_obtained":[{"floor":6,"key":"Snake Skull"},{"floor":9,"key":"Vajra"},{"floor":10,"key":"Lantern"},{"floor":12,"key":"CaptainsWheel"},{"floor":13,"key":"Bag of Marbles"},{"floor":17,"key":"CeramicFish"},{"floor":17,"key":"Eternal Feather"},{"floor":17,"key":"Ginger"},{"floor":23,"key":"Ice Cream"},{"floor":26,"key":"Akabeko"},{"floor":36,"key":"Old Coin"},{"floor":40,"key":"Tough Bandages"},{"floor":43,"key":"Whetstone"},{"floor":46,"key":"Oddly Smooth Stone"}],"event_choices":[{"damage_healed":0,"gold_gain":0,"player_choice":"Ignored","damage_taken":0,"max_hp_gain":0,"max_hp_loss":0,"event_name":"Golden Idol","floor":2,"gold_loss":0},{"damage_healed":0,"gold_gain":75,"player_choice":"Gather Gold","damage_taken":11,"max_hp_gain":0,"max_hp_loss":0,"event_name":"World of Goop","floor":4,"gold_loss":0},{"damage_healed":0,"gold_gain":0,"player_choice":"Searched \u00271\u0027 times","damage_taken":0,"max_hp_gain":0,"max_hp_loss":0,"event_name":"Dead Adventurer","floor":10,"gold_loss":0},{"damage_healed":0,"gold_gain":0,"player_choice":"Simplicity","damage_taken":0,"max_hp_gain":0,"max_hp_loss":0,"event_name":"Back to Basics","floor":21,"gold_loss":0,"cards_upgraded":[]},{"damage_healed":0,"gold_gain":0,"player_choice":"Shed Blood","damage_taken":23,"max_hp_gain":5,"max_hp_loss":0,"event_name":"Forgotten Altar","floor":22,"gold_loss":0},{"damage_healed":0,"gold_gain":0,"player_choice":"Fight","damage_taken":0,"max_hp_gain":0,"max_hp_loss":0,"event_name":"MindBloom","floor":36,"gold_loss":0},{"cards_removed":["Tactician"],"damage_healed":0,"gold_gain":0,"player_choice":"Removed Skill","damage_taken":0,"max_hp_gain":0,"max_hp_loss":0,"event_name":"Falling","floor":37,"gold_loss":0},{"damage_healed":0,"gold_gain":0,"player_choice":"Ignored","damage_taken":0,"max_hp_gain":0,"max_hp_loss":0,"event_name":"Purifier","floor":45,"gold_loss":0}],"is_beta":false,"boss_relics":[{"not_picked":["Empty Cage","Coffee Dripper"],"picked":"Calling Bell"},{"not_picked":["Fusion Hammer","Cursed Key"],"picked":"HoveringKite"}],"items_purged_floors":[],"is_endless":false,"potions_floor_spawned":[3,5,6,13,18,25,30,33,38,46],"ascension_level":20}}