{"host":"wha9hktbkslqvblg","time":1607925656,"event":{"mods":["BaseMod","Colored Map","Minty Spire (QoL Compilation)","Relic Stats","SuperFastMode","everything is the same but u backflip on backflip"],"gold_per_floor":[113,38,53,53,53,93,106,106,131,15,46,46,61,75,75,75,75],"floor_reached":16,"playtime":240,"items_purged":["Strike_R"],"score":270,"play_id":"e3a9b529-1373-4ca4-b244-c239bc97211c","local_time":"20201214150056","is_ascension_mode":true,"campfire_choices":[{"floor":12.0,"key":"REST"},{"data":"Wild Strike","floor":15.0,"key":"SMITH"}],"circlet_count":0,"master_deck":["AscendersBane","Strike_R","Strike_R","Strike_R","Defend_R","Defend_R","Defend_R","Defend_R","Bash","Flame Barrier+1","Body Slam+1","Evolve","Wild Strike+1"],"relics":["Burning Blood","NeowsBlessing","Golden Idol","Bag of Marbles","Potion Belt","WingedGreaves"],"acts_visited":["Exordium"],"potions_floor_usage":[16,16],"damage_taken":[{"damage":0.0,"enemies":"Jaw Worm","floor":1.0,"turns":1.0},{"damage":0.0,"enemies":"2 Louse","floor":3.0,"turns":1.0},{"damage":0.0,"enemies":"3 Sentries","floor":6.0,"turns":2.0},{"damage":9.0,"enemies":"Small Slimes","floor":7.0,"turns":5.0},{"damage":27.0,"enemies":"Lagavulin","floor":11.0,"turns":6.0},{"damage":16.0,"enemies":"Red Slaver","floor":13.0,"turns":6.0},{"damage":8.0,"enemies":"Blue Slaver","floor":14.0,"turns":4.0},{"damage":21,"enemies":"The Guardian","floor":16,"turns":7}],"seed_played":"-8259771456462022515","potions_obtained":[{"floor":1.0,"key":"LiquidBronze"},{"floor":7.0,"key":"SkillPotion"},{"floor":11.0,"key":"BloodPotion"}],"is_trial":false,"path_per_floor":["M","?","M","?","$","E","M","?","T","$","E","R","M","M","R","B"],"character_chosen":"IRONCLAD","items_purchased":["Evolve"],"campfire_rested":1,"item_purchase_floors":[10],"current_hp_per_floor":[74,74,75,49,49,55,52,29,29,29,8,30,20,18,18,12,12],"gold":75,"neow_bonus":"THREE_ENEMY_KILL","is_daily":false,"chose_seed":false,"campfire_upgraded":1,"win_rate":0.0,"timestamp":1607925656,"path_taken":["M","?","M","?","$","E","M","?","T","?","E","R","M","M","R","BOSS"],"items_purchased_type":["Card"],"build_version":"2020-12-13","purchased_purges":1,"victory":false,"max_hp_per_floor":[75,75,75,75,75,75,75,75,75,75,75,75,75,75,75,75,75],"relic_stats":{"counters":[8,32],"Golden Idol":23,"obtain_stats":[{"Potion Belt":9,"NeowsBlessing":0,"Golden Idol":4,"WingedGreaves":11,"Bag of Marbles":6,"Burning Blood":0},{"Potion Belt":4,"NeowsBlessing":0,"Golden Idol":2,"WingedGreaves":5,"Bag of Marbles":3,"Burning Blood":0},{"Potion Belt":9,"NeowsBlessing":0,"Golden Idol":2,"WingedGreaves":15,"Bag of Marbles":4,"Burning Blood":0}],"Burning Blood":37},"card_choices":[{"not_picked":["Metallicize","Ghostly Armor"],"picked":"Flame Barrier","floor":1.0},{"not_picked":["Shrug It Off","Searing Blow","Blood for Blood"],"picked":"SKIP","floor":3.0},{"not_picked":["Havoc","Rampage"],"picked":"Body Slam","floor":6.0},{"not_picked":["Infernal Blade","Warcry","Havoc"],"picked":"SKIP","floor":7.0},{"not_picked":["Combust","Exhume","Warcry"],"picked":"SKIP","floor":11.0},{"not_picked":["Cleave","Headbutt","Inflame"],"picked":"SKIP","floor":13.0},{"not_picked":["Whirlwind","Feel No Pain"],"picked":"Wild Strike","floor":14.0}],"player_experience":839524,"relics_obtained":[{"floor":6.0,"key":"Bag of Marbles"},{"floor":9.0,"key":"Potion Belt"},{"floor":11.0,"key":"WingedGreaves"}],"event_choices":[{"cards_removed":["Strike_R"],"damage_healed":0.0,"max_hp_gain":0.0,"max_hp_loss":0.0,"gold_gain":0.0,"event_name":"The Cleric","player_choice":"Card Removal","floor":2.0,"gold_loss":75.0,"damage_taken":0.0},{"damage_healed":0.0,"max_hp_gain":0.0,"max_hp_loss":0.0,"gold_gain":0.0,"event_name":"Golden Idol","player_choice":"Take Damage","floor":4.0,"gold_loss":0.0,"damage_taken":26.0,"relics_obtained":["Golden Idol"]},{"damage_healed":0.0,"max_hp_gain":0.0,"max_hp_loss":0.0,"gold_gain":0.0,"event_name":"Shining Light","player_choice":"Entered Light","floor":8.0,"gold_loss":0.0,"damage_taken":23.0,"cards_upgraded":["Flame Barrier","Body Slam"]}],"is_beta":false,"boss_relics":[],"items_purged_floors":[10],"is_endless":false,"potions_floor_spawned":[1,7,11],"killed_by":"The Guardian","ascension_level":20}}