{"host":"okln270zkafj6dck","time":1607977214,"event":{"mods":["BaseMod","Minty Spire (QoL Compilation)","Permanent Neow","Quick Restart","Relic Stats","StSLib","SuperFastMode"],"gold_per_floor":[111,121,134,144,155,155,185,185,209,209,228,244,271,291,291,389,389,407,424,436,436,446,446,472,472,472,472,472,505,521,540,540,638,638,653,669,306,306,306,316,316,362,362,362,381,381,414,424,424,424],"floor_reached":51,"playtime":2050,"items_purged":["Strike_G"],"score":833,"play_id":"808aabb5-322d-4766-8bca-b614c076e3ea","local_time":"20201214122014","is_ascension_mode":false,"campfire_choices":[{"data":"Dash","floor":6.0,"key":"SMITH"},{"data":"Bouncing Flask","floor":8,"key":"SMITH"},{"data":"Neutralize","floor":10,"key":"SMITH"},{"data":"Well Laid Plans","floor":15,"key":"SMITH"},{"data":"Acrobatics","floor":23,"key":"SMITH"},{"data":"Deadly Poison","floor":27,"key":"SMITH"},{"data":"Noxious Fumes","floor":32,"key":"SMITH"},{"data":"Burst","floor":41,"key":"SMITH"},{"data":"Leg Sweep","floor":44,"key":"SMITH"},{"data":"Glass Knife","floor":46,"key":"SMITH"},{"data":"PiercingWail","floor":49,"key":"SMITH"}],"circlet_count":0,"master_deck":["Strike_G","Defend_G","Defend_G","Defend_G+1","Defend_G","Defend_G+1","Survivor","Dash+1","Dagger Throw","Acrobatics+1","Bouncing Flask+1","Well Laid Plans+1","Glass Knife+1","Deadly Poison+1","Footwork+1","Leg Sweep+1","Noxious Fumes+1","Predator+1","Burst+1","Outmaneuver+1","Leg Sweep+1","Footwork+1","PiercingWail+1","Acrobatics+1","PiercingWail","Dark Shackles","Deadly Poison+1","Envenom","Leg Sweep","Parasite","Acrobatics+1"],"relics":["Snecko Eye","Snake Skull","War Paint","Orichalcum","Coffee Dripper","Nunchaku","Anchor","Bottled Flame","Astrolabe","Question Card","Ice Cream","Pantograph","Dream Catcher"],"acts_visited":["Exordium","TheCity","TheBeyond"],"potions_floor_usage":[7,22,24,45],"damage_taken":[{"damage":0.0,"enemies":"Small Slimes","floor":1.0,"turns":5.0},{"damage":0.0,"enemies":"Cultist","floor":2.0,"turns":4.0},{"damage":0.0,"enemies":"2 Louse","floor":3.0,"turns":3.0},{"damage":0.0,"enemies":"Large Slime","floor":4.0,"turns":5.0},{"damage":0.0,"enemies":"Exordium Wildlife","floor":5.0,"turns":4.0},{"damage":8,"enemies":"Gremlin Nob","floor":7,"turns":4},{"damage":2,"enemies":"2 Fungi Beasts","floor":11,"turns":3},{"damage":0,"enemies":"Looter","floor":12,"turns":2},{"damage":0,"enemies":"3 Sentries","floor":13,"turns":5},{"damage":0,"enemies":"Blue Slaver","floor":14,"turns":2},{"damage":3,"enemies":"Hexaghost","floor":16,"turns":8},{"damage":0,"enemies":"Chosen","floor":18,"turns":3},{"damage":0,"enemies":"Shell Parasite","floor":19,"turns":4},{"damage":0,"enemies":"Snake Plant","floor":20,"turns":3},{"damage":1,"enemies":"3 Cultists","floor":22,"turns":6},{"damage":3,"enemies":"Slavers","floor":24,"turns":5},{"damage":3,"enemies":"Gremlin Leader","floor":29,"turns":6},{"damage":2,"enemies":"Centurion and Healer","floor":30,"turns":5},{"damage":0,"enemies":"Snake Plant","floor":31,"turns":3},{"damage":11,"enemies":"Champ","floor":33,"turns":10},{"damage":0,"enemies":"3 Darklings","floor":35,"turns":5},{"damage":0,"enemies":"3 Shapes","floor":36,"turns":5},{"damage":0,"enemies":"3 Darklings","floor":40,"turns":8},{"damage":26,"enemies":"2 Orb Walkers","floor":42,"turns":7},{"damage":0,"enemies":"4 Shapes","floor":45,"turns":5},{"damage":0,"enemies":"Reptomancer","floor":47,"turns":5},{"damage":0,"enemies":"Writhing Mass","floor":48,"turns":5},{"damage":0,"enemies":"Awakened One","floor":50,"turns":14}],"seed_played":"4484286094687803489","potions_obtained":[{"floor":2.0,"key":"SteroidPotion"},{"floor":3.0,"key":"Swift Potion"},{"floor":7,"key":"Fire Potion"},{"floor":13,"key":"Strength Potion"},{"floor":19,"key":"FairyPotion"},{"floor":29,"key":"Ancient Potion"},{"floor":33,"key":"DistilledChaos"},{"floor":42,"key":"Regen Potion"}],"is_trial":false,"path_per_floor":["M","M","M","M","M","R","E","R","T","R","M","M","E","M","R","B",null,"M","M","M","?","M","R","E","?","T","R","?","E","M","M","R","B",null,"M","M","$","?","?","M","R","?","T","R","M","R","E","M","R","B",null],"character_chosen":"THE_SILENT","items_purchased":["Question Card","PiercingWail"],"campfire_rested":0,"item_purchase_floors":[37,37],"current_hp_per_floor":[70,70,70,70,70,70,62,62,62,62,60,60,60,60,60,57,70,70,70,70,70,69,69,66,66,66,66,66,63,61,61,61,50,70,70,70,70,70,70,70,70,44,44,44,59,59,59,59,59,70],"gold":424,"neow_bonus":"BOSS_RELIC","is_daily":false,"chose_seed":false,"campfire_upgraded":11,"win_rate":0.0,"timestamp":1607977214,"path_taken":["M","M","M","M","M","R","E","R","T","R","M","M","E","M","R","BOSS","M","M","M","?","?","R","E","?","T","R","?","E","M","M","R","BOSS","M","M","$","?","?","M","R","?","T","R","M","R","E","M","R","BOSS"],"items_purchased_type":["Relic","Card"],"build_version":"2020-12-13","purchased_purges":1,"victory":true,"max_hp_per_floor":[70,70,70,70,70,70,70,70,70,70,70,70,70,70,70,70,70,70,70,70,70,70,70,70,70,70,70,70,70,70,70,70,70,70,70,70,70,70,70,70,70,70,70,70,70,70,70,70,70,70],"relic_stats":{"Nunchaku":[10],"Dream Catcher":0,"counters":[28,144],"Astrolabe":["Outmaneuver","Leg Sweep","Footwork"],"Pantograph":11,"Snecko Eye":[281,272,302,282],"Snake Skull":[290],"War Paint":["Defend_G","Defend_G"],"Orichalcum":[114],"Question Card":6,"obtain_stats":[{"Ice Cream":42,"Astrolabe":34,"Snake Skull":7,"War Paint":9,"Orichalcum":13,"Question Card":37,"Nunchaku":24,"Anchor":26,"Bottled Flame":29,"Dream Catcher":47,"Pantograph":43,"Snecko Eye":0,"Coffee Dripper":17,"Ring of the Snake":0},{"Ice Cream":24,"Astrolabe":20,"Snake Skull":6,"War Paint":6,"Orichalcum":9,"Question Card":22,"Nunchaku":16,"Anchor":16,"Bottled Flame":17,"Dream Catcher":26,"Pantograph":24,"Snecko Eye":0,"Coffee Dripper":11,"Ring of the Snake":0},{"Ice Cream":115,"Astrolabe":90,"Snake Skull":25,"War Paint":25,"Orichalcum":35,"Question Card":100,"Nunchaku":66,"Anchor":66,"Bottled Flame":72,"Dream Catcher":125,"Pantograph":115,"Snecko Eye":0,"Coffee Dripper":45,"Ring of the Snake":0}]},"card_choices":[{"not_picked":["Bane","Blade Dance"],"picked":"Dash","floor":1.0},{"not_picked":["Heel Hook","Prepared","Blur"],"picked":"SKIP","floor":2.0},{"not_picked":["Reflex","Sucker Punch"],"picked":"Dagger Throw","floor":3.0},{"not_picked":["Dagger Throw","Concentrate"],"picked":"Acrobatics","floor":4.0},{"not_picked":["Outmaneuver","Bane","Prepared"],"picked":"SKIP","floor":5.0},{"not_picked":["Distraction","Night Terror"],"picked":"Bouncing Flask","floor":7},{"not_picked":["Endless Agony","Accuracy","Deflect"],"picked":"SKIP","floor":11},{"not_picked":["Blade Dance","Outmaneuver"],"picked":"Well Laid Plans","floor":12},{"not_picked":["Unload","Blade Dance","Sucker Punch"],"picked":"SKIP","floor":13},{"not_picked":["Dodge and Roll","Expertise","Prepared"],"picked":"SKIP","floor":14},{"not_picked":["Storm of Steel","Tools of the Trade"],"picked":"Glass Knife","floor":16},{"not_picked":["Dagger Throw","Flechettes","Deadly Poison"],"picked":"SKIP","floor":18},{"not_picked":["Dagger Throw","Flechettes"],"picked":"Deadly Poison","floor":18},{"not_picked":["PiercingWail","Tactician"],"picked":"Footwork","floor":19},{"not_picked":["Dagger Spray","Blade Dance","Dagger Throw+1"],"picked":"SKIP","floor":20},{"not_picked":["Dash","Underhanded Strike"],"picked":"Leg Sweep","floor":22},{"not_picked":["Cloak And Dagger","Blade Dance","Outmaneuver"],"picked":"SKIP","floor":24},{"not_picked":["Underhanded Strike","Dodge and Roll"],"picked":"Predator+1","floor":29},{"not_picked":["Escape Plan+1","All Out Attack","Dagger Throw"],"picked":"SKIP","floor":30},{"not_picked":["Quick Slash+1","After Image","Dagger Spray"],"picked":"SKIP","floor":31},{"not_picked":["Grand Finale","After Image"],"picked":"Burst","floor":33},{"not_picked":["Reflex","Bane+1"],"picked":"PiercingWail","floor":35},{"not_picked":["Poisoned Stab","Outmaneuver+1"],"picked":"Acrobatics+1","floor":36},{"not_picked":["Forethought","Madness","Blind"],"picked":"Dark Shackles","floor":39},{"not_picked":["Dash","Quick Slash+1","Escape Plan"],"picked":"Deadly Poison+1","floor":40},{"not_picked":["Flying Knee+1","Cloak And Dagger+1","Deflect+1"],"picked":"Envenom","floor":42},{"not_picked":["Dodge and Roll+1","Bane+1","Flechettes"],"picked":"Leg Sweep","floor":45},{"not_picked":["A Thousand Cuts","Underhanded Strike","Acrobatics","Venomology"],"picked":"SKIP","floor":47},{"not_picked":["Flying Knee","Slice","Endless Agony+1"],"picked":"Acrobatics+1","floor":48}],"player_experience":65268,"relics_obtained":[{"floor":7,"key":"Snake Skull"},{"floor":9,"key":"War Paint"},{"floor":13,"key":"Orichalcum"},{"floor":24,"key":"Nunchaku"},{"floor":26,"key":"Anchor"},{"floor":29,"key":"Bottled Flame"},{"floor":42,"key":"Ice Cream"},{"floor":43,"key":"Pantograph"},{"floor":47,"key":"Dream Catcher"}],"event_choices":[{"damage_healed":0,"gold_gain":0,"player_choice":"Forge","damage_taken":0,"max_hp_gain":0,"max_hp_loss":0,"event_name":"Accursed Blacksmith","floor":21,"gold_loss":0,"cards_upgraded":["Footwork"]},{"damage_healed":0,"gold_gain":0,"player_choice":"Ignored","damage_taken":0,"max_hp_gain":0,"max_hp_loss":0,"event_name":"The Mausoleum","floor":25,"gold_loss":0},{"damage_healed":0,"gold_gain":0,"player_choice":"Read","damage_taken":0,"max_hp_gain":0,"max_hp_loss":0,"event_name":"The Library","floor":28,"gold_loss":0,"cards_obtained":["Noxious Fumes"]},{"cards_removed":["Neutralize"],"damage_healed":0,"gold_gain":0,"player_choice":"Removed Attack","damage_taken":0,"max_hp_gain":0,"max_hp_loss":0,"event_name":"Falling","floor":38,"gold_loss":0},{"damage_healed":0,"gold_gain":0,"player_choice":"Memory 1","damage_taken":0,"max_hp_gain":0,"max_hp_loss":0,"event_name":"SensoryStone","floor":39,"gold_loss":0},{"damage_healed":0,"gold_gain":0,"player_choice":"Fight","damage_taken":0,"max_hp_gain":0,"max_hp_loss":0,"event_name":"Mysterious Sphere","floor":42,"gold_loss":0}],"is_beta":false,"boss_relics":[{"not_picked":["Runic Pyramid","Black Star"],"picked":"Coffee Dripper"},{"not_picked":["HoveringKite","SacredBark"],"picked":"Astrolabe"}],"items_purged_floors":[37],"is_endless":false,"potions_floor_spawned":[2,3,7,13,16,19,20,29,33,36,40,42],"ascension_level":0}}