{"host":"05vhm55ztg7fyvhd","time":1607973307,"event":{"mods":["BaseMod","Downfall","Googly Eyes","Hubris","Minty Spire (QoL Compilation)","Replay The Spire","Shop Mod","StSLib"],"gold_per_floor":[99,99,99,9,9,35,115,126,145,145,145,158,608,624,624,14,33,137,187,187,198,228,240,240,240],"floor_reached":24,"playtime":2551,"items_purged":["Pain","Slimebound:Icky"],"score":214,"play_id":"7777b20d-44a6-48f5-a5b5-2437227d44d3","local_time":"20201214201507","is_ascension_mode":false,"campfire_choices":[{"floor":1,"key":"RECALL"},{"data":"hexamod:HeatCrush","floor":5,"key":"SMITH"}],"circlet_count":0,"master_deck":["hexamod:Strike","hexamod:Strike","hexamod:Strike","hexamod:Strike+1","hexamod:Defend","hexamod:Defend","hexamod:Defend","hexamod:Defend","hexamod:Sear","hexamod:Float","hexamod:HeatCrush+1","hexamod:RainOfEmbers+1","hexamod:ChargedBarrage","hexamod:TimeOfNeed","hexamod:BurningTouch","Slimebound:Icky","Slimebound:Icky","hexamod:EmpoweredFlame","hexamod:EmpoweredFlame","expansioncontent:QuickStudy","hexamod:ExtraCrispy","hexamod:HauntingEcho","hexamod:Firestarter","hexamod:HexaLevel","hexamod:PhantomCloak","hexamod:Haunted","hexamod:TimeWarp","hexamod:RecurringNightmare+1","hexamod:GhostOfSpirePresent+1"],"relics":["hexamod:SpiritBrand","hubris:GlazedTorus","hubris:Towel","hubris:Icosahedron","Centennial Puzzle","Meat on the Bone","Kunai","Tiny House","Du-Vu Doll","Du-Vu Doll"],"acts_visited":["Exordium","TheCity"],"potions_floor_usage":[17,22,22,22,24],"damage_taken":[{"damage":1,"enemies":"downfall:FleeingMerchant","floor":4,"turns":4},{"damage":16,"enemies":"Gremlin Nob","floor":6,"turns":3},{"damage":0,"enemies":"Small Slimes","floor":8,"turns":3},{"damage":5,"enemies":"Jaw Worm","floor":9,"turns":2},{"damage":0,"enemies":"2 Louse","floor":12,"turns":2},{"damage":10,"enemies":"Exordium Thugs","floor":14,"turns":4},{"damage":0,"enemies":"downfall:FleeingMerchant","floor":16,"turns":4},{"damage":11,"enemies":"Blue Slaver","floor":17,"turns":5},{"damage":9,"enemies":"downfall:Ironclad","floor":18,"turns":8},{"damage":39,"enemies":"3 Byrds","floor":21,"turns":5},{"damage":12,"enemies":"Gremlin Leader","floor":22,"turns":5},{"damage":3,"enemies":"Shell Parasite","floor":23,"turns":3},{"damage":49,"enemies":"Replay:Snechameleon","floor":24,"turns":5}],"seed_played":"-3082517908734296076","potions_obtained":[{"floor":6,"key":"Swift Potion"},{"floor":8,"key":"SneckoOil"},{"floor":9,"key":"Regen Potion"},{"floor":19,"key":"sneckomod:MuddlingPotion"},{"floor":21,"key":"LiquidMemories"},{"floor":22,"key":"SteroidPotion"}],"is_trial":false,"path_per_floor":["R","?","?","$","R","E","T","M","M","PTL","PTL","M","?","M","?","$","M","B",null,"R","M","E","M","E"],"character_chosen":"THE_SPIRIT","items_purchased":["Kunai","expansioncontent:QuickStudy","hexamod:ExtraCrispy","hexamod:HauntingEcho"],"campfire_rested":0,"item_purchase_floors":[16,16,16,16],"current_hp_per_floor":[70,70,70,69,69,53,53,53,48,48,48,48,48,38,38,38,39,42,75,75,48,50,47,0,0],"gold":240,"neow_bonus":"ONE_RARE_RELIC","is_daily":false,"chose_seed":false,"campfire_upgraded":1,"win_rate":0.0,"timestamp":1607973307,"path_taken":["R","?","?","$","R","E","T","M","M","PTL","PTL","M","?","M","?","$","M","BOSS","R","M","E","M","E"],"items_purchased_type":["Relic","Card","Card","Card"],"build_version":"2020-12-13","purchased_purges":2,"victory":false,"max_hp_per_floor":[70,70,70,70,70,70,70,70,70,70,70,70,70,70,70,70,70,70,75,75,75,75,75,75,75],"card_choices":[{"not_picked":["hexamod:Haunt","hexamod:InspiringFlames"],"picked":"hexamod:HeatCrush","floor":4},{"not_picked":["hexamod:HexaLevel","hexamod:BacktrackSmack"],"picked":"hexamod:RainOfEmbers","floor":6},{"not_picked":["hexamod:InspiringFlames","hexamod:PhantomFireball"],"picked":"hexamod:ChargedBarrage","floor":8},{"not_picked":["hexamod:GhostShield","hexamod:FourthSeal"],"picked":"hexamod:TimeOfNeed","floor":9},{"not_picked":["hexamod:RetreatToShadows","hexamod:NecessarySacrifice"],"picked":"hexamod:BurningTouch","floor":12},{"not_picked":["hexamod:PhantomCloak","hexamod:FastForward"],"picked":"hexamod:EmpoweredFlame","floor":14},{"not_picked":["hexamod:RainOfEmbers","hexamod:HeatMetal"],"picked":"hexamod:EmpoweredFlame","floor":16},{"not_picked":["hexamod:BurningTouch","hexamod:HauntingEcho"],"picked":"hexamod:Firestarter","floor":17},{"not_picked":["hexamod:TurnItUp","hexamod:GhostflameInferno"],"picked":"hexamod:HexaLevel","floor":18},{"not_picked":["hexamod:Firestarter","hexamod:ShieldOfDarkness"],"picked":"hexamod:PhantomCloak","floor":19},{"not_picked":["hexamod:ExtraCrispy","hexamod:NightmareGuise"],"picked":"hexamod:TimeWarp","floor":21},{"not_picked":["hexamod:HeatShield","hexamod:GhostLash"],"picked":"hexamod:RecurringNightmare+1","floor":22},{"not_picked":["hexamod:FastForward","hexamod:GhostLash"],"picked":"hexamod:GhostOfSpirePresent+1","floor":23}],"player_experience":421172,"relics_obtained":[{"floor":6,"key":"Centennial Puzzle"},{"floor":7,"key":"Meat on the Bone"},{"floor":22,"key":"Du-Vu Doll"}],"event_choices":[],"is_beta":false,"boss_relics":[{"not_picked":["hubris:Stopwatch","Ectoplasm"],"picked":"Tiny House"}],"items_purged_floors":[4,16],"is_endless":false,"potions_floor_spawned":[6,8,9,21,22],"killed_by":"Replay:Snechameleon","ascension_level":0}}