{"host":"6fbjdsiu9jij34p7","time":1607952117,"event":{"mods":["2.2 Compatiblity","AchievementEnabler","BaseMod","Colored Map","DeckTracker","Highlight Path","Keyboard Shortcuts","Minty Spire (QoL Compilation)","Permanent Neow","Quick Restart","StSLib","SuperFastMode"],"gold_per_floor":[360,535,610,627,645,645,664,676,676,676,700,256,256,273,273,368,368,386,157,157,157,157],"floor_reached":21,"playtime":381,"items_purged":["Doubt","Strike_R"],"score":245,"play_id":"a4092146-0fa8-4482-8b29-50a1935b012e","local_time":"20201214222157","is_ascension_mode":true,"campfire_choices":[{"floor":6.0,"key":"REST"},{"floor":10.0,"key":"REST"},{"data":"1","floor":15.0,"key":"LIFT"}],"circlet_count":0,"master_deck":["Strike_R","Strike_R","Strike_R","Strike_R","Defend_R","Defend_R","Defend_R","Defend_R","Bash","Iron Wave","Shrug It Off","Clothesline","Flex","Shrug It Off","Shrug It Off","Demon Form+1","Seeing Red","Shrug It Off"],"relics":["Burning Blood","Frozen Egg 2","Red Skull","Anchor","Nunchaku","Girya","Snecko Eye","Membership Card"],"acts_visited":["Exordium","TheCity"],"potions_floor_usage":[16,16,21,21],"damage_taken":[{"damage":15.0,"enemies":"Small Slimes","floor":1.0,"turns":4.0},{"damage":3.0,"enemies":"2 Louse","floor":4.0,"turns":3.0},{"damage":2.0,"enemies":"Jaw Worm","floor":5.0,"turns":5.0},{"damage":27.0,"enemies":"Large Slime","floor":7.0,"turns":8.0},{"damage":1.0,"enemies":"Exordium Wildlife","floor":8.0,"turns":3.0},{"damage":0.0,"enemies":"Blue Slaver","floor":14.0,"turns":3.0},{"damage":45,"enemies":"Slime Boss","floor":16,"turns":11},{"damage":11,"enemies":"2 Thieves","floor":18,"turns":4},{"damage":50,"enemies":"Masked Bandits","floor":21,"turns":3}],"seed_played":"7382834596730602295","potions_obtained":[{"floor":1.0,"key":"Strength Potion"},{"floor":14.0,"key":"Swift Potion"},{"floor":16,"key":"GamblersBrew"}],"is_trial":false,"path_per_floor":["M","?","?","M","M","R","M","M","T","R","T","$","?","M","R","B",null,"M","$","?","?"],"character_chosen":"IRONCLAD","items_purchased":["Anchor","Nunchaku","Shrug It Off","Dexterity Potion","Membership Card","Shrug It Off"],"campfire_rested":2,"item_purchase_floors":[12,12,12,12,19,19],"current_hp_per_floor":[42,42,31,34,38,62,41,46,46,70,70,70,70,76,76,37,69,64,64,49,0,0],"gold":157,"neow_bonus":"TWO_FIFTY_GOLD","is_daily":false,"chose_seed":false,"campfire_upgraded":0,"win_rate":0.0,"timestamp":1607952117,"path_taken":["M","?","?","M","M","R","M","M","T","R","?","$","?","M","R","BOSS","M","$","?","?"],"items_purchased_type":["Relic","Relic","Card","Potion","Relic","Card"],"build_version":"2020-12-13","purchased_purges":2,"victory":false,"max_hp_per_floor":[80,80,80,80,80,80,80,80,80,80,80,80,80,80,80,80,80,80,80,85,85,85],"card_choices":[{"not_picked":["Disarm","Armaments"],"picked":"Iron Wave","floor":1.0},{"not_picked":["Fire Breathing","Twin Strike"],"picked":"Shrug It Off","floor":4.0},{"not_picked":["Blood for Blood","Pommel Strike"],"picked":"Clothesline","floor":5.0},{"not_picked":["Armaments","Clash"],"picked":"Flex","floor":7.0},{"not_picked":["Iron Wave","Wild Strike","Bloodletting"],"picked":"SKIP","floor":8.0},{"not_picked":["Iron Wave","Pommel Strike"],"picked":"Shrug It Off","floor":14.0},{"not_picked":["Berserk+1","Corruption+1"],"picked":"Demon Form+1","floor":16},{"not_picked":["Rupture+1","Havoc+1"],"picked":"Seeing Red","floor":18}],"player_experience":236028,"relics_obtained":[{"floor":9.0,"key":"Frozen Egg 2"},{"floor":11.0,"key":"Red Skull"}],"event_choices":[{"damage_healed":0.0,"max_hp_gain":0.0,"max_hp_loss":0.0,"gold_gain":175.0,"event_name":"Liars Game","player_choice":"AGREE","floor":2.0,"gold_loss":0.0,"damage_taken":0.0,"cards_obtained":["Doubt"]},{"damage_healed":0.0,"max_hp_gain":0.0,"max_hp_loss":0.0,"gold_gain":75.0,"event_name":"World of Goop","player_choice":"Gather Gold","floor":3.0,"gold_loss":0.0,"damage_taken":11.0},{"damage_healed":0.0,"max_hp_gain":0.0,"max_hp_loss":0.0,"gold_gain":0.0,"event_name":"Dead Adventurer","player_choice":"Searched \u00271\u0027 times","floor":13.0,"gold_loss":0.0,"damage_taken":0.0,"relics_obtained":["Girya"]},{"damage_healed":0,"gold_gain":0,"player_choice":"Shed Blood","damage_taken":20,"max_hp_gain":5,"max_hp_loss":0,"event_name":"Forgotten Altar","floor":20,"gold_loss":0},{"damage_healed":0,"gold_gain":0,"player_choice":"Fought Bandits","damage_taken":0,"max_hp_gain":0,"max_hp_loss":0,"event_name":"Masked Bandits","floor":21,"gold_loss":0}],"is_beta":false,"boss_relics":[{"not_picked":["Coffee Dripper","Busted Crown"],"picked":"Snecko Eye"}],"items_purged_floors":[12,19],"is_endless":false,"potions_floor_spawned":[1,14,16],"killed_by":"Masked Bandits","ascension_level":6}}