{"host":"9970e6owvjk6ctny","time":1607963496,"event":{"mods":["Act Like it!","BaseMod","Better Match","Better Third Choice","Downfall","GifTheSpireLib","GungeonMod","HololiveMod","Jorbs\u0027s Wanderer Trilogy","Lobotomy","Luminous","Minty Spire (QoL Compilation)","Quick Restart","Rare Cards Sparkle","Reimu£®≤©¿ˆ¡È√Œ£©","StSLib","The Bug Knight","The Cursed","The Gatherer","The Hierophant","The Runesmith","TheWitcher"],"gold_per_floor":[111,129,129,18,38,38,50,28,52,67,82,82,101,136,136,136,136,136],"floor_reached":16,"playtime":1187,"items_purged":["Gatherer:Strike_Gatherer"],"score":104,"play_id":"db6893c0-e121-47ae-a16d-393a24413877","local_time":"20201215003136","is_ascension_mode":false,"metric_token":1429,"campfire_choices":[{"data":"Gatherer:FlowerShield","floor":6,"key":"SMITH"},{"data":"Gatherer:FlowerWhip+1","floor":12,"key":"SMITH"},{"data":"Gatherer:FlowerWhip+2","floor":15,"key":"SMITH"}],"circlet_count":0,"master_deck":["Gatherer:Strike_Gatherer","Gatherer:Strike_Gatherer","Gatherer:Strike_Gatherer","Gatherer:Strike_Gatherer","Gatherer:Defend_Gatherer","Gatherer:Defend_Gatherer","Gatherer:Defend_Gatherer","Gatherer:Defend_Gatherer","Gatherer:Defend_Gatherer","Gatherer:Centralize","Gatherer:FlowerWhip+3","Gatherer:FlowerShield+1","Gatherer:BalancedGrowth","Gatherer:FlowerShield","Gatherer:MiningStrike","Gatherer:TreeGrowth","Gatherer:MiningStrike","Gatherer:BambuSword"],"relics":["Gatherer:AlchemyBag","DemoMod:Metronome","Bag of Marbles"],"acts_visited":["Exordium"],"potions_floor_usage":[11,11,13,16],"damage_taken":[{"damage":0,"enemies":"2 Louse","floor":1,"turns":3},{"damage":0,"enemies":"Cultist","floor":2,"turns":3},{"damage":0,"enemies":"Small Slimes","floor":5,"turns":4},{"damage":3,"enemies":"Exordium Wildlife","floor":7,"turns":7},{"damage":7,"enemies":"3 Louse","floor":10,"turns":3},{"damage":0,"enemies":"Looter","floor":11,"turns":3},{"damage":4,"enemies":"Lots of Slimes","floor":13,"turns":6},{"damage":8,"enemies":"HollowMod:MossKnight","floor":14,"turns":7},{"damage":14,"enemies":"Slime Boss","floor":16,"turns":8}],"seed_played":"2211772098747950637","potions_obtained":[{"floor":2,"key":"GrandPatriotsElixir:ReiMu"},{"floor":5,"key":"Poison Potion"},{"floor":13,"key":"Fruit Juice"},{"floor":14,"key":"GhostInAJar"}],"is_trial":false,"path_per_floor":["M","M","?","$","M","R","M","$","T","M","M","R","M","E","R","B"],"character_chosen":"THE_GATHERER","items_purchased":["Gatherer:BalancedGrowth","Gatherer:TreeGrowth"],"campfire_rested":0,"item_purchase_floors":[4,8],"current_hp_per_floor":[72,72,72,72,72,72,69,69,69,62,62,62,63,55,55,41,41,41],"gold":136,"neow_bonus":"UPGRADE_CARD","is_daily":false,"chose_seed":false,"campfire_upgraded":3,"win_rate":0.0,"timestamp":1607963496,"path_taken":["M","M","?","$","M","R","M","$","T","M","?","R","M","E","R","BOSS"],"items_purchased_type":["Card","Card"],"build_version":"2020-12-13","purchased_purges":1,"victory":false,"max_hp_per_floor":[72,72,72,72,72,72,72,72,72,72,72,72,77,77,77,77,77,77],"card_choices":[{"not_picked":["Gatherer:FragileHammer","Gatherer:AcidicSpray"],"picked":"Gatherer:FlowerShield","floor":1},{"not_picked":["Gatherer:ScherryThrow","Gatherer:WoolGloves","Gatherer:FragileHammer"],"picked":"SKIP","floor":2},{"not_picked":["Gatherer:StoneFence","Gatherer:UpgradeBag"],"picked":"Gatherer:FlowerShield","floor":5},{"not_picked":["Gatherer:FlowerFalling","Gatherer:ScherryThrow"],"picked":"Gatherer:MiningStrike","floor":7},{"not_picked":["Gatherer:ScrollOfWall","Gatherer:CarefulStrike","Gatherer:BigPouch"],"picked":"SKIP","floor":10},{"not_picked":["Gatherer:RottenStipe","Gatherer:TreeGrowth","Gatherer:Solidify"],"picked":"SKIP","floor":11},{"not_picked":["Gatherer:Pollute","Gatherer:CarefulStrike"],"picked":"Gatherer:MiningStrike","floor":13},{"not_picked":["Gatherer:AromaProtection","Gatherer:SaveValuables"],"picked":"Gatherer:BambuSword","floor":14}],"player_experience":160216,"relics_obtained":[{"floor":9,"key":"DemoMod:Metronome"},{"floor":14,"key":"Bag of Marbles"}],"event_choices":[{"damage_healed":0,"gold_gain":0,"player_choice":"Bought 0 Potions","damage_taken":0,"max_hp_gain":0,"max_hp_loss":0,"event_name":"The Woman in Blue","floor":3,"gold_loss":0}],"is_beta":false,"boss_relics":[],"items_purged_floors":[4],"is_endless":false,"potions_floor_spawned":[2,5,13,14],"killed_by":"Slime Boss","ascension_level":0}}