{"host":"ks12kfi5c4d9hdxy","time":1607978511,"event":{"mods":["BaseMod","Conspire","GifTheSpireLib","Koishi","LagranYue(拉格朗・月)","Marisa（F雨　魔理沙）","Minty Spire (QoL Compilation)","Reimu（博丽灵梦）","Remilia（蕾米莉亚）","Replay The Spire","RumiaBox-露米娅的神秘盒子","StSLib","SuperFastMode","The Administrix","The Servant 0.9.4","Youmu（魂魄妖梦）","Yuyuko","【功能Mod】混沌之环修复补丁","【功能Mod】聪明的最终Boss","篝火指南"],"gold_per_floor":[116,134,153,303,320,354,354,354,354],"floor_reached":8,"playtime":162,"items_purged":[],"score":110,"play_id":"232dc90b-1e60-4c51-97de-bfb658fe7538","local_time":"20201215044151","is_ascension_mode":true,"campfire_choices":[{"data":"StarBarrage","floor":7.0,"key":"SMITH"}],"circlet_count":0,"master_deck":["AscendersBane","Strike_MRS","Strike_MRS","Strike_MRS","Strike_MRS","Defend_MRS","Defend_MRS","Defend_MRS","Defend_MRS","MasterSpark","UpSweep","StarBarrage+1","ManaConvection","Doubt","MilkyWay"],"relics":["MiniHakkero","LagranYue:RandomDrawCardRelic","NeowsBlessing","Darkstone Periapt"],"acts_visited":["Exordium"],"potions_floor_usage":[],"damage_taken":[{"damage":0.0,"enemies":"2 Louse","floor":1.0,"turns":1.0},{"damage":0.0,"enemies":"Small Slimes","floor":2.0,"turns":1.0},{"damage":0.0,"enemies":"Jaw Worm","floor":3.0,"turns":1.0},{"damage":0.0,"enemies":"2 Fungi Beasts","floor":5.0,"turns":3.0},{"damage":25.0,"enemies":"3 Sentries","floor":6.0,"turns":9.0},{"damage":62,"enemies":"Gremlin Nob","floor":8,"turns":4}],"seed_played":"-3071784591880060880","potions_obtained":[{"floor":1.0,"key":"Fire Potion"},{"floor":3.0,"key":"EssenceOfSteel"}],"is_trial":false,"path_per_floor":["M","M","M","?","M","E","R","E"],"character_chosen":"MARISA","items_purchased":[],"campfire_rested":0,"item_purchase_floors":[],"current_hp_per_floor":[63,63,63,63,63,38,38,0,0],"gold":354,"neow_bonus":"THREE_ENEMY_KILL","is_daily":false,"chose_seed":false,"campfire_upgraded":1,"win_rate":0.0,"timestamp":1607978511,"path_taken":["M","M","M","?","M","E","R","E"],"items_purchased_type":[],"build_version":"2020-12-13","purchased_purges":0,"victory":false,"max_hp_per_floor":[70,70,70,70,70,70,70,70,70],"card_choices":[{"not_picked":["6A","GravityBeat","StarlightTyphoon"],"picked":"SKIP","floor":1.0},{"not_picked":["IllusionStar","GravityBeat"],"picked":"StarBarrage","floor":2.0},{"not_picked":["MysteriousBeam","SporeBomb"],"picked":"ManaConvection","floor":3.0},{"not_picked":["IllusionStar","AsteroidBelt"],"picked":"MilkyWay","floor":5.0},{"not_picked":["CasketOfStar","MysteriousBeam","MagicChant"],"picked":"SKIP","floor":6.0}],"player_experience":490196,"relics_obtained":[{"floor":6.0,"key":"Darkstone Periapt"}],"event_choices":[{"damage_healed":0.0,"max_hp_gain":0.0,"max_hp_loss":0.0,"gold_gain":150.0,"event_name":"Liars Game","player_choice":"AGREE","floor":4.0,"gold_loss":0.0,"damage_taken":0.0,"cards_obtained":["Doubt"]}],"is_beta":false,"boss_relics":[],"items_purged_floors":[],"is_endless":false,"potions_floor_spawned":[1,3],"killed_by":"Gremlin Nob","ascension_level":18}}