{"host":"4c7oxphrh4ok8x7u","time":1607965044,"event":{"mods":["2.2 Compatiblity","Act Like it!","Aspiration","BaseMod","Better Skull","Better Vampires","BetterRewards","Challenge The Spire","Conjunction","Conspire","Custom Start","Dota2Spire","Friendly Minions","FruityMod","GifTheSpireLib","Halation","Hermit","HololiveMod","Hubris","Hyrulean Relics","Jedi Mod","Kratos Character Expansion","Minty Spire (QoL Compilation)","MostiFishMod","Permanent Neow","Prisma Mod","Quarter Circle Forward PUNCH!","RatMod","Replay The Spire","Robot Space Explorer","SCP261 Mod","Shade Mod","Slay the Relics Exporter","Small Relic Pack","Spicy Shops","Spikes Relics","Spires And Sneckos","StSLib","Stuff the Spire","The Animator","The Blue Laboratory","The Death Knight","The Edgeheg","The Exalted","The Fake Hero","The Trickster","TheWitcher","Wandering Minibosses"],"gold_per_floor":[129,129,149,149,163,192,203,235,261,277,277,277,305,334,334,430,430,446,478,494,6,18,52,52,65,91,108,134,150,150,163,163,261,286,304,304,317,393,408,465,465,465,490,490,502,522,522,797,797,797,797,797,1024,1024,1024],"floor_reached":54,"playtime":3222,"items_purged":["animator:Strike","animator:Strike"],"score":1023,"play_id":"7d1e3750-0211-4731-aea5-9a211ab22d84","local_time":"20201214195724","is_ascension_mode":false,"campfire_choices":[{"data":"Injury","floor":15.0,"key":"SMITH"},{"floor":41.0,"key":"RECALL"},{"data":"animator:Laby","floor":44.0,"key":"SMITH"},{"data":"animator:Greed","floor":47.0,"key":"SMITH"},{"data":"Regret","floor":49.0,"key":"SMITH"},{"data":"animator:Laby","floor":52.0,"key":"SMITH"}],"circlet_count":0,"master_deck":["animator:Strike_MadokaMagica","animator:Strike","animator:Defend","animator:Defend","animator:IrohaTamaki+1","animator:YuiTsuruno","animator:Ara","animator:Laby","animator:IrohaTamaki","animator:IrohaTamaki","animator:AcuraShin","animator:Lancer","animator:Rena","animator:Greed","animator:Laby","animator:ElricAlphonse","animator:YuiTsuruno","animator:Elesis+2","animator:Viivi+1","animator:CowGirl","animator:Gilgamesh+1","animator:Millim","animator:IrohaTamaki","animator:CowGirl+1"],"relics":["animator:TheEgnaroPiece","animator:AncientMedallion"],"acts_visited":["Exordium","TheCity","TheBeyond","TheEnding","EYB:TheUnnamedReign"],"potions_floor_usage":[],"damage_taken":[{"damage":8.0,"enemies":"Jaw Worm","floor":1.0,"turns":6.0},{"damage":0.0,"enemies":"Cultist","floor":3.0,"turns":3.0},{"damage":0.0,"enemies":"2 Louse","floor":5.0,"turns":2.0},{"damage":9.0,"enemies":"3 Sentries","floor":6.0,"turns":7.0},{"damage":0.0,"enemies":"Looter","floor":7.0,"turns":2.0},{"damage":0.0,"enemies":"Lagavulin","floor":8.0,"turns":3.0},{"damage":0.0,"enemies":"Large Slime","floor":10.0,"turns":3.0},{"damage":21.0,"enemies":"Exordium Thugs","floor":13.0,"turns":2.0},{"damage":0.0,"enemies":"3 Louse","floor":14.0,"turns":2.0},{"damage":3.0,"enemies":"The Guardian","floor":16.0,"turns":4.0},{"damage":0.0,"enemies":"Chosen","floor":18.0,"turns":2.0},{"damage":0.0,"enemies":"conspire:MimicChest","floor":19.0,"turns":3.0},{"damage":5.0,"enemies":"Shell Parasite","floor":20.0,"turns":6.0},{"damage":0.0,"enemies":"Centurion and Healer","floor":22.0,"turns":2.0},{"damage":0.0,"enemies":"Gremlin Leader","floor":23.0,"turns":3.0},{"damage":0.0,"enemies":"Snecko","floor":25.0,"turns":1.0},{"damage":2.0,"enemies":"Chosen and Byrds","floor":27.0,"turns":2.0},{"damage":2.0,"enemies":"Book of Stabbing","floor":28.0,"turns":2.0},{"damage":2.0,"enemies":"Sentry and Sphere","floor":29.0,"turns":1.0},{"damage":2.0,"enemies":"3 Cultists","floor":31.0,"turns":2.0},{"damage":6.0,"enemies":"conspire:MysteriousRune","floor":33.0,"turns":2.0},{"damage":2.0,"enemies":"Orb Walker","floor":35.0,"turns":1.0},{"damage":2.0,"enemies":"3 Darklings","floor":37.0,"turns":2.0},{"damage":2.0,"enemies":"Transient","floor":39.0,"turns":3.0},{"damage":2.0,"enemies":"Reptomancer","floor":40.0,"turns":1.0},{"damage":2.0,"enemies":"Writhing Mass","floor":45.0,"turns":1.0},{"damage":2.0,"enemies":"4 Shapes","floor":46.0,"turns":1.0},{"damage":2.0,"enemies":"Awakened One","floor":50.0,"turns":2.0},{"damage":33,"enemies":"animator:UNNAMED_HAT","floor":54,"turns":7}],"seed_played":"8612409122964119104","potions_obtained":[{"floor":3.0,"key":"SCP261:EnergyGasPotion"},{"floor":5.0,"key":"Dexterity Potion"},{"floor":23.0,"key":"Fire Potion"},{"floor":28.0,"key":"Conjunction:LightningMarble"}],"is_trial":false,"path_per_floor":["M","?","M","$","M","E","M","E","T","M","?","?","M","M","R","B",null,"M","?","M","$","M","E","?","M","T","M","E","M","R","M","R","B",null,"M","?","M","T","M","E","R","?","T","R","M","M","R","?","R","B",null,"R","??","M"],"character_chosen":"THE_ANIMATOR","items_purchased":["Art of War","Molten Egg 2"],"campfire_rested":0,"item_purchase_floors":[21,21],"current_hp_per_floor":[59,59,62,62,66,64,72,81,81,92,92,92,84,100,100,114,145,163,182,198,198,221,250,250,279,279,308,339,371,371,406,406,438,460,497,516,559,559,603,650,650,650,650,650,698,750,750,750,750,807,816,816,98,65,65],"gold":1024,"neow_bonus":"BOSS_RELIC","is_daily":false,"chose_seed":false,"campfire_upgraded":5,"win_rate":0.0,"timestamp":1607965044,"path_taken":["M","?","M","$","M","E","M","E","T","?","?","?","M","M","R","BOSS","M","?","M","$","M","E","?","?","T","M","E","M","R","M","R","BOSS","M","?","?","?","M","E","R","?","T","R","M","M","R","?","R","BOSS","R","??","M"],"items_purchased_type":["Relic","Relic"],"build_version":"2020-12-13","purchased_purges":2,"victory":false,"max_hp_per_floor":[67,67,70,70,74,81,89,98,98,109,109,109,122,138,138,155,155,173,192,213,213,236,265,265,294,294,325,358,392,392,429,429,467,467,506,516,561,561,607,656,656,656,656,656,706,760,760,760,760,819,819,819,98,98,98],"card_choices":[{"not_picked":["animator:Priestess","animator:Sloth"],"picked":"animator:Ara","floor":1.0},{"not_picked":["animator:Caster","animator:MamiTomoe","animator:Priestess"],"picked":"animator:Laby","floor":3.0},{"not_picked":["animator:Vesta","animator:Alexander","animator:Rider","animator:YuiTsuruno"],"picked":"SKIP","floor":5.0},{"not_picked":["animator:KyokoSakura","animator:YachiyoNanami","animator:YuiTsuruno"],"picked":"animator:IrohaTamaki","floor":6.0},{"not_picked":["animator:Raven","animator:Priestess","animator:Gluttony"],"picked":"animator:IrohaTamaki","floor":7.0},{"not_picked":["animator:Ain","animator:SuzuneAmano","animator:Illya"],"picked":"animator:AcuraShin","floor":8.0},{"not_picked":["animator:MaesHughes","animator:Rena","animator:MamiTomoe"],"picked":"animator:Lancer","floor":10.0},{"not_picked":["animator:Priestess+1","animator:GuildGirl","animator:LizardPriest+1"],"picked":"animator:GoblinSlayer","floor":13.0},{"not_picked":["animator:Gillette","animator:CowGirl+1","animator:Priestess+1"],"picked":"animator:Rena+1","floor":14.0},{"not_picked":["animator:Envy","animator:SwordMaiden+1","animator:Kyubey+1"],"picked":"animator:Greed","floor":16.0},{"not_picked":["animator:Caster+1","animator:Ciel+1","animator:SuzuneAmano","animator:ShinjiMatou+1"],"picked":"SKIP","floor":18.0},{"not_picked":["animator:YuiTsuruno","animator:Vesta+1","animator:Spearman"],"picked":"animator:Laby","floor":19.0},{"not_picked":["animator:Chung+1","animator:Rider+1","animator:Assassin"],"picked":"animator:ElricAlphonse+1","floor":20.0},{"not_picked":["animator:OrikoMikuni+1","animator:MadokaKaname+1","animator:YachiyoNanami"],"picked":"animator:YuiTsuruno+1","floor":22.0},{"not_picked":["animator:SakuraMatou+1","animator:Layla+1","animator:ShinjiMatou+1"],"picked":"animator:Elesis+1","floor":23.0},{"not_picked":["animator:Alexander+1","animator:Pride+1","animator:Kaijin","animator:Witch+1"],"picked":"SKIP","floor":25.0},{"not_picked":["animator:OrikoMikuni+1","animator:Aisha+1","animator:Rider+1"],"picked":"animator:Viivi+1","floor":27.0},{"not_picked":["animator:Spearman+1","animator:LizardPriest+1","animator:DwarfShaman+1"],"picked":"animator:CowGirl+1","floor":28.0},{"not_picked":["animator:Pride+1","animator:Raven+1","animator:Chung+1","animator:GazelDwargon"],"picked":"SKIP","floor":29.0},{"not_picked":["animator:Guy+1","animator:Raven+1","animator:DwarfShaman+1","animator:Sloth+1"],"picked":"SKIP","floor":31.0},{"not_picked":["animator:SwordMaiden+1","animator:Eve","animator:MadokaKaname+1"],"picked":"animator:Gilgamesh+1","floor":33.0},{"not_picked":["animator:Sloth+1","animator:Layla+1","animator:LizardPriest+1"],"picked":"animator:Millim+1","floor":35.0},{"not_picked":["animator:SuzuneAmano+1","animator:NagisaMomoe+1","animator:MamiTomoe+1"],"picked":"animator:IrohaTamaki+1","floor":37.0},{"not_picked":["animator:Alexander+1","animator:SakuraMatou+1","animator:Lu+1","animator:Kaijin+1"],"picked":"SKIP","floor":39.0},{"not_picked":["animator:Spearman+1","animator:Greed","animator:Assassin+1","animator:Caster+1"],"picked":"SKIP","floor":40.0},{"not_picked":["animator:Gluttony+1","animator:Fredrika+1","animator:Scar+1"],"picked":"animator:CowGirl+1","floor":45.0}],"player_experience":615189,"relics_obtained":[{"floor":1.0,"key":"Question Card"},{"floor":6.0,"key":"ZombieTooth"},{"floor":8.0,"key":"animator:OldCoffin"},{"floor":9.0,"key":"halation:PrussianBluePaint"},{"floor":16.0,"key":"ImportantClient"},{"floor":19.0,"key":"Dota2Spire:OrchidMalevolence"},{"floor":20.0,"key":"wanderingMiniBosses:AbyssPearl"},{"floor":23.0,"key":"Whetstone"},{"floor":28.0,"key":"rat:ZhonyasHourglass"},{"floor":38.0,"key":"Red Skull"},{"floor":40.0,"key":"Lantern"},{"floor":43.0,"key":"Dota2Spire:PowerTreads"},{"floor":53.0,"key":"animator:TheEgnaroPiece"},{"floor":53.0,"key":"animator:AncientMedallion"}],"event_choices":[{"cards_removed":["animator:Defend_MadokaMagica"],"damage_healed":0.0,"max_hp_gain":0.0,"max_hp_loss":0.0,"gold_gain":0.0,"event_name":"Wheel of Change","player_choice":"Card Removal","floor":2.0,"gold_loss":0.0,"damage_taken":0.0},{"damage_healed":0.0,"max_hp_gain":0.0,"max_hp_loss":0.0,"gold_gain":0.0,"event_name":"WeMeetAgain","player_choice":"Gave Potion","floor":24.0,"gold_loss":0.0,"damage_taken":0.0,"relics_obtained":["Dota2Spire:Vanguard"]},{"cards_removed":["animator:GoblinSlayer"],"damage_healed":9.0,"max_hp_gain":10.0,"max_hp_loss":0.0,"gold_gain":0.0,"event_name":"Bonfire Elementals","player_choice":"Offered Rare","floor":36.0,"gold_loss":0.0,"damage_taken":0.0},{"damage_healed":0.0,"max_hp_gain":0.0,"max_hp_loss":0.0,"gold_gain":275.0,"event_name":"Golden Shrine","player_choice":"Desecrate","floor":48.0,"gold_loss":0.0,"damage_taken":0.0,"cards_obtained":["Regret"]}],"is_beta":false,"boss_relics":[{"not_picked":["Busted Crown","conspire:SpecialSausage"],"picked":"hubris:TerracottaHorce"},{"not_picked":["RhineSuit","relicPack:KazumaCape"],"picked":"JellyFishMachine"}],"items_purged_floors":[21,21],"is_endless":false,"potions_floor_spawned":[3,5,6,10,16,20,23,28,29,33,37,40],"killed_by":"animator:UNNAMED_HAT","ascension_level":0}}