{"host":"27hat5v0dffgaxzm","time":1607965692,"event":{"mods":["BaseMod","Colored Map","Colored Powertips","Highlight Path","Minty Spire (QoL Compilation)","Permanent Neow","Quick Restart"],"gold_per_floor":[114,193,50,68,68,95,95,125,125,136,153,173,188,199,199,295,295,309,322,322,322],"floor_reached":20,"playtime":1006,"items_purged":[],"score":333,"play_id":"2b423788-dbd7-4630-a98c-89f99f1d32f2","local_time":"20201215020812","is_ascension_mode":true,"campfire_choices":[{"data":"Creative AI","floor":7.0,"key":"SMITH"},{"data":"Fusion","floor":15.0,"key":"SMITH"}],"circlet_count":0,"master_deck":["Strike_B","Strike_B","Strike_B","Strike_B","Defend_B","Defend_B","Defend_B","Defend_B","Zap","Dualcast","Echo Form","Blizzard","Cold Snap","Glacier","Hologram","Coolheaded","Creative AI+1","Fusion+1","Turbo","Genetic Algorithm","Loop","Defragment","Defragment","Skim","Core Surge","Buffer","Self Repair"],"relics":["Cracked Core","Letter Opener","Orrery","Dream Catcher","Gremlin Horn","DataDisk","Inserter"],"acts_visited":["Exordium","TheCity"],"potions_floor_usage":[],"damage_taken":[{"damage":1.0,"enemies":"Cultist","floor":1.0,"turns":3.0},{"damage":1.0,"enemies":"2 Louse","floor":4.0,"turns":4.0},{"damage":13.0,"enemies":"Lagavulin","floor":6.0,"turns":8.0},{"damage":27.0,"enemies":"3 Sentries","floor":8.0,"turns":13.0},{"damage":0.0,"enemies":"Small Slimes","floor":10.0,"turns":2.0},{"damage":12.0,"enemies":"Looter","floor":11.0,"turns":4.0},{"damage":4.0,"enemies":"2 Fungi Beasts","floor":12.0,"turns":4.0},{"damage":0.0,"enemies":"Lots of Slimes","floor":13.0,"turns":1.0},{"damage":5.0,"enemies":"3 Louse","floor":14.0,"turns":4.0},{"damage":0.0,"enemies":"Slime Boss","floor":16.0,"turns":9.0},{"damage":0.0,"enemies":"Spheric Guardian","floor":18.0,"turns":7.0},{"damage":19.0,"enemies":"Chosen","floor":19.0,"turns":7.0},{"damage":67,"enemies":"Masked Bandits","floor":20,"turns":3}],"seed_played":"4055295305924322087","potions_obtained":[{"floor":1.0,"key":"EntropicBrew"},{"floor":13.0,"key":"Fire Potion"},{"floor":16.0,"key":"ColorlessPotion"}],"is_trial":false,"path_per_floor":["M","T","$","M","?","E","R","E","T","M","M","M","M","M","R","B",null,"M","M","?"],"character_chosen":"DEFECT","items_purchased":["Orrery"],"campfire_rested":0,"item_purchase_floors":[3],"current_hp_per_floor":[49,49,49,48,75,62,62,35,35,35,23,19,19,14,14,14,60,60,48,0,0],"gold":322,"neow_bonus":"THREE_RARE_CARDS","is_daily":false,"chose_seed":false,"campfire_upgraded":2,"win_rate":0.0,"timestamp":1607965692,"path_taken":["M","?","$","M","?","E","R","E","T","M","M","M","M","M","R","BOSS","M","?","?"],"items_purchased_type":["Relic"],"build_version":"2020-12-13","purchased_purges":0,"victory":false,"max_hp_per_floor":[75,75,75,75,75,75,75,75,75,75,75,75,75,75,75,75,75,75,75,75,75],"card_choices":[{"not_picked":["Meteor Strike","Core Surge"],"picked":"Echo Form","floor":0.0},{"not_picked":["Scrape","Hologram"],"picked":"Blizzard","floor":1.0},{"not_picked":["Compile Driver","Scrape"],"picked":"Cold Snap","floor":3.0},{"not_picked":["Lockon","Double Energy"],"picked":"Glacier","floor":3.0},{"not_picked":["Gash","Ball Lightning"],"picked":"Hologram","floor":3.0},{"not_picked":["Aggregate","Cold Snap"],"picked":"Coolheaded","floor":3.0},{"not_picked":["Rebound","Skim"],"picked":"Creative AI","floor":3.0},{"not_picked":["Steam","Leap"],"picked":"Fusion","floor":4.0},{"not_picked":["Steam","Barrage"],"picked":"Turbo","floor":6.0},{"not_picked":["Recycle","Cold Snap"],"picked":"Genetic Algorithm","floor":8.0},{"not_picked":["Reprogram","Leap"],"picked":"Loop","floor":10.0},{"not_picked":["Compile Driver","Conserve Battery"],"picked":"Defragment","floor":11.0},{"not_picked":["Rebound","Redo"],"picked":"Defragment","floor":12.0},{"not_picked":["Beam Cell","Hologram"],"picked":"Skim","floor":13.0},{"not_picked":["Beam Cell","Coolheaded"],"picked":"Core Surge","floor":14.0},{"not_picked":["Core Surge","Hyperbeam"],"picked":"Buffer","floor":16.0},{"not_picked":["Tempest+1","Gash"],"picked":"Self Repair","floor":18.0},{"not_picked":["Barrage","Go for the Eyes","Rebound"],"picked":"SKIP","floor":19.0}],"player_experience":320123,"relics_obtained":[{"floor":2.0,"key":"Letter Opener"},{"floor":6.0,"key":"Dream Catcher"},{"floor":8.0,"key":"Gremlin Horn"},{"floor":9.0,"key":"DataDisk"}],"event_choices":[{"damage_healed":27.0,"max_hp_gain":0.0,"max_hp_loss":0.0,"gold_gain":0.0,"event_name":"Wheel of Change","player_choice":"Full Heal","floor":5.0,"gold_loss":0.0,"damage_taken":0.0},{"damage_healed":0,"gold_gain":0,"player_choice":"Fought Bandits","damage_taken":0,"max_hp_gain":0,"max_hp_loss":0,"event_name":"Masked Bandits","floor":20,"gold_loss":0}],"is_beta":false,"boss_relics":[{"not_picked":["SacredBark","Velvet Choker"],"picked":"Inserter"}],"items_purged_floors":[],"is_endless":false,"potions_floor_spawned":[1,4,13,14,16],"killed_by":"Masked Bandits","ascension_level":8}}