{"host":"e40jm352kjzixotw","time":1607975596,"event":{"mods":["BaseMod","Better Altar","Colored Map","Colored Powertips","DeckTracker","Dota2Spire","Downfall","Marisa????????","Minty Spire (QoL Compilation)","Onozuka Komachi Mod","Relic Stats","Remilia??????","StSLib","Td1madao Mod","The Animator","The Hierophant","The Mystic","The Servant 0.9.4","Yuyuko"],"gold_per_floor":[117,117,141,161,239,239,303,303,350,373,392,417,417,455,455,585,585,599,524,524,537,233,233,110,130,130,146,146,190,190,221,221,345,345,359,428,31,55,55,91,105,105,181,196,231,231,275,3,3,3,3,3,3,44,44],"floor_reached":56,"playtime":3461,"items_purged":["Defend_S","Strike_S","Strike_S","Defend_S"],"score":1598,"play_id":"8688da56-db01-4011-bd19-f27d46c21577","local_time":"20201214205316","is_ascension_mode":false,"campfire_choices":[{"data":"Moonlight","floor":6,"key":"SMITH"},{"data":"FloweringNight","floor":13,"key":"SMITH"},{"data":"TimeWarp","floor":15,"key":"SMITH"},{"data":"FlawlessForm","floor":23,"key":"SMITH"},{"data":"Exchange","floor":28,"key":"SMITH"},{"data":"Collapse","floor":32,"key":"SMITH"},{"data":"SilverBlades","floor":42,"key":"SMITH"},{"floor":46,"key":"RECALL"},{"data":"SurpressingFire","floor":49,"key":"SMITH"},{"data":"GearUp","floor":52,"key":"SMITH"}],"circlet_count":0,"master_deck":["KidneyShot","Exchange+1","Moonlight+1","GearUp+1","ShatteredReality","Rearm","InstantArmor","SurpressingFire+1","FloweringNight+1","TimeWarp+1","FlawlessForm+1","Moonlight+1","ShatteredReality","ShatteredReality","Collapse+1","PendulumOfEternity","Read","Ricochet+1","SilverBlades+1","ShatteredReality","GearUp+1"],"relics":["Uniform","Strawberry","Golden Idol","HornCleat","Dota2Spire:CrimsonGuard","Dota2Spire:Dagon","SlaversCollar","Membership Card","Mercury Hourglass","DollysMirror","Pocketwatch","Dota2Spire:Vanguard","Shuriken","Happy Flower","Empty Cage","FossilizedHelix","Bronze Scales","Bottled Lightning","Regal Pillow","MealTicket","Toxic Egg 2","ClockworkSouvenir","Bag of Preparation"],"acts_visited":["Exordium","TheCity","TheBeyond","TheEnding"],"potions_floor_usage":[7,55,55],"damage_taken":[{"damage":8,"enemies":"Jaw Worm","floor":1,"turns":6},{"damage":7,"enemies":"Small Slimes","floor":3,"turns":3},{"damage":0,"enemies":"2 Louse","floor":4,"turns":3},{"damage":5,"enemies":"3 Sentries","floor":7,"turns":7},{"damage":1,"enemies":"2 Fungi Beasts","floor":10,"turns":3},{"damage":0,"enemies":"Large Slime","floor":11,"turns":3},{"damage":0,"enemies":"Exordium Wildlife","floor":12,"turns":5},{"damage":0,"enemies":"3 Sentries","floor":14,"turns":9},{"damage":0,"enemies":"Slime Boss","floor":16,"turns":7},{"damage":0,"enemies":"Chosen","floor":18,"turns":6},{"damage":0,"enemies":"3 Byrds","floor":21,"turns":5},{"damage":0,"enemies":"Snake Plant","floor":25,"turns":6},{"damage":0,"enemies":"Centurion and Healer","floor":27,"turns":6},{"damage":0,"enemies":"Gremlin Leader","floor":29,"turns":4},{"damage":17,"enemies":"Slavers","floor":31,"turns":4},{"damage":0,"enemies":"Automaton","floor":33,"turns":5},{"damage":0,"enemies":"3 Darklings","floor":35,"turns":3},{"damage":21,"enemies":"2 Orb Walkers","floor":36,"turns":4},{"damage":4,"enemies":"3 Shapes","floor":38,"turns":4},{"damage":0,"enemies":"Reptomancer","floor":40,"turns":5},{"damage":0,"enemies":"Transient","floor":41,"turns":5},{"damage":1,"enemies":"Sphere and 2 Shapes","floor":44,"turns":5},{"damage":0,"enemies":"Nemesis","floor":45,"turns":4},{"damage":0,"enemies":"Giant Head","floor":47,"turns":6},{"damage":0,"enemies":"Awakened One","floor":50,"turns":6},{"damage":16,"enemies":"Shield and Spear","floor":54,"turns":4},{"damage":0,"enemies":"The Heart","floor":55,"turns":7}],"seed_played":"7323270892964425801","potions_obtained":[{"floor":3,"key":"ColorlessPotion"},{"floor":10,"key":"Dota2Spire:HealingSalve"},{"floor":12,"key":"Dexterity Potion"},{"floor":16,"key":"LiquidBronze"},{"floor":38,"key":"SteroidPotion"}],"is_trial":false,"path_per_floor":["M","?","M","M","T","R","?","?","T","M","M","M","R","E","R","B",null,"M","?","?","M","$","R","$","M","T","M","R","E","?","E","R","B",null,"M","?","$","M","?","E","M","R","T","M","E","R","E","$","R","B",null,"R","$","E","B",null],"character_chosen":"THE_SERVANT","items_purchased":["Membership Card","Mercury Hourglass","DollysMirror","Read","Toxic Egg 2","ClockworkSouvenir"],"campfire_rested":0,"item_purchase_floors":[22,22,24,37,48,48],"current_hp_per_floor":[64,64,57,57,57,57,52,57,57,56,56,56,56,56,56,56,72,72,72,72,72,72,72,72,72,72,72,72,72,72,55,55,55,72,72,51,51,47,47,47,47,47,47,46,46,46,46,61,61,61,72,72,72,56,56],"gold":44,"neow_bonus":"RANDOM_COMMON_RELIC","is_daily":false,"chose_seed":false,"campfire_upgraded":9,"win_rate":0.0,"timestamp":1607975596,"path_taken":["M","?","M","M","?","R","?","?","T","M","M","M","R","E","R","BOSS","M","?","?","M","$","R","?","M","T","M","R","E","?","E","R","BOSS","M","?","$","M","?","E","M","R","T","M","E","R","E","?","R","BOSS","R","$","E","BOSS"],"items_purchased_type":["Relic","Relic","Relic","Card","Relic","Relic"],"build_version":"2020-12-13","purchased_purges":4,"victory":true,"max_hp_per_floor":[72,67,67,67,67,67,67,72,72,72,72,72,72,72,72,72,72,72,72,72,72,72,72,72,72,72,72,72,72,72,72,72,72,72,72,72,72,72,72,72,72,72,72,72,72,72,72,72,72,72,72,72,72,72,72],"relic_stats":{"Regal Pillow":0,"Happy Flower":[19],"counters":[27,135],"Golden Idol":224,"Shuriken":[26],"Bronze Scales":[151],"MealTicket":15,"Bag of Preparation":[2],"obtain_stats":[{"Regal Pillow":45,"Happy Flower":31,"Golden Idol":2,"Dota2Spire:Dagon":14,"Dota2Spire:Vanguard":29,"Uniform":0,"Bag of Preparation":54,"Empty Cage":34,"Mercury Hourglass":22,"ClockworkSouvenir":48,"SlaversCollar":17,"HornCleat":5,"Dota2Spire:CrimsonGuard":7,"DollysMirror":24,"Shuriken":30,"Strawberry":0,"Bronze Scales":40,"MealTicket":47,"Membership Card":22,"Bottled Lightning":43,"Toxic Egg 2":48,"FossilizedHelix":36,"Pocketwatch":26},{"Regal Pillow":23,"Happy Flower":15,"Golden Idol":1,"Dota2Spire:Dagon":8,"Dota2Spire:Vanguard":14,"Uniform":0,"Bag of Preparation":26,"Empty Cage":16,"Mercury Hourglass":11,"ClockworkSouvenir":24,"SlaversCollar":9,"HornCleat":3,"Dota2Spire:CrimsonGuard":4,"DollysMirror":11,"Shuriken":14,"Strawberry":0,"Bronze Scales":20,"MealTicket":24,"Membership Card":11,"Bottled Lightning":21,"Toxic Egg 2":24,"FossilizedHelix":18,"Pocketwatch":12},{"Regal Pillow":112,"Happy Flower":77,"Golden Idol":6,"Dota2Spire:Dagon":39,"Dota2Spire:Vanguard":73,"Uniform":0,"Bag of Preparation":128,"Empty Cage":82,"Mercury Hourglass":57,"ClockworkSouvenir":118,"SlaversCollar":46,"HornCleat":12,"Dota2Spire:CrimsonGuard":19,"DollysMirror":57,"Shuriken":73,"Strawberry":0,"Bronze Scales":98,"MealTicket":118,"Membership Card":57,"Bottled Lightning":103,"Toxic Egg 2":118,"FossilizedHelix":89,"Pocketwatch":63}],"Mercury Hourglass":[358],"Pocketwatch":[39]},"card_choices":[{"not_picked":["Ricochet","StarChef"],"picked":"Moonlight","floor":1},{"not_picked":["Spin","BottledTime"],"picked":"GearUp","floor":3},{"not_picked":["Hightail","BottledTime"],"picked":"ShatteredReality","floor":4},{"not_picked":["Contraction","BottledTime"],"picked":"Rearm","floor":7},{"not_picked":["Starlight","Rewind"],"picked":"InstantArmor","floor":10},{"not_picked":["Unruled","BottledTime"],"picked":"SurpressingFire","floor":11},{"not_picked":["DoubleEdge","Defy"],"picked":"FloweringNight","floor":12},{"not_picked":["FastForward","Ricochet"],"picked":"TimeWarp","floor":14},{"not_picked":["Sunlight","SoulSculpture"],"picked":"FlawlessForm","floor":16},{"not_picked":["Defy","Sabotage","FastForward+1"],"picked":"SKIP","floor":18},{"not_picked":["Rewind","FastForward","BottledTime"],"picked":"SKIP","floor":21},{"not_picked":["Rewind","Desolation+1","Shuttle"],"picked":"SKIP","floor":25},{"not_picked":["Advance","Desolation+1"],"picked":"ShatteredReality","floor":27},{"not_picked":["Defy","Read"],"picked":"ShatteredReality","floor":29},{"not_picked":["BestPractice+1","Alleviate"],"picked":"Collapse","floor":31},{"not_picked":["LightFlow","ForgedInTime"],"picked":"PendulumOfEternity","floor":33},{"not_picked":["Comet","RealityMarble","Potential"],"picked":"SKIP","floor":35},{"not_picked":["Starlight+1","Reset+1","Defy+1"],"picked":"SKIP","floor":38},{"not_picked":["Spin","Defy+1"],"picked":"Ricochet+1","floor":40},{"not_picked":["InstantArmor","ShiftingGears"],"picked":"SilverBlades","floor":41},{"not_picked":["SpecialFormula","ShiftingGears","Barrier"],"picked":"SKIP","floor":44},{"not_picked":["Rearm+1","Misdirection","Starlight"],"picked":"SKIP","floor":45},{"not_picked":["DoubleEdge+1","Sunlight"],"picked":"ShatteredReality","floor":47},{"not_picked":["Rewind+1","ShatteredReality"],"picked":"GearUp+1","floor":54}],"player_experience":1214437,"relics_obtained":[{"floor":5,"key":"HornCleat"},{"floor":7,"key":"Dota2Spire:CrimsonGuard"},{"floor":14,"key":"Dota2Spire:Dagon"},{"floor":26,"key":"Pocketwatch"},{"floor":29,"key":"Dota2Spire:Vanguard"},{"floor":31,"key":"Happy Flower"},{"floor":36,"key":"FossilizedHelix"},{"floor":40,"key":"Bronze Scales"},{"floor":43,"key":"Bottled Lightning"},{"floor":45,"key":"Regal Pillow"},{"floor":47,"key":"MealTicket"},{"floor":54,"key":"Bag of Preparation"}],"event_choices":[{"damage_healed":0,"gold_gain":0,"player_choice":"Lose Max HP","damage_taken":0,"relics_obtained":["Golden Idol"],"max_hp_gain":0,"max_hp_loss":5,"event_name":"Golden Idol","floor":2,"gold_loss":0},{"damage_healed":0,"gold_gain":30,"player_choice":"Searched \u00273\u0027 times","damage_taken":0,"max_hp_gain":0,"max_hp_loss":0,"event_name":"Dead Adventurer","floor":7,"gold_loss":0},{"damage_healed":0,"gold_gain":0,"player_choice":"Donut","damage_taken":0,"max_hp_gain":5,"max_hp_loss":0,"event_name":"Big Fish","floor":8,"gold_loss":0},{"cards_removed":["Strike_S"],"damage_healed":0,"gold_gain":0,"player_choice":"Gave Gold","damage_taken":0,"max_hp_gain":0,"max_hp_loss":0,"event_name":"Beggar","floor":19,"gold_loss":75},{"damage_healed":0,"gold_gain":0,"player_choice":"Ignored","damage_taken":0,"max_hp_gain":0,"max_hp_loss":0,"event_name":"Vampires","floor":20,"gold_loss":0},{"damage_healed":0,"gold_gain":0,"player_choice":"Gave Potion","damage_taken":0,"relics_obtained":["Shuriken"],"max_hp_gain":0,"max_hp_loss":0,"event_name":"WeMeetAgain","floor":30,"gold_loss":0},{"damage_healed":0,"gold_gain":0,"player_choice":"Fight","damage_taken":0,"max_hp_gain":0,"max_hp_loss":0,"event_name":"Mysterious Sphere","floor":36,"gold_loss":0},{"cards_removed":["Defend_S"],"damage_healed":0,"gold_gain":0,"player_choice":"Removed Skill","damage_taken":0,"max_hp_gain":0,"max_hp_loss":0,"event_name":"Falling","floor":39,"gold_loss":0}],"is_beta":false,"boss_relics":[{"not_picked":["Coffee Dripper","Fusion Hammer"],"picked":"SlaversCollar"},{"not_picked":["Velvet Choker","StoneMask"],"picked":"Empty Cage"}],"items_purged_floors":[22,24,37,48],"is_endless":false,"potions_floor_spawned":[3,4,10,12,16,25,27,29,38,41,44,47],"ascension_level":0}}