{"host":"etmsduvleanb5j7c","time":1607964854,"event":{"mods":["2.2 Compatiblity","BaseMod","Downfall","Minty Spire (QoL Compilation)","StSLib"],"gold_per_floor":[99,114,124,124,205,235,235,116,116,116,130,43,63,77,87,190,190,115,128,128,138,157,157,157,157,172,172,172,172,183,209,223,320,320,320,337,337,350,363,375,375,375,391,391,407,462,462,36,53,53,53],"floor_reached":50,"playtime":2940,"items_purged":["Slimebound:DouseInSlime+1"],"score":473,"play_id":"9bfd247f-8160-4d3a-8e28-be16f7ca7a81","local_time":"20201214175414","is_ascension_mode":false,"campfire_choices":[{"floor":1,"key":"RECALL"},{"data":"Slimebound:CorrosiveSpit","floor":4,"key":"SMITH"},{"floor":10,"key":"REST"},{"data":"Slimebound:SlimeSlap","floor":18,"key":"SMITH"},{"floor":23,"key":"REST"},{"data":"Slimebound:DouseInSlime","floor":25,"key":"SMITH"},{"floor":27,"key":"REST"},{"data":"Slimebound:SlimeSlap","floor":35,"key":"SMITH"},{"data":"Slimebound:LeechEnergy","floor":37,"key":"SMITH"},{"data":"Slimebound:Repurpose","floor":44,"key":"SMITH"}],"circlet_count":0,"master_deck":["Slimebound:Strike_Slimebound","Slimebound:Tackle","Slimebound:Defend_Slimebound","Slimebound:Defend_Slimebound","Slimebound:Defend_Slimebound","Slimebound:Defend_Slimebound","Slimebound:Split","Slimebound:CorrosiveSpit+1","Slimebound:Repurpose+1","Slimebound:ViciousTackle","Slimebound:Equalize+1","Slimebound:GrowthPunch+1","Slimebound:Grow+1","Slimebound:SplitMire","Slimebound:Schlurp","Slimebound:Grow+1","Slimebound:SamplingLick","Slimebound:LeechingTouch+1","Slimebound:LeechEnergy+1","Slimebound:DivideAndConquer","Slimebound:SlimeSlap+1","Slimebound:ServeAndProtect+1","Slimebound:SpikyOuterGoop+1","Slimebound:SplitMire+1","Slimebound:Schlurp+1","Slimebound:SlimeTap","Slimebound:DivideAndConquer","Slimebound:SamplingLick","Slimebound:SlimeSlap+1","Slimebound:LeechEnergy+1","Slimebound:GoopSpray","Slimebound:Equalize+1","Slimebound:LivingWall","Doubt","Slimebound:FirmFortitude+1","Slimebound:ItLooksTasty","Regret","expansioncontent:CaCaw+1","Slimebound:Overexert+1","Slimebound:Prepare"],"relics":["Slimebound:AbsorbEndCombat","Boot","Pantograph","Bronze Scales","Frozen Egg 2","Empty Cage","downfall:HeartBlessingRed","The Courier","Mercury Hourglass","Omamori","Cursed Key","Blood Vial","Smiling Mask","Torii","Whetstone"],"acts_visited":["Exordium","TheCity","TheBeyond"],"potions_floor_usage":[16,32,32,32,33,40,50,50],"damage_taken":[{"damage":8,"enemies":"Cultist","floor":2,"turns":3},{"damage":5,"enemies":"Jaw Worm","floor":3,"turns":5},{"damage":49,"enemies":"3 Sentries","floor":6,"turns":10},{"damage":9,"enemies":"downfall:FleeingMerchant","floor":8,"turns":4},{"damage":7,"enemies":"Small Slimes","floor":11,"turns":3},{"damage":23,"enemies":"downfall:FleeingMerchant","floor":12,"turns":4},{"damage":7,"enemies":"Blue Slaver","floor":13,"turns":3},{"damage":15,"enemies":"Large Slime","floor":14,"turns":4},{"damage":11,"enemies":"2 Fungi Beasts","floor":15,"turns":3},{"damage":41,"enemies":"downfall:Watcher","floor":16,"turns":7},{"damage":25,"enemies":"Spheric Guardian","floor":19,"turns":5},{"damage":14,"enemies":"3 Byrds","floor":21,"turns":3},{"damage":35,"enemies":"Centurion and Healer","floor":22,"turns":6},{"damage":45,"enemies":"Snecko","floor":26,"turns":5},{"damage":29,"enemies":"Cultist and Chosen","floor":30,"turns":5},{"damage":20,"enemies":"Snake Plant","floor":32,"turns":3},{"damage":47,"enemies":"downfall:Ironclad","floor":33,"turns":6},{"damage":21,"enemies":"Orb Walker","floor":36,"turns":3},{"damage":33,"enemies":"3 Darklings","floor":38,"turns":5},{"damage":67,"enemies":"Writhing Mass","floor":39,"turns":5},{"damage":35,"enemies":"Transient","floor":40,"turns":5},{"damage":59,"enemies":"3 Darklings","floor":43,"turns":5},{"damage":29,"enemies":"Jaw Worm Horde","floor":45,"turns":4},{"damage":18,"enemies":"downfall:FleeingMerchant","floor":48,"turns":4},{"damage":78,"enemies":"Spire Growth","floor":49,"turns":6},{"damage":62,"enemies":"downfall:Defect","floor":50,"turns":7}],"seed_played":"-844695262686260722","potions_obtained":[{"floor":2,"key":"FearPotion"},{"floor":6,"key":"ColorlessPotion"},{"floor":11,"key":"Slimebound:ThreeZeroPotion"},{"floor":26,"key":"SkillPotion"},{"floor":30,"key":"Fruit Juice"},{"floor":32,"key":"AttackPotion"},{"floor":38,"key":"ColorlessPotion"},{"floor":39,"key":"Regen Potion"},{"floor":43,"key":"SpeedPotion"},{"floor":49,"key":"Slimebound:SlimyTonguePotion"}],"is_trial":false,"path_per_floor":["R","M","M","R","T","E","T","$","?","R","M","$","M","M","M","B",null,"R","M","?","M","M","R","T","R","M","R","?","T","M","T","M","B",null,"R","M","R","M","M","M","T","?","M","R","M","?","?","$","M","B"],"character_chosen":"SLIMEBOUND","items_purchased":["Slimebound:Grow+1","Slimebound:SplitMire","Slimebound:SamplingLick","Slimebound:LeechingTouch","Torii","Whetstone"],"campfire_rested":3,"item_purchase_floors":[8,8,12,12,48,48],"current_hp_per_floor":[60,56,59,59,59,26,26,33,33,51,54,60,59,54,53,39,60,60,47,47,45,36,54,54,54,27,45,45,45,36,36,31,49,65,65,48,48,43,16,22,22,65,42,42,63,63,63,59,15,0,0],"gold":53,"neow_bonus":"RANDOM_COMMON_RELIC","is_daily":false,"chose_seed":false,"campfire_upgraded":6,"win_rate":0.0,"timestamp":1607964854,"path_taken":["R","M","M","R","?","E","T","$","?","R","M","?","M","M","M","BOSS","R","M","?","M","M","R","T","R","M","R","?","?","M","?","M","BOSS","R","M","R","M","M","M","T","?","M","R","M","?","?","$","M","BOSS"],"items_purchased_type":["Card","Card","Card","Card","Relic","Relic"],"build_version":"2020-12-13","purchased_purges":1,"victory":false,"max_hp_per_floor":[60,60,60,60,60,60,60,60,60,60,60,60,60,60,60,60,60,60,60,60,60,60,60,60,60,60,60,60,60,60,60,65,65,65,65,65,65,65,65,65,65,65,65,65,65,65,65,65,65,65,65],"card_choices":[{"not_picked":["Slimebound:GoopSpray","Slimebound:LeechingTouch"],"picked":"Slimebound:Repurpose","floor":2},{"not_picked":["Slimebound:Prepare","Slimebound:Schlurp"],"picked":"Slimebound:ViciousTackle","floor":3},{"not_picked":["Slimebound:GoopSpray","Slimebound:ProtectTheBoss"],"picked":"Slimebound:Equalize","floor":6},{"not_picked":["Slimebound:SlimeSpikes","Slimebound:Replication"],"picked":"Slimebound:GrowthPunch","floor":8},{"not_picked":["Slimebound:SlimeBarrage","Slimebound:DisruptingSlam"],"picked":"Slimebound:Schlurp","floor":11},{"not_picked":["Slimebound:ServeAndProtect","Slimebound:LevelUp+1"],"picked":"Slimebound:Grow+1","floor":12},{"not_picked":["Slimebound:DisruptingSlam","Slimebound:SlimeSpikes"],"picked":"Slimebound:LeechEnergy","floor":13},{"not_picked":["Slimebound:PressTheAttack","Slimebound:FormOfPuddle"],"picked":"Slimebound:DivideAndConquer","floor":14},{"not_picked":["Slimebound:ProtectTheBoss+1","Slimebound:LivingWall"],"picked":"Slimebound:DouseInSlime","floor":15},{"not_picked":["Slimebound:MassRepurpose","Slimebound:Overexert+1"],"picked":"Slimebound:SlimeSlap","floor":16},{"not_picked":["Slimebound:SplitBruiser","Slimebound:SplitAcid+1"],"picked":"Slimebound:ServeAndProtect+1","floor":19},{"not_picked":["Slimebound:FormOfPuddle","Slimebound:GrowthPunch"],"picked":"Slimebound:SplitMire+1","floor":21},{"not_picked":["Slimebound:MinionMaster+1","Slimebound:LeechEnergy"],"picked":"Slimebound:Schlurp+1","floor":22},{"not_picked":["Slimebound:LeechingTouch","Slimebound:Schlurp+1"],"picked":"Slimebound:SlimeTap","floor":26},{"not_picked":["Slimebound:GrowthPunch","Slimebound:SplitMire+1"],"picked":"Slimebound:DivideAndConquer","floor":30},{"not_picked":["Slimebound:ComboTackle","Slimebound:FormOfPuddle"],"picked":"Slimebound:SamplingLick","floor":32},{"not_picked":["Slimebound:OneTwoCombo","Slimebound:WasteNot"],"picked":"Slimebound:SlimeSlap","floor":33},{"not_picked":["Slimebound:ViciousTackle+1","Slimebound:LevelUp+1"],"picked":"Slimebound:LeechEnergy+1","floor":36},{"not_picked":["Slimebound:DivideAndConquer+1","Slimebound:SlimeBarrage"],"picked":"Slimebound:GoopSpray","floor":38},{"not_picked":["Slimebound:ViciousTackle","Slimebound:GoopTackle"],"picked":"Slimebound:Equalize+1","floor":39},{"not_picked":["Slimebound:PressTheAttack","Slimebound:SlimeSpikes"],"picked":"Slimebound:LivingWall","floor":40},{"not_picked":["Slimebound:SplitMire","Slimebound:Nibble+1"],"picked":"Slimebound:FirmFortitude+1","floor":43},{"not_picked":["Slimebound:Grow+1","Slimebound:GrowthPunch+1"],"picked":"Slimebound:ItLooksTasty","floor":45},{"not_picked":["expansioncontent:ManipulateTime","expansioncontent:FaceSlap"],"picked":"expansioncontent:CaCaw+1","floor":47},{"not_picked":["Slimebound:FirmFortitude+1","Slimebound:SplitAcid+1"],"picked":"Slimebound:Overexert+1","floor":48},{"not_picked":["Slimebound:Repurpose","Slimebound:FinishingTackle"],"picked":"Slimebound:Prepare","floor":49}],"player_experience":107614,"relics_obtained":[{"floor":5,"key":"Pantograph"},{"floor":6,"key":"Bronze Scales"},{"floor":7,"key":"Frozen Egg 2"},{"floor":24,"key":"The Courier"},{"floor":29,"key":"Mercury Hourglass"},{"floor":31,"key":"Omamori"},{"floor":41,"key":"Blood Vial"},{"floor":46,"key":"Smiling Mask"}],"event_choices":[{"damage_healed":0,"gold_gain":0,"player_choice":"Grow","damage_taken":0,"max_hp_gain":0,"max_hp_loss":0,"event_name":"Living Wall","floor":9,"gold_loss":0,"cards_upgraded":["Slimebound:Equalize"]},{"damage_healed":0,"gold_gain":0,"player_choice":"Read","damage_taken":0,"max_hp_gain":0,"max_hp_loss":0,"event_name":"The Library","floor":20,"gold_loss":0,"cards_obtained":["Slimebound:SpikyOuterGoop"]},{"damage_healed":0,"gold_gain":0,"player_choice":"Ignored","damage_taken":0,"max_hp_gain":0,"max_hp_loss":0,"event_name":"Ghosts","floor":28,"gold_loss":0}],"is_beta":false,"boss_relics":[{"not_picked":["Calling Bell","Astrolabe"],"picked":"Empty Cage"},{"not_picked":["Black Star","Busted Crown"],"picked":"Cursed Key"}],"items_purged_floors":[48],"is_endless":false,"potions_floor_spawned":[2,6,11,15,16,26,30,32,38,39,43,49],"killed_by":"downfall:Defect","ascension_level":0}}