{"host":"detovitglhtzaqdj","time":1607979163,"event":{"mods":["AchievementEnabler","Aspiration","BaseMod","Better Altar","Better Match","Better Note","Better Sensory Stone","Better Skull","Better Third Choice","Colored Map","Colored Powertips","Current Relic Mod","Curses Come First","Custom Start","Downfall","Emptier Cage","Friendly Minions","Highlight Path","Minty Spire (QoL Compilation)","Practice Mode","Quick Restart","Remove Card Discount Mod","Replay The Spire","Shop Mod","Somnambulant","StSLib","The Jungle","Transform Curses"],"gold_per_floor":[113,113,113,182,182,217,236,261,338,402,79,354,364,28,28,128,128,47,65,65,76,45,78,78,78,78,4634,2749,107,19,119,119,121,121,39,61,117,67,0,25,38,66,66,94,77,95,95,105,105,5],"floor_reached":51,"playtime":5033,"items_purged":["Regret","Pain","hexamod:Haunted","Amnesia","Replay:Hysterical Blindness","Doubt","Writhe","Amnesia","Normality","Replay:Hysterical Blindness","Overencumbered","Hallucinations","Writhe","Slimebound:Icky","Sickly","Delirium","CommonCold","Sickly","Decay","CommonCold","ReplayTheSpireMod:Doomed","sneckomod:Bewildered","Overencumbered","sneckomod:Bewildered","Voices","Guardian:Aged","Parasite","Slimebound:Icky","Languid","Overencumbered","Regret","Overencumbered","Parasite","betterMatch:CurseCard","CommonCold","Sickly","CommonCold","Spreading Infection","sneckomod:Bewildered","Voices","Slimebound:Icky","Hallucinations","Normality","Regret","Hallucinations","Defend_B","PanicButton+1","Leap+1","Leap+1","Buffer+1","hexamod:Haunted","ReplayTheSpireMod:Splinters","Decay","Pot Of Greed+1","Pot Of Greed","Pot Of Greed","Pot Of Greed","Pot Of Greed"],"score":1124,"play_id":"d1b905b3-7c1a-4f7a-93b0-04a5ce27e7e7","local_time":"20201215075243","is_ascension_mode":false,"campfire_choices":[{"floor":15.0,"key":"REST"},{"data":"Stack+1","floor":49,"key":"PURGE"}],"circlet_count":0,"master_deck":["Zap","Dualcast","expansioncontent:DashGenerateEvil","ReplayTheSpireMod:Repulse","Predator","Choke","Finisher","Gash","Fusion","Darkness","Coolheaded","Sunder+1","Metamorphosis+1","Thinking Ahead+1","Heatsinks","FIFO Queue+1","FTL+1","Echo Form+1","Self Repair+1","Chill+1","Turbo","Skim","FTL","ReplayTheSpireMod:IOU","ReplayTheSpireMod:IOU","ReplayGash+1","Turbo+1","Turbo+1","HandOfGreed+1","BasicCrystalCard","ReplayTheSpireMod:IOU","ReplayTheSpireMod:IOU","ReplayTheSpireMod:IOU","ReplayTheSpireMod:IOU","ReplayTheSpireMod:IOU","ReplayTheSpireMod:IOU","ReplayTheSpireMod:IOU","ReplayTheSpireMod:IOU","ReplayTheSpireMod:IOU","ReplayTheSpireMod:IOU","ReplayTheSpireMod:IOU","Capacitor+1","Static Discharge","Pot Of Greed","Pot Of Greed","ReplayGash","BootSequence","Double Energy+1","Steam Power","Rainbow+1","Sweeping Beam","Hello World+1","Ball Lightning","Redo","Hello World+1","Turbo+1","Double Energy+1","aspiration:Polymerization+1","Gash+1","Voices","Double Energy+1","Lockon+1","Gash+1","aspiration:Polymerization"],"relics":["Cracked Core","ReplayTheSpireMod:Ring of Collecting","Ring of Shattering","Bag of Preparation","Replay:Wax Seal","Ring of Greed","Blue Doll","Golden Egg","ReplayTheSpireMod:Ninjato","MerchantsRug","Gambling Chip","Shuriken","Strange Spoon","Astrolabe","Raider\u0027s Mask","Ice Cream","Darkstone Periapt","betterThird:NestCultRelic","Bottled Flame","ReplayTheSpireMod:Ring of Addiction","Potion Belt","Toy Ornithopter","aspiration:MysteriousAuxiliaryCore","Thread and Needle","TheAbacus","Grinning Jar","Replay:Towering Pillar of Hats","White Beast Statue","aspiration:SecretTechniqueScroll","Peace Pipe","Red Mask","Replay:Multitool","Prayer Wheel","Replay:Kaleidoscope","ReplayTheSpireMod:Ring of Sloth","ReplayTheSpireMod:Ring of Exchange","Vajra"],"acts_visited":["Exordium","TheCity","TheBeyond"],"potions_floor_usage":[],"damage_taken":[{"damage":1.0,"enemies":"Jaw Worm","floor":1.0,"turns":3.0},{"damage":0.0,"enemies":"Replay:BlueRogue","floor":6.0,"turns":3.0},{"damage":0.0,"enemies":"Small Slimes","floor":7.0,"turns":3.0},{"damage":20.0,"enemies":"Gremlin Nob","floor":8.0,"turns":4.0},{"damage":21.0,"enemies":"3 Sentries","floor":10.0,"turns":4.0},{"damage":1.0,"enemies":"Cultist","floor":13.0,"turns":3.0},{"damage":39.0,"enemies":"Hexaghost","floor":16.0,"turns":9.0},{"damage":19.0,"enemies":"3 Byrds","floor":18.0,"turns":6.0},{"damage":3.0,"enemies":"Spheric Guardian","floor":19.0,"turns":2.0},{"damage":13.0,"enemies":"Snecko","floor":21.0,"turns":3.0},{"damage":39.0,"enemies":"Slavers","floor":23.0,"turns":6.0},{"damage":26.0,"enemies":"Snake Plant","floor":28.0,"turns":4.0},{"damage":76.0,"enemies":"Gremlin Leader","floor":29.0,"turns":11.0},{"damage":0.0,"enemies":"3 Cultists","floor":30.0,"turns":5.0},{"damage":36.0,"enemies":"Colosseum Slavers","floor":31.0,"turns":6.0},{"damage":53.0,"enemies":"Colosseum Nobs","floor":31.0,"turns":6.0},{"damage":65.0,"enemies":"Collector","floor":33.0,"turns":10.0},{"damage":12.0,"enemies":"3 Shapes","floor":35.0,"turns":5.0},{"damage":26.0,"enemies":"2 Orb Walkers","floor":38.0,"turns":4.0},{"damage":3.0,"enemies":"Nemesis","floor":40.0,"turns":5.0},{"damage":6.0,"enemies":"Orb Walker","floor":41.0,"turns":3.0},{"damage":4.0,"enemies":"Giant Head","floor":42.0,"turns":5.0},{"damage":11,"enemies":"Transient","floor":46,"turns":5},{"damage":0,"enemies":"3 Darklings","floor":48,"turns":4},{"damage":106,"enemies":"Donu and Deca","floor":50,"turns":8}],"seed_played":"-1152139628300541809","potions_obtained":[{"floor":7.0,"key":"sneckomod:MuddlingPotion"},{"floor":8.0,"key":"Dexterity Potion"},{"floor":13.0,"key":"FearPotion"},{"floor":19.0,"key":"CultistPotion"},{"floor":26.0,"key":"BlessingOfTheForge"},{"floor":26.0,"key":"Dexterity Potion"},{"floor":26.0,"key":"Reflective Coating"},{"floor":29.0,"key":"EssenceOfDarkness"},{"floor":33.0,"key":"EssenceOfSteel"},{"floor":35.0,"key":"Weak Potion"},{"floor":37.0,"key":"Venom Potion"},{"floor":37.0,"key":"PowerPotion"},{"floor":37.0,"key":"PowerPotion"},{"floor":38.0,"key":"ColorlessPotion"},{"floor":40.0,"key":"Dexterity Potion"},{"floor":46,"key":"SteroidPotion"},{"floor":48,"key":"LifebloodPotion"}],"is_trial":false,"path_per_floor":["M","?","?","?","?","E","M","E","T","?","$","?","M","$","R","B",null,"M","M","?","M","$","E","?","?","T","$","M","E","M","?","R_BF","B",null,"M","$","?","?","?","E","M","E","T","$","$","M","T","M","R","B",null],"character_chosen":"DEFECT","items_purchased":["MerchantsRug","Sunder+1","ReplayTheSpireMod:ShopPack","Gambling Chip","FIFO Queue","Leap","Shuriken","Strange Spoon","FTL","Raider\u0027s Mask","Ice Cream","ReplayGash","Turbo","HandOfGreed+1","Stack","aspiration:MysteriousAuxiliaryCore","Thread and Needle","TheAbacus","Capacitor","Hello World+1","aspiration:Polymerization+1","Gash"],"campfire_rested":1,"item_purchase_floors":[11,11,11,14,14,14,14,14,14,22,22,22,22,22,22,27,27,27,27,36,44,45],"current_hp_per_floor":[67,67,67,67,67,67,67,47,47,26,26,26,25,25,45,6,68,68,65,65,52,52,23,23,23,23,563,537,467,477,408,408,353,604,592,598,604,578,578,585,585,581,581,581,581,576,576,576,576,480],"gold":5,"neow_bonus":"RANDOM_COLORLESS_2","is_daily":false,"chose_seed":false,"campfire_upgraded":0,"win_rate":0.0,"timestamp":1607979163,"path_taken":["M","?","?","?","?","E","?","E","T","?","$","?","?","$","R","BOSS","M","M","?","?","$","E","?","?","T","?","M","E","?","?","R_BF","BOSS","M","$","?","?","?","E","M","E","T","?","$","?","?","M","R","BOSS"],"items_purchased_type":["Relic","Card","Relic","Relic","Card","Card","Relic","Relic","Card","Relic","Relic","Card","Card","Card","Card","Relic","Relic","Relic","Card","Card","Card","Card"],"build_version":"2020-12-13","purchased_purges":58,"victory":true,"max_hp_per_floor":[68,68,68,68,68,68,68,68,68,68,68,68,68,68,68,68,68,68,68,68,68,68,68,68,68,68,602,602,608,606,606,606,604,604,604,608,614,614,612,612,618,616,616,616,614,620,620,620,618,618],"card_choices":[{"not_picked":["Secret Technique","expansioncontent:StudyTheSpire"],"picked":"expansioncontent:DashGenerateEvil","floor":0.0},{"not_picked":["Steam Power","Beam Cell"],"picked":"ReplayTheSpireMod:Repulse","floor":1.0},{"not_picked":["Loop","Barrage"],"picked":"Gash","floor":6.0},{"not_picked":["FTL","Beam Cell"],"picked":"Fusion","floor":7.0},{"not_picked":["Hologram","ReplayTheSpireMod:GoodbyeWorld"],"picked":"Darkness","floor":8.0},{"not_picked":["Compile Driver","Gash"],"picked":"Coolheaded","floor":10.0},{"not_picked":["Secret Weapon","Thinking Ahead"],"picked":"Metamorphosis","floor":11.0},{"not_picked":["Blind","expansioncontent:Collect"],"picked":"Thinking Ahead","floor":11.0},{"not_picked":["Replay:SS_fish_1","expansioncontent:AwakenDeath"],"picked":"PanicButton","floor":11.0},{"not_picked":["Coolheaded","Rebound"],"picked":"Heatsinks","floor":13.0},{"not_picked":["All For One","Electrodynamics"],"picked":"Echo Form","floor":16.0},{"not_picked":["ReplayTheSpireMod:GoodbyeWorld+1","Scrape"],"picked":"Turbo","floor":18.0},{"not_picked":["Sweeping Beam","Tempest"],"picked":"Skim","floor":19.0},{"not_picked":["White Noise","Hologram"],"picked":"FTL","floor":21.0},{"not_picked":["Panic Button","Sweeping Beam"],"picked":"BasicCrystalCard","floor":23.0},{"not_picked":["Cold Snap","Undo"],"picked":"Static Discharge","floor":28.0},{"not_picked":["Leap","Coolheaded"],"picked":"ReplayGash","floor":29.0},{"not_picked":["BasicCrystalCard","Loop+1"],"picked":"BootSequence","floor":30.0},{"not_picked":["Tempest","Rebound"],"picked":"Double Energy+1","floor":31.0},{"not_picked":["Creative AI","Seek"],"picked":"Rainbow","floor":33.0},{"not_picked":["Hologram","Steam Power"],"picked":"Sweeping Beam","floor":35.0},{"not_picked":["BasicCrystalCard","Sweeping Beam"],"picked":"Ball Lightning","floor":37.0},{"not_picked":["Steam Power","BasicCrystalCard"],"picked":"Redo","floor":38.0},{"not_picked":["Heatsinks","BasicCrystalCard"],"picked":"Hello World+1","floor":40.0},{"not_picked":["BasicCrystalCard","Streamline+1"],"picked":"Turbo+1","floor":41.0},{"not_picked":["Sweeping Beam","Coolheaded+1"],"picked":"Double Energy+1","floor":42.0},{"not_picked":["Go for the Eyes","Reinforced Body+1"],"picked":"Double Energy+1","floor":46},{"not_picked":["ReplayTheSpireMod:System Scan+1","Steam Power+1"],"picked":"Lockon+1","floor":46},{"not_picked":["Creative AI","Capacitor+1"],"picked":"Gash+1","floor":48},{"not_picked":["Gash","Coolheaded+1"],"picked":"aspiration:Polymerization","floor":48}],"player_experience":19356,"relics_obtained":[{"floor":2.0,"key":"ReplayTheSpireMod:Ring of Collecting"},{"floor":2.0,"key":"Ring of Shattering"},{"floor":6.0,"key":"Bag of Preparation"},{"floor":8.0,"key":"Replay:Wax Seal"},{"floor":9.0,"key":"Ring of Greed"},{"floor":9.0,"key":"Omamori"},{"floor":9.0,"key":"Blue Doll"},{"floor":9.0,"key":"Golden Egg"},{"floor":10.0,"key":"ReplayTheSpireMod:Ninjato"},{"floor":23.0,"key":"Darkstone Periapt"},{"floor":26.0,"key":"Bottled Flame"},{"floor":26.0,"key":"ReplayTheSpireMod:Ring of Addiction"},{"floor":26.0,"key":"Potion Belt"},{"floor":26.0,"key":"Toy Ornithopter"},{"floor":29.0,"key":"Grinning Jar"},{"floor":31.0,"key":"Replay:Towering Pillar of Hats"},{"floor":31.0,"key":"White Beast Statue"},{"floor":38.0,"key":"Peace Pipe"},{"floor":40.0,"key":"Replay:Multitool"},{"floor":42.0,"key":"Prayer Wheel"},{"floor":43.0,"key":"Replay:Kaleidoscope"},{"floor":43.0,"key":"ReplayTheSpireMod:Ring of Sloth"},{"floor":47,"key":"ReplayTheSpireMod:Ring of Exchange"},{"floor":47,"key":"Vajra"}],"event_choices":[{"damage_healed":0.0,"max_hp_gain":0.0,"max_hp_loss":0.0,"gold_gain":69.0,"event_name":"Golden Wing","player_choice":"Gained Gold","floor":4.0,"gold_loss":0.0,"damage_taken":0.0},{"damage_healed":0.0,"max_hp_gain":0.0,"max_hp_loss":0.0,"gold_gain":0.0,"event_name":"The Cleric","player_choice":"Leave","floor":5.0,"gold_loss":0.0,"damage_taken":0.0},{"damage_healed":0.0,"max_hp_gain":0.0,"max_hp_loss":0.0,"gold_gain":0.0,"event_name":"Dead Adventurer","player_choice":"Searched \u00271\u0027 times","floor":10.0,"gold_loss":0.0,"damage_taken":0.0},{"damage_healed":0.0,"max_hp_gain":0.0,"max_hp_loss":0.0,"gold_gain":275.0,"event_name":"Golden Shrine","player_choice":"Desecrate","floor":12.0,"gold_loss":0.0,"damage_taken":0.0,"cards_obtained":["Regret"]},{"damage_healed":0.0,"max_hp_gain":0.0,"max_hp_loss":0.0,"gold_gain":0.0,"cards_transformed":["ReplayTheSpireMod:Restless Dread"],"event_name":"Transmorgrifier","player_choice":"Transformed","floor":20.0,"gold_loss":0.0,"damage_taken":0.0,"cards_obtained":["Replay:Hysterical Blindness"]},{"cards_removed":["expansioncontent:DashGenerateEvil"],"damage_healed":0.0,"max_hp_gain":0.0,"max_hp_loss":0.0,"gold_gain":0.0,"event_name":"betterNote:BetterNote","player_choice":"Give","floor":24.0,"gold_loss":0.0,"damage_taken":0.0,"cards_obtained":["None"]},{"damage_healed":0.0,"max_hp_gain":0.0,"max_hp_loss":0.0,"gold_gain":0.0,"event_name":"betterThird:BetterNest","player_choice":"Madness","floor":25.0,"gold_loss":0.0,"damage_taken":0.0,"relics_obtained":["betterThird:NestCultRelic"]},{"damage_healed":0.0,"max_hp_gain":0.0,"max_hp_loss":0.0,"gold_gain":0.0,"event_name":"Colosseum","player_choice":"Fight","floor":31.0,"gold_loss":0.0,"damage_taken":0.0},{"damage_healed":0.0,"max_hp_gain":0.0,"max_hp_loss":0.0,"gold_gain":0.0,"event_name":"Colosseum","player_choice":"Fought Nobs","floor":31.0,"gold_loss":0.0,"damage_taken":0.0},{"damage_healed":0.0,"max_hp_gain":0.0,"max_hp_loss":0.0,"gold_gain":0.0,"event_name":"Mysterious Sphere","player_choice":"Fight","floor":38.0,"gold_loss":0.0,"damage_taken":0.0},{"damage_healed":0.0,"max_hp_gain":0.0,"max_hp_loss":0.0,"gold_gain":0.0,"event_name":"Tomb of Lord Red Mask","player_choice":"Paid","floor":39.0,"gold_loss":67.0,"damage_taken":0.0,"relics_obtained":["Red Mask"]}],"is_beta":false,"boss_relics":[{"not_picked":["Inserter","Replay:Wanted Poster"],"picked":"Astrolabe"},{"not_picked":["aspiration:PoetsPen_weak","Replay:Bronze Core"],"picked":"aspiration:SecretTechniqueScroll"}],"items_purged_floors":[22,22,22,22,22,22,22,22,22,27,27,27,27,27,27,27,27,27,27,27,27,27,27,27,27,27,27,27,27,27,27,27,27,27,27,27,27,27,27,27,27,27,27,27,36,36,36,36,36,36,44,44,44,44,44,44,44,44],"is_endless":false,"potions_floor_spawned":[7,8,13,19,29,31,33,35,38,40,41,42,46,48],"ascension_level":0}}