{"host":"e9x02d116nyd6j9y","time":1607937026,"event":{"mods":["BaseMod","Minty Spire (QoL Compilation)","SuperFastMode","everything is the same but u backflip on backflip"],"gold_per_floor":[119,131,151,162,162,162,177,177,177,194,194,212,287,18,18,18,18],"floor_reached":16,"playtime":484,"items_purged":["Strike_R"],"score":94,"play_id":"10c33ef4-92ed-4d85-b5a0-7ab77ca67f27","local_time":"20201214181026","is_ascension_mode":false,"campfire_choices":[{"data":"Shrug It Off","floor":6,"key":"SMITH"},{"floor":8,"key":"REST"},{"data":"Clothesline","floor":15,"key":"SMITH"}],"circlet_count":0,"master_deck":["Strike_R","Strike_R+1","Strike_R","Strike_R","Defend_R","Defend_R","Defend_R+1","Defend_R","Bash","Shrug It Off+1","Sever Soul","Clothesline+1","Headbutt","Cleave"],"relics":["Burning Blood","NeowsBlessing","Boot","Anchor"],"acts_visited":["Exordium"],"potions_floor_usage":[16],"damage_taken":[{"damage":0,"enemies":"Cultist","floor":1,"turns":1},{"damage":0,"enemies":"Jaw Worm","floor":2,"turns":1},{"damage":0,"enemies":"2 Louse","floor":3,"turns":1},{"damage":11,"enemies":"Exordium Wildlife","floor":4,"turns":5},{"damage":1,"enemies":"Blue Slaver","floor":7,"turns":6},{"damage":3,"enemies":"Exordium Thugs","floor":10,"turns":6},{"damage":7,"enemies":"Looter","floor":12,"turns":3},{"damage":71,"enemies":"Hexaghost","floor":16,"turns":14}],"seed_played":"-2749288375734601639","potions_obtained":[{"floor":3,"key":"BlessingOfTheForge"},{"floor":4,"key":"BlessingOfTheForge"},{"floor":7,"key":"Explosive Potion"}],"is_trial":false,"path_per_floor":["M","M","M","M","?","R","M","R","T","M","?","M","?","$","R","B"],"character_chosen":"IRONCLAD","items_purchased":["Cleave","Anchor"],"campfire_rested":1,"item_purchase_floors":[14,14],"current_hp_per_floor":[80,80,80,75,59,59,64,80,80,80,80,79,68,68,68,0,0],"gold":18,"neow_bonus":"THREE_ENEMY_KILL","is_daily":false,"chose_seed":false,"campfire_upgraded":2,"win_rate":0.0,"timestamp":1607937026,"path_taken":["M","?","M","M","?","R","M","R","T","M","?","M","?","$","R","BOSS"],"items_purchased_type":["Card","Relic"],"build_version":"2020-12-13","purchased_purges":1,"victory":false,"max_hp_per_floor":[80,80,80,80,80,80,80,80,80,80,80,80,80,80,80,80,80],"card_choices":[{"not_picked":["Inflame","Fire Breathing"],"picked":"Shrug It Off","floor":1},{"not_picked":["Searing Blow","Heavy Blade","Clothesline"],"picked":"SKIP","floor":2},{"not_picked":["Fire Breathing","Intimidate","Twin Strike"],"picked":"SKIP","floor":3},{"not_picked":["Wild Strike","Bloodletting","Spot Weakness"],"picked":"SKIP","floor":4},{"not_picked":["Perfected Strike","Twin Strike"],"picked":"Sever Soul","floor":7},{"not_picked":["Wild Strike","Feel No Pain"],"picked":"Clothesline","floor":10},{"not_picked":["Twin Strike","Reaper"],"picked":"Headbutt","floor":12}],"player_experience":15413,"relics_obtained":[{"floor":9,"key":"Boot"}],"event_choices":[{"damage_healed":0,"gold_gain":0,"player_choice":"Entered Light","damage_taken":16,"max_hp_gain":0,"max_hp_loss":0,"event_name":"Shining Light","floor":5,"gold_loss":0,"cards_upgraded":["Defend_R","Strike_R"]},{"damage_healed":0,"gold_gain":0,"player_choice":"Fled","damage_taken":0,"max_hp_gain":0,"max_hp_loss":0,"event_name":"Scrap Ooze","floor":11,"gold_loss":0},{"damage_healed":0,"gold_gain":75,"player_choice":"Gather Gold","damage_taken":11,"max_hp_gain":0,"max_hp_loss":0,"event_name":"World of Goop","floor":13,"gold_loss":0}],"is_beta":false,"boss_relics":[],"items_purged_floors":[14],"is_endless":false,"potions_floor_spawned":[3,4,7,12],"killed_by":"Hexaghost","ascension_level":0}}