{"host":"aukiz5jlacd3g5yc","time":1607926160,"event":{"mods":["2.2 Compatiblity","BaseMod","Bestiary","Colored Map","Colored Powertips","Downfall","GifTheSpireLib","Highlight Path","Hubris","Infinite Spire","Marisa????????","Minty Spire (QoL Compilation)","Permanent Neow","Quick Restart","Random Character Button","Rare Cards Sparkle","Relic Sorter","Relic Stats","Replay The Spire","StSLib","Unknown Chances","everything is the same but u backflip on backflip","slay the spire mod where everything is the same but ironclad has a cowboy hat"],"gold_per_floor":[0,10,10,10,10,0,0,26,26,56,68,68,68,28,46,151,151,151,151,186,186,96,96,96],"floor_reached":23,"playtime":934,"items_purged":[],"score":213,"play_id":"3f6b7f13-c839-4ca6-bd64-162145a54e53","local_time":"20201214000920","is_ascension_mode":false,"campfire_choices":[{"data":"sneckomod:SnekBite","floor":1,"key":"SMITH"},{"data":"sneckomod:DiceCrush","floor":3,"key":"SMITH"},{"data":"sneckomod:TailWhip","floor":9,"key":"SMITH"},{"data":"sneckomod:Cheat","floor":18,"key":"SMITH"},{"data":"sneckomod:Restock","floor":21,"key":"SMITH"}],"circlet_count":0,"master_deck":["ReplayTheSpireMod:??????????????????????+1","sneckomod:Strike+1","sneckomod:Defend","sneckomod:Defend","sneckomod:TailWhip+1","sneckomod:SnekBite+1","sneckomod:Unknown","sneckomod:Unknown","sneckomod:DiceCrush+1","sneckomod:Unknown1Cost","sneckomod:SlitherStrike","sneckomod:DiceBlock","sneckomod:UnknownUncommonAttack","sneckomod:UnknownUncommonPower","sneckomod:Cheat+1","Looming Evil","sneckomod:Unknown","sneckomod:Restock+1","expansioncontent:DefensiveStance","infinitespire:UltimateForm","sneckomod:MorePower","hubris:NaturalOne","sneckomod:Unknown1Cost+1","sneckomod:UnknownCommonAttack+1","sneckomod:MasterEye"],"relics":["sneckomod:SneckoSoul","Bird Faced Urn","hubris:TinFlute","Juzu Bracelet","Gremlin Horn","hubris:Icosahedron","ReplayTheSpireMod:SealedPack","hubris:DeckOfHolding","Molten Egg 2"],"acts_visited":["Exordium","TheCity"],"potions_floor_usage":[16,16,20],"damage_taken":[{"damage":0,"enemies":"Small Slimes","floor":2,"turns":2},{"damage":14,"enemies":"downfall:FleeingMerchant","floor":6,"turns":4},{"damage":17,"enemies":"3 Sentries","floor":8,"turns":3},{"damage":16,"enemies":"Gremlin Nob","floor":10,"turns":3},{"damage":0,"enemies":"Jaw Worm","floor":11,"turns":1},{"damage":10,"enemies":"infinitespire:Voidling","floor":14,"turns":3},{"damage":5,"enemies":"2 Fungi Beasts","floor":15,"turns":2},{"damage":35,"enemies":"downfall:Defect","floor":16,"turns":5},{"damage":7,"enemies":"Gremlin Leader","floor":20,"turns":5},{"damage":15,"enemies":"downfall:FleeingMerchant","floor":22,"turns":4},{"damage":93,"enemies":"Book of Stabbing","floor":23,"turns":8}],"seed_played":"2707314365071309033","potions_obtained":[{"floor":10,"key":"Adrenaline Potion"},{"floor":11,"key":"SneckoOil"},{"floor":14,"key":"SmokeBomb"},{"floor":16,"key":"Adrenaline Potion"}],"is_trial":false,"path_per_floor":["R","M","R","?","?","$","T","E","R","E","M","?","?","M","M","B",null,"R","?","E","R","$","E"],"character_chosen":"THE_SNECKO","items_purchased":["sneckomod:MasterEye"],"campfire_rested":0,"item_purchase_floors":[22],"current_hp_per_floor":[90,90,90,83,83,73,73,57,57,41,41,41,41,40,40,9,94,94,94,89,89,83,0,0],"gold":96,"neow_bonus":"REMOVE_TWO","is_daily":false,"chose_seed":false,"campfire_upgraded":5,"win_rate":0.0,"timestamp":1607926160,"path_taken":["R","M","R","?","?","$","T","E","R","E","M","?","?","M","M","BOSS","R","?","E","R","$","E"],"items_purchased_type":["Card"],"build_version":"2020-12-13","purchased_purges":0,"victory":false,"max_hp_per_floor":[90,90,90,90,90,90,90,91,91,91,91,91,91,92,93,93,94,94,94,94,94,96,96,96],"relic_stats":{"Gremlin Horn":[7,7],"counters":[11,40],"Bird Faced Urn":[25],"Juzu Bracelet":1,"obtain_stats":[{"hubris:Icosahedron":13,"Gremlin Horn":10,"Bird Faced Urn":4,"hubris:DeckOfHolding":19,"Molten Egg 2":20,"ReplayTheSpireMod:SealedPack":17,"Juzu Bracelet":8,"sneckomod:SneckoSoul":0,"hubris:TinFlute":7},{"hubris:Icosahedron":5,"Gremlin Horn":4,"Bird Faced Urn":1,"hubris:DeckOfHolding":8,"Molten Egg 2":9,"ReplayTheSpireMod:SealedPack":8,"Juzu Bracelet":3,"sneckomod:SneckoSoul":0,"hubris:TinFlute":2},{"hubris:Icosahedron":13,"Gremlin Horn":12,"Bird Faced Urn":2,"hubris:DeckOfHolding":23,"Molten Egg 2":28,"ReplayTheSpireMod:SealedPack":23,"Juzu Bracelet":9,"sneckomod:SneckoSoul":0,"hubris:TinFlute":6}]},"card_choices":[{"not_picked":["sneckomod:UnknownWeak","sneckomod:Nope"],"picked":"sneckomod:DiceCrush","floor":2},{"not_picked":["sneckomod:ImprovisedAttack","sneckomod:QuickBite","sneckomod:UnknownClassSLIMEBOUND"],"picked":"SKIP","floor":6},{"not_picked":["sneckomod:TrashToTreasure","sneckomod:UnknownCommonSkill"],"picked":"sneckomod:Unknown1Cost","floor":8},{"not_picked":["sneckomod:UnknownX","sneckomod:IronFang"],"picked":"sneckomod:SlitherStrike","floor":10},{"not_picked":["sneckomod:QuickMove","sneckomod:UnknownVulnerable"],"picked":"sneckomod:DiceBlock","floor":11},{"not_picked":["sneckomod:SerpentIdol","sneckomod:UnknownCommonAttack"],"picked":"sneckomod:UnknownUncommonAttack","floor":14},{"not_picked":["sneckomod:UnknownBlock","sneckomod:DiceCrush"],"picked":"sneckomod:UnknownUncommonPower","floor":15},{"not_picked":["sneckomod:DangerNoodle","sneckomod:UnknownRarePower"],"picked":"sneckomod:Cheat","floor":16},{"not_picked":["Dualcast","Replay:GuardianBash"],"picked":"sneckomod:Unknown","floor":17},{"not_picked":["sneckomod:UnlimitedRolls","sneckomod:SoulExchange"],"picked":"sneckomod:Restock","floor":17},{"not_picked":["hubris:Insight","ReplayTheSpireMod:Private Reserves"],"picked":"expansioncontent:DefensiveStance","floor":17},{"not_picked":["infinitespire:Menacing","hubris:Fate"],"picked":"infinitespire:UltimateForm","floor":17},{"not_picked":["sneckomod:IronFang+1","sneckomod:UnknownWeak"],"picked":"sneckomod:MorePower","floor":20},{"not_picked":["sneckomod:UnknownWeak+1","sneckomod:UnknownVulnerable+1"],"picked":"sneckomod:Unknown1Cost+1","floor":22},{"not_picked":["sneckomod:UnknownBlock","sneckomod:UnknownClassTHE_CHAMP_GRAY"],"picked":"sneckomod:UnknownCommonAttack+1","floor":22}],"player_experience":358068,"relics_obtained":[{"floor":7,"key":"hubris:TinFlute"},{"floor":8,"key":"Juzu Bracelet"},{"floor":10,"key":"Gremlin Horn"},{"floor":20,"key":"Molten Egg 2"}],"event_choices":[{"damage_healed":0,"gold_gain":0,"player_choice":"Success","damage_taken":7,"relics_obtained":["Bird Faced Urn"],"max_hp_gain":0,"max_hp_loss":0,"event_name":"Scrap Ooze","floor":4,"gold_loss":0},{"cards_removed":["sneckomod:Strike"],"damage_healed":0,"gold_gain":0,"player_choice":"Offered Basic","damage_taken":0,"max_hp_gain":0,"max_hp_loss":0,"event_name":"Bonfire Elementals","floor":5,"gold_loss":0}],"is_beta":false,"boss_relics":[{"not_picked":["sneckomod:SuperSneckoSoul","Tiny House"],"picked":"ReplayTheSpireMod:SealedPack"}],"items_purged_floors":[],"is_endless":false,"potions_floor_spawned":[10,11,14,16],"killed_by":"Book of Stabbing","ascension_level":0}}