{"host":"0azimyi6n3ugndj4","time":1607952547,"event":{"mods":["BaseMod","Bestiary","Conspire","Curses Come First","Defuse TimeMaze Blight","Hyrulean Relics","Infinite Spire","Minty Spire (QoL Compilation)","Relic Stats","Replay The Spire","StSLib","SuperFastMode","Uncapped","¡¼?Úª?ø«¡½REMEMod"],"gold_per_floor":[99,99,99,99,138,138,234,234,234,279,279,321,158,158,158,386,386,416,94,94,94,94,196,246,246,246],"floor_reached":25,"playtime":374,"items_purged":["Overencumbered"],"score":601,"play_id":"ee15ea39-d24e-4693-a318-fd7d18fa7660","local_time":"20201214222907","daily_mods":["Draft","Hoarder","Chimera","Shiny","Specialized","Vintage","ControlledChaos","Allstar","Diverse","Colorless Cards","Heirloom","Time Dilation","Flight","Binary","Elite Swarm","Lethality","Midas","Binary"],"is_ascension_mode":true,"campfire_choices":[{"floor":6,"key":"REST"},{"floor":8,"key":"REST"},{"floor":15,"key":"REST"}],"circlet_count":0,"master_deck":["Demon Form","Wraith Form v2","Echo Form","DevaForm","AscendersBane","Bash","Survivor","Zap","Eruption","Strike_R","Strike_G","Strike_B","Defend_R","Defend_G","Defend_P","Brilliance","Devotion","Replay:AllIn","LessonLearned","Vault","Alpha","Establishment","REME_WorshipGod","Replay:LoomingThreat","DeusExMachina","Judgement","ConjureBlade","REME_EmptyShield","MasterReality","Blasphemy","Ragnarok","REME_CRH","Scrawl","Wish","Omniscience","SpiritShield","DevaForm","Hyperbeam","REME_ForAll","Machine Learning","Buffer","Mirror Shield","Seek","Echo Form","All For One","Reboot","Core Surge","Multi-Cast","Thunder Strike","Biased Cognition","REME_Shoggoth","Electrodynamics","ReplayRNGCard","ReplayTheSpireMod:Omega Cannon","Rainbow","Meteor Strike","ReplayTheSpireMod:Fabricate Wheel","Amplify","Creative AI","REME_ShadowForm","ReplayTheSpireMod:Necrosis","Corpse Explosion","Die Die Die","Atom Bomb","ReplayTheSpireMod:From All Sides","Adrenaline","Envenom","Doppelganger","Burst","Wraith Form v2","REME_SpectralBlade","Tools of the Trade","REME_CopyPotion","After Image","Poison Darts","A Thousand Cuts","Venomology","Replay:Bag of Tricks","Malaise","Phantasmal Killer","Night Terror","infinitespire:Neurotoxin","Unload","REME_GrazeFinale","Bullet Time","Storm of Steel","Glass Knife","Grand Finale","Double Tap","Demon Form","REME_ACTH","Fiend Fire","Eclipse","conspire:Purge","Berserk","Impervious","Juggernaut","Brutality","Demonic Infusion","conspire:HitWhereItHurts","Exhume","Offering","REME_Fury","Bludgeon","Feed","Replay:Many Hands","Limit Break","Corruption","Barricade","Hemogenesis","REME_TheLastStrike","Reaper","Immolate","Thinking Ahead","Metamorphosis","Master of Strategy","Magnetism","Chrysalis","Mayhem","REME_PuzzleBox","Secret Weapon","Midas Touch","ReplayTheSpireMod:Brewmster","REME_AllRoundStrike","Poisoned Strike","Sadistic Nature","Replay:Dark Deal","REME_Flogging","ReplayUltimateDefense","Transmutation","REME_BattleFury","HandOfGreed","ReplayTheSpireMod:Necrogeddon","Apotheosis","Panache","Violence","Secret Technique","The Bomb","Crow Ritual","REME_BuildACard","REME_ProfessionalPlagiarism","Multi-Cast","Multi-Cast","Multi-Cast","Multi-Cast","Multi-Cast","Multi-Cast","Multi-Cast","Multi-Cast","Multi-Cast","Multi-Cast","Multi-Cast","Multi-Cast","Multi-Cast","Multi-Cast","Multi-Cast","Whirlwind","Whirlwind","Whirlwind","Hidden Blade","Hidden Blade","Hidden Blade","Turbo","Turbo","Turbo","ReplayReversal","ReplayReversal","ReplayReversal","CutThroughFate","CutThroughFate","CutThroughFate","PiercingWail","PiercingWail","PiercingWail","Pommel Strike","Pommel Strike","Pommel Strike","WindmillStrike","WindmillStrike","WindmillStrike","PiercingWail","PiercingWail","PiercingWail","Dark Embrace","Dark Embrace","Dark Embrace","Madness","Madness","Madness","Feel No Pain","Feel No Pain","Feel No Pain","Hologram","Hologram","Hologram","SashWhip","SashWhip","SashWhip","All Out Attack","All Out Attack","All Out Attack","Crow Ritual","Crow Ritual","Crow Ritual","Apotheosis+1","Apotheosis+1","Apotheosis+1","infinitespire:Menacing","infinitespire:Menacing","infinitespire:Menacing","Overencumbered","Feed","Feed","Feed"],"relics":["Cracked Core","Frozen Eye","Busted Crown","REME_ComplimentaryCards","Unceasing Top","Bird Faced Urn","zeldaRelics:CourageTriforce","Pen Nib","GremlinMask","Replay:Rubber Ducky","Anchor","Inserter","Bag of Preparation","Happy Flower","Akabeko","infinitespire:Satchel","Honey Jar","OrangePellets"],"acts_visited":["Exordium","TheCity"],"potions_floor_usage":[16,16,23,25],"damage_taken":[{"damage":12,"enemies":"conspire:RoseBush","floor":5,"turns":2},{"damage":21,"enemies":"3 Sentries","floor":7,"turns":3},{"damage":6,"enemies":"Cultist","floor":10,"turns":2},{"damage":16,"enemies":"Jaw Worm","floor":12,"turns":2},{"damage":46,"enemies":"Hexaghost","floor":16,"turns":5},{"damage":14,"enemies":"Shell Parasite","floor":18,"turns":4},{"damage":66,"enemies":"Slavers","floor":23,"turns":6},{"damage":17,"enemies":"Replay:Snechameleon","floor":25,"turns":1}],"seed_played":"-2900596206407115285","potions_obtained":[{"floor":7,"key":"Swift Potion"},{"floor":10,"key":"Weak Potion"}],"is_trial":true,"path_per_floor":["?","WH","$","WH","M","R","E","R","T","M","?","M","$","?","R","B",null,"M","$","?","?","AVR","E","?","E"],"character_chosen":"DEFECT","items_purchased":["Anchor","Happy Flower","Akabeko"],"campfire_rested":3,"item_purchase_floors":[13,19,19],"current_hp_per_floor":[64,71,71,78,66,85,66,85,85,81,81,67,67,46,71,43,75,65,65,65,65,65,13,13,0,0],"gold":246,"neow_bonus":"TEN_PERCENT_HP_BONUS","is_daily":false,"chose_seed":false,"campfire_upgraded":0,"win_rate":0.0,"timestamp":1607952547,"path_taken":["?","WH","?","WH","?","R","E","R","T","M","?","?","$","?","R","BOSS","M","$","?","?","AVR","E","?","E"],"items_purchased_type":["Relic","Relic","Relic"],"build_version":"2020-12-13","purchased_purges":1,"victory":false,"max_hp_per_floor":[71,78,78,85,85,85,85,85,85,85,85,85,85,85,85,85,85,85,85,85,85,85,85,85,85,85],"relic_stats":{"OrangePellets":[4],"Busted Crown":8,"Inserter":[5],"Happy Flower":[2],"counters":[8,25],"Bird Faced Urn":[42],"Pen Nib":[2],"Bag of Preparation":[4],"obtain_stats":[{"Inserter":17,"Happy Flower":19,"GremlinMask":11,"Pen Nib":10,"Bag of Preparation":18,"Akabeko":19,"zeldaRelics:CourageTriforce":23,"Replay:Rubber Ducky":12,"Frozen Eye":0,"OrangePellets":22,"Anchor":13,"Busted Crown":0,"Bird Faced Urn":5,"infinitespire:Satchel":20,"Honey Jar":22,"zeldaRelics:CouragePiece":7,"Cracked Core":0,"Unceasing Top":0,"REME_ComplimentaryCards":0},{"Inserter":5,"Happy Flower":6,"GremlinMask":3,"Pen Nib":3,"Bag of Preparation":6,"Akabeko":6,"zeldaRelics:CourageTriforce":7,"Replay:Rubber Ducky":4,"Frozen Eye":0,"OrangePellets":6,"Anchor":4,"Busted Crown":0,"Bird Faced Urn":1,"infinitespire:Satchel":6,"Honey Jar":6,"zeldaRelics:CouragePiece":2,"Cracked Core":0,"Unceasing Top":0,"REME_ComplimentaryCards":0},{"Inserter":14,"Happy Flower":18,"GremlinMask":7,"Pen Nib":7,"Bag of Preparation":18,"Akabeko":18,"zeldaRelics:CourageTriforce":24,"Replay:Rubber Ducky":9,"Frozen Eye":0,"OrangePellets":18,"Anchor":9,"Busted Crown":0,"Bird Faced Urn":2,"infinitespire:Satchel":18,"Honey Jar":18,"zeldaRelics:CouragePiece":5,"Cracked Core":0,"Unceasing Top":0,"REME_ComplimentaryCards":0}],"Unceasing Top":[4]},"card_choices":[{"not_picked":["Thunderclap","ReplayTheSpireMod:Dual Polarity"],"picked":"Whirlwind","floor":0},{"not_picked":["Twin Strike","Loop"],"picked":"Hidden Blade","floor":0},{"not_picked":["Riddle With Holes","Run Through"],"picked":"Turbo","floor":0},{"not_picked":["Warcry","PathToVictory"],"picked":"ReplayReversal","floor":0},{"not_picked":["Ball Lightning","Vengeance"],"picked":"CutThroughFate","floor":0},{"not_picked":["ForeignInfluence","Underhanded Strike"],"picked":"PiercingWail","floor":0},{"not_picked":["White Noise","ReplayTheSpireMod:Strike From Hell"],"picked":"Pommel Strike","floor":0},{"not_picked":["Quick Slash","Blade Dance"],"picked":"WindmillStrike","floor":0},{"not_picked":["PathToVictory","Mind Blast"],"picked":"PiercingWail","floor":0},{"not_picked":["BowlingBash","Clash"],"picked":"Dark Embrace","floor":0},{"not_picked":["Replay:Undeath\u0027s Touch","Deep Breath"],"picked":"Madness","floor":0},{"not_picked":["Havoc","True Grit"],"picked":"Feel No Pain","floor":0},{"not_picked":["Cloak And Dagger","SashWhip"],"picked":"Hologram","floor":0},{"not_picked":["Streamline","Flying Knee"],"picked":"SashWhip","floor":0},{"not_picked":["Replay:ManipulateFuture","Flex"],"picked":"All Out Attack","floor":0},{"not_picked":["ReplayTheSpireMod:Black Plague","infinitespire:Execution"],"picked":"infinitespire:Menacing","floor":14},{"not_picked":[],"picked":"Feed","floor":23}],"player_experience":1452233,"relics_obtained":[{"floor":5,"key":"Bird Faced Urn"},{"floor":7,"key":"zeldaRelics:CouragePiece"},{"floor":9,"key":"zeldaRelics:CouragePiece"},{"floor":10,"key":"Pen Nib"},{"floor":12,"key":"Replay:Rubber Ducky"},{"floor":18,"key":"Bag of Preparation"},{"floor":23,"key":"zeldaRelics:CouragePiece"}],"event_choices":[{"damage_healed":0,"gold_gain":0,"player_choice":"Trade","damage_taken":0,"relics_obtained":["GremlinMask"],"max_hp_gain":0,"max_hp_loss":0,"event_name":"FaceTrader","floor":11,"gold_loss":0},{"cards_removed":["Overencumbered"],"damage_healed":0,"gold_gain":0,"player_choice":"Elegance","damage_taken":0,"max_hp_gain":0,"max_hp_loss":0,"event_name":"Back to Basics","floor":21,"gold_loss":0},{"damage_healed":0,"gold_gain":50,"player_choice":"Stole From Cult","damage_taken":0,"max_hp_gain":0,"max_hp_loss":0,"event_name":"Nest","floor":24,"gold_loss":0}],"is_beta":false,"boss_relics":[{"not_picked":["ReplayTheSpireMod:DimensionalGlitch","Velvet Choker"],"picked":"Inserter"}],"items_purged_floors":[22],"is_endless":false,"potions_floor_spawned":[7,10,18],"killed_by":"Replay:Snechameleon","ascension_level":20}}