{"host":"owox7x4ngjt9htcc","time":1607924071,"event":{"mods":["BaseMod","Colored Map","DeckTracker","Keyboard Shortcuts","Minty Spire (QoL Compilation)","SuperFastMode"],"gold_per_floor":[114,5,20,35,35,35,73,104,141,191,222,234,246,277,289,426,438,469,500,512,543,227,227,265,15,40,87,115,115,162,196,196,339,375,403,431,503,512,559,597,597,644,694,694,741,741,271,296,296,305],"floor_reached":51,"playtime":1517,"items_purged":["Regret","Shame","Doubt"],"score":1154,"play_id":"a402cd15-1f04-4400-a8b3-6d2df20bc2d6","local_time":"20201214143431","daily_mods":["Cursed Run","Diverse","DeadlyEvents"],"is_ascension_mode":false,"campfire_choices":[{"data":"Doom and Gloom","floor":6.0,"key":"SMITH"},{"floor":12.0,"key":"REST"},{"data":"Armaments","floor":15.0,"key":"SMITH"},{"data":"Barricade","floor":23.0,"key":"SMITH"},{"floor":32,"key":"REST"},{"floor":41,"key":"REST"},{"floor":46,"key":"REST"},{"data":"After Image","floor":49,"key":"SMITH"}],"circlet_count":0,"master_deck":["Zap","Dualcast","Pommel Strike","Footwork","Doom and Gloom+1","Hologram","Sword Boomerang","White Noise+1","Backflip","Armaments+1","Clumsy","Barricade+1","CurseOfTheBell","True Grit","Coolheaded","Bite","Bite","Bite","Bite","Bite","Acrobatics","Defragment","Leap","After Image+1","Decay","PathToVictory","Fire Breathing+1","Blade Dance","Decay","Clumsy","Core Surge","BattleHymn","Establishment","Amplify","WheelKick","Dark Embrace+1","Iron Wave+1","Hologram","ThirdEye","Stack","Stack+1","Iron Wave","Shame"],"relics":["Cursed Key","Darkstone Periapt","Du-Vu Doll","Golden Idol","MawBank","Regal Pillow","Boot","Nunchaku","Calling Bell","War Paint","InkBottle","Mango","Anchor","Vajra","Tiny Chest","Orichalcum","CeramicFish","Cables","Happy Flower","Pandora\u0027s Box","Thread and Needle","Toy Ornithopter","Symbiotic Virus","Omamori","MealTicket","PreservedInsect","Art of War","Runic Capacitor","Bag of Marbles","Bronze Scales"],"acts_visited":["Exordium","TheCity","TheBeyond"],"potions_floor_usage":[27,33,45,50,50,50],"damage_taken":[{"damage":1.0,"enemies":"Cultist","floor":1.0,"turns":3.0},{"damage":5.0,"enemies":"Small Slimes","floor":3.0,"turns":3.0},{"damage":0.0,"enemies":"2 Louse","floor":4.0,"turns":2.0},{"damage":24.0,"enemies":"Gremlin Nob","floor":7.0,"turns":4.0},{"damage":8.0,"enemies":"Gremlin Gang","floor":8.0,"turns":3.0},{"damage":18.0,"enemies":"Lagavulin","floor":10.0,"turns":6.0},{"damage":4.0,"enemies":"2 Fungi Beasts","floor":11.0,"turns":3.0},{"damage":10.0,"enemies":"Blue Slaver","floor":14.0,"turns":3.0},{"damage":31.0,"enemies":"Slime Boss","floor":16.0,"turns":6.0},{"damage":5.0,"enemies":"3 Byrds","floor":18.0,"turns":4.0},{"damage":7.0,"enemies":"Shell Parasite","floor":19.0,"turns":4.0},{"damage":34.0,"enemies":"Cultist and Chosen","floor":21.0,"turns":9.0},{"damage":18.0,"enemies":"Gremlin Leader","floor":24.0,"turns":10.0},{"damage":27,"enemies":"Slavers","floor":27,"turns":6},{"damage":2,"enemies":"Shelled Parasite and Fungi","floor":28,"turns":6},{"damage":16,"enemies":"Book of Stabbing","floor":30,"turns":7},{"damage":36,"enemies":"Collector","floor":33,"turns":10},{"damage":0,"enemies":"3 Darklings","floor":35,"turns":2},{"damage":16,"enemies":"Orb Walker","floor":36,"turns":3},{"damage":8,"enemies":"Mind Bloom Boss Battle","floor":37,"turns":6},{"damage":34,"enemies":"Nemesis","floor":39,"turns":9},{"damage":0,"enemies":"Reptomancer","floor":40,"turns":5},{"damage":32,"enemies":"Giant Head","floor":42,"turns":8},{"damage":42,"enemies":"Reptomancer","floor":45,"turns":5},{"damage":47,"enemies":"Time Eater","floor":50,"turns":10}],"seed_played":"1880613833527945180","potions_obtained":[{"floor":7.0,"key":"Swift Potion"},{"floor":8.0,"key":"PowerPotion"},{"floor":11.0,"key":"SteroidPotion"},{"floor":16.0,"key":"Block Potion"},{"floor":19.0,"key":"SkillPotion"},{"floor":27,"key":"LiquidMemories"},{"floor":28,"key":"BlessingOfTheForge"},{"floor":35,"key":"AttackPotion"},{"floor":42,"key":"EssenceOfSteel"},{"floor":45,"key":"LiquidMemories"}],"is_trial":false,"path_per_floor":["M","$","M","M","?","R","E","M","T","E","M","R","T","M","R","B",null,"M","M","?","M","$","R","E","$","T","E","M","$","E","T","R","B",null,"M","M","?","T","E","E","R","E","T","?","E","R","$","T","R","B",null],"character_chosen":"DEFECT","items_purchased":["Footwork","Doom and Gloom","Defragment","Anchor","Leap","Tiny Chest","Runic Capacitor","Bag of Marbles","Iron Wave"],"campfire_rested":4,"item_purchase_floors":[2,2,22,22,22,25,47,47,47],"current_hp_per_floor":[74,74,69,69,51,51,27,19,25,7,3,42,48,38,38,13,113,108,101,79,62,62,62,71,71,77,63,71,71,62,68,91,77,97,97,83,81,87,61,69,103,79,79,79,50,95,103,103,103,73],"gold":305,"neow_bonus":"","is_daily":true,"chose_seed":false,"campfire_upgraded":4,"win_rate":0.0,"timestamp":1607924071,"path_taken":["M","?","M","M","?","R","E","?","T","E","M","R","?","M","R","BOSS","M","?","?","?","$","R","E","$","T","E","M","$","E","?","R","BOSS","M","?","?","?","?","E","R","E","T","?","?","R","$","?","R","BOSS"],"items_purchased_type":["Card","Card","Card","Relic","Card","Relic","Relic","Relic","Card"],"build_version":"2020-12-13","purchased_purges":3,"victory":true,"max_hp_per_floor":[75,75,75,75,75,75,75,75,81,81,81,81,87,87,87,93,113,113,113,79,79,79,79,79,79,85,85,85,85,85,91,91,97,97,97,97,97,103,103,103,103,103,103,103,103,103,103,103,103,109],"card_choices":[{"not_picked":["Thunderclap","Heavy Blade"],"picked":"Pommel Strike","floor":1.0},{"not_picked":["BattleHymn","Prostrate","Meditate"],"picked":"SKIP","floor":3.0},{"not_picked":["Adaptation","Evaluate"],"picked":"Hologram","floor":4.0},{"not_picked":["Acrobatics","Dagger Spray"],"picked":"Sword Boomerang","floor":7.0},{"not_picked":["Headbutt","Deflect","Force Field"],"picked":"SKIP","floor":8.0},{"not_picked":["Cold Snap","Quick Slash"],"picked":"White Noise","floor":10.0},{"not_picked":["Tools of the Trade","Outmaneuver"],"picked":"Backflip","floor":11.0},{"not_picked":["Heel Hook","FTL"],"picked":"Armaments","floor":14.0},{"not_picked":["Machine Learning","A Thousand Cuts"],"picked":"Barricade","floor":16.0},{"not_picked":["Perfected Strike+1","Redo+1"],"picked":"True Grit","floor":18.0},{"not_picked":["Scrape","Poisoned Stab"],"picked":"Coolheaded","floor":19.0},{"not_picked":["Reckless Charge","Heavy Blade"],"picked":"Acrobatics","floor":21.0},{"not_picked":["SandsOfTime","Skim+1"],"picked":"After Image","floor":24.0},{"not_picked":["PathToVictory","Heavy Blade","ReachHeaven"],"picked":"SKIP","floor":27},{"not_picked":["Heavy Blade","ReachHeaven"],"picked":"PathToVictory","floor":27},{"not_picked":["Feel No Pain+1","Acrobatics"],"picked":"Fire Breathing+1","floor":28},{"not_picked":["Defragment+1","Well Laid Plans+1"],"picked":"Blade Dance","floor":30},{"not_picked":["Malaise","Impervious"],"picked":"Core Surge","floor":33},{"not_picked":["Force Field+1","Vengeance"],"picked":"Dark Embrace+1","floor":35},{"not_picked":["Dual Wield+1","Eviscerate+1"],"picked":"Iron Wave+1","floor":36},{"not_picked":["CarveReality","Rebound+1"],"picked":"Hologram","floor":37},{"not_picked":["Dagger Throw","Combust"],"picked":"ThirdEye","floor":39},{"not_picked":["Prostrate","Streamline","Reflex"],"picked":"SKIP","floor":40},{"not_picked":["Ghostly Armor+1","Meteor Strike"],"picked":"Stack","floor":42},{"not_picked":["Reckless Charge+1","Ball Lightning+1"],"picked":"Stack+1","floor":45}],"player_experience":836771,"relics_obtained":[{"floor":7.0,"key":"MawBank"},{"floor":9.0,"key":"Regal Pillow"},{"floor":10.0,"key":"Boot"},{"floor":13.0,"key":"Nunchaku"},{"floor":17.0,"key":"War Paint"},{"floor":17.0,"key":"InkBottle"},{"floor":17.0,"key":"Mango"},{"floor":24.0,"key":"Vajra"},{"floor":26.0,"key":"Orichalcum"},{"floor":27,"key":"CeramicFish"},{"floor":30,"key":"Cables"},{"floor":31,"key":"Happy Flower"},{"floor":37,"key":"Thread and Needle"},{"floor":38,"key":"Toy Ornithopter"},{"floor":39,"key":"Symbiotic Virus"},{"floor":40,"key":"Omamori"},{"floor":42,"key":"MealTicket"},{"floor":43,"key":"PreservedInsect"},{"floor":45,"key":"Art of War"},{"floor":48,"key":"Bronze Scales"}],"event_choices":[{"damage_healed":0.0,"max_hp_gain":0.0,"max_hp_loss":0.0,"gold_gain":0.0,"event_name":"Golden Idol","player_choice":"Take Damage","floor":5.0,"gold_loss":0.0,"damage_taken":18.0,"relics_obtained":["Golden Idol"]},{"damage_healed":0.0,"max_hp_gain":0.0,"max_hp_loss":34.0,"gold_gain":0.0,"event_name":"Vampires","player_choice":"Became a vampire","floor":20.0,"gold_loss":0.0,"damage_taken":0.0,"cards_obtained":["Bite","Bite","Bite","Bite","Bite"]},{"damage_healed":0,"gold_gain":0,"player_choice":"Fight","damage_taken":0,"max_hp_gain":0,"max_hp_loss":0,"event_name":"MindBloom","floor":37,"gold_loss":0},{"damage_healed":0,"gold_gain":0,"player_choice":"Ignored","damage_taken":0,"max_hp_gain":0,"max_hp_loss":0,"event_name":"SecretPortal","floor":44,"gold_loss":0}],"is_beta":false,"boss_relics":[{"not_picked":["Fusion Hammer","Inserter"],"picked":"Calling Bell"},{"not_picked":["Runic Dome","Coffee Dripper"],"picked":"Pandora\u0027s Box"}],"items_purged_floors":[22,25,47],"is_endless":false,"potions_floor_spawned":[7,8,11,16,19,27,28,35,42,45],"ascension_level":0}}