{"host":"weghyrtrhzwgovqi","time":1607944975,"event":{"mods":["BaseMod","Defuse TimeMaze Blight","Dota2Spire","Minty Spire (QoL Compilation)","RumiaBox-Â¶Ã×æ«µÄÉñÃØºÐ×Ó","StSLib","Thieving Mod","Uncapped","UnlockEverythingMod","Youmu£¨»êÆÇÑýÃÎ£©","[IsaacMod]ÒÔÈö¼âËþ","noobMod"],"gold_per_floor":[111,126,126,126,126,126,161,161,161,190,210,233,253,269,269,374,374,391,391,404,429,449,478,495,495,495,510,510,525,525,553,553,656,656,669,689,708,18,68,68,86,101,101,111,141,159,172,207,207,338,338,349,58,12,45,45,45],"floor_reached":56,"playtime":1357,"items_purged":[],"score":1500,"play_id":"70bdc253-7265-43bd-a99f-1e9793a0f5f1","local_time":"20201214192255","daily_mods":["Draft","Hoarder","Shiny","Vintage","Heirloom","Time Dilation","Lethality"],"is_ascension_mode":false,"campfire_choices":[{"data":"SlashOfTheEternalFuture","floor":6.0,"key":"SMITH"},{"data":"HellRealmSword","floor":8.0,"key":"SMITH"},{"data":"HeavenGodSword","floor":15.0,"key":"SMITH"},{"data":"MatsuyoiReflectingSatelliteSlash","floor":25.0,"key":"SMITH"},{"floor":28.0,"key":"DIG"},{"floor":32.0,"key":"DIG"},{"floor":40.0,"key":"DIG"},{"floor":49.0,"key":"DIG"}],"circlet_count":0,"master_deck":["FastingOfTheYoungPreta","MatsuyoiReflectingSatelliteSlash+1","GreatEnlightenmentAppearingAndDisappearing","IrresoluteSoul","HeavenGodSword+1","DeadlyForm","ReincarnationSword","SlashOfTheEternalFuture+1","WickedSoul+1","HellRealmSword+1","AsuraSword","CelestialStarSword","StrangeHalfBody","SuddenDivineSeveringOfKarmicWind","CherryBlossomSword","HeavenSword","VoidnessSword","SlashOfSaigyouSpringWind","ASingleThoughtAndInfiniteKalpas","SlashOfMeditation","SlashOfMeditation","SlashOfMeditation","LowerRealmReflectionSlash","LowerRealmReflectionSlash","LowerRealmReflectionSlash","DispleasureOfTheSevenHakus","DispleasureOfTheSevenHakus","DispleasureOfTheSevenHakus","SpiritCuttingSword","SpiritCuttingSword","SpiritCuttingSword","SwordOfBindingDesires","SwordOfBindingDesires","SwordOfBindingDesires","LifeCuttingSword","LifeCuttingSword","LifeCuttingSword","SwordExtraction","SwordExtraction","SwordExtraction","HellGodSword","HellGodSword","HellGodSword","SlashOfMeditation","SlashOfMeditation","SlashOfMeditation","SuddenPhantomFormationSlashOfKarmicWind","SuddenPhantomFormationSlashOfKarmicWind","SuddenPhantomFormationSlashOfKarmicWind","CrescentMoonSlash","CrescentMoonSlash","CrescentMoonSlash","HeavenlyHaloSlash","HeavenlyHaloSlash","HeavenlyHaloSlash","TurningAngelCut","TurningAngelCut","TurningAngelCut","SlashOfAscensionToBuddhahood","SlashOfAscensionToBuddhahood","SlashOfAscensionToBuddhahood","SwordOfBindingDesires","SwordOfBindingDesires","SwordOfBindingDesires","LowerRealmReflectionSlash","LowerRealmReflectionSlash","LowerRealmReflectionSlash","SlashOfMeditation+1","SlashOfMeditation+1","SlashOfMeditation+1","IrresoluteSoul+1","IrresoluteSoul+1","IrresoluteSoul+1","WickedSoul","WickedSoul","WickedSoul","HeavenGodSword","HeavenGodSword","HeavenGodSword","EchoesOfTheInclemencyOfAllBeings+1","EchoesOfTheInclemencyOfAllBeings+1","EchoesOfTheInclemencyOfAllBeings+1","Enlightenment+1","Enlightenment+1","Enlightenment+1","HumanGodSword+1","HumanGodSword+1","HumanGodSword+1"],"relics":["HalfPhantom","ice","HushsDoor","KeepersGift","Dota2Spire:OctarineCore","Omamori","GodSword4","Frozen Egg 2","Bronze Scales","Mercury Hourglass","Ccalipers","Pen Nib","SatanicBible","Mango","Bottled Flame","Dota2Spire:Bloodstone","Leech","Meat on the Bone","Dota2Spire:DrumOfEndurance","Question Card","Pear","MagicDraw4","GodSword6","Shovel","D6","Turnip","Dead Branch","Tiny Chest","Black Star","GuppysPaw","GuppysCollar","GuppysHead","SSSystem","HowToJump","Thread and Needle","Habit","TuHaoJin","MoneyPower","Peace Pipe","Potion Belt","Lantern","Centennial Puzzle","MagicDraw3","Dota2Spire:LinkenSphere","ChestCloth","Ornamental Fan","CeramicFish","Damocles","Nunchaku","Dota2Spire:HandOfMidas","Regal Pillow","Toxic Egg 2","SoulBox","GuppysTail","RottenBaby","BelialBook","ice","Dota2Spire:Dagon","InkBottle","Chaos","Coffee Dripper"],"acts_visited":["Exordium","TheCity","TheBeyond","Exordium"],"potions_floor_usage":[],"damage_taken":[{"damage":0.0,"enemies":"2 Louse","floor":1.0,"turns":2.0},{"damage":0.0,"enemies":"Small Slimes","floor":2.0,"turns":2.0},{"damage":32.0,"enemies":"Lagavulin","floor":7.0,"turns":4.0},{"damage":0.0,"enemies":"Gremlin Nob","floor":10.0,"turns":2.0},{"damage":0.0,"enemies":"Jaw Worm","floor":11.0,"turns":1.0},{"damage":0.0,"enemies":"Exordium Wildlife","floor":13.0,"turns":1.0},{"damage":15.0,"enemies":"Blue Slaver","floor":14.0,"turns":2.0},{"damage":25.0,"enemies":"Hexaghost","floor":16.0,"turns":2.0},{"damage":12.0,"enemies":"Shell Parasite","floor":18.0,"turns":2.0},{"damage":10.0,"enemies":"Chosen","floor":20.0,"turns":2.0},{"damage":0.0,"enemies":"3 Cultists","floor":22.0,"turns":1.0},{"damage":0.0,"enemies":"Slavers","floor":23.0,"turns":1.0},{"damage":0.0,"enemies":"Snecko","floor":24.0,"turns":1.0},{"damage":0.0,"enemies":"Centurion and Healer","floor":27.0,"turns":1.0},{"damage":0.0,"enemies":"Snake Plant","floor":29.0,"turns":1.0},{"damage":0.0,"enemies":"Gremlin Leader","floor":31.0,"turns":1.0},{"damage":0.0,"enemies":"Automaton","floor":33.0,"turns":3.0},{"damage":0.0,"enemies":"Orb Walker","floor":35.0,"turns":1.0},{"damage":0.0,"enemies":"3 Shapes","floor":36.0,"turns":1.0},{"damage":0.0,"enemies":"Spire Growth","floor":37.0,"turns":2.0},{"damage":0.0,"enemies":"Mind Bloom Boss Battle","floor":39.0,"turns":1.0},{"damage":0.0,"enemies":"Maw","floor":41.0,"turns":3.0},{"damage":0.0,"enemies":"Transient","floor":42.0,"turns":3.0},{"damage":0.0,"enemies":"3 Darklings","floor":44.0,"turns":1.0},{"damage":0.0,"enemies":"Reptomancer","floor":45.0,"turns":1.0},{"damage":0.0,"enemies":"Writhing Mass","floor":46.0,"turns":1.0},{"damage":0.0,"enemies":"Transient","floor":47.0,"turns":2.0},{"damage":0.0,"enemies":"Nemesis","floor":48.0,"turns":1.0},{"damage":0.0,"enemies":"Awakened One","floor":50.0,"turns":3.0},{"damage":0.0,"enemies":"Cultist","floor":52.0,"turns":1.0},{"damage":0,"enemies":"Lagavulin","floor":55,"turns":1},{"damage":0,"enemies":"Small Slimes","floor":56,"turns":1}],"seed_played":"-8933815550447247174","potions_obtained":[{"floor":11.0,"key":"Block Potion"},{"floor":18.0,"key":"SteroidPotion"},{"floor":20.0,"key":"Dota2Spire:HealingSalve"},{"floor":41.0,"key":"Weak Potion"},{"floor":44.0,"key":"Regen Potion"}],"is_trial":true,"path_per_floor":["M","M","?","?","T","R","E","R","T","E","M","T","M","M","R","B",null,"M","?","M","T","M","E","M","R","T","M","R","M","?","E","R","B",null,"M","M","M","$","?","R","M","M","T","M","E","M","M","E","R","B",null,"M","$","?","E","M"],"character_chosen":"YOUMU","items_purchased":["GuppysPaw","GuppysCollar","GuppysHead","HeavenGodSword","Habit","TuHaoJin","MoneyPower","GuppysTail","RottenBaby","BelialBook","Enlightenment+1","Chaos","HumanGodSword+1"],"campfire_rested":0,"item_purchase_floors":[34,34,34,34,38,38,38,51,51,51,53,53,53],"current_hp_per_floor":[75,75,75,75,75,75,43,43,43,43,43,43,57,42,42,17,89,77,89,79,79,79,89,89,89,89,89,89,90,90,90,90,92,62,62,62,62,62,62,62,62,62,62,62,62,62,62,62,62,62,26,26,26,26,26,26,26],"gold":45,"neow_bonus":"","is_daily":false,"chose_seed":false,"campfire_upgraded":4,"win_rate":0.0,"timestamp":1607944975,"path_taken":["M","M","?","?","?","R","E","R","T","E","?","?","M","M","R","BOSS","M","?","M","?","M","E","M","R","T","M","R","M","?","E","R","BOSS","M","M","M","$","?","R","?","M","T","M","E","M","M","E","R","BOSS","M","$","?","?","M"],"items_purchased_type":["Relic","Relic","Relic","Card","Relic","Relic","Relic","Relic","Relic","Relic","Card","Card","Card"],"build_version":"2020-12-13","purchased_purges":0,"victory":false,"max_hp_per_floor":[75,75,75,75,75,75,75,75,75,75,75,75,89,89,89,89,89,89,89,89,89,89,99,99,99,99,99,99,99,99,99,99,99,62,62,62,62,62,62,62,62,62,62,62,62,62,62,62,62,62,26,26,26,26,26,26,26],"card_choices":[{"not_picked":["PreachingAvici","CherryBlossomFlashing"],"picked":"SlashOfMeditation","floor":0.0},{"not_picked":["ThreeKonsSevenHakus","CherryBlossomFlashing"],"picked":"LowerRealmReflectionSlash","floor":0.0},{"not_picked":["SuddenPhantomFormationSlashOfKarmicWind","SpiritCuttingSword"],"picked":"DispleasureOfTheSevenHakus","floor":0.0},{"not_picked":["LotusPostureSlash","TwoHundredYojanaInOneSlash"],"picked":"SpiritCuttingSword","floor":0.0},{"not_picked":["SanzenSekai","ConstancyOfTheConventionalTruth"],"picked":"SwordOfBindingDesires","floor":0.0},{"not_picked":["TwoHundredYojanaInOneSlash","BloodOfAsura"],"picked":"LifeCuttingSword","floor":0.0},{"not_picked":["TwoHundredYojanaInOneSlash","HeavenlyHaloSlash"],"picked":"SwordExtraction","floor":0.0},{"not_picked":["SlashOfMeditation","AsTheSilentNirvana"],"picked":"HellGodSword","floor":0.0},{"not_picked":["SanzenSekai","ThreeKonsSevenHakus"],"picked":"SlashOfMeditation","floor":0.0},{"not_picked":["TenKingsRetributionOnThePreta","HumanKnowledgeSword"],"picked":"SuddenPhantomFormationSlashOfKarmicWind","floor":0.0},{"not_picked":["GhostSword","SwordOfBindingDesires"],"picked":"CrescentMoonSlash","floor":0.0},{"not_picked":["ObsessionSword","ObsessionWithThePresentWorld"],"picked":"HeavenlyHaloSlash","floor":0.0},{"not_picked":["ThreeKonsSevenHakus","DoubleWheelOfPain"],"picked":"TurningAngelCut","floor":0.0},{"not_picked":["ObsessionWithThePresentWorld","CherryBlossomFlashing"],"picked":"SlashOfAscensionToBuddhahood","floor":0.0},{"not_picked":["PhosphoricSlash","SlashOfMeditation"],"picked":"SwordOfBindingDesires","floor":0.0},{"not_picked":["ThreeKonsSevenHakus","PretaSword"],"picked":"LowerRealmReflectionSlash","floor":7.0},{"not_picked":["CherryBlossomFlashing","FlashingScatteredFlowers","PhosphoricSlash"],"picked":"SKIP","floor":10.0},{"not_picked":["SanzenSekai+1","HumanKnowledgeSword","AsuraSword+1"],"picked":"SlashOfMeditation+1","floor":23.0},{"not_picked":["FlashingScatteredFlowers","HesitationCuttingSword+1","SpiritCuttingSword"],"picked":"IrresoluteSoul+1","floor":31.0},{"not_picked":["CelestialStarSword+1","GreatEnlightenmentAppearingAndDisappearing","HeavenSword+1"],"picked":"WickedSoul","floor":33.0},{"not_picked":["CrescentMoonSlash+1","SuddenPhantomFormationSlashOfKarmicWind+1","TurningAngelCut+1"],"picked":"EchoesOfTheInclemencyOfAllBeings+1","floor":45.0},{"not_picked":["ThreeKonsSevenHakus","DispleasureOfTheSevenHakus+1","SanzenSekai+1","BizarrenessOfSixRealms"],"picked":"SKIP","floor":48.0},{"not_picked":["ConstancyOfTheConventionalTruth+1","SwordOfBindingDesires+1","PhosphoricSlash","LowerRealmReflectionSlash"],"picked":"SKIP","floor":55}],"player_experience":196958,"relics_obtained":[{"floor":1.0,"key":"Omamori"},{"floor":2.0,"key":"GodSword4"},{"floor":5.0,"key":"Frozen Egg 2"},{"floor":7.0,"key":"Bronze Scales"},{"floor":9.0,"key":"Mercury Hourglass"},{"floor":10.0,"key":"Ccalipers"},{"floor":11.0,"key":"Pen Nib"},{"floor":12.0,"key":"SatanicBible"},{"floor":13.0,"key":"Mango"},{"floor":14.0,"key":"Bottled Flame"},{"floor":18.0,"key":"Leech"},{"floor":20.0,"key":"Meat on the Bone"},{"floor":21.0,"key":"Dota2Spire:DrumOfEndurance"},{"floor":22.0,"key":"Question Card"},{"floor":23.0,"key":"Pear"},{"floor":24.0,"key":"MagicDraw4"},{"floor":26.0,"key":"GodSword6"},{"floor":27.0,"key":"Shovel"},{"floor":28.0,"key":"D6"},{"floor":29.0,"key":"Turnip"},{"floor":31.0,"key":"Dead Branch"},{"floor":32.0,"key":"Tiny Chest"},{"floor":35.0,"key":"SSSystem"},{"floor":36.0,"key":"HowToJump"},{"floor":37.0,"key":"Thread and Needle"},{"floor":39.0,"key":"Peace Pipe"},{"floor":40.0,"key":"Potion Belt"},{"floor":41.0,"key":"Lantern"},{"floor":42.0,"key":"Centennial Puzzle"},{"floor":43.0,"key":"MagicDraw3"},{"floor":44.0,"key":"Dota2Spire:LinkenSphere"},{"floor":45.0,"key":"ChestCloth"},{"floor":45.0,"key":"Ornamental Fan"},{"floor":46.0,"key":"CeramicFish"},{"floor":47.0,"key":"Damocles"},{"floor":48.0,"key":"Nunchaku"},{"floor":48.0,"key":"Dota2Spire:HandOfMidas"},{"floor":48.0,"key":"Regal Pillow"},{"floor":49.0,"key":"Toxic Egg 2"},{"floor":52.0,"key":"Dota2Spire:Dagon"},{"floor":52.0,"key":"InkBottle"},{"floor":55,"key":"Coffee Dripper"}],"event_choices":[{"damage_healed":0.0,"max_hp_gain":0.0,"max_hp_loss":0.0,"gold_gain":0.0,"event_name":"Liars Game","player_choice":"Ignored","floor":3.0,"gold_loss":0.0,"damage_taken":0.0},{"damage_healed":0.0,"max_hp_gain":0.0,"max_hp_loss":0.0,"gold_gain":0.0,"event_name":"Living Wall","player_choice":"Grow","floor":4.0,"gold_loss":0.0,"damage_taken":0.0,"cards_upgraded":["WickedSoul"]},{"damage_healed":29.0,"max_hp_gain":0.0,"max_hp_loss":0.0,"gold_gain":0.0,"event_name":"The Library","player_choice":"Heal","floor":19.0,"gold_loss":0.0,"damage_taken":0.0},{"damage_healed":0.0,"max_hp_gain":0.0,"max_hp_loss":0.0,"gold_gain":0.0,"event_name":"MindBloom","player_choice":"Fight","floor":39.0,"gold_loss":0.0,"damage_taken":0.0},{"damage_healed":0,"gold_gain":0,"player_choice":"Left Gold","damage_taken":0,"max_hp_gain":0,"max_hp_loss":0,"event_name":"World of Goop","floor":54,"gold_loss":46}],"is_beta":false,"boss_relics":[{"not_picked":["ChampionBelt","Ectoplasm"],"picked":"Dota2Spire:Bloodstone"},{"not_picked":[]},{"not_picked":["MiniYoumu","Busted Crown"],"picked":"Black Star"},{"not_picked":[]},{"not_picked":["Runic Dome","Fusion Hammer"],"picked":"SoulBox"},{"not_picked":[]}],"items_purged_floors":[],"is_endless":true,"potions_floor_spawned":[11,14,18,20,22,31,33,35,41,44,45],"killed_by":"Small Slimes","ascension_level":0}}