{"host":"hjw1ay65n7jm40lc","time":1607961123,"event":{"mods":["AchievementEnabler","BaseMod","Colored Map","Colored Powertips","Googly Eyes","Highlight Path","Minty Spire (QoL Compilation)","Quick Restart","Relic Stats"],"gold_per_floor":[118,135,135,135,147,147,182,182,182,182,193,227,227,260,260,337,337,352,267,267,277,291,291,317,347,347,372,372,403,6,23,23,100,100,118,167,192,47,66,66,101,113,148,192,204,229,266,298,310,322,334,346,61,90,90],"floor_reached":56,"playtime":8446,"items_purged":["Strike_R","Strike_R"],"score":2347,"play_id":"be1322f9-7f88-4109-b67b-147d78a0e6aa","local_time":"20201214105203","is_ascension_mode":true,"campfire_choices":[{"data":"Shockwave","floor":6.0,"key":"SMITH"},{"data":"Metallicize","floor":8.0,"key":"SMITH"},{"floor":15.0,"key":"REST"},{"data":"Whirlwind","floor":23.0,"key":"SMITH"},{"data":"Armaments","floor":32.0,"key":"SMITH"},{"data":"Corruption","floor":40.0,"key":"SMITH"},{"data":"Demon Form","floor":42.0,"key":"SMITH"},{"floor":49,"key":"RECALL"},{"data":"Fiend Fire","floor":52,"key":"SMITH"}],"circlet_count":0,"master_deck":["AscendersBane","Strike_R","Strike_R","Defend_R","Defend_R","Defend_R","Defend_R","Bash","Cleave","Shockwave+1","Sword Boomerang+1","Metallicize+1","Offering+1","Anger","Whirlwind+1","Feed","Uppercut","Ghostly Armor","True Grit+1","Demon Form+1","Armaments+1","Corruption+1","CurseOfTheBell","Fiend Fire+1","Thinking Ahead","Purity","Shrug It Off"],"relics":["Black Blood","Oddly Smooth Stone","White Beast Statue","Pantograph","Regal Pillow","Potion Belt","Incense Burner","Smiling Mask","Red Mask","Ice Cream","Pen Nib","Dead Branch","Calling Bell","Art of War","Sundial","Thread and Needle","Torii","Pocketwatch","PreservedInsect","MawBank","Ancient Tea Set","Singing Bowl","Molten Egg 2","Medical Kit","Bottled Lightning"],"acts_visited":["Exordium","TheCity","TheBeyond","TheEnding"],"potions_floor_usage":[48,50,55,55],"damage_taken":[{"damage":0.0,"enemies":"Jaw Worm","floor":1.0,"turns":5.0},{"damage":0.0,"enemies":"2 Louse","floor":2.0,"turns":2.0},{"damage":4.0,"enemies":"Small Slimes","floor":5.0,"turns":3.0},{"damage":47.0,"enemies":"Lagavulin","floor":7.0,"turns":10.0},{"damage":1.0,"enemies":"2 Fungi Beasts","floor":11.0,"turns":4.0},{"damage":18.0,"enemies":"Gremlin Nob","floor":12.0,"turns":3.0},{"damage":15.0,"enemies":"3 Sentries","floor":14.0,"turns":6.0},{"damage":48.0,"enemies":"The Guardian","floor":16.0,"turns":15.0},{"damage":38.0,"enemies":"2 Thieves","floor":18.0,"turns":4.0},{"damage":6.0,"enemies":"Spheric Guardian","floor":21.0,"turns":3.0},{"damage":7.0,"enemies":"Snecko","floor":22.0,"turns":5.0},{"damage":33.0,"enemies":"Slavers","floor":24.0,"turns":7.0},{"damage":12.0,"enemies":"Masked Bandits","floor":25.0,"turns":4.0},{"damage":7.0,"enemies":"Gremlin Leader","floor":27.0,"turns":6.0},{"damage":24.0,"enemies":"Slavers","floor":29.0,"turns":3.0},{"damage":7.0,"enemies":"Shelled Parasite and Fungi","floor":31.0,"turns":6.0},{"damage":8.0,"enemies":"Champ","floor":33.0,"turns":9.0},{"damage":26.0,"enemies":"3 Darklings","floor":35.0,"turns":5.0},{"damage":8.0,"enemies":"2 Orb Walkers","floor":36.0,"turns":4.0},{"damage":12.0,"enemies":"Mind Bloom Boss Battle","floor":37.0,"turns":4.0},{"damage":7.0,"enemies":"Orb Walker","floor":39.0,"turns":5.0},{"damage":1.0,"enemies":"Nemesis","floor":41.0,"turns":3.0},{"damage":18.0,"enemies":"Reptomancer","floor":44.0,"turns":4.0},{"damage":25.0,"enemies":"Transient","floor":46.0,"turns":5.0},{"damage":6,"enemies":"Giant Head","floor":47,"turns":6},{"damage":6,"enemies":"4 Shapes","floor":48,"turns":15},{"damage":7,"enemies":"Time Eater","floor":50,"turns":4},{"damage":1,"enemies":"Shield and Spear","floor":54,"turns":5},{"damage":48,"enemies":"The Heart","floor":55,"turns":9}],"seed_played":"3748648427730564533","potions_obtained":[{"floor":1.0,"key":"BloodPotion"},{"floor":5.0,"key":"EntropicBrew"},{"floor":11.0,"key":"Weak Potion"},{"floor":12.0,"key":"FearPotion"},{"floor":14.0,"key":"Strength Potion"},{"floor":16.0,"key":"SmokeBomb"},{"floor":18.0,"key":"Ancient Potion"},{"floor":21.0,"key":"LiquidMemories"},{"floor":22.0,"key":"FearPotion"},{"floor":24.0,"key":"Block Potion"},{"floor":25.0,"key":"Strength Potion"},{"floor":27.0,"key":"Dexterity Potion"},{"floor":29.0,"key":"LiquidMemories"},{"floor":31.0,"key":"EssenceOfSteel"},{"floor":33.0,"key":"Fire Potion"},{"floor":35.0,"key":"PowerPotion"},{"floor":36.0,"key":"FearPotion"},{"floor":37.0,"key":"Block Potion"},{"floor":39.0,"key":"Fire Potion"},{"floor":41.0,"key":"FairyPotion"},{"floor":44.0,"key":"GamblersBrew"},{"floor":46.0,"key":"Explosive Potion"},{"floor":48,"key":"CultistPotion"},{"floor":54,"key":"Dexterity Potion"}],"is_trial":false,"path_per_floor":["M","M","?","?","M","R","E","R","T","?","M","E","?","E","R","B",null,"M","?","?","M","M","R","E","?","T","E","?","E","$","M","R","B",null,"M","?","?","$","M","R","E","R","T","E","?","M","E","M","R","B",null,"R","$","E","B",null],"character_chosen":"IRONCLAD","items_purchased":["Dead Branch","SteroidPotion","PreservedInsect","Medical Kit","Shrug It Off","SpeedPotion"],"campfire_rested":1,"item_purchase_floors":[30,30,38,53,53,53],"current_hp_per_floor":[74,75,80,73,75,75,50,50,50,50,55,43,19,10,49,32,68,45,45,45,54,62,62,44,47,47,55,55,46,46,55,55,84,100,86,90,108,108,111,111,111,111,111,111,103,92,103,117,117,134,134,134,134,139,103],"gold":90,"neow_bonus":"RANDOM_COMMON_RELIC","is_daily":false,"chose_seed":false,"campfire_upgraded":7,"win_rate":0.0,"timestamp":1607961123,"path_taken":["M","M","?","?","M","R","E","R","T","?","M","E","?","E","R","BOSS","M","?","?","M","M","R","E","?","T","E","?","E","$","M","R","BOSS","M","?","?","$","M","R","E","R","T","E","?","M","E","?","R","BOSS","R","$","E","BOSS"],"items_purchased_type":["Relic","Potion","Relic","Relic","Card","Potion"],"build_version":"2020-12-13","purchased_purges":2,"victory":true,"max_hp_per_floor":[75,75,80,80,80,80,80,80,80,80,80,80,80,80,80,80,80,83,83,83,86,89,89,92,95,95,98,98,101,101,105,105,105,105,105,105,108,108,111,111,111,111,111,117,119,121,126,134,134,134,134,134,134,139,139],"relic_stats":{"Regal Pillow":15,"Torii":8,"Singing Bowl":12,"counters":[29,164],"Dead Branch":[364],"Black Blood":263,"Pen Nib":[12],"PreservedInsect":318,"Smiling Mask":75,"MawBank":144,"Medical Kit":[10],"Sundial":[8],"Pantograph":82,"Art of War":[21],"obtain_stats":[{"Ice Cream":27,"Regal Pillow":12,"Torii":36,"Singing Bowl":44,"Black Blood":17,"Incense Burner":19,"Smiling Mask":24,"Ancient Tea Set":43,"Burning Blood":0,"Sundial":34,"Pantograph":9,"Red Mask":25,"Potion Belt":14,"Dead Branch":30,"Oddly Smooth Stone":0,"Thread and Needle":34,"Pen Nib":29,"PreservedInsect":38,"MawBank":41,"Medical Kit":53,"White Beast Statue":7,"Calling Bell":34,"Molten Egg 2":47,"Art of War":34,"Bottled Lightning":54,"Pocketwatch":37},{"Ice Cream":14,"Regal Pillow":6,"Torii":19,"Singing Bowl":23,"Black Blood":8,"Incense Burner":9,"Smiling Mask":12,"Ancient Tea Set":22,"Burning Blood":0,"Sundial":17,"Pantograph":4,"Red Mask":13,"Potion Belt":7,"Dead Branch":15,"Oddly Smooth Stone":0,"Thread and Needle":17,"Pen Nib":15,"PreservedInsect":20,"MawBank":22,"Medical Kit":27,"White Beast Statue":4,"Calling Bell":17,"Molten Egg 2":25,"Art of War":17,"Bottled Lightning":28,"Pocketwatch":20},{"Ice Cream":77,"Regal Pillow":27,"Torii":104,"Singing Bowl":120,"Black Blood":48,"Incense Burner":52,"Smiling Mask":67,"Ancient Tea Set":116,"Burning Blood":0,"Sundial":95,"Pantograph":20,"Red Mask":71,"Potion Belt":33,"Dead Branch":80,"Oddly Smooth Stone":0,"Thread and Needle":95,"Pen Nib":80,"PreservedInsect":108,"MawBank":116,"Medical Kit":150,"White Beast Statue":20,"Calling Bell":95,"Molten Egg 2":131,"Art of War":95,"Bottled Lightning":155,"Pocketwatch":108}],"Pocketwatch":[44]},"card_choices":[{"not_picked":["True Grit","Sword Boomerang"],"picked":"Cleave","floor":1.0},{"not_picked":["True Grit","Havoc"],"picked":"Shockwave","floor":2.0},{"not_picked":["Dual Wield","Sever Soul"],"picked":"Sword Boomerang","floor":5.0},{"not_picked":["Iron Wave","Thunderclap"],"picked":"Metallicize","floor":7.0},{"not_picked":["True Grit","Shrug It Off"],"picked":"Offering","floor":11.0},{"not_picked":["Pommel Strike","Body Slam"],"picked":"Anger","floor":12.0},{"not_picked":["Heavy Blade","Havoc"],"picked":"Whirlwind","floor":14.0},{"not_picked":["Brutality","Demon Form"],"picked":"Feed","floor":16.0},{"not_picked":["Sword Boomerang","Perfected Strike"],"picked":"Uppercut","floor":18.0},{"not_picked":["Perfected Strike","Searing Blow"],"picked":"Ghostly Armor","floor":21.0},{"not_picked":["Flex","Intimidate","Searing Blow"],"picked":"SKIP","floor":22.0},{"not_picked":["Pummel","Second Wind","Rage"],"picked":"SKIP","floor":24.0},{"not_picked":["Shrug It Off","Thunderclap"],"picked":"True Grit+1","floor":27.0},{"not_picked":["Pommel Strike","Power Through"],"picked":"Demon Form","floor":29.0},{"not_picked":["Rupture","Metallicize"],"picked":"Armaments","floor":31.0},{"not_picked":["Juggernaut","Impervious"],"picked":"Corruption","floor":33.0},{"not_picked":["Body Slam","Sword Boomerang+1","Headbutt"],"picked":"SKIP","floor":35.0},{"not_picked":["True Grit","Hemokinesis+1"],"picked":"Fiend Fire","floor":37.0},{"not_picked":["Power Through","Thunderclap","Wild Strike+1"],"picked":"SKIP","floor":39.0},{"not_picked":["Armaments+1","Havoc","Hemokinesis"],"picked":"SKIP","floor":41.0},{"not_picked":["Sword Boomerang","Armaments","Reckless Charge"],"picked":"Singing Bowl","floor":44.0},{"not_picked":["Jack Of All Trades","Mind Blast","Dramatic Entrance"],"picked":"Singing Bowl","floor":45.0},{"not_picked":["Bandage Up","Discovery"],"picked":"Thinking Ahead","floor":45.0},{"not_picked":["Swift Strike","Madness"],"picked":"Purity","floor":45.0},{"not_picked":["Cleave+1","Clothesline","Perfected Strike"],"picked":"Singing Bowl","floor":46.0},{"not_picked":["Perfected Strike+1","Body Slam+1","Uppercut+1"],"picked":"Singing Bowl","floor":47},{"not_picked":["Warcry","Anger+1","Thunderclap+1"],"picked":"Singing Bowl","floor":48},{"not_picked":["Twin Strike+1","Uppercut+1","Thunderclap+1"],"picked":"Singing Bowl","floor":54}],"player_experience":214264,"relics_obtained":[{"floor":7.0,"key":"White Beast Statue"},{"floor":9.0,"key":"Pantograph"},{"floor":12.0,"key":"Regal Pillow"},{"floor":14.0,"key":"Potion Belt"},{"floor":24.0,"key":"Smiling Mask"},{"floor":25.0,"key":"Red Mask"},{"floor":27.0,"key":"Ice Cream"},{"floor":29.0,"key":"Pen Nib"},{"floor":34.0,"key":"Art of War"},{"floor":34.0,"key":"Sundial"},{"floor":34.0,"key":"Thread and Needle"},{"floor":36.0,"key":"Torii"},{"floor":37.0,"key":"Pocketwatch"},{"floor":41.0,"key":"MawBank"},{"floor":43.0,"key":"Ancient Tea Set"},{"floor":44.0,"key":"Singing Bowl"},{"floor":47,"key":"Molten Egg 2"},{"floor":54,"key":"Bottled Lightning"}],"event_choices":[{"damage_healed":0.0,"max_hp_gain":5.0,"max_hp_loss":0.0,"gold_gain":0.0,"event_name":"Big Fish","player_choice":"Donut","floor":3.0,"gold_loss":0.0,"damage_taken":0.0},{"cards_removed":["Strike_R"],"damage_healed":0.0,"max_hp_gain":0.0,"max_hp_loss":0.0,"gold_gain":0.0,"event_name":"Golden Wing","player_choice":"Card Removal","floor":4.0,"gold_loss":0.0,"damage_taken":7.0},{"damage_healed":0.0,"max_hp_gain":0.0,"max_hp_loss":0.0,"gold_gain":0.0,"event_name":"Liars Game","player_choice":"Ignored","floor":10.0,"gold_loss":0.0,"damage_taken":0.0},{"damage_healed":0.0,"max_hp_gain":0.0,"max_hp_loss":0.0,"gold_gain":0.0,"event_name":"Shining Light","player_choice":"Entered Light","floor":13.0,"gold_loss":0.0,"damage_taken":24.0,"cards_upgraded":["Sword Boomerang","Offering"]},{"damage_healed":0.0,"max_hp_gain":0.0,"max_hp_loss":0.0,"gold_gain":0.0,"event_name":"Addict","player_choice":"Obtained Relic","floor":19.0,"gold_loss":85.0,"damage_taken":0.0,"relics_obtained":["Incense Burner"]},{"damage_healed":0.0,"max_hp_gain":0.0,"max_hp_loss":0.0,"gold_gain":0.0,"event_name":"The Mausoleum","player_choice":"Ignored","floor":20.0,"gold_loss":0.0,"damage_taken":0.0},{"damage_healed":0.0,"max_hp_gain":0.0,"max_hp_loss":0.0,"gold_gain":0.0,"event_name":"Masked Bandits","player_choice":"Fought Bandits","floor":25.0,"gold_loss":0.0,"damage_taken":0.0},{"damage_healed":0.0,"max_hp_gain":0.0,"max_hp_loss":0.0,"gold_gain":0.0,"event_name":"Ghosts","player_choice":"Ignored","floor":28.0,"gold_loss":0.0,"damage_taken":0.0},{"damage_healed":0.0,"max_hp_gain":0.0,"max_hp_loss":0.0,"gold_gain":0.0,"event_name":"Mysterious Sphere","player_choice":"Fight","floor":36.0,"gold_loss":0.0,"damage_taken":0.0},{"damage_healed":0.0,"max_hp_gain":0.0,"max_hp_loss":0.0,"gold_gain":0.0,"event_name":"MindBloom","player_choice":"Fight","floor":37.0,"gold_loss":0.0,"damage_taken":0.0},{"damage_healed":0.0,"max_hp_gain":0.0,"max_hp_loss":0.0,"gold_gain":0.0,"event_name":"SensoryStone","player_choice":"Memory 3","floor":45.0,"gold_loss":0.0,"damage_taken":10.0}],"is_beta":false,"boss_relics":[{"not_picked":["Black Star","Sozu"],"picked":"Black Blood"},{"not_picked":["Runic Cube","Velvet Choker"],"picked":"Calling Bell"}],"items_purged_floors":[30,53],"is_endless":false,"potions_floor_spawned":[1,5,11,12,14,16,18,21,22,24,25,27,29,31,33,35,36,37,39,41,44,46,47,48,54],"ascension_level":15}}