{"host":"gu5bom8l9zwjg25u","time":1607979687,"event":{"mods":["AchievementEnabler","BaseMod","Better Altar","Better Match","Better Note","Better Sensory Stone","Better Skull","Better Third Choice","Better Vampires","Challenge The Spire","Colored Map","Colored Powertips","Conspire","Curses Come First","Downfall","Emptier Cage","Energized Spire","GifTheSpireLib","GungeonMod","Hubris","Infinite Spire","Jorbs\u0027s Wanderer Trilogy","Mad Scientist","Marked Mod","Minty Spire (QoL Compilation)","Rare Cards Sparkle","Relic Sorter","Replay The Spire","Say the Spire","Shop Mod","Spicy Shops","StSLib","The Blackbeard","The Blue Laboratory","The Bug Knight","The Construct","The Cursed","The Death Knight","The Hierophant","The Runesmith","The Servant 0.9.4","The Valiant","Uncapped"],"gold_per_floor":[118,138,138,156,156,156,182,182,233,248,261,281,344,354,354,452,452,465,88,98,21,21,21,21,21],"floor_reached":24,"playtime":2263,"items_purged":["DeathKnight:Strike_DeathKnight"],"score":248,"play_id":"560c3d4b-fa98-4a01-8fe6-0e844d3b65cf","local_time":"20201214230127","is_ascension_mode":false,"campfire_choices":[{"data":"DeathKnight:RuneTap","floor":6,"key":"SMITH"},{"data":"DeathKnight:DeathGrip","floor":8,"key":"SMITH"},{"data":"DeathKnight:FrosPresence","floor":15,"key":"SMITH"},{"data":"DeathKnight:IceboundArmor","floor":23,"key":"SMITH"}],"circlet_count":0,"master_deck":["DeathKnight:Strike_DeathKnight","DeathKnight:Defend_DeathKnight","DeathKnight:Defend_DeathKnight","DeathKnight:Defend_DeathKnight","DeathKnight:Defend_DeathKnight","DeathKnight:Defend_DeathKnight","DeathKnight:RuneTap+1","DeathKnight:RuneStrike","DeathKnight:DeathGrip+1","DeathKnight:FrosPresence+1","DeathKnight:MindFreeze","DeathKnight:FrostStrike","DeathKnight:DancingRuneblade","DeathKnight:IceboundArmor+1","DeathKnight:FrosPresence+1","DeathKnight:MindFreeze","DeathKnight:PillarOfFrost","DeathKnight:Razorice","DeathKnight:Runeguard","DeathKnight:FrosPresence+1","DeathKnight:BoneShield"],"relics":["DeathKnight:BrokenRuneblade","hubris:SlimyHat","Replay:Towering Pillar of Hats","infinitespire:BottledMercury","DeathKnight:Scourgestone","Empty Cage","hubris:Zylophone"],"acts_visited":["Exordium","TheCity"],"potions_floor_usage":[4,13,16],"damage_taken":[{"damage":5,"enemies":"Jaw Worm","floor":1,"turns":4},{"damage":1,"enemies":"2 Louse","floor":2,"turns":3},{"damage":0,"enemies":"Cultist","floor":4,"turns":4},{"damage":21,"enemies":"Gremlin Nob","floor":7,"turns":6},{"damage":15,"enemies":"Large Slime","floor":10,"turns":7},{"damage":13,"enemies":"Exordium Thugs","floor":11,"turns":7},{"damage":0,"enemies":"3 Louse","floor":12,"turns":5},{"damage":5,"enemies":"Lagavulin Event","floor":13,"turns":6},{"damage":0,"enemies":"Large Slime","floor":14,"turns":8},{"damage":0,"enemies":"The Guardian","floor":16,"turns":10},{"damage":25,"enemies":"conspire:FuzzyDice","floor":18,"turns":10},{"damage":0,"enemies":"Shell Parasite","floor":20,"turns":8},{"damage":40,"enemies":"3 Cultists","floor":24,"turns":6}],"seed_played":"4513857296072901223","potions_obtained":[{"floor":2,"key":"blueLaboratory:PhilterOfMotion"},{"floor":10,"key":"blueLaboratory:StoneskinPotion"},{"floor":13,"key":"blueLaboratory:FruitPunch"},{"floor":16,"key":"DemoMod:LeadSkinPotion"}],"is_trial":false,"path_per_floor":["M","M","?","M","?","R","E","R","T","M","M","M","?","M","R","B",null,"M","$","M","$","?","R","M"],"character_chosen":"DEATH_KNIGHT","items_purchased":["hubris:Zylophone","DeathKnight:BoneShield"],"campfire_rested":0,"item_purchase_floors":[19,21],"current_hp_per_floor":[77,76,76,76,76,76,55,55,55,40,27,27,22,22,22,24,84,59,59,59,59,59,59,19,19],"gold":21,"neow_bonus":"TEN_PERCENT_HP_BONUS","is_daily":false,"chose_seed":false,"campfire_upgraded":4,"win_rate":0.0,"timestamp":1607979687,"path_taken":["M","M","?","M","?","R","E","R","T","M","M","M","?","M","R","BOSS","M","$","M","$","?","R","M"],"items_purchased_type":["Relic","Card"],"build_version":"2020-12-13","purchased_purges":1,"victory":false,"max_hp_per_floor":[82,82,82,82,82,82,82,82,82,82,82,82,82,82,82,84,84,84,84,84,84,84,84,84,84],"card_choices":[{"not_picked":["DeathKnight:Marrowrend","DeathKnight:MindFreeze"],"picked":"DeathKnight:DeathGrip","floor":1},{"not_picked":["DeathKnight:Rot","DeathKnight:ThirstingStrike"],"picked":"DeathKnight:FrosPresence","floor":2},{"not_picked":["DeathKnight:Hysteria","DeathKnight:DeathGrip"],"picked":"DeathKnight:MindFreeze","floor":4},{"not_picked":["DeathKnight:DeathRune","DeathKnight:BloodPact"],"picked":"DeathKnight:FrostStrike","floor":7},{"not_picked":["DeathKnight:UnholyPresence","DeathKnight:BloodStrike"],"picked":"DeathKnight:DancingRuneblade","floor":10},{"not_picked":["DeathKnight:BoneShield","DeathKnight:FoulBulwark"],"picked":"DeathKnight:IceboundArmor","floor":11},{"not_picked":["DeathKnight:Hysteria","DeathKnight:AntiMagicShell"],"picked":"DeathKnight:FrosPresence","floor":12},{"not_picked":["DeathKnight:RuneShock","DeathKnight:DeathAndDecay"],"picked":"DeathKnight:MindFreeze","floor":13},{"not_picked":["DeathKnight:RuneShock","DeathKnight:UnholyFrenzy"],"picked":"DeathKnight:PillarOfFrost","floor":14},{"not_picked":["DeathKnight:SindragosasBreath","DeathKnight:Outbreak"],"picked":"DeathKnight:Razorice","floor":16},{"not_picked":["DeathKnight:Obliterate","DeathKnight:HornOfWinter+1"],"picked":"DeathKnight:Runeguard","floor":18},{"not_picked":["DeathKnight:DeathGrip","DeathKnight:HartStrike"],"picked":"DeathKnight:FrosPresence+1","floor":20}],"player_experience":294899,"relics_obtained":[{"floor":5,"key":"Replay:Towering Pillar of Hats"},{"floor":7,"key":"infinitespire:BottledMercury"},{"floor":9,"key":"hubris:SlimyHat"},{"floor":13,"key":"DeathKnight:Scourgestone"}],"event_choices":[{"damage_healed":0,"gold_gain":0,"player_choice":"Searched \u00272\u0027 times","damage_taken":0,"max_hp_gain":0,"max_hp_loss":0,"event_name":"Dead Adventurer","floor":13,"gold_loss":0},{"cards_removed":["DeathKnight:BoneShield"],"damage_healed":0,"gold_gain":0,"player_choice":"Give","damage_taken":0,"max_hp_gain":0,"max_hp_loss":0,"event_name":"betterNote:BetterNote","floor":22,"gold_loss":0,"cards_obtained":["hierophant:Punish"]}],"is_beta":false,"boss_relics":[{"not_picked":["Painkiller Herb","Busted Crown"],"picked":"Empty Cage"}],"items_purged_floors":[19],"is_endless":false,"potions_floor_spawned":[2,10,13,16],"killed_by":"3 Cultists","ascension_level":0}}