{"host":"whyfdmrq1ty0e9zp","time":1607958743,"event":{"mods":["Act Like it!","BaseMod","Colored Map","Colored Powertips","Conspire","Gensokyo","LagranYue(拉格朗・月)","Marisa（F雨　魔理沙）","Minty Spire (QoL Compilation)","MostiFishMod","Prisma Mod","Quick Restart","Relic Stats","Remilia（蕾米莉亚）","Replay The Spire","StSLib","TestMod","vexMod","【遗物卡牌】REMEMod"],"gold_per_floor":[114,130,141,66,66,66,98,98,98,98,132,152,152,162,162,258,258,302,302,302,302,31,31,110,110,158,208,237,237,637,721,721,891,891,922,442,491,593,723,849,849,893,943,1055,1130,1130,1247,1334,1334,1482],"floor_reached":51,"playtime":2775,"items_purged":["Strike_MRS","Strike_MRS"],"score":1306,"play_id":"33fcc96d-6137-4be4-9e76-4119d5058064","local_time":"20201214231222","is_ascension_mode":true,"campfire_choices":[{"data":"MostiFishMod:PathToVictory","floor":6.0,"key":"SMITH"},{"data":"IllusionStar","floor":15.0,"key":"SMITH"},{"data":"MilkyWay","floor":23.0,"key":"SMITH"},{"data":"testmod-TreasureHunter","floor":25.0,"key":"SMITH"},{"data":"BinaryStars","floor":29.0,"key":"SMITH"},{"data":"EventHorizon","floor":32.0,"key":"SMITH"},{"data":"OpenUniverse","floor":46.0,"key":"SMITH"},{"data":"SuperNova","floor":49.0,"key":"SMITH"}],"circlet_count":0,"master_deck":["Strike_MRS+1","Strike_MRS","Defend_MRS","Defend_MRS","Defend_MRS","Defend_MRS","MasterSpark","UpSweep","MostiFishMod:PathToVictory+1","DarkMatter","ShootTheMoon","Singularity","CurseOfTheBell","IllusionStar+1","RefractionSpark","MilkyWay+1","MillisecondPulsars","Gensokyo:AllTheWorldsEvil","EventHorizon+1","testmod-Reverberation","testmod-TreasureHunter+1","BinaryStars+1","Acceleration","GasGiant+1","ManaRampage","Acceleration+1","Gensokyo:ShootingStar","AsteroidBelt+1","Gensokyo:AllTheWorldsEvil","OpenUniverse+1","ManaConvection","MostiFishMod:KingOfFree","testmod-HeadAttack+1","SuperNova+1","GravityBeat","DragonMeteor","OpenUniverse+1","Magnetism","Deep Breath+1","PulseMagic+1","Orbital+1"],"relics":["MiniHakkero","DaveBox","REME_ComplimentaryCards","testmod-NegativeEmotionEnhancer","SentryEyes","LagranYue:RandomDrawCardRelic","ThornShield","Question Card","Simple Rune","Divine Protection","DianDianMeat","REME_LimitBreaker","SproutingBranch","Gensokyo:NagashiBinaDoll","ImportantClient","REME_LowDesire","Replay:Bandana","Strawberry","Pet Ghost","Gensokyo:RedStar","conspire:BottledYoYo","Ancient Tea Set","ReplayTheSpireMod:Lightbulb","JellyFishMachine","testmod-TurbochargingSystem","ReplayTheSpireMod:CursedCoin","Blue Doll","Replay:Mystery Machine","Smiling Mask","Omamori","Bottled Flame","vexMod:Dragonfruit"],"acts_visited":["Exordium","Gensokyo:Gensokyo","TheBeyond"],"potions_floor_usage":[50,50],"damage_taken":[{"damage":0.0,"enemies":"Gensokyo:Python","floor":1.0,"turns":2.0},{"damage":2.0,"enemies":"Gensokyo:Gryphon","floor":2.0,"turns":2.0},{"damage":0.0,"enemies":"Gensokyo:3_Fairies","floor":3.0,"turns":2.0},{"damage":0.0,"enemies":"Gensokyo:Cirno","floor":7.0,"turns":4.0},{"damage":0.0,"enemies":"Gensokyo:Aya","floor":11.0,"turns":3.0},{"damage":0.0,"enemies":"Gensokyo:VengefulSpirit","floor":12.0,"turns":3.0},{"damage":0.0,"enemies":"Gensokyo:Gryphon_and_Rabbit","floor":14.0,"turns":2.0},{"damage":21.0,"enemies":"Gensokyo:Kokoro","floor":16.0,"turns":6.0},{"damage":0.0,"enemies":"Gensokyo:2_Gloops","floor":18.0,"turns":2.0},{"damage":62.0,"enemies":"Gensokyo:Tenshi","floor":24.0,"turns":4.0},{"damage":14.0,"enemies":"Gensokyo:3_Dogs","floor":27.0,"turns":3.0},{"damage":9.0,"enemies":"Gensokyo:Slime_Group","floor":28.0,"turns":3.0},{"damage":8.0,"enemies":"Gensokyo:Reisen","floor":31.0,"turns":4.0},{"damage":16.0,"enemies":"Gensokyo:Eiki","floor":33.0,"turns":4.0},{"damage":6.0,"enemies":"Orb Walker","floor":35.0,"turns":3.0},{"damage":0.0,"enemies":"3 Darklings","floor":37.0,"turns":3.0},{"damage":10.0,"enemies":"Spire Growth","floor":38.0,"turns":3.0},{"damage":16.0,"enemies":"Maw","floor":39.0,"turns":3.0},{"damage":13.0,"enemies":"Giant Head","floor":40.0,"turns":5.0},{"damage":0.0,"enemies":"Sphere and 2 Shapes","floor":42.0,"turns":3.0},{"damage":0.0,"enemies":"R_Hoarder","floor":44.0,"turns":4.0},{"damage":12.0,"enemies":"3 Darklings","floor":45.0,"turns":3.0},{"damage":0.0,"enemies":"Nemesis","floor":47.0,"turns":3.0},{"damage":0.0,"enemies":"Writhing Mass","floor":48.0,"turns":3.0},{"damage":90,"enemies":"Time Eater","floor":50,"turns":8}],"seed_played":"-2712444885964763185","potions_obtained":[{"floor":1.0,"key":"BottledSpark"},{"floor":11.0,"key":"Flashbang"},{"floor":14.0,"key":"Ancient Potion"},{"floor":27.0,"key":"LiquidBronze"},{"floor":31.0,"key":"SteroidPotion"},{"floor":44.0,"key":"AttackPotion"}],"is_trial":false,"path_per_floor":["M","M","M","$","$","R","E","?","T","?","E","M","?","M","R","B",null,"M","T","?","?","$","R","E","R","T","M","M","R","?","E","R","B",null,"M","$","M","M","M","E","?","M","T","E","M","R","E","M","R","B",null],"character_chosen":"MARISA","items_purchased":["Singularity","EventHorizon","testmod-Reverberation","testmod-TurbochargingSystem","ReplayTheSpireMod:CursedCoin","OpenUniverse","ManaConvection","Blue Doll","MostiFishMod:KingOfFree","AttackPotion","Fire Potion"],"campfire_rested":0,"item_purchase_floors":[4,22,22,36,36,36,36,36,36,36,36],"current_hp_per_floor":[70,70,77,77,77,77,79,79,79,79,81,84,84,88,88,79,97,101,101,101,106,119,119,70,70,70,88,102,102,102,137,137,188,198,212,282,308,347,361,389,389,427,427,428,448,448,488,517,517,442],"gold":1482,"neow_bonus":"ONE_RARE_RELIC","is_daily":false,"chose_seed":false,"campfire_upgraded":8,"win_rate":0.0,"timestamp":1607958742,"path_taken":["M","M","M","?","$","R","E","?","T","?","E","?","?","M","R","BOSS","M","?","?","?","$","R","E","R","T","M","M","R","?","E","R","BOSS","M","$","M","?","M","E","?","M","T","E","M","R","E","M","R","BOSS"],"items_purchased_type":["Card","Card","Card","Relic","Relic","Card","Card","Relic","Card","Potion","Potion"],"build_version":"2020-12-13","purchased_purges":2,"victory":true,"max_hp_per_floor":[76,77,78,78,78,78,79,79,79,79,81,84,84,88,88,93,100,101,101,101,106,119,119,128,128,128,148,160,160,160,186,186,201,201,217,287,308,352,376,401,401,427,427,428,455,455,488,517,517,518],"relic_stats":{"counters":[25,78],"Question Card":27,"Smiling Mask":0,"obtain_stats":[{"Divine Protection":8,"DaveBox":0,"LagranYue:RandomDrawCardRelic":0,"Blue Doll":36,"Gensokyo:NagashiBinaDoll":13,"testmod-NegativeEmotionEnhancer":0,"SproutingBranch":11,"Replay:Mystery Machine":40,"Ancient Tea Set":26,"Smiling Mask":41,"Pet Ghost":19,"Replay:Bandana":17,"Mummified Hand":48,"Strawberry":17,"REME_LowDesire":17,"ImportantClient":16,"DianDianMeat":8,"testmod-TestBox":0,"JellyFishMachine":34,"ReplayTheSpireMod:CursedCoin":36,"Omamori":43,"testmod-TurbochargingSystem":36,"REME_LimitBreaker":9,"ThornShield":0,"Question Card":1,"Gensokyo:RedStar":20,"Calling Bell":8,"vexMod:Dragonfruit":47,"Bottled Flame":44,"Ornamental Fan":48,"SentryEyes":0,"Simple Rune":8,"conspire:BottledYoYo":24,"MiniHakkero":0,"ReplayTheSpireMod:Lightbulb":31,"REME_ComplimentaryCards":0},{"Divine Protection":4,"DaveBox":0,"LagranYue:RandomDrawCardRelic":0,"Blue Doll":15,"Gensokyo:NagashiBinaDoll":6,"testmod-NegativeEmotionEnhancer":0,"SproutingBranch":5,"Replay:Mystery Machine":19,"Ancient Tea Set":10,"Smiling Mask":19,"Pet Ghost":9,"Replay:Bandana":8,"Mummified Hand":24,"Strawberry":8,"REME_LowDesire":8,"ImportantClient":8,"DianDianMeat":4,"testmod-TestBox":0,"JellyFishMachine":14,"ReplayTheSpireMod:CursedCoin":15,"Omamori":20,"testmod-TurbochargingSystem":15,"REME_LimitBreaker":4,"ThornShield":0,"Question Card":1,"Gensokyo:RedStar":9,"Calling Bell":4,"vexMod:Dragonfruit":23,"Bottled Flame":21,"Ornamental Fan":24,"SentryEyes":0,"Simple Rune":4,"conspire:BottledYoYo":10,"MiniHakkero":0,"ReplayTheSpireMod:Lightbulb":13,"REME_ComplimentaryCards":0},{"Divine Protection":9,"DaveBox":0,"LagranYue:RandomDrawCardRelic":0,"Blue Doll":41,"Gensokyo:NagashiBinaDoll":13,"testmod-NegativeEmotionEnhancer":0,"SproutingBranch":11,"Replay:Mystery Machine":55,"Ancient Tea Set":24,"Smiling Mask":55,"Pet Ghost":20,"Replay:Bandana":19,"Mummified Hand":70,"Strawberry":19,"REME_LowDesire":19,"ImportantClient":19,"DianDianMeat":9,"testmod-TestBox":0,"JellyFishMachine":38,"ReplayTheSpireMod:CursedCoin":41,"Omamori":57,"testmod-TurbochargingSystem":41,"REME_LimitBreaker":9,"ThornShield":0,"Question Card":1,"Gensokyo:RedStar":20,"Calling Bell":9,"vexMod:Dragonfruit":67,"Bottled Flame":61,"Ornamental Fan":70,"SentryEyes":0,"Simple Rune":9,"conspire:BottledYoYo":24,"MiniHakkero":0,"ReplayTheSpireMod:Lightbulb":34,"REME_ComplimentaryCards":0}]},"card_choices":[{"not_picked":["AsteroidBelt","StarlightTyphoon"],"picked":"DarkMatter","floor":1.0},{"not_picked":["PowerUp","EnergyRecoil","LuminesStrike","UnstableBomb"],"picked":"SKIP","floor":2.0},{"not_picked":["LuminesStrike","EnergyFlow","GalacticHalo"],"picked":"ShootTheMoon","floor":3.0},{"not_picked":["WitchOfGreed","OrrerysSun","EnergyRecoil","PowerUp"],"picked":"SKIP","floor":7.0},{"not_picked":["DarkMatter","WitchOfGreed","MagicChant"],"picked":"IllusionStar","floor":11.0},{"not_picked":["AsteroidBelt","SuperPerseids","GravityBeat"],"picked":"RefractionSpark","floor":12.0},{"not_picked":["OortCloud","LuminesStrike","ShootingEcho"],"picked":"MilkyWay","floor":14.0},{"not_picked":["UltimateShortwave","SatelliteIllusion","EscapeVelocity"],"picked":"MillisecondPulsars","floor":16.0},{"not_picked":["EnergyFlow","DC","IllusionStar","ChargingUp","Enlightenment"],"picked":"SKIP","floor":18.0},{"not_picked":["PropBag","MagicChant","MillisecondPulsars","NonDirectionalLaser+1"],"picked":"testmod-TreasureHunter","floor":24.0},{"not_picked":["6A","WitchLeyline","ShootingEcho","testmod-Recap"],"picked":"Acceleration","floor":27.0},{"not_picked":["LuminesStrike","OortCloud","ShootingEcho","testmod-AdversityCounterattack"],"picked":"GasGiant+1","floor":28.0},{"not_picked":["SatelliteIllusion","MeteoricShower+1","RefractionSpark+1","testmod-Arrangement"],"picked":"Acceleration+1","floor":31.0},{"not_picked":[],"picked":"Gensokyo:ShootingStar","floor":33.0},{"not_picked":["LuminesStrike","MachineGunSpark","IllusionStar+1","Impatience+1"],"picked":"AsteroidBelt+1","floor":35.0},{"not_picked":["GalacticHalo","DeepEcoloBomb+1","LuminesStrike","UnstableBomb"],"picked":"testmod-HeadAttack+1","floor":37.0},{"not_picked":["DragonMeteor","DoubleSpark","StarlightTyphoon+1","Purity"],"picked":"GravityBeat","floor":38.0},{"not_picked":["Robbery+1","Singularity","GravityBeat+1","ReplayTheSpireMod:Trickstab"],"picked":"DragonMeteor","floor":39.0},{"not_picked":["MaximisePower","SporeBomb+1","MagicAbsorber","Finesse"],"picked":"OpenUniverse+1","floor":40.0},{"not_picked":["ShootingEcho+1","LuminesStrike","MachineGunSpark+1","PowerUp"],"picked":"Magnetism","floor":42.0},{"not_picked":["OpenUniverse","PowerUp+1","DoubleSpark+1","Singularity+1","Enlightenment"],"picked":"SKIP","floor":44.0},{"not_picked":["OpenUniverse","PowerUp+1","DoubleSpark+1","Singularity+1","Enlightenment"],"picked":"SKIP","floor":44.0},{"not_picked":["AlicesGift+1","OneTimeOff","EnergyRecoil","SprinkleStarSeal+1"],"picked":"Deep Breath+1","floor":45.0},{"not_picked":["RefractionSpark","UnstableBomb+1","EventHorizon+1","testmod-Arrangement"],"picked":"PulseMagic+1","floor":47.0},{"not_picked":["ChargingUp+1","Acceleration+1","UnstableBomb","Replay:Bootleg Shield Generator+1"],"picked":"Orbital+1","floor":48.0}],"player_experience":416014,"relics_obtained":[{"floor":1.0,"key":"Question Card"},{"floor":8.0,"key":"Simple Rune"},{"floor":8.0,"key":"Divine Protection"},{"floor":8.0,"key":"DianDianMeat"},{"floor":9.0,"key":"REME_LimitBreaker"},{"floor":11.0,"key":"SproutingBranch"},{"floor":16.0,"key":"ImportantClient"},{"floor":17.0,"key":"Replay:Bandana"},{"floor":17.0,"key":"Strawberry"},{"floor":19.0,"key":"Pet Ghost"},{"floor":24.0,"key":"conspire:BottledYoYo"},{"floor":26.0,"key":"Ancient Tea Set"},{"floor":31.0,"key":"ReplayTheSpireMod:Lightbulb"},{"floor":40.0,"key":"Replay:Mystery Machine"},{"floor":41.0,"key":"Smiling Mask"},{"floor":43.0,"key":"Omamori"},{"floor":44.0,"key":"Bottled Flame"},{"floor":47.0,"key":"vexMod:Dragonfruit"}],"event_choices":[{"damage_healed":0.0,"max_hp_gain":0.0,"max_hp_loss":0.0,"gold_gain":0.0,"event_name":"给自己的盒子","player_choice":"Swap Relic","floor":8.0,"relics_lost":["Calling Bell"],"gold_loss":0.0,"damage_taken":0.0,"relics_obtained":["Calling Bell"]},{"damage_healed":0.0,"max_hp_gain":0.0,"max_hp_loss":0.0,"gold_gain":400.0,"event_name":"恩洛斯的盘子","player_choice":"Sell","floor":30.0,"relics_lost":["testmod-TestBox"],"gold_loss":0.0,"damage_taken":0.0},{"damage_healed":0.0,"max_hp_gain":0.0,"max_hp_loss":0.0,"gold_gain":0.0,"event_name":"Wheel of Change","player_choice":"Relic","floor":41.0,"gold_loss":0.0,"damage_taken":0.0}],"is_beta":false,"boss_relics":[{"not_picked":["Runic Pyramid","Philosopher\u0027s Stone"],"picked":"REME_LowDesire"},{"not_picked":["SynthV:MejaisSoulstealer","testmod-Recursion"],"picked":"JellyFishMachine"}],"items_purged_floors":[22,36],"is_endless":false,"potions_floor_spawned":[1,11,14,16,18,27,31,39,40,42,44,47],"ascension_level":7}}