{"host":"7zb9v22qptw5vuf6","time":1607927071,"event":{"mods":["BaseMod","Luminous","Marisa（F雨　魔理沙）","Minty Spire (QoL Compilation)","Reimu（博丽灵梦）","Replay The Spire","Say the Spire","StSLib","The Jungle","Yuyuko","【东方二次创作】八云紫mod"],"gold_per_floor":[109,184,198,273,79,107,107,141,141,164,182,182,104,126,126,239,239,270,299,299,339,339,359,132,132,132,159,232,274,274,274,125,153,230,336,345,369,140,165,91,109,109,142,179,179,62,62,72,72,88,88,88,88,88,36,72,72],"floor_reached":58,"playtime":3526,"items_purged":["ReplayTheSpireMod:Splinters"],"score":1409,"play_id":"7bf99de3-3e3f-4690-bbab-eadbdd9ea898","local_time":"20201214142431","is_ascension_mode":true,"campfire_choices":[{"floor":7.0,"key":"REST"},{"data":"Become Phantom","floor":12.0,"key":"SMITH"},{"data":"Monster Cherry Tree","floor":15.0,"key":"SMITH"},{"data":"Fondling of Papilio","floor":31.0,"key":"SMITH"},{"floor":42.0,"key":"RECALL"},{"data":"Pot Of Greed","floor":47.0,"key":"SMITH"},{"data":"Nihility","floor":51.0,"key":"SMITH"},{"floor":54.0,"key":"REST"}],"circlet_count":0,"master_deck":["Fantasy Butterflies+1","Fantasy Butterflies+1","Fantasy Butterflies+1","Fantasy Butterflies+1","Fantasy Butterflies+1","Dreamy Sakura+1","Dreamy Sakura+1","Dreamy Sakura+1","Dreamy Sakura+1","Dreamy Sakura+1","Deathly Ground+1","Faramita\u0027s Temptation+1","Bloom+1","Butterflies in Dream+1","Become Phantom+1","Pot Of Greed+1","Pot Of Greed+1","Monster Cherry Tree+1","Become Phantom+1","Nihility+1","Dying Dream+1","Sweet of Phantom+1","Specialist+1","Float on Moon+1","Ticket to Heaven+1","Mini Ghostdom+1","Pot Of Greed+1","Unstable Ward+1","Open The Fan+1","Fondling of Papilio+1","The Inky Sakura+1","Phantom Butterflies+1","Steamed Phantom+1","Ticket to Heaven+1","City of Death+1","The Way to Death+1","Nihility+1","Pot Of Greed+1","Scenery of Papilio","Sweet of Phantom","Bloom+1"],"relics":["Coronal","Yuyuko\u0027s fan","NeowsBlessing","Grinning Jar","Potion Belt","CeramicFish","InkBottle","SacredBark","WingedGreaves","Frozen Egg 2","Replay:Baseball","Dream Catcher","Abe\u0027s Treasure","Membership Card","War Paint","Lee\u0027s Waffle","Regal Pillow","Nunchaku","Orichalcum","Iron Hammer"],"acts_visited":["Exordium","Exordium","TheBeyond","TheEnding"],"potions_floor_usage":[57,57,57,57],"damage_taken":[{"damage":1.0,"enemies":"Small Slimes","floor":1.0,"turns":1.0},{"damage":1.0,"enemies":"Cultist","floor":3.0,"turns":1.0},{"damage":1.0,"enemies":"Replay:BlueRogue","floor":6.0,"turns":1.0},{"damage":58.0,"enemies":"3 Sentries","floor":8.0,"turns":7.0},{"damage":3.0,"enemies":"2 Louse","floor":10.0,"turns":3.0},{"damage":25.0,"enemies":"Large Slime","floor":14.0,"turns":3.0},{"damage":56.0,"enemies":"The Guardian","floor":16.0,"turns":9.0},{"damage":53.0,"enemies":"theJungle:MUSHROOMGANG","floor":18.0,"turns":5.0},{"damage":47.0,"enemies":"theJungle:Flameango_and_Byrd","floor":19.0,"turns":6.0},{"damage":10.0,"enemies":"theJungle:Snecko_Cultist_And_Trap","floor":23.0,"turns":5.0},{"damage":33.0,"enemies":"theJungle:MamaSnecko","floor":27.0,"turns":7.0},{"damage":54.0,"enemies":"theJungle:Cassacara","floor":29.0,"turns":6.0},{"damage":20.0,"enemies":"theJungle:JungleHuntersEncounter","floor":33.0,"turns":5.0},{"damage":53.0,"enemies":"theJungle:FunGuy","floor":35.0,"turns":7.0},{"damage":46.0,"enemies":"3 Shapes","floor":37.0,"turns":4.0},{"damage":23.0,"enemies":"Orb Walker","floor":39.0,"turns":3.0},{"damage":40.0,"enemies":"Orb Walker","floor":41.0,"turns":9.0},{"damage":25.0,"enemies":"Reptomancer","floor":43.0,"turns":4.0},{"damage":17.0,"enemies":"Giant Head","floor":44.0,"turns":5.0},{"damage":9.0,"enemies":"3 Darklings","floor":48.0,"turns":4.0},{"damage":5.0,"enemies":"Maw","floor":50.0,"turns":5.0},{"damage":53.0,"enemies":"Time Eater","floor":52.0,"turns":8.0},{"damage":6.0,"enemies":"Shield and Spear","floor":56.0,"turns":2.0},{"damage":74,"enemies":"The Heart","floor":57,"turns":6}],"seed_played":"1378605831394996582","potions_obtained":[{"floor":6.0,"key":"SpeedPotion"},{"floor":10.0,"key":"FearPotion"},{"floor":16.0,"key":"ZuzhouPotion:ReiMu"},{"floor":21.0,"key":"Ancient Potion"},{"floor":21.0,"key":"Regen Potion"},{"floor":21.0,"key":"PowerPotion"},{"floor":23.0,"key":"Turbid Wine"},{"floor":27.0,"key":"Turbid Wine"},{"floor":29.0,"key":"Fire Potion"},{"floor":33.0,"key":"Turbid Wine"},{"floor":35.0,"key":"Turbid Wine"},{"floor":37.0,"key":"GrandPatriotsElixir:ReiMu"},{"floor":39.0,"key":"Turbid Wine"},{"floor":39.0,"key":"Strength Potion"},{"floor":43.0,"key":"SkillPotion"},{"floor":56.0,"key":"Adrenaline Potion"}],"is_trial":false,"path_per_floor":["M","?","M","?","$","E","R","E","T","M","?","R","$","M","R","B",null,"M","M","$","?","?","M","$","PTL","PTL","E","T","E","?","R","$","M","R","B",null,"M","$","M","$","?","R","E","E","T","$","R","M","?","M","R","B",null,"R","$","E","B",null],"character_chosen":"YUYOKO","items_purchased":["Become Phantom","Grinning Jar","Specialist","Fondling of Papilio","The Inky Sakura","Dream Catcher","Membership Card","War Paint","Lee\u0027s Waffle","Orichalcum","Venom Potion","Milkshake","Sweet of Phantom"],"campfire_rested":2,"item_purchase_floors":[5,5,13,24,24,32,38,38,40,46,46,55,55],"current_hp_per_floor":[39,28,27,23,23,22,34,24,24,37,37,37,37,24,24,3,40,26,17,17,17,17,32,32,32,32,21,21,14,16,16,16,30,30,10,40,7,7,7,47,47,47,38,42,42,42,42,43,43,40,40,33,45,45,45,43,18],"gold":72,"neow_bonus":"THREE_ENEMY_KILL","is_daily":false,"chose_seed":false,"campfire_upgraded":5,"win_rate":0.0,"timestamp":1607927071,"path_taken":["M","?","M","?","$","E","R","E","T","?","?","R","$","M","R","BOSS","M","M","$","?","?","M","$","PTL","PTL","E","T","E","?","R","?","M","R","BOSS","M","?","M","$","?","R","E","E","T","$","R","M","?","M","R","BOSS","R","$","E","BOSS"],"items_purchased_type":["Card","Relic","Card","Card","Card","Relic","Relic","Relic","Relic","Relic","Potion","Potion","Card"],"build_version":"2020-12-13","purchased_purges":1,"victory":true,"max_hp_per_floor":[40,40,40,40,40,40,40,40,40,40,40,40,40,40,40,40,40,40,40,40,40,40,40,40,40,40,40,40,40,40,40,40,40,40,40,40,40,40,40,47,47,47,47,47,47,47,47,47,45,45,45,45,45,45,45,45,45],"card_choices":[{"not_picked":["Song of Papilio","Serene Spring"],"picked":"Bloom","floor":1.0},{"not_picked":["Open The Fan","Song of Papilio"],"picked":"Butterflies in Dream","floor":3.0},{"not_picked":["Stifle","Showy Withering"],"picked":"Monster Cherry Tree","floor":6.0},{"not_picked":["Unborn Light","Wandering Soul"],"picked":"Become Phantom","floor":8.0},{"not_picked":["Ghostdom Sakura","Childlike"],"picked":"Nihility","floor":10.0},{"not_picked":["Unpaved Way","Redemption of Death"],"picked":"Float on Moon","floor":14.0},{"not_picked":["Ghost Spot","Ghost Lead"],"picked":"Ticket to Heaven","floor":16.0},{"not_picked":["Butterflies Rainbow+1","Open The Fan+1"],"picked":"Mini Ghostdom+1","floor":18.0},{"not_picked":["End of Faramita+1","Unknown Petal+1"],"picked":"Unstable Ward","floor":19.0},{"not_picked":["Death Dancing","Sakura Ward"],"picked":"Open The Fan+1","floor":21.0},{"not_picked":["Triple Snow","Sakura Ward+1","Unborn Light"],"picked":"SKIP","floor":23.0},{"not_picked":["Dancing Butterflies","Linger over Flower","Bury in The Template"],"picked":"SKIP","floor":27.0},{"not_picked":["All Wander","Bloom"],"picked":"Phantom Butterflies+1","floor":29.0},{"not_picked":["Elegance","Linger over Flower+1"],"picked":"Steamed Phantom+1","floor":33.0},{"not_picked":["Ghost Lead+1","Reunion after Death+1"],"picked":"Ticket to Heaven","floor":35.0},{"not_picked":["Open The Fan","Sweet of Phantom"],"picked":"City of Death+1","floor":37.0},{"not_picked":["Gather the Spring+1","Dancing Butterflies"],"picked":"The Way to Death+1","floor":39.0},{"not_picked":["Snow+1","Unknown Petal+1"],"picked":"Nihility","floor":41.0},{"not_picked":["All Wander","Dark Wind+1","Serene Spring"],"picked":"SKIP","floor":43.0},{"not_picked":["Unstable Ward+1","Gone+1"],"picked":"Scenery of Papilio","floor":44.0},{"not_picked":["Gone","Dark Wind+1","Reverse The Screen"],"picked":"SKIP","floor":48.0},{"not_picked":["City of Death+1","Dark Wind","Sakura Ward+1"],"picked":"SKIP","floor":50.0},{"not_picked":["Butterflies in Dream+1","End of Faramita"],"picked":"Bloom+1","floor":56.0}],"player_experience":233201,"relics_obtained":[{"floor":6.0,"key":"Potion Belt"},{"floor":8.0,"key":"CeramicFish"},{"floor":9.0,"key":"InkBottle"},{"floor":27.0,"key":"WingedGreaves"},{"floor":28.0,"key":"Frozen Egg 2"},{"floor":29.0,"key":"Replay:Baseball"},{"floor":43.0,"key":"Regal Pillow"},{"floor":44.0,"key":"Nunchaku"},{"floor":56.0,"key":"Iron Hammer"}],"event_choices":[{"damage_healed":0.0,"max_hp_gain":0.0,"max_hp_loss":0.0,"gold_gain":75.0,"event_name":"World of Goop","player_choice":"Gather Gold","floor":2.0,"gold_loss":0.0,"damage_taken":11.0},{"damage_healed":0.0,"max_hp_gain":0.0,"max_hp_loss":0.0,"gold_gain":75.0,"event_name":"FaceTrader","player_choice":"Touch","floor":4.0,"gold_loss":0.0,"damage_taken":4.0},{"damage_healed":0.0,"max_hp_gain":0.0,"max_hp_loss":0.0,"gold_gain":0.0,"event_name":"Match and Keep!","player_choice":"2 cards matched","floor":11.0,"gold_loss":0.0,"damage_taken":0.0,"cards_obtained":["Dying Dream","Sweet of Phantom"]},{"damage_healed":0.0,"max_hp_gain":0.0,"max_hp_loss":2.0,"gold_gain":0.0,"event_name":"Winding Halls","player_choice":"Max HP","floor":49.0,"gold_loss":0.0,"damage_taken":0.0}],"is_beta":false,"boss_relics":[{"not_picked":["Fusion Hammer","ChewingGum"],"picked":"SacredBark"},{"not_picked":["Tiny House","SlaversCollar"],"picked":"Abe\u0027s Treasure"}],"items_purged_floors":[24],"is_endless":false,"potions_floor_spawned":[6,10,16,23,29,35,37,39,43,48,56],"ascension_level":1}}