{"host":"ow9msrs9p2ctkx99","time":1607973394,"event":{"mods":["AchievementEnabler","BaseMod","Colored Map","Colored Powertips","Minty Spire (QoL Compilation)","Permanent Neow","Quick Restart","SuperFastMode"],"gold_per_floor":[109,109,128,128,141,141,66,66,66,93,116,40,40,56,56,56,56],"floor_reached":16,"playtime":333,"items_purged":["Regret"],"score":176,"play_id":"b67859df-b99a-4d72-8903-680afac1e8bd","local_time":"20201214201634","is_ascension_mode":true,"campfire_choices":[{"data":"Poisoned Stab","floor":6,"key":"SMITH"},{"data":"Blade Dance","floor":8,"key":"SMITH"},{"data":"Wraith Form v2","floor":15,"key":"SMITH"}],"circlet_count":0,"master_deck":["AscendersBane","Strike_G","Strike_G","Strike_G","Strike_G","Strike_G","Defend_G","Defend_G","Defend_G","Defend_G","Defend_G","Survivor","Neutralize","Blade Dance+1","Poisoned Stab+1","PiercingWail","Slice","Wraith Form v2+1","Tactician"],"relics":["WristBlade","Ancient Tea Set","Ornamental Fan","TungstenRod","Bottled Lightning","Odd Mushroom","Mercury Hourglass"],"acts_visited":["Exordium"],"potions_floor_usage":[10],"damage_taken":[{"damage":7,"enemies":"Small Slimes","floor":1,"turns":5},{"damage":9,"enemies":"2 Louse","floor":3,"turns":2},{"damage":2,"enemies":"Jaw Worm","floor":5,"turns":3},{"damage":5,"enemies":"Lagavulin","floor":10,"turns":7},{"damage":0,"enemies":"The Mushroom Lair","floor":11,"turns":4},{"damage":2,"enemies":"Looter","floor":14,"turns":2},{"damage":26,"enemies":"The Guardian","floor":16,"turns":12}],"seed_played":"-3681899290479655502","potions_obtained":[{"floor":3,"key":"CunningPotion"},{"floor":10,"key":"Ancient Potion"},{"floor":11,"key":"Dexterity Potion"}],"is_trial":false,"path_per_floor":["M","?","M","?","M","R","$","R","T","E","?","$","T","M","R","B"],"character_chosen":"THE_SILENT","items_purchased":["Tactician"],"campfire_rested":0,"item_purchase_floors":[12],"current_hp_per_floor":[52,52,43,32,30,30,30,30,30,25,25,25,25,23,23,0,0],"gold":56,"neow_bonus":"BOSS_RELIC","is_daily":false,"chose_seed":false,"campfire_upgraded":3,"win_rate":0.0,"timestamp":1607973394,"path_taken":["M","?","M","?","M","R","$","R","T","E","?","?","?","?","R","BOSS"],"items_purchased_type":["Card"],"build_version":"2020-12-13","purchased_purges":1,"victory":false,"max_hp_per_floor":[66,66,66,66,66,66,66,66,66,66,66,66,66,66,66,66,66],"card_choices":[{"not_picked":["Dagger Spray","Dagger Throw"],"picked":"Blade Dance","floor":1},{"not_picked":["Riddle With Holes","Flying Knee"],"picked":"Poisoned Stab","floor":3},{"not_picked":["Acrobatics","Sucker Punch"],"picked":"PiercingWail","floor":5},{"not_picked":["Deadly Poison","Dagger Throw"],"picked":"Slice","floor":10},{"not_picked":["Escape Plan","Cloak And Dagger"],"picked":"Wraith Form v2","floor":11},{"not_picked":["Heel Hook","Sucker Punch","Acrobatics"],"picked":"SKIP","floor":14}],"player_experience":1076990,"relics_obtained":[{"floor":9,"key":"TungstenRod"},{"floor":10,"key":"Bottled Lightning"},{"floor":11,"key":"Odd Mushroom"},{"floor":13,"key":"Mercury Hourglass"}],"event_choices":[{"damage_healed":0,"gold_gain":0,"player_choice":"Box","damage_taken":0,"relics_obtained":["Ancient Tea Set"],"max_hp_gain":0,"max_hp_loss":0,"event_name":"Big Fish","floor":2,"gold_loss":0,"cards_obtained":["Regret"]},{"damage_healed":0,"gold_gain":0,"player_choice":"Success","damage_taken":11,"relics_obtained":["Ornamental Fan"],"max_hp_gain":0,"max_hp_loss":0,"event_name":"Scrap Ooze","floor":4,"gold_loss":0},{"damage_healed":0,"gold_gain":0,"player_choice":"Fought Mushrooms","damage_taken":0,"max_hp_gain":0,"max_hp_loss":0,"event_name":"Mushrooms","floor":11,"gold_loss":0}],"is_beta":false,"boss_relics":[],"items_purged_floors":[7],"is_endless":false,"potions_floor_spawned":[3,10,11],"killed_by":"The Guardian","ascension_level":16}}