{"host":"e4hse1vg61zltgzv","time":1607958959,"event":{"mods":["AchievementEnabler","BaseMod","Block Reminder","Colored Map","DeckTracker","GifTheSpireLib","Minty Spire (QoL Compilation)","Rare Cards Sparkle","StSLib","SuperFastMode","everything is the same but u backflip on backflip"],"gold_per_floor":[110,130,142,160,177,208,224,253,253,253,272,272,306,325,325,402,402,412,431,449,449,374,400,400,432,432,444,464,494,494,507,507,585,585,597,612,623,635,635,660,660,695,695,722,747,778,778,433,433,433,433,433,433,148,180,180,180],"floor_reached":56,"playtime":1250,"items_purged":["Shrug It Off+1","Power Through+1","Second Wind+1"],"score":3062,"play_id":"f95ccfd4-20aa-4ddc-a652-343b628c5016","local_time":"20201215001559","is_ascension_mode":true,"campfire_choices":[{"floor":10,"key":"RECALL"},{"floor":12,"key":"REST"},{"data":"Second Wind","floor":15,"key":"SMITH"},{"data":"Power Through","floor":24,"key":"SMITH"},{"floor":32,"key":"REST"},{"floor":41,"key":"REST"},{"data":"Dark Embrace","floor":49,"key":"SMITH"},{"floor":53,"key":"REST"}],"circlet_count":0,"master_deck":["Body Slam+1","Shrug It Off+1","Entrench+1","Dark Embrace+1"],"relics":["Burning Blood","Calipers","TheAbacus","Singing Bowl","Sundial","Sundial","Sundial","Unceasing Top","Shuriken","Lizard Tail","Bottled Lightning","Black Star","StrikeDummy","Bird Faced Urn","Gremlin Horn","Kunai","Red Mask","Runic Dome","Charon\u0027s Ashes","Ginger","Strawberry","Nunchaku","Juzu Bracelet","Molten Egg 2","Happy Flower","Ice Cream","Orichalcum","Torii","Medical Kit","Orrery","Mango","Letter Opener"],"acts_visited":["Exordium","TheCity","TheBeyond","TheEnding"],"potions_floor_usage":[31,56,56,56,56],"damage_taken":[{"damage":0,"enemies":"Cultist","floor":1,"turns":2},{"damage":0,"enemies":"Jaw Worm","floor":2,"turns":1},{"damage":0,"enemies":"2 Louse","floor":3,"turns":2},{"damage":0,"enemies":"Exordium Wildlife","floor":4,"turns":2},{"damage":0,"enemies":"Blue Slaver","floor":5,"turns":1},{"damage":0,"enemies":"Lagavulin","floor":6,"turns":1},{"damage":0,"enemies":"2 Fungi Beasts","floor":7,"turns":2},{"damage":0,"enemies":"Gremlin Nob","floor":8,"turns":1},{"damage":0,"enemies":"Looter","floor":11,"turns":1},{"damage":0,"enemies":"Lagavulin","floor":13,"turns":1},{"damage":0,"enemies":"Lots of Slimes","floor":14,"turns":1},{"damage":0,"enemies":"Hexaghost","floor":16,"turns":2},{"damage":0,"enemies":"2 Thieves","floor":18,"turns":2},{"damage":0,"enemies":"3 Byrds","floor":19,"turns":2},{"damage":0,"enemies":"3 Cultists","floor":20,"turns":2},{"damage":0,"enemies":"Slavers","floor":23,"turns":2},{"damage":0,"enemies":"Book of Stabbing","floor":25,"turns":2},{"damage":0,"enemies":"Snecko","floor":27,"turns":2},{"damage":0,"enemies":"Sentry and Sphere","floor":28,"turns":1},{"damage":0,"enemies":"Masked Bandits","floor":29,"turns":3},{"damage":0,"enemies":"Cultist and Chosen","floor":31,"turns":1},{"damage":0,"enemies":"Collector","floor":33,"turns":2},{"damage":0,"enemies":"Orb Walker","floor":35,"turns":1},{"damage":0,"enemies":"3 Darklings","floor":36,"turns":2},{"damage":0,"enemies":"Writhing Mass","floor":37,"turns":2},{"damage":0,"enemies":"Jaw Worm Horde","floor":38,"turns":2},{"damage":0,"enemies":"Nemesis","floor":40,"turns":3},{"damage":0,"enemies":"Giant Head","floor":42,"turns":2},{"damage":0,"enemies":"Reptomancer","floor":44,"turns":2},{"damage":0,"enemies":"Mind Bloom Boss Battle","floor":45,"turns":3},{"damage":0,"enemies":"Giant Head","floor":46,"turns":3},{"damage":0,"enemies":"Donu and Deca","floor":50,"turns":1},{"damage":0,"enemies":"Time Eater","floor":51,"turns":3},{"damage":0,"enemies":"Shield and Spear","floor":55,"turns":1},{"damage":0,"enemies":"The Heart","floor":56,"turns":3}],"seed_played":"5088914480777712191","potions_obtained":[{"floor":0,"key":"EntropicBrew"},{"floor":0,"key":"SkillPotion"},{"floor":25,"key":"Swift Potion"},{"floor":33,"key":"DuplicationPotion"}],"is_trial":false,"path_per_floor":["M","M","M","M","M","E","M","E","T","R","M","R","E","M","R","B",null,"M","M","M","?","$","E","R","E","T","M","M","?","?","M","R","B",null,"M","M","M","M","?","E","R","E","T","E","?","E","?","$","R","B","B",null,"R","$","E","B"],"character_chosen":"IRONCLAD","items_purchased":["Medical Kit","Dark Embrace","Orrery"],"campfire_rested":4,"item_purchase_floors":[48,48,54],"current_hp_per_floor":[76,79,81,83,85,87,89,91,91,91,93,93,95,95,95,97,97,99,101,103,103,103,105,105,107,107,109,111,113,78,86,120,122,122,124,126,128,130,123,125,125,134,134,136,138,140,136,136,136,144,146,146,146,156,172,172,172],"gold":180,"neow_bonus":"THREE_SMALL_POTIONS","is_daily":false,"chose_seed":false,"campfire_upgraded":3,"win_rate":0.0,"timestamp":1607958959,"path_taken":["M","M","M","?","M","E","M","E","T","R","M","R","E","M","R","BOSS","M","M","M","?","$","E","R","E","T","M","M","?","?","M","R","BOSS","M","M","M","M","?","E","R","E","T","E","?","E","?","$","R","BOSS","BOSS","R","$","E","BOSS"],"items_purchased_type":["Relic","Card","Relic"],"build_version":"2020-12-13","purchased_purges":3,"victory":false,"max_hp_per_floor":[77,79,81,83,85,87,89,91,91,91,93,93,95,95,95,97,97,99,101,103,103,103,105,105,107,107,109,111,113,118,120,120,122,122,124,126,128,130,123,125,125,134,134,136,138,140,146,146,146,146,146,146,146,156,172,172,172],"card_choices":[{"not_picked":["Headbutt","Flex","Body Slam"],"picked":"Singing Bowl","floor":1},{"not_picked":["Rupture","Heavy Blade","Shrug It Off"],"picked":"Singing Bowl","floor":2},{"not_picked":["Sword Boomerang","Feed","Headbutt"],"picked":"Singing Bowl","floor":3},{"not_picked":["Entrench","Rampage","Perfected Strike"],"picked":"Singing Bowl","floor":4},{"not_picked":["Wild Strike","Infernal Blade","Searing Blow"],"picked":"Singing Bowl","floor":5},{"not_picked":["Infernal Blade","Spot Weakness","Armaments"],"picked":"Singing Bowl","floor":6},{"not_picked":["Fiend Fire","Shrug It Off","Metallicize"],"picked":"Singing Bowl","floor":7},{"not_picked":["Flex","Seeing Red","Dark Embrace"],"picked":"Singing Bowl","floor":8},{"not_picked":["Heavy Blade","Warcry","Anger"],"picked":"Singing Bowl","floor":11},{"not_picked":["Feel No Pain","Headbutt","Pommel Strike"],"picked":"Singing Bowl","floor":13},{"not_picked":["Combust","Anger"],"picked":"Second Wind","floor":14},{"not_picked":["Exhume","Barricade","Immolate"],"picked":"Singing Bowl","floor":16},{"not_picked":["Perfected Strike","Searing Blow","Thunderclap"],"picked":"Singing Bowl","floor":18},{"not_picked":["Pommel Strike","Headbutt","Metallicize"],"picked":"Singing Bowl","floor":19},{"not_picked":["Heavy Blade","Dark Embrace","Rupture"],"picked":"Singing Bowl","floor":20},{"not_picked":["Sever Soul","Sentinel+1","Havoc"],"picked":"Singing Bowl","floor":23},{"not_picked":["Anger","Dropkick+1","Sever Soul+1"],"picked":"Singing Bowl","floor":25},{"not_picked":["Perfected Strike","Inflame","Sever Soul"],"picked":"Singing Bowl","floor":27},{"not_picked":["Warcry","Rage","Body Slam"],"picked":"Singing Bowl","floor":28},{"not_picked":["Dark Embrace","Feed","Perfected Strike"],"picked":"Singing Bowl","floor":29},{"not_picked":["Iron Wave","Feel No Pain","Armaments"],"picked":"Singing Bowl","floor":31},{"not_picked":["Fiend Fire","Offering","Exhume"],"picked":"Singing Bowl","floor":33},{"not_picked":["Flame Barrier","Pommel Strike","Body Slam+1"],"picked":"Singing Bowl","floor":35},{"not_picked":["Clash+1","Sentinel","Power Through"],"picked":"Singing Bowl","floor":36},{"not_picked":["Body Slam","Havoc","Wild Strike"],"picked":"Singing Bowl","floor":37},{"not_picked":["Shrug It Off+1","Thunderclap+1","Berserk"],"picked":"Singing Bowl","floor":38},{"not_picked":["Pommel Strike","Reckless Charge","Twin Strike"],"picked":"Singing Bowl","floor":40},{"not_picked":["Blood for Blood","Entrench","Clash"],"picked":"Singing Bowl","floor":42},{"not_picked":["Twin Strike+1","Carnage+1","Combust"],"picked":"Singing Bowl","floor":44},{"not_picked":["Perfected Strike+1","True Grit","Armaments"],"picked":"Singing Bowl","floor":45},{"not_picked":["Pommel Strike+1","Sentinel","Reckless Charge+1"],"picked":"Singing Bowl","floor":46},{"not_picked":["Mind Blast+1","Chrysalis","Impatience"],"picked":"Singing Bowl","floor":47},{"not_picked":["Finesse","The Bomb","Panacea"],"picked":"Singing Bowl","floor":47},{"not_picked":["Jack Of All Trades","Mind Blast+1","Secret Weapon"],"picked":"Singing Bowl","floor":47},{"not_picked":["Pommel Strike+1","Blood for Blood+1","Perfected Strike+1"],"picked":"Singing Bowl","floor":54},{"not_picked":["Reckless Charge+1","Infernal Blade","Headbutt+1"],"picked":"Singing Bowl","floor":54},{"not_picked":["Flex","Pommel Strike+1","Juggernaut"],"picked":"Singing Bowl","floor":54},{"not_picked":["Clothesline+1","Disarm","Bludgeon+1"],"picked":"Singing Bowl","floor":54},{"not_picked":["True Grit","Headbutt+1","Pommel Strike+1"],"picked":"Singing Bowl","floor":54},{"not_picked":["Armaments","Body Slam+1","Clothesline+1"],"picked":"Singing Bowl","floor":55}],"player_experience":734466,"relics_obtained":[{"floor":8,"key":"Shuriken"},{"floor":9,"key":"Lizard Tail"},{"floor":13,"key":"Bottled Lightning"},{"floor":23,"key":"StrikeDummy"},{"floor":23,"key":"Bird Faced Urn"},{"floor":25,"key":"Gremlin Horn"},{"floor":25,"key":"Kunai"},{"floor":29,"key":"Red Mask"},{"floor":40,"key":"Charon\u0027s Ashes"},{"floor":40,"key":"Ginger"},{"floor":42,"key":"Strawberry"},{"floor":42,"key":"Nunchaku"},{"floor":43,"key":"Juzu Bracelet"},{"floor":44,"key":"Molten Egg 2"},{"floor":44,"key":"Happy Flower"},{"floor":45,"key":"Ice Cream"},{"floor":46,"key":"Orichalcum"},{"floor":46,"key":"Torii"},{"floor":55,"key":"Mango"},{"floor":55,"key":"Letter Opener"}],"event_choices":[{"damage_healed":0,"gold_gain":0,"player_choice":"Read","damage_taken":0,"max_hp_gain":0,"max_hp_loss":0,"event_name":"The Library","floor":21,"gold_loss":0,"cards_obtained":["Power Through"]},{"damage_healed":0,"gold_gain":0,"player_choice":"Fought Bandits","damage_taken":0,"max_hp_gain":0,"max_hp_loss":0,"event_name":"Masked Bandits","floor":29,"gold_loss":0},{"damage_healed":0,"gold_gain":0,"player_choice":"Shed Blood","damage_taken":40,"max_hp_gain":5,"max_hp_loss":0,"event_name":"Forgotten Altar","floor":30,"gold_loss":0},{"damage_healed":0,"gold_gain":0,"player_choice":"Max HP","damage_taken":0,"max_hp_gain":0,"max_hp_loss":7,"event_name":"Winding Halls","floor":39,"gold_loss":0},{"damage_healed":0,"gold_gain":0,"player_choice":"Fight","damage_taken":0,"max_hp_gain":0,"max_hp_loss":0,"event_name":"MindBloom","floor":45,"gold_loss":0},{"damage_healed":0,"gold_gain":0,"player_choice":"Memory 3","damage_taken":10,"max_hp_gain":0,"max_hp_loss":0,"event_name":"SensoryStone","floor":47,"gold_loss":0}],"is_beta":false,"boss_relics":[{"not_picked":["Philosopher\u0027s Stone","Tiny House"],"picked":"Black Star"},{"not_picked":["Cursed Key","Runic Cube"],"picked":"Runic Dome"}],"items_purged_floors":[22,48,54],"is_endless":false,"potions_floor_spawned":[2,7,8,11,16,20,23,25,27,28,29,33,35,36,42,44],"killed_by":"The Heart","ascension_level":20}}