{"host":"0cm5wy4nhuju7tij","time":1607916903,"event":{"mods":["2.2 Compatiblity","AchievementEnabler","BaseMod","Better Third Choice","BetterRewards","CCEM","CatGirl Mod","ChefMod","Colored Powertips","Custom Start","Displayed Cursed Tome","Downfall","Filter the Spire","Fireblade Mod","Hermit","Highlight Path","Minty Spire (QoL Compilation)","Permanent Neow","Spicy Shops","StSLib","The Bladedancer"],"gold_per_floor":[109,128,147,161,172,172,198,198,198,16,27,40,40,56,56,160,160,176,190,109,125,137,137,137],"floor_reached":23,"playtime":1462,"items_purged":["FireBladeMod:StrikeFireBlade"],"score":199,"play_id":"3aee7494-d11b-4f59-89ff-debc974573fa","local_time":"20201213223503","is_ascension_mode":false,"campfire_choices":[{"data":"FireBladeMod:ThirstForBlood","floor":6,"key":"SMITH"},{"floor":13,"key":"REST"},{"floor":15,"key":"REST"}],"circlet_count":0,"master_deck":["FireBladeMod:StrikeFireBlade","FireBladeMod:StrikeFireBlade","FireBladeMod:StrikeFireBlade","FireBladeMod:DefendFireBlade","FireBladeMod:DefendFireBlade","FireBladeMod:DefendFireBlade","FireBladeMod:DefendFireBlade","FireBladeMod:FlamingSword","FireBladeMod:FireBarrier","FireBladeMod:ThirstForBlood","FireBladeMod:ThirstForBlood+1","FireBladeMod:SteadyEndurance","FireBladeMod:RapidDodges","FireBladeMod:Flames","FireBladeMod:ScorchingCleave","FireBladeMod:SpinningSmash","FireBladeMod:ScorchingStrike","FireBladeMod:BasicSmash","FireBladeMod:Flames","FireBladeMod:ComplexDefense","FireBladeMod:Unbalance","FireBladeMod:PyromancerForm","FireBladeMod:HealthyEndurance","FireBladeMod:ComplexAttack","FireBladeMod:Arson+1"],"relics":["FireBladeMod:DuelistLocket","CCEMRelics:TechnogenicHelmet","Letter Opener","Busted Crown","Calipers"],"acts_visited":["Exordium","TheCity"],"potions_floor_usage":[23],"damage_taken":[{"damage":0,"enemies":"2 Louse","floor":1,"turns":2},{"damage":0,"enemies":"Small Slimes","floor":2,"turns":4},{"damage":0,"enemies":"Cultist","floor":3,"turns":3},{"damage":14,"enemies":"Gremlin Gang","floor":4,"turns":5},{"damage":2,"enemies":"Blue Slaver","floor":5,"turns":4},{"damage":39,"enemies":"Lagavulin","floor":7,"turns":9},{"damage":3,"enemies":"Red Slaver","floor":11,"turns":4},{"damage":2,"enemies":"2 Fungi Beasts","floor":12,"turns":3},{"damage":4,"enemies":"Looter","floor":14,"turns":3},{"damage":40,"enemies":"Slime Boss","floor":16,"turns":9},{"damage":33,"enemies":"Spheric Guardian","floor":18,"turns":6},{"damage":0,"enemies":"Chosen","floor":19,"turns":5},{"damage":21,"enemies":"Shelled Parasite and Fungi","floor":21,"turns":7},{"damage":15,"enemies":"Centurion and Healer","floor":22,"turns":7},{"damage":25,"enemies":"Book of Stabbing","floor":23,"turns":4}],"seed_played":"-54447438678923211","potions_obtained":[{"floor":1,"key":"Guardian:BlockOnCardUsePotion"},{"floor":11,"key":"DuplicationPotion"},{"floor":14,"key":"sneckomod:MuddlingPotion"}],"is_trial":false,"path_per_floor":["M","M","M","M","M","R","E","?","T","$","M","M","R","M","R","B",null,"M","M","?","M","M","E"],"character_chosen":"THE_FIREBLADE","items_purchased":["FireBladeMod:ScorchingStrike","FireBladeMod:BasicSmash"],"campfire_rested":2,"item_purchase_floors":[10,10],"current_hp_per_floor":[70,70,70,56,54,54,15,15,15,15,12,10,31,27,48,8,70,37,43,43,28,19,0,0],"gold":137,"neow_bonus":"THREE_CARDS","is_daily":false,"chose_seed":false,"campfire_upgraded":1,"win_rate":0.0,"timestamp":1607916903,"path_taken":["M","M","M","M","M","R","E","?","T","$","M","M","R","M","R","BOSS","M","M","?","?","?","E"],"items_purchased_type":["Card","Card"],"build_version":"2020-12-13","purchased_purges":1,"victory":false,"max_hp_per_floor":[70,70,70,70,70,70,70,70,70,70,70,70,70,70,70,70,70,70,70,70,70,70,70,70],"card_choices":[{"not_picked":["FireBladeMod:SpinningSmash","FireBladeMod:GetPumped"],"picked":"FireBladeMod:ThirstForBlood","floor":0},{"not_picked":["FireBladeMod:ScorchingStrike","FireBladeMod:SpinningSmash"],"picked":"FireBladeMod:ThirstForBlood","floor":1},{"not_picked":["FireBladeMod:WellPrepared","FireBladeMod:Reposition"],"picked":"FireBladeMod:SteadyEndurance","floor":2},{"not_picked":["FireBladeMod:WellPrepared","FireBladeMod:QuickJabs"],"picked":"FireBladeMod:RapidDodges","floor":3},{"not_picked":["FireBladeMod:Arson","FireBladeMod:Accelerant"],"picked":"FireBladeMod:Flames","floor":4},{"not_picked":["FireBladeMod:Turtle","FireBladeMod:TorsoSmash"],"picked":"FireBladeMod:ScorchingCleave","floor":5},{"not_picked":["FireBladeMod:QuickJabs","FireBladeMod:Feint"],"picked":"FireBladeMod:SpinningSmash","floor":7},{"not_picked":["FireBladeMod:SpinningSmash","FireBladeMod:ComboCleave"],"picked":"FireBladeMod:Flames","floor":11},{"not_picked":["FireBladeMod:MomentumStrikes","FireBladeMod:Reposition"],"picked":"FireBladeMod:ComplexDefense","floor":12},{"not_picked":["FireBladeMod:MomentumStrikes","FireBladeMod:Flames"],"picked":"FireBladeMod:Unbalance","floor":14},{"not_picked":["FireBladeMod:LearnTells","FireBladeMod:Blitzkreig"],"picked":"FireBladeMod:PyromancerForm","floor":16},{"not_picked":[],"picked":"FireBladeMod:HealthyEndurance","floor":18},{"not_picked":[],"picked":"FireBladeMod:ComplexAttack","floor":19},{"not_picked":["FireBladeMod:OverCharge"],"picked":"SKIP","floor":21},{"not_picked":[],"picked":"FireBladeMod:Arson+1","floor":22}],"player_experience":189257,"relics_obtained":[{"floor":7,"key":"CCEMRelics:TechnogenicHelmet"},{"floor":9,"key":"Letter Opener"}],"event_choices":[{"damage_healed":0,"gold_gain":0,"player_choice":"LEAVE","damage_taken":0,"max_hp_gain":0,"max_hp_loss":0,"event_name":"betterThird:BetterScrap","floor":8,"gold_loss":0,"cards_obtained":["Genetic Algorithm"]},{"damage_healed":0,"gold_gain":0,"player_choice":"Paid Gold","damage_taken":0,"relics_obtained":["Calipers"],"max_hp_gain":0,"max_hp_loss":0,"event_name":"WeMeetAgain","floor":20,"gold_loss":81}],"is_beta":false,"boss_relics":[{"not_picked":["CCEMRelics:GreenEgg","CCEMRelics:TransientCore"],"picked":"Busted Crown"}],"items_purged_floors":[10],"is_endless":false,"potions_floor_spawned":[1,11,14,16,19,21,22],"killed_by":"Book of Stabbing","ascension_level":0}}