{"host":"etmsduvleanb5j7c","time":1607968407,"event":{"mods":["2.2 Compatiblity","BaseMod","Downfall","Minty Spire (QoL Compilation)","StSLib"],"gold_per_floor":[99,119,119,131,131,81,105,119,132,82,102,102,87,99,118,220,220,170,186,136,153,153,172,199,199,216,166,151,165,180,280,298,400,400,275,325,275,289,316,336,361,379,397,431,431,431],"floor_reached":45,"playtime":2370,"items_purged":[],"score":496,"play_id":"1615c15c-cf89-4147-a546-f240056944c4","local_time":"20201214185327","is_ascension_mode":false,"campfire_choices":[{"floor":1,"key":"RECALL"},{"data":"Slimebound:LeadByExample","floor":3,"key":"SMITH"},{"data":"Slimebound:SlimeBarrage","floor":6,"key":"SMITH"},{"data":"Slimebound:FirmFortitude","floor":10,"key":"SMITH"},{"data":"Slimebound:SplitBruiser","floor":18,"key":"SMITH"},{"data":"Slimebound:MassRepurpose","floor":20,"key":"SMITH"},{"data":"Slimebound:SplitLeeching","floor":27,"key":"SMITH"},{"data":"Slimebound:DuplicatedForm","floor":35,"key":"SMITH"},{"data":"Slimebound:SlimeBarrage","floor":37,"key":"SMITH"}],"circlet_count":0,"master_deck":["Slimebound:Tackle+1","Slimebound:Defend_Slimebound+1","Slimebound:Defend_Slimebound+1","Slimebound:Defend_Slimebound+1","Slimebound:Defend_Slimebound+1","Slimebound:Split","Slimebound:CorrosiveSpit","Slimebound:LeadByExample+1","Slimebound:SlimeBarrage+1","Slimebound:SplitLeeching","Slimebound:FirmFortitude+1","Slimebound:Schlurp","Slimebound:SplitMire","Slimebound:SlimeBarrage+1","Slimebound:SplitBruiser+1","Slimebound:MassRepurpose+1","Slimebound:SplitLeeching+1","Slimebound:PressTheAttack+1","Pain","Shame","Slimebound:MegaLick+1","Slimebound:Schlurp+1","Slimebound:RejuvenatingLick","J.A.X.","Slimebound:PressTheAttack","Slimebound:Repurpose","Slimebound:SplitBruiser+1","Slimebound:DuplicatedForm+1","Slimebound:RainOfGoop","Slimebound:SplitMire+1","Slimebound:LeadByExample","Slimebound:SplitAcid","sneckomod:Bewildered","Slimebound:RejuvenatingLick+1","Slimebound:SlimeBarrage","Slimebound:WasteNot"],"relics":["Slimebound:AbsorbEndCombat","Slimebound:GreedOozeRelic","Whetstone","Cursed Key","Anchor","Pantograph","MutagenicStrength","Philosopher\u0027s Stone","downfall:HeartBlessingRed","Du-Vu Doll","Boot","Bag of Preparation","Shuriken"],"acts_visited":["Exordium","TheCity","TheBeyond"],"potions_floor_usage":[],"damage_taken":[{"damage":11,"enemies":"Cultist","floor":2,"turns":3},{"damage":9,"enemies":"2 Louse","floor":4,"turns":2},{"damage":8,"enemies":"Jaw Worm","floor":8,"turns":2},{"damage":8,"enemies":"Large Slime","floor":9,"turns":3},{"damage":6,"enemies":"Exordium Wildlife","floor":11,"turns":2},{"damage":4,"enemies":"downfall:FleeingMerchant","floor":13,"turns":4},{"damage":19,"enemies":"3 Louse","floor":14,"turns":3},{"damage":7,"enemies":"2 Fungi Beasts","floor":15,"turns":3},{"damage":50,"enemies":"downfall:Silent","floor":16,"turns":6},{"damage":4,"enemies":"Spheric Guardian","floor":19,"turns":3},{"damage":13,"enemies":"Snecko","floor":21,"turns":3},{"damage":15,"enemies":"Centurion and Healer","floor":23,"turns":3},{"damage":15,"enemies":"3 Cultists","floor":26,"turns":3},{"damage":7,"enemies":"downfall:FleeingMerchant","floor":28,"turns":4},{"damage":10,"enemies":"Sentry and Sphere","floor":29,"turns":4},{"damage":16,"enemies":"Snecko","floor":30,"turns":4},{"damage":18,"enemies":"downfall:Augmenter","floor":31,"turns":3},{"damage":17,"enemies":"3 Cultists","floor":32,"turns":3},{"damage":38,"enemies":"downfall:Defect","floor":33,"turns":6},{"damage":20,"enemies":"Mind Bloom Boss Battle","floor":36,"turns":5},{"damage":1,"enemies":"Orb Walker","floor":38,"turns":2},{"damage":67,"enemies":"Giant Head","floor":39,"turns":6},{"damage":42,"enemies":"3 Darklings","floor":40,"turns":4},{"damage":35,"enemies":"Maw","floor":42,"turns":5},{"damage":29,"enemies":"4 Shapes","floor":43,"turns":4},{"damage":53,"enemies":"Reptomancer","floor":44,"turns":4},{"damage":41,"enemies":"3 Darklings","floor":45,"turns":2}],"seed_played":"-7056449251183434563","potions_obtained":[{"floor":2,"key":"Strength Potion"},{"floor":8,"key":"hexamod:EctoCoolerPotion"},{"floor":11,"key":"Slimebound:SlimedPotion"},{"floor":38,"key":"Fruit Juice"}],"is_trial":false,"path_per_floor":["R","M","R","M","?","R","T","M","M","R","M","?","$","M","M","B",null,"R","M","R","M","?","M","T","T","M","R","$","M","M","?","M","B",null,"R","?","R","M","E","M","T","M","M","E","M"],"character_chosen":"SLIMEBOUND","items_purchased":[],"campfire_rested":0,"item_purchase_floors":[],"current_hp_per_floor":[66,61,61,54,54,54,54,52,54,54,54,54,62,55,58,22,66,66,62,62,66,66,61,61,61,66,66,66,66,64,54,63,62,66,66,65,65,66,41,27,27,44,39,32,0,0],"gold":431,"neow_bonus":"TEN_PERCENT_HP_BONUS","is_daily":false,"chose_seed":false,"campfire_upgraded":8,"win_rate":0.0,"timestamp":1607968407,"path_taken":["R","M","R","M","?","R","T","M","M","R","M","?","?","M","M","BOSS","R","M","R","M","?","M","T","?","M","R","?","M","M","?","M","BOSS","R","?","R","M","E","M","T","M","M","E","M"],"items_purchased_type":[],"build_version":"2020-12-13","purchased_purges":0,"victory":false,"max_hp_per_floor":[66,66,66,66,66,66,66,66,66,66,66,66,66,66,66,66,66,66,66,66,66,66,66,66,66,66,66,66,66,66,66,66,66,66,66,66,66,66,66,66,66,66,66,66,66,66],"card_choices":[{"not_picked":["Slimebound:LevelUp","Slimebound:FinishingTackle"],"picked":"Slimebound:LeadByExample","floor":2},{"not_picked":["Slimebound:LeechEnergy","Slimebound:DivideAndConquer"],"picked":"Slimebound:SlimeBarrage","floor":4},{"not_picked":["Slimebound:PressTheAttack","Slimebound:Repurpose"],"picked":"Slimebound:SplitLeeching","floor":8},{"not_picked":["Slimebound:ViciousTackle","Slimebound:Prepare"],"picked":"Slimebound:FirmFortitude","floor":9},{"not_picked":["Slimebound:HauntingLick","Slimebound:RollThrough"],"picked":"Slimebound:Schlurp","floor":11},{"not_picked":["Slimebound:HauntingLick","Slimebound:GrowthPunch"],"picked":"Slimebound:SplitMire","floor":13},{"not_picked":["Slimebound:Gluttony","Slimebound:SlimeTap"],"picked":"Slimebound:SlimeBarrage","floor":14},{"not_picked":["Slimebound:Schlurp","Slimebound:SlimeSpikes"],"picked":"Slimebound:SplitBruiser","floor":15},{"not_picked":["Slimebound:SelfFormingGoo","Slimebound:RallyTheTroops"],"picked":"Slimebound:MassRepurpose","floor":16},{"not_picked":["Slimebound:LeechingTouch","Slimebound:DivideAndConquer","Slimebound:FinishingTackle+1"],"picked":"SKIP","floor":19},{"not_picked":["Slimebound:LeechingTouch+1","Slimebound:RollThrough"],"picked":"Slimebound:SplitLeeching","floor":21},{"not_picked":["Slimebound:Prepare","Slimebound:RainOfGoop"],"picked":"Slimebound:PressTheAttack+1","floor":23},{"not_picked":["Slimebound:FlameTackle","Slimebound:GoopTackle"],"picked":"Slimebound:MegaLick+1","floor":26},{"not_picked":["Slimebound:Gluttony","Slimebound:DisruptingSlam","Slimebound:DivideAndConquer"],"picked":"SKIP","floor":28},{"not_picked":["Slimebound:LeechingTouch","Slimebound:DivideAndConquer+1","Slimebound:GrowthPunch"],"picked":"SKIP","floor":29},{"not_picked":["Slimebound:Gluttony","Slimebound:Equalize"],"picked":"Slimebound:Schlurp+1","floor":30},{"not_picked":[],"picked":"J.A.X.","floor":31},{"not_picked":["Slimebound:ComboTackle","Slimebound:FinishingTackle+1"],"picked":"Slimebound:PressTheAttack","floor":31},{"not_picked":["Slimebound:FinishingTackle","Slimebound:Chomp"],"picked":"Slimebound:SplitBruiser+1","floor":32},{"not_picked":["Slimebound:LeechLife","Slimebound:CheckThePlaybook"],"picked":"Slimebound:DuplicatedForm","floor":33},{"not_picked":["Slimebound:SplitLeeching+1","Slimebound:RollThrough"],"picked":"Slimebound:RainOfGoop","floor":36},{"not_picked":["Slimebound:Gluttony+1","Slimebound:SlimeSpikes+1"],"picked":"Slimebound:SplitMire+1","floor":38},{"not_picked":["Slimebound:LeechEnergy+1","Slimebound:GrowthPunch"],"picked":"Slimebound:LeadByExample","floor":39},{"not_picked":["Slimebound:DivideAndConquer","Slimebound:GrowthPunch"],"picked":"Slimebound:SplitAcid","floor":40},{"not_picked":["Slimebound:SlimeSpikes","Slimebound:LevelUp"],"picked":"Slimebound:RejuvenatingLick+1","floor":42},{"not_picked":["Slimebound:TongueLash","Slimebound:DisruptingSlam+1"],"picked":"Slimebound:SlimeBarrage","floor":43},{"not_picked":["Slimebound:Gluttony","Slimebound:AcidTongue+1"],"picked":"Slimebound:WasteNot","floor":44}],"player_experience":111564,"relics_obtained":[{"floor":7,"key":"Whetstone"},{"floor":24,"key":"Anchor"},{"floor":25,"key":"Pantograph"},{"floor":31,"key":"MutagenicStrength"},{"floor":36,"key":"Du-Vu Doll"},{"floor":39,"key":"Boot"},{"floor":41,"key":"Bag of Preparation"},{"floor":44,"key":"Shuriken"}],"event_choices":[{"cards_removed":["Slimebound:Strike_Slimebound"],"damage_healed":0,"gold_gain":0,"player_choice":"Card Removal","damage_taken":0,"max_hp_gain":0,"max_hp_loss":0,"event_name":"The Cleric","floor":12,"gold_loss":0},{"damage_healed":0,"gold_gain":0,"player_choice":"Simplicity","damage_taken":0,"max_hp_gain":0,"max_hp_loss":0,"event_name":"Back to Basics","floor":22,"gold_loss":0,"cards_upgraded":["Slimebound:Strike_Slimebound","Slimebound:Defend_Slimebound","Slimebound:Defend_Slimebound","Slimebound:Defend_Slimebound","Slimebound:Defend_Slimebound"]}],"is_beta":false,"boss_relics":[{"not_picked":["SlaversCollar","Slimebound:TarBlob"],"picked":"Cursed Key"},{"not_picked":["Runic Dome","Calling Bell"],"picked":"Philosopher\u0027s Stone"}],"items_purged_floors":[],"is_endless":false,"potions_floor_spawned":[2,8,11,14,16,26,32,33,36,38,40,44],"killed_by":"3 Darklings","ascension_level":0}}