{"host":"ks12kfi5c4d9hdxy","time":1607974229,"event":{"mods":["BaseMod","Conspire","GifTheSpireLib","Koishi","LagranYue(拉格朗・月)","Marisa（F雨　魔理沙）","Minty Spire (QoL Compilation)","Reimu（博丽灵梦）","Remilia（蕾米莉亚）","Replay The Spire","RumiaBox-露米娅的神秘盒子","StSLib","SuperFastMode","The Administrix","The Servant 0.9.4","Youmu（魂魄妖梦）","Yuyuko","【功能Mod】混沌之环修复补丁","【功能Mod】聪明的最终Boss","篝火指南"],"gold_per_floor":[111,111,61,74,19,48,71,126,126,155,115,80,80,110,110,193,193,221,59,75,117,133,133],"floor_reached":22,"playtime":630,"items_purged":[],"score":388,"play_id":"28aaa984-500a-41df-952e-9a166d76a9c0","local_time":"20201215033029","is_ascension_mode":true,"campfire_choices":[{"data":"MasterSpark","floor":13,"key":"SMITH"},{"floor":15,"key":"REST"}],"circlet_count":0,"master_deck":["AscendersBane","Strike_MRS","Strike_MRS","Strike_MRS","Strike_MRS","Defend_MRS","Defend_MRS","Defend_MRS","Defend_MRS","MasterSpark+1","UpSweep+1","Regret","IllusionStar","conspire:SpireCoStock","PropBag","MilkyWay","SuperNova","IllusionStar","ManaConvection","Singularity","DragonMeteor","PowerUp","OpenUniverse"],"relics":["MiniHakkero","LagranYue:RandomDrawCardRelic","Runic Dome","Incense Burner","Thread and Needle","Pocketwatch","Strawberry","Fusion Hammer","Orrery","Meat on the Bone"],"acts_visited":["Exordium","TheCity"],"potions_floor_usage":[6,8],"damage_taken":[{"damage":14,"enemies":"Jaw Worm","floor":1,"turns":4},{"damage":7,"enemies":"Small Slimes","floor":4,"turns":2},{"damage":13,"enemies":"3 Sentries","floor":6,"turns":5},{"damage":8,"enemies":"2 Louse","floor":7,"turns":3},{"damage":9,"enemies":"Gremlin Nob","floor":8,"turns":4},{"damage":9,"enemies":"3 Sentries","floor":10,"turns":9},{"damage":17,"enemies":"Large Slime","floor":14,"turns":4},{"damage":4,"enemies":"Slime Boss","floor":16,"turns":8},{"damage":28,"enemies":"3 Byrds","floor":18,"turns":7},{"damage":18,"enemies":"Chosen","floor":20,"turns":5},{"damage":15,"enemies":"Snake Plant","floor":21,"turns":2},{"damage":27,"enemies":"Cultist and Chosen","floor":22,"turns":3}],"seed_played":"1754726120220944654","potions_obtained":[{"floor":6,"key":"SpeedPotion"},{"floor":7,"key":"BottledSpark"},{"floor":8,"key":"MagicPotion:ReiMu"}],"is_trial":false,"path_per_floor":["M","?","?","M","$","E","M","E","T","E","?","?","R","M","R","B",null,"M","$","M","M","M"],"character_chosen":"MARISA","items_purchased":["BlessingOfTheForge","Orrery"],"campfire_rested":1,"item_purchase_floors":[5,19],"current_hp_per_floor":[49,49,49,42,42,29,21,12,12,10,10,29,29,12,35,31,66,50,50,32,17,0,0],"gold":133,"neow_bonus":"CURSED_BOSS_RELIC","is_daily":false,"chose_seed":false,"campfire_upgraded":1,"win_rate":0.0,"timestamp":1607974229,"path_taken":["M","?","?","M","$","E","M","E","T","E","?","?","R","M","R","BOSS","M","$","M","M","M"],"items_purchased_type":["Potion","Relic"],"build_version":"2020-12-13","purchased_purges":0,"victory":false,"max_hp_per_floor":[70,70,70,70,70,70,70,70,70,77,77,77,77,77,77,77,77,77,77,77,77,77,77],"card_choices":[{"not_picked":["GalacticHalo","SporeBomb"],"picked":"IllusionStar","floor":1},{"not_picked":["IllusionStar","DoubleSpark"],"picked":"PropBag","floor":4},{"not_picked":["StarlightTyphoon","ChargeUpSpray","OneTimeOff"],"picked":"SKIP","floor":6},{"not_picked":["BinaryStars","GalacticHalo"],"picked":"MilkyWay","floor":7},{"not_picked":["EventHorizon","MachineGunSpark","WitchOfGreed"],"picked":"SKIP","floor":8},{"not_picked":["FairyDestructionRay","WitchLeyline","GrandCross"],"picked":"SKIP","floor":10},{"not_picked":["PulseMagic","LuminesStrike","AsteroidBelt"],"picked":"SKIP","floor":14},{"not_picked":["BinaryStars","JA"],"picked":"SuperNova","floor":16},{"not_picked":["GrandCross","Robbery"],"picked":"IllusionStar","floor":18},{"not_picked":["MagicChant","DeepEcoloBomb"],"picked":"ManaConvection","floor":19},{"not_picked":["IllusionStar","ShootingEcho"],"picked":"Singularity","floor":19},{"not_picked":["BlazeAway","ShootTheMoon"],"picked":"DragonMeteor","floor":19},{"not_picked":["UnstableBomb","LuminesStrike"],"picked":"PowerUp","floor":19},{"not_picked":["DC","PowerUp","6A"],"picked":"SKIP","floor":20},{"not_picked":["MysteriousBeam","Singularity"],"picked":"OpenUniverse","floor":21}],"player_experience":485817,"relics_obtained":[{"floor":6,"key":"Incense Burner"},{"floor":8,"key":"Thread and Needle"},{"floor":9,"key":"Pocketwatch"},{"floor":10,"key":"Strawberry"}],"event_choices":[{"damage_healed":0,"gold_gain":0,"player_choice":"Grow","damage_taken":0,"max_hp_gain":0,"max_hp_loss":0,"event_name":"Living Wall","floor":2,"gold_loss":0,"cards_upgraded":["UpSweep"]},{"damage_healed":0,"gold_gain":0,"player_choice":"Invest 1","damage_taken":0,"max_hp_gain":0,"max_hp_loss":0,"event_name":"conspire:Investor","floor":3,"gold_loss":0},{"damage_healed":0,"gold_gain":0,"player_choice":"Left Gold","damage_taken":0,"max_hp_gain":0,"max_hp_loss":0,"event_name":"World of Goop","floor":11,"gold_loss":40},{"damage_healed":19,"gold_gain":0,"player_choice":"Healed","damage_taken":0,"max_hp_gain":0,"max_hp_loss":0,"event_name":"The Cleric","floor":12,"gold_loss":35}],"is_beta":false,"boss_relics":[{"not_picked":["conspire:RunicOctahedron","Kintsugi"],"picked":"Fusion Hammer"}],"items_purged_floors":[],"is_endless":false,"potions_floor_spawned":[6,7,8,20],"killed_by":"Cultist and Chosen","ascension_level":18}}