{"host":"f55lpzc7830gmx23","time":1607953916,"event":{"mods":["BaseMod","Better Note","Downfall","Hermit","Minty Spire (QoL Compilation)","StSLib","The Blackbeard","The Cursed","The Necromancer"],"gold_per_floor":[117,134,134,134,150,178,178,206,281,38,48,83,83,158,158,261,261,280,49,61,61,78,138,138,195,195,155,12,62,62,106,106,231,231,245,1244,398,398,0,0,55,116,169,179,196,245,245,245,245,275],"floor_reached":51,"playtime":2529,"items_purged":["blackbeard:BlackbeardDefend","blackbeard:BlackbeardStrike"],"score":1082,"play_id":"35ad8bf8-7156-4e59-a478-92ca6e8251d3","local_time":"20201214145156","is_ascension_mode":true,"campfire_choices":[{"floor":7,"key":"REST"},{"data":"blackbeard:WeaponProficiency","floor":15,"key":"SMITH"},{"data":"blackbeard:GoldenCannonball","floor":30,"key":"SMITH"},{"data":"blackbeard:CloakAndCannonball","floor":32,"key":"SMITH"},{"data":"blackbeard:GoldenRain","floor":40,"key":"SMITH"},{"data":"blackbeard:GoldenRain","floor":49,"key":"SMITH"}],"circlet_count":0,"master_deck":["blackbeard:BlackbeardStrike","blackbeard:BlackbeardStrike","blackbeard:BlackbeardStrike","blackbeard:IntimidatingStrike+1","blackbeard:BlackbeardDefend+1","blackbeard:BlackbeardDefend+1","blackbeard:Cutlass+1","blackbeard:CloakAndCannonball","blackbeard:CloakAndCannonball+1","blackbeard:GoldenCannonball+1","blackbeard:RearmingStrike","blackbeard:DoubleBottom+1","blackbeard:DelayedPain+1","blackbeard:BoostMorale+1","blackbeard:TacticalRetreat+1","blackbeard:SmithingHammer+1","blackbeard:GoldenStrike","blackbeard:GoldenDefense+1","blackbeard:Bandana+1","blackbeard:SmithingHammer+1","blackbeard:GoldenDefense+1","blackbeard:DoubleCannonball+1","blackbeard:TerrorOfTheSeas+1","blackbeard:Sword+1","blackbeard:GoldenRain+1","Normality","blackbeard:GoldenRain+1","blackbeard:Dagger+1","blackbeard:Sword+1","blackbeard:GoldenCannonball","Shame","Injury"],"relics":["blackbeard:LoadTheCannons","Lizard Tail","Anchor","Mercury Hourglass","Toxic Egg 2","Toy Ornithopter","Cursed Key","InkBottle","Omamori","Letter Opener","Lee\u0027s Waffle","HornCleat","SacredBark","DollysMirror","Pocketwatch","MealTicket","Red Mask","Torii","Gambling Chip","Nunchaku","Bottled Lightning","Ginger"],"acts_visited":["Exordium","TheCity","TheBeyond"],"potions_floor_usage":[16,23,25,33,37,46],"damage_taken":[{"damage":4,"enemies":"Jaw Worm","floor":1,"turns":3},{"damage":3,"enemies":"Small Slimes","floor":2,"turns":2},{"damage":1,"enemies":"2 Louse","floor":5,"turns":2},{"damage":37,"enemies":"Gremlin Nob","floor":6,"turns":5},{"damage":27,"enemies":"3 Sentries","floor":8,"turns":7},{"damage":0,"enemies":"2 Fungi Beasts","floor":11,"turns":3},{"damage":10,"enemies":"Gremlin Nob","floor":12,"turns":4},{"damage":30,"enemies":"Hexaghost","floor":16,"turns":11},{"damage":0,"enemies":"3 Byrds","floor":18,"turns":4},{"damage":1,"enemies":"Shell Parasite","floor":20,"turns":4},{"damage":24,"enemies":"Cultist and Chosen","floor":22,"turns":6},{"damage":5,"enemies":"Book of Stabbing","floor":23,"turns":5},{"damage":38,"enemies":"Gremlin Leader","floor":25,"turns":5},{"damage":5,"enemies":"Book of Stabbing","floor":29,"turns":5},{"damage":7,"enemies":"Snake Plant","floor":31,"turns":4},{"damage":24,"enemies":"Collector","floor":33,"turns":5},{"damage":0,"enemies":"Orb Walker","floor":35,"turns":2},{"damage":10,"enemies":"2 Orb Walkers","floor":41,"turns":2},{"damage":0,"enemies":"Reptomancer","floor":42,"turns":2},{"damage":0,"enemies":"3 Darklings","floor":44,"turns":1},{"damage":0,"enemies":"Jaw Worm Horde","floor":45,"turns":1},{"damage":0,"enemies":"Nemesis","floor":46,"turns":3},{"damage":14,"enemies":"Donu and Deca","floor":50,"turns":6}],"seed_played":"686529309673766604","potions_obtained":[{"floor":8,"key":"SmokeBomb"},{"floor":12,"key":"GamblersBrew"},{"floor":16,"key":"sneckomod:MuddlingPotion"},{"floor":18,"key":"BlessingOfTheForge"},{"floor":23,"key":"FearPotion"},{"floor":31,"key":"Regen Potion"},{"floor":33,"key":"Fire Potion"},{"floor":41,"key":"Strength Potion"},{"floor":45,"key":"Swift Potion"},{"floor":46,"key":"LiquidBronze"}],"is_trial":false,"path_per_floor":["M","M","?","?","M","E","R","E","T","$","M","E","?","?","R","B",null,"M","$","M","?","M","E","?","E","T","?","$","E","R","M","R","B",null,"M","?","$","?","?","R","?","E","T","M","M","E","?","T","R","B",null],"character_chosen":"BLACKBEARD_CLASS","items_purchased":["Toxic Egg 2","blackbeard:SmithingHammer+1","blackbeard:GoldenStrike","blackbeard:GoldenDefense+1","Lee\u0027s Waffle","DollysMirror","Fruit Juice","Pocketwatch","MealTicket","blackbeard:Dagger+1"],"campfire_rested":1,"item_purchase_floors":[10,19,19,19,28,37,37,37,37,37],"current_hp_per_floor":[78,75,68,52,51,14,38,11,11,11,11,1,1,41,41,16,82,82,82,81,81,57,57,57,24,24,24,89,84,84,77,77,70,89,89,89,99,99,99,99,89,89,89,89,89,94,94,94,94,80],"gold":275,"neow_bonus":"TEN_PERCENT_HP_BONUS","is_daily":false,"chose_seed":false,"campfire_upgraded":5,"win_rate":0.0,"timestamp":1607953916,"path_taken":["M","M","?","?","M","E","R","E","T","$","M","E","?","?","R","BOSS","M","$","M","?","M","E","?","E","T","?","$","E","R","?","R","BOSS","M","?","$","?","?","R","?","E","T","M","?","E","?","?","R","BOSS"],"items_purchased_type":["Relic","Card","Card","Card","Relic","Relic","Potion","Relic","Relic","Card"],"build_version":"2020-12-13","purchased_purges":2,"victory":true,"max_hp_per_floor":[82,82,82,82,82,82,82,82,82,82,82,82,82,82,82,82,82,82,82,82,82,82,82,82,82,82,82,89,89,89,89,89,89,89,89,89,99,99,99,99,99,99,99,99,99,99,99,99,99,99],"card_choices":[{"not_picked":["blackbeard:DeadlyArsenal","blackbeard:Fencing"],"picked":"blackbeard:CloakAndCannonball","floor":1},{"not_picked":["blackbeard:PirateEarring","blackbeard:GoldenStrike"],"picked":"blackbeard:CloakAndCannonball","floor":2},{"not_picked":["blackbeard:Lifeboat","blackbeard:WoodenLeg"],"picked":"blackbeard:GoldenCannonball","floor":5},{"not_picked":["blackbeard:Sword","blackbeard:SwordDance"],"picked":"blackbeard:RearmingStrike","floor":6},{"not_picked":["blackbeard:Boarding","blackbeard:PiratesWill"],"picked":"blackbeard:DoubleBottom","floor":8},{"not_picked":["blackbeard:Fencing+1","blackbeard:Sharpening+1"],"picked":"blackbeard:WeaponProficiency","floor":11},{"not_picked":["blackbeard:TacticalRetreat+1","blackbeard:ChaoticDefense+1"],"picked":"blackbeard:DelayedPain+1","floor":12},{"not_picked":["blackbeard:Halberd+1","blackbeard:GoldenGuillotine"],"picked":"blackbeard:BoostMorale+1","floor":16},{"not_picked":["blackbeard:GoldenStrike","blackbeard:BlindAttacks+1"],"picked":"blackbeard:TacticalRetreat+1","floor":18},{"not_picked":["blackbeard:Fencing+1","blackbeard:FishingNets+1","blackbeard:PiratesWill+1"],"picked":"SKIP","floor":20},{"not_picked":["blackbeard:Recklessness+1","blackbeard:WeaponProficiency"],"picked":"blackbeard:Bandana+1","floor":22},{"not_picked":["blackbeard:Rum","blackbeard:Spear+1"],"picked":"blackbeard:SmithingHammer+1","floor":23},{"not_picked":["blackbeard:Upgrade+1","blackbeard:DangerousBlow"],"picked":"blackbeard:DoubleCannonball+1","floor":25},{"not_picked":["blackbeard:SwordDance+1","blackbeard:Scrap+1"],"picked":"blackbeard:TerrorOfTheSeas+1","floor":29},{"not_picked":["blackbeard:DoubleBottom+1","blackbeard:BrownPants"],"picked":"blackbeard:Sword+1","floor":31},{"not_picked":["blackbeard:BountyHunter","blackbeard:BoostMorale+1"],"picked":"blackbeard:GoldenRain","floor":33},{"not_picked":["blackbeard:ArmorUp+1","blackbeard:SwordDance+1","blackbeard:Shrapnel"],"picked":"SKIP","floor":35},{"not_picked":["blackbeard:Shrapnel+1","blackbeard:FieryDefense+1"],"picked":"blackbeard:Sword+1","floor":41},{"not_picked":["blackbeard:CatONineTails+1","blackbeard:PowerHungry+1"],"picked":"blackbeard:GoldenCannonball","floor":42},{"not_picked":["blackbeard:BuriedTreasure+1","blackbeard:PiratesWill+1","blackbeard:Toast+1"],"picked":"SKIP","floor":44},{"not_picked":["blackbeard:CannonBarrage+1","blackbeard:DoubleCannonball","blackbeard:SmithingHammer+1"],"picked":"SKIP","floor":45},{"not_picked":["blackbeard:Provisioning+1","blackbeard:Dagger+1","blackbeard:CaptainsCabin+1"],"picked":"SKIP","floor":46}],"player_experience":398802,"relics_obtained":[{"floor":6,"key":"Lizard Tail"},{"floor":8,"key":"Anchor"},{"floor":9,"key":"Mercury Hourglass"},{"floor":12,"key":"Toy Ornithopter"},{"floor":23,"key":"InkBottle"},{"floor":25,"key":"Omamori"},{"floor":26,"key":"Letter Opener"},{"floor":29,"key":"HornCleat"},{"floor":41,"key":"Torii"},{"floor":42,"key":"Gambling Chip"},{"floor":43,"key":"Nunchaku"},{"floor":46,"key":"Bottled Lightning"},{"floor":48,"key":"Ginger"}],"event_choices":[{"cards_removed":["blackbeard:BlackbeardDefend"],"damage_healed":0,"gold_gain":0,"player_choice":"Card Removal","damage_taken":7,"max_hp_gain":0,"max_hp_loss":0,"event_name":"Golden Wing","floor":3,"gold_loss":0},{"damage_healed":0,"gold_gain":0,"player_choice":"Entered Light","damage_taken":16,"max_hp_gain":0,"max_hp_loss":0,"event_name":"Shining Light","floor":4,"gold_loss":0,"cards_upgraded":["blackbeard:BlackbeardDefend","blackbeard:BlackbeardDefend"]},{"damage_healed":0,"gold_gain":0,"player_choice":"Grow","damage_taken":0,"max_hp_gain":0,"max_hp_loss":0,"event_name":"Living Wall","floor":13,"gold_loss":0,"cards_upgraded":["blackbeard:Cutlass"]},{"damage_healed":0,"gold_gain":75,"player_choice":"Gather Gold","damage_taken":11,"max_hp_gain":0,"max_hp_loss":0,"event_name":"World of Goop","floor":14,"gold_loss":0},{"cards_removed":["blackbeard:BlackbeardStrike"],"damage_healed":0,"gold_gain":0,"player_choice":"Give","damage_taken":0,"max_hp_gain":0,"max_hp_loss":0,"event_name":"betterNote:BetterNote","floor":21,"gold_loss":0,"cards_obtained":["Injury"]},{"damage_healed":0,"gold_gain":0,"player_choice":"Read","damage_taken":0,"max_hp_gain":0,"max_hp_loss":0,"event_name":"The Library","floor":24,"gold_loss":0,"cards_obtained":["blackbeard:GoldenDefense"]},{"damage_healed":0,"gold_gain":0,"player_choice":"Upgraded Two","damage_taken":0,"max_hp_gain":0,"max_hp_loss":0,"event_name":"Designer","floor":27,"gold_loss":40,"cards_upgraded":["blackbeard:DoubleBottom","blackbeard:IntimidatingStrike"]},{"damage_healed":0,"gold_gain":999,"player_choice":"Gold","damage_taken":0,"max_hp_gain":0,"max_hp_loss":0,"event_name":"MindBloom","floor":36,"gold_loss":0,"cards_obtained":["Normality","Normality"]},{"cards_removed":["blackbeard:WeaponProficiency"],"damage_healed":0,"gold_gain":0,"player_choice":"Removed Power","damage_taken":0,"max_hp_gain":0,"max_hp_loss":0,"event_name":"Falling","floor":38,"gold_loss":0},{"damage_healed":0,"gold_gain":0,"player_choice":"Paid","damage_taken":0,"relics_obtained":["Red Mask"],"max_hp_gain":0,"max_hp_loss":0,"event_name":"Tomb of Lord Red Mask","floor":39,"gold_loss":398},{"damage_healed":0,"gold_gain":0,"player_choice":"Fight","damage_taken":0,"max_hp_gain":0,"max_hp_loss":0,"event_name":"Mysterious Sphere","floor":41,"gold_loss":0},{"damage_healed":0,"gold_gain":0,"player_choice":"Memory 1","damage_taken":0,"max_hp_gain":0,"max_hp_loss":0,"event_name":"SensoryStone","floor":47,"gold_loss":0}],"is_beta":false,"boss_relics":[{"not_picked":["SlaversCollar","Busted Crown"],"picked":"Cursed Key"},{"not_picked":["Fusion Hammer","Runic Dome"],"picked":"SacredBark"}],"items_purged_floors":[19,37],"is_endless":false,"potions_floor_spawned":[8,12,16,18,20,23,31,33,41,45,46],"ascension_level":4}}