{"host":"cgv4xfjbrthxr81g","time":1607914769,"event":{"mods":["2.2 Compatiblity","Act Like it!","BaseMod","Better Altar","Better Match","Better Note","Better Sensory Stone","Better Skull","Better Third Choice","BetterRewards","Block Reminder","Card Forge","Clawfect","Colored Map","Colored Powertips","DeckTracker","Defuse TimeMaze Blight","Downfall","Energized Spire","Friendly Minions","Highlight Path","Hubris","Infinite Spire","Mimic Mod","Minty Spire (QoL Compilation)","Permanent Neow","Quick Restart","Rare Cards Sparkle","Relic Sorter","Relic Stats","Replay The Spire","Shop Mod","StSLib","SuperFastMode","The Construct","The Jungle","TheVacant","Uncapped","Wandering Minibosses"],"gold_per_floor":[136,136,149,149,184,184,184,216,240,240,40,69,99,119,119,219,219,206,229,245,270,484,484,484,484,519,519,554,585,624,10,10,105,105,120,120,138,189,221,221,221,221,221,221,256,288,288,315,315,315,315],"floor_reached":50,"playtime":3134,"items_purged":[],"score":860,"play_id":"96284331-1fec-4942-921b-efebc71c34fe","local_time":"20201213215928","daily_mods":["Vintage","Allstar","Colorless Cards","Heirloom","Flight","DeadlyEvents","Elite Swarm"],"is_ascension_mode":true,"campfire_choices":[{"data":"construct:GuardCore","floor":6,"key":"SMITH"},{"data":"construct:GuardCore","floor":7,"key":"SMITH"},{"floor":10,"key":"REST"},{"floor":15,"key":"REST"},{"floor":23,"key":"REST"},{"data":"construct:Autoturret","floor":23,"key":"SMITH"},{"floor":25,"key":"REST"},{"data":"construct:DefenseMode","floor":25,"key":"SMITH"},{"data":"construct:AttackMode","floor":27,"key":"SMITH"},{"data":"construct:MetalShell","floor":32,"key":"SMITH"},{"floor":40,"key":"REST"},{"data":"construct:GuardCore","floor":40,"key":"SMITH"},{"data":"construct:LaserCore","floor":41,"key":"SMITH"},{"data":"construct:FlameCore","floor":42,"key":"SMITH"},{"data":"construct:ScopeCore","floor":44,"key":"SMITH"},{"data":"Panache","floor":47,"key":"SMITH"},{"data":"construct:HyperBeam","floor":49,"key":"SMITH"}],"circlet_count":0,"master_deck":["construct:Strike_Gold","construct:Strike_Gold","construct:Strike_Gold","construct:Strike_Gold","construct:Strike_Gold","construct:AttackMode+1","construct:DefenseMode+1","construct:GuardCore+1","construct:GuardCore+1","Panache+1","construct:Autoturret+1","construct:ScopeCore+1","construct:MetalShell+1","construct:LaserCore+1","construct:FlameCore+1","hubris:EnhanceAbility+1","construct:ShieldGenerator","construct:GuardCore+1","Finesse","construct:Autoturret+1","construct:HammerDown","construct:HyperBeam+1","construct:BatteryCore"],"relics":["Seething Fire","Hammer of Thor","Anvil of the Gods","hubris:CuriousFeather","Tiny Chest","Replay:Antivirus Software","Replay:Baseball","Replay:Mystery Machine","Potion Belt","Replay:Rubber Ducky","infinitespire:EmpoweringShard","White Beast Statue","Garlic","Black Star","infinitespire:Magic Flask","ReplayFunnel","HornCleat","Vajra","Centennial Puzzle","construct:FoamFinger","Gremlin Horn","infinitespire:FocusingShard","Turnip","Pen Nib","Frozen Egg 2","MerchantsRug","ReplayTheSpireMod:Lightbulb","HandDrill","PreservedInsect","Replay:Ancient Bell","Anchor","Letter Opener","Ginger","Omamori","Strawberry","hubris:FunFungus","hubris:Metronome","infinitespire:CursedDice","Blue Doll","Pantograph","Replay:Bottled Snecko","Eternal Feather","Replay:Bottled Eggs"],"acts_visited":["Exordium","TheCity","TheBeyond"],"potions_floor_usage":[8],"damage_taken":[{"damage":17,"enemies":"Cultist","floor":1,"turns":8},{"damage":4,"enemies":"Cultist","floor":3,"turns":3},{"damage":2,"enemies":"Small Slimes","floor":5,"turns":4},{"damage":24,"enemies":"3 Sentries","floor":8,"turns":7},{"damage":9,"enemies":"Gremlin Nob","floor":12,"turns":4},{"damage":25,"enemies":"Lagavulin","floor":13,"turns":4},{"damage":2,"enemies":"Small Slimes","floor":14,"turns":3},{"damage":8,"enemies":"Slime Boss","floor":16,"turns":8},{"damage":12,"enemies":"2 Thieves","floor":18,"turns":4},{"damage":7,"enemies":"Shell Parasite","floor":20,"turns":4},{"damage":1,"enemies":"Replay:Snechameleon","floor":21,"turns":5},{"damage":14,"enemies":"Sentry and Sphere","floor":22,"turns":7},{"damage":0,"enemies":"Cultist and Chosen","floor":26,"turns":4},{"damage":0,"enemies":"Cultist and Chosen","floor":28,"turns":4},{"damage":0,"enemies":"Nightmare","floor":29,"turns":5},{"damage":0,"enemies":"Cultist and Chosen","floor":30,"turns":4},{"damage":20,"enemies":"hubris:MusketHawk","floor":33,"turns":5},{"damage":6,"enemies":"3 Shapes","floor":35,"turns":3},{"damage":0,"enemies":"3 Darklings","floor":37,"turns":4},{"damage":11,"enemies":"2 Orb Walkers","floor":38,"turns":3},{"damage":0,"enemies":"Transient","floor":39,"turns":4},{"damage":0,"enemies":"Reptomancer","floor":45,"turns":4},{"damage":0,"enemies":"Giant Head","floor":46,"turns":5},{"damage":5,"enemies":"Nightmare","floor":48,"turns":5},{"damage":142,"enemies":"LordOfAnnihilation","floor":50,"turns":21}],"seed_played":"5297344142447267914","potions_obtained":[{"floor":3,"key":"ColorlessPotion"},{"floor":8,"key":"Elixir"},{"floor":14,"key":"Fire Potion"},{"floor":16,"key":"Block Potion"},{"floor":18,"key":"sneckomod:MuddlingPotion"},{"floor":20,"key":"Elixir"},{"floor":33,"key":"PowerPotion"},{"floor":35,"key":"PowerPotion"},{"floor":37,"key":"SkillPotion"},{"floor":38,"key":"Regen Potion"},{"floor":39,"key":"Weak Potion"}],"is_trial":true,"path_per_floor":["MIM","?","M","?","MIM","R","R","E","T","R","$","E","E","M","R","B",null,"M","T","M","E","M","R","?","R","MIM","R","MIM","NM","MIM","$","R_BF","B",null,"M","?","M","?","MIM","R","R","R","T","R","E","E","R","NM","R","B"],"character_chosen":"THE_CONSTRUCT_MOD","items_purchased":["Replay:Rubber Ducky","construct:Autoturret","MerchantsRug","construct:Autoturret+1","ReplayTheSpireMod:Lightbulb","HandDrill","PreservedInsect"],"campfire_rested":5,"item_purchase_floors":[11,11,31,31,31,31,31],"current_hp_per_floor":[68,68,64,57,55,55,55,31,31,56,56,47,22,20,45,37,85,73,73,66,65,51,76,76,85,85,85,85,85,85,85,85,65,85,79,79,86,75,75,92,92,92,92,92,92,92,92,87,92,0,0],"gold":315,"neow_bonus":"","is_daily":false,"chose_seed":false,"campfire_upgraded":12,"win_rate":0.0,"timestamp":1607914768,"path_taken":["?","?","?","?","?","R","R","E","T","R","$","?","?","?","R","BOSS","M","?","M","?","?","R","?","R","MIM","R","?","NM","?","$","R_BF","BOSS","M","?","M","?","?","R","R","R","T","R","?","E","R","NM","R","BOSS"],"items_purchased_type":["Relic","Card","Relic","Card","Relic","Relic","Relic"],"build_version":"2020-12-13","purchased_purges":0,"victory":false,"max_hp_per_floor":[85,85,85,85,85,85,85,85,85,85,85,85,85,85,85,85,85,85,85,85,85,85,85,85,85,85,85,85,85,85,85,85,85,85,85,85,92,92,92,92,92,92,92,92,92,92,92,92,92,92,92],"relic_stats":{"Gremlin Horn":[9,9],"counters":[25,129],"Eternal Feather":5,"Pen Nib":[7],"PreservedInsect":259,"Letter Opener":[56],"Ginger":[6],"Centennial Puzzle":[15],"Pantograph":0,"Tiny Chest":4,"Turnip":[7],"Black Star":5,"HandDrill":[20],"obtain_stats":[{"ReplayFunnel":19,"hubris:Metronome":43,"construct:FoamFinger":22,"Gremlin Horn":26,"Vajra":21,"Blue Doll":45,"Hammer of Thor":0,"Ginger":34,"Replay:Mystery Machine":5,"Replay:Rubber Ducky":11,"Centennial Puzzle":21,"HornCleat":20,"Strawberry":37,"Pantograph":46,"Tiny Chest":1,"hubris:CuriousFeather":0,"hubris:FunFungus":39,"HandDrill":31,"Replay:Bottled Snecko":46,"Replay:Antivirus Software":2,"Replay:Bottled Eggs":48,"Potion Belt":8,"MerchantsRug":31,"infinitespire:CursedDice":45,"Eternal Feather":48,"infinitespire:FocusingShard":28,"Pen Nib":29,"PreservedInsect":31,"Replay:Ancient Bell":34,"Omamori":35,"Seething Fire":0,"infinitespire:Magic Flask":18,"Letter Opener":34,"Frozen Egg 2":30,"White Beast Statue":13,"Replay:Baseball":3,"Anchor":34,"Anvil of the Gods":0,"construct:Cogwheel":0,"Turnip":29,"infinitespire:EmpoweringShard":12,"Garlic":14,"Black Star":17,"ReplayTheSpireMod:Lightbulb":31},{"ReplayFunnel":9,"hubris:Metronome":21,"construct:FoamFinger":12,"Gremlin Horn":13,"Vajra":11,"Blue Doll":22,"Hammer of Thor":0,"Ginger":17,"Replay:Mystery Machine":3,"Replay:Rubber Ducky":4,"Centennial Puzzle":11,"HornCleat":10,"Strawberry":19,"Pantograph":23,"Tiny Chest":1,"hubris:CuriousFeather":0,"hubris:FunFungus":21,"HandDrill":16,"Replay:Bottled Snecko":23,"Replay:Antivirus Software":1,"Replay:Bottled Eggs":24,"Potion Belt":4,"MerchantsRug":16,"infinitespire:CursedDice":22,"Eternal Feather":24,"infinitespire:FocusingShard":14,"Pen Nib":15,"PreservedInsect":16,"Replay:Ancient Bell":17,"Omamori":18,"Seething Fire":0,"infinitespire:Magic Flask":9,"Letter Opener":17,"Frozen Egg 2":16,"White Beast Statue":6,"Replay:Baseball":2,"Anchor":17,"Anvil of the Gods":0,"construct:Cogwheel":0,"Turnip":15,"infinitespire:EmpoweringShard":5,"Garlic":7,"Black Star":8,"ReplayTheSpireMod:Lightbulb":16},{"ReplayFunnel":43,"hubris:Metronome":94,"construct:FoamFinger":58,"Gremlin Horn":62,"Vajra":51,"Blue Doll":98,"Hammer of Thor":0,"Ginger":80,"Replay:Mystery Machine":15,"Replay:Rubber Ducky":22,"Centennial Puzzle":51,"HornCleat":47,"Strawberry":87,"Pantograph":103,"Tiny Chest":8,"hubris:CuriousFeather":0,"hubris:FunFungus":94,"HandDrill":75,"Replay:Bottled Snecko":103,"Replay:Antivirus Software":8,"Replay:Bottled Eggs":108,"Potion Belt":22,"MerchantsRug":75,"infinitespire:CursedDice":98,"Eternal Feather":108,"infinitespire:FocusingShard":66,"Pen Nib":71,"PreservedInsect":75,"Replay:Ancient Bell":80,"Omamori":83,"Seething Fire":0,"infinitespire:Magic Flask":43,"Letter Opener":80,"Frozen Egg 2":75,"White Beast Statue":29,"Replay:Baseball":11,"Anchor":80,"Anvil of the Gods":0,"construct:Cogwheel":0,"Turnip":71,"infinitespire:EmpoweringShard":25,"Garlic":31,"Black Star":39,"ReplayTheSpireMod:Lightbulb":75}]},"card_choices":[{"not_picked":["construct:Versatility","construct:Anticipate"],"picked":"construct:GuardCore","floor":1},{"not_picked":["construct:Reinforce","construct:Accumulate"],"picked":"construct:GuardCore","floor":5},{"not_picked":["Midas Touch","construct:PanicFire"],"picked":"Panache","floor":8},{"not_picked":["Violence","construct:ShieldBurst","construct:GoldenBullet"],"picked":"SKIP","floor":12},{"not_picked":["construct:GatlingGun","Violence"],"picked":"hubris:EnhanceAbility","floor":13},{"not_picked":["construct:HammerDown","construct:MassProduction"],"picked":"construct:ShieldGenerator","floor":16},{"not_picked":["Chrysalis","Secret Technique","construct:Bunker"],"picked":"SKIP","floor":21},{"not_picked":["construct:Forcefield","construct:ClusterMines+1"],"picked":"construct:GuardCore","floor":28},{"not_picked":["Mayhem","expansioncontent:StudyTheSpire","construct:GoldenBullet"],"picked":"SKIP","floor":29},{"not_picked":["construct:ModeShift","construct:Analyze"],"picked":"Finesse","floor":30},{"not_picked":["Chrysalis","expansioncontent:DashGenerateEvil"],"picked":"construct:HammerDown","floor":33},{"not_picked":["Delirium","infinitespire:Pacifist"],"picked":"Normality","floor":34},{"not_picked":["Clumsy","Voices"],"picked":"Regret","floor":34},{"not_picked":["CurseOfTheBell","hubris:Wrath"],"picked":"hubris:Disease","floor":34},{"not_picked":["construct:HastyRepair","construct:GoldenBullet"],"picked":"construct:HyperBeam","floor":45},{"not_picked":["construct:HammerDown","construct:HyperBeam"],"picked":"construct:BatteryCore","floor":46},{"not_picked":["Chrysalis","construct:GoldenBullet","construct:SiegeForm+1"],"picked":"SKIP","floor":48}],"player_experience":78765,"relics_obtained":[{"floor":1,"key":"Tiny Chest"},{"floor":3,"key":"Replay:Baseball"},{"floor":5,"key":"Replay:Mystery Machine"},{"floor":8,"key":"Potion Belt"},{"floor":12,"key":"infinitespire:EmpoweringShard"},{"floor":13,"key":"White Beast Statue"},{"floor":14,"key":"Garlic"},{"floor":18,"key":"infinitespire:Magic Flask"},{"floor":19,"key":"ReplayFunnel"},{"floor":20,"key":"HornCleat"},{"floor":21,"key":"Vajra"},{"floor":21,"key":"Centennial Puzzle"},{"floor":22,"key":"construct:FoamFinger"},{"floor":26,"key":"Gremlin Horn"},{"floor":28,"key":"infinitespire:FocusingShard"},{"floor":29,"key":"Turnip"},{"floor":29,"key":"Pen Nib"},{"floor":30,"key":"Frozen Egg 2"},{"floor":35,"key":"Omamori"},{"floor":37,"key":"Strawberry"},{"floor":39,"key":"hubris:FunFungus"},{"floor":43,"key":"hubris:Metronome"},{"floor":45,"key":"infinitespire:CursedDice"},{"floor":45,"key":"Blue Doll"},{"floor":46,"key":"Pantograph"},{"floor":46,"key":"Replay:Bottled Snecko"},{"floor":48,"key":"Eternal Feather"},{"floor":48,"key":"Replay:Bottled Eggs"}],"event_choices":[{"cards_removed":["construct:Defend_Gold"],"damage_healed":0,"gold_gain":0,"player_choice":"Card Removal","damage_taken":7,"max_hp_gain":0,"max_hp_loss":0,"event_name":"Golden Wing","floor":4,"gold_loss":0},{"damage_healed":0,"gold_gain":0,"player_choice":"Fight","damage_taken":0,"max_hp_gain":0,"max_hp_loss":0,"event_name":"Mysterious Sphere","floor":38,"gold_loss":0}],"is_beta":false,"boss_relics":[{"not_picked":["Replay:Wanted Poster","SlaversCollar"],"picked":"Black Star"},{"not_picked":["hubris:TerracottaHorce","hubris:Stopwatch"],"picked":"Replay:Ancient Bell"},{"not_picked":["infinitespire:PuzzleCube","Bag of Marbles"],"picked":"Anchor"},{"not_picked":["Chameleon Ring","construct:MegaBattery"],"picked":"Letter Opener"},{"not_picked":["TungstenRod","FossilizedHelix"],"picked":"Ginger"}],"items_purged_floors":[],"is_endless":true,"potions_floor_spawned":[3,8,14,16,18,20,21,22,26,28,30,33,35,37,38,39,45,46],"killed_by":"LordOfAnnihilation","ascension_level":1}}