{"host":"gs0a38e4jr2axiip","time":1607921018,"event":{"mods":["Abigail Mod","Act Like it!","BaseMod","Better Note","BetterRewards","CCEM","Colored Map","Conspire","Downfall","Exacting","Gensokyo","Hallownest","Highlight Path","Hubris","Infinite Spire","Jedi Mod","Koishi","MarisaÅiñ∂âJÅ@ñÇóùçπÅj","Minty Spire (QoL Compilation)","Permanent Neow","Prisma Mod","Replay The Spire","Shade Mod","Shop Mod","Spire Birthday Party","StSLib","The Gatherer","The Necromancer","The Servant 0.9.4","Unceasing Turn Reminder","Waifu the Spire","Wandering Minibosses","Yuyuko"],"gold_per_floor":[99,113,113,131,166,183,183,208,208,208,58,78,78,89,89,1,19,123,123,48,58,58,78,78,78,78,97,127,127,127,127,143,159,178,274,274,374,374,474,508,508,341,341,341,367,380,400,416,416,297,308,308,308,338,42,42,42],"floor_reached":58,"playtime":6517,"items_purged":[],"score":1294,"play_id":"85e5390f-85db-450b-adca-3d91384d353f","local_time":"20201213224338","is_ascension_mode":false,"campfire_choices":[{"floor":1,"key":"RECALL"},{"floor":11,"key":"REST"},{"floor":20,"key":"DIG"},{"data":"champ:Lariat","floor":25,"key":"SMITH"},{"data":"champ:HoldFirm","floor":29,"key":"SMITH"},{"data":"champ:ShieldWall","floor":41,"key":"SMITH"},{"data":"champ:VampiricStrike","floor":44,"key":"SMITH"},{"data":"champ:StrikeOfGenius","floor":56,"key":"SMITH"}],"circlet_count":0,"master_deck":["champ:Strike","champ:Defend","champ:Defend","champ:Defend","champ:Defend","champ:Execute+1","champ:Taunt","champ:BerserkersShout","champ:Encircle","champ:GutPunch","champ:FocusedGladiator","champ:DefensiveShout","champ:DancingMaster","champ:HoldFirm+1","champ:PreciseThrust","champ:Lariat+1","champ:VampiricStrike+1","champ:EnragedBash","champ:AdrenalArmor","PrismaMod:MiyuCarnivalDefend","champ:ShieldWall+1","champ:ArenaPreparation+1","champ:Riposte","champ:GladiatorsShout","champ:AdrenalArmor+1","champ:SteelEdge","champ:Improvising","champ:StrikeOfGenius+1","champ:RisingSlash","champ:ArenaPreparation+1","champ:FocusedDefense+1","champ:MurderStrike","champ:EnGarde"],"relics":["champ:ChampionCrown","Orichalcum","Tiny Chest","downfall:HeartBlessingRed","downfall:HeartBlessingBlue","Painkiller Herb","downfall:HeartBlessingGreen","infinitespire:CursedDice","HornCleat","hubris:SlimyHat","White Beast Statue","Bottled Tornado","SlaversCollar","hubris:Towel","ReplayTheSpireMod:TigerMarble","Replay:Bottled Flurry","Vajra","infinitespire:Bottled Soul","infinitespire:BottledMercury","hubris:Potato","wanderingMiniBosses:AbyssPearl","Sling","Art of War","Anchor"],"acts_visited":["Exordium","TheCity","TheBeyond","TheEnding"],"potions_floor_usage":[17,18,35,35,35,40,42,42,50,50,51,52,57,57],"damage_taken":[{"damage":5,"enemies":"Small Slimes","floor":2,"turns":3},{"damage":18,"enemies":"Cultist","floor":4,"turns":4},{"damage":60,"enemies":"Lagavulin","floor":5,"turns":6},{"damage":13,"enemies":"2 Louse","floor":6,"turns":2},{"damage":57,"enemies":"3 Sentries","floor":8,"turns":7},{"damage":19,"enemies":"Lots of Slimes","floor":12,"turns":4},{"damage":14,"enemies":"3 Louse","floor":14,"turns":3},{"damage":19,"enemies":"downfall:FleeingMerchant","floor":16,"turns":7},{"damage":47,"enemies":"Red Slaver","floor":17,"turns":6},{"damage":38,"enemies":"downfall:Watcher","floor":18,"turns":10},{"damage":33,"enemies":"Chosen","floor":21,"turns":8},{"damage":21,"enemies":"3 Byrds","floor":23,"turns":5},{"damage":27,"enemies":"Snake Plant","floor":27,"turns":5},{"damage":24,"enemies":"conspire:SneckoGhost","floor":28,"turns":9},{"damage":42,"enemies":"Centurion and Healer","floor":32,"turns":5},{"damage":82,"enemies":"Cultist and Chosen","floor":33,"turns":8},{"damage":16,"enemies":"conspire:HollyBat","floor":34,"turns":6},{"damage":114,"enemies":"downfall:Silent","floor":35,"turns":11},{"damage":77,"enemies":"downfall:LadyInBlue","floor":39,"turns":9},{"damage":25,"enemies":"Nemesis","floor":40,"turns":5},{"damage":34,"enemies":"downfall:FleeingMerchant","floor":42,"turns":4},{"damage":16,"enemies":"3 Darklings","floor":45,"turns":3},{"damage":21,"enemies":"Orb Walker","floor":46,"turns":2},{"damage":9,"enemies":"Maw","floor":47,"turns":8},{"damage":49,"enemies":"Spire Growth","floor":48,"turns":5},{"damage":27,"enemies":"downfall:FleeingMerchant","floor":50,"turns":3},{"damage":25,"enemies":"Transient","floor":51,"turns":6},{"damage":0,"enemies":"downfall:Ironclad","floor":52,"turns":7},{"damage":6,"enemies":"downfall:CharBossMerchant","floor":54,"turns":6},{"damage":7,"enemies":"downfall:NeowBoss","floor":57,"turns":18}],"seed_played":"5520444534980696708","potions_obtained":[{"floor":4,"key":"champ:UltimateStancePotion"},{"floor":14,"key":"Weak Potion"},{"floor":17,"key":"jedi:StrikingPotion"},{"floor":18,"key":"Venom Potion"},{"floor":21,"key":"BlessingOfTheForge"},{"floor":35,"key":"Adrenaline Potion"},{"floor":39,"key":"Adrenaline Potion"},{"floor":39,"key":"Languid Potion"},{"floor":40,"key":"DuplicationPotion"},{"floor":42,"key":"Energy Potion"},{"floor":45,"key":"jedi:StrikingPotion"},{"floor":50,"key":"Elixir"},{"floor":51,"key":"Strength Potion"},{"floor":54,"key":"jedi:wingpotion"}],"is_trial":false,"path_per_floor":["R","M","?","M","E","M","T","E","PTL","PTL","R","M","?","M","?","$","M","B",null,"T","?","T","?","?","T","T","?","E","T","?","T","?","?","?","B",null,"T","?","?","E","T","T","T","T","?","?","?","?","T","T","?","B",null,"E","T","T","B",null],"character_chosen":"THE_CHAMP","items_purchased":["champ:Lariat","Vajra","champ:MurderStrike","hubris:Potato","champ:EnGarde","Anchor","GamblersBrew"],"campfire_rested":1,"item_purchase_floors":[16,42,50,50,55,55,55],"current_hp_per_floor":[90,90,85,84,58,57,57,39,39,39,79,82,82,81,81,88,73,63,100,100,100,100,100,100,100,100,100,100,100,100,100,100,93,93,67,100,100,100,100,100,100,100,100,100,100,96,100,100,100,100,100,100,100,100,100,100,100],"gold":42,"neow_bonus":"UPGRADE_CARD","is_daily":false,"chose_seed":false,"campfire_upgraded":5,"win_rate":0.0,"timestamp":1607921018,"path_taken":["R","M","?","M","E","?","T","E","PTL","PTL","R","M","?","?","?","$","M","BOSS","T","?","?","?","?","T","T","?","E","T","?","?","?","?","?","BOSS","T","?","?","E","T","T","T","T","?","?","?","?","?","T","?","BOSS","E","T","T","BOSS"],"items_purchased_type":["Card","Relic","Card","Relic","Card","Relic","Potion"],"build_version":"2020-12-13","purchased_purges":0,"victory":true,"max_hp_per_floor":[90,90,90,90,90,90,90,90,90,90,100,100,100,100,100,100,100,100,100,100,100,100,100,100,100,100,100,100,100,100,100,100,100,100,100,100,100,100,100,100,100,100,100,100,100,100,100,100,100,100,100,100,100,100,100,100,100],"card_choices":[{"not_picked":["champ:FightOn","champ:CrookedStrike"],"picked":"champ:BerserkersShout","floor":2},{"not_picked":["champ:FightOn","champ:TornadoPunch"],"picked":"champ:Encircle","floor":4},{"not_picked":["champ:FightOn","champ:CrookedStrike"],"picked":"champ:GutPunch","floor":5},{"not_picked":["champ:Haymaker","champ:BerserkersShout","champ:TornadoPunch"],"picked":"SKIP","floor":6},{"not_picked":["champ:ViciousMockery","champ:Haymaker"],"picked":"champ:FocusedGladiator","floor":8},{"not_picked":["champ:TornadoPunch","champ:GladiatorStyle"],"picked":"champ:DefensiveShout","floor":12},{"not_picked":["champ:BringItOn","champ:FanOfKnives"],"picked":"champ:DancingMaster","floor":14},{"not_picked":["champ:StanceDance","champ:DeathBlow"],"picked":"champ:PreciseThrust","floor":16},{"not_picked":["champ:DeathBlow","champ:Haymaker","champ:FanOfKnives"],"picked":"SKIP","floor":17},{"not_picked":["champ:StrikeOfGenius","champ:ShieldSlam"],"picked":"champ:VampiricStrike","floor":18},{"not_picked":["champ:GutPunch+1","champ:TornadoPunch"],"picked":"champ:EnragedBash","floor":21},{"not_picked":["champ:BerserkersShout","champ:RisingSlash"],"picked":"champ:AdrenalArmor","floor":23},{"not_picked":["champ:FanOfKnives","champ:DefensiveStyle+1"],"picked":"champ:ShieldWall","floor":27},{"not_picked":["champ:DeathBlow+1","champ:CalledShot"],"picked":"champ:ArenaPreparation+1","floor":28},{"not_picked":["champ:Haymaker","champ:Encircle"],"picked":"champ:AdrenalArmor+1","floor":32},{"not_picked":["champ:GutPunch+1","champ:DefensiveStyle+1"],"picked":"champ:SteelEdge","floor":33},{"not_picked":["champ:CrookedStrike","champ:PerfectedStrike","champ:GladiatorsShout"],"picked":"SKIP","floor":34},{"not_picked":["champ:IgnorePain","champ:SteelEdge"],"picked":"champ:Improvising","floor":35},{"not_picked":["champ:StanceDance+1","champ:FalseCounter"],"picked":"champ:StrikeOfGenius","floor":39},{"not_picked":["champ:CrookedStrike","champ:Riposte+1"],"picked":"champ:RisingSlash","floor":40},{"not_picked":["champ:PreciseThrust+1","champ:Encircle+1"],"picked":"champ:ArenaPreparation+1","floor":42},{"not_picked":["champ:Haymaker","champ:GladiatorStyle"],"picked":"champ:FocusedDefense+1","floor":45},{"not_picked":["champ:TornadoPunch","champ:Shatter+1","champ:DefensiveShout+1"],"picked":"SKIP","floor":46},{"not_picked":["champ:GladiatorsShout","champ:BladeFlurry","champ:LastStand"],"picked":"SKIP","floor":47},{"not_picked":["champ:DefensiveShout","champ:Riposte","champ:BerserkersShout"],"picked":"SKIP","floor":48},{"not_picked":["champ:Improvising","champ:TornadoPunch+1","champ:Circumvent"],"picked":"SKIP","floor":50},{"not_picked":["champ:GladiatorsShout+1","champ:Haymaker+1","champ:TornadoPunch"],"picked":"SKIP","floor":51},{"not_picked":["champ:DefensiveStyle","champ:Circumvent","champ:DeathBlow+1"],"picked":"SKIP","floor":54}],"player_experience":762726,"relics_obtained":[{"floor":5,"key":"Matryoshka"},{"floor":7,"key":"Orichalcum"},{"floor":8,"key":"Tiny Chest"},{"floor":20,"key":"infinitespire:CursedDice"},{"floor":22,"key":"HornCleat"},{"floor":26,"key":"hubris:SlimyHat"},{"floor":28,"key":"White Beast Statue"},{"floor":31,"key":"Bottled Tornado"},{"floor":39,"key":"ReplayTheSpireMod:TigerMarble"},{"floor":40,"key":"Replay:Bottled Flurry"},{"floor":43,"key":"infinitespire:Bottled Soul"},{"floor":49,"key":"infinitespire:BottledMercury"},{"floor":51,"key":"wanderingMiniBosses:AbyssPearl"},{"floor":54,"key":"Sling"},{"floor":54,"key":"Art of War"}],"event_choices":[{"cards_removed":["champ:Strike"],"damage_healed":0,"gold_gain":0,"player_choice":"Card Removal","damage_taken":0,"max_hp_gain":0,"max_hp_loss":0,"event_name":"Wheel of Change","floor":13,"gold_loss":0},{"cards_removed":["champ:VampiricStrike"],"damage_healed":0,"gold_gain":0,"player_choice":"Take \u0026 Give","damage_taken":0,"max_hp_gain":0,"max_hp_loss":0,"event_name":"betterNote:BetterNote","floor":24,"gold_loss":0,"cards_obtained":["PrismaMod:MiyuCarnivalDefend"]},{"damage_healed":0,"gold_gain":0,"cards_transformed":["champ:Strike","champ:Strike"],"player_choice":"Became Test Subject","damage_taken":0,"max_hp_gain":0,"max_hp_loss":0,"event_name":"Drug Dealer","floor":30,"gold_loss":0,"cards_obtained":["champ:Riposte","champ:GladiatorsShout"]}],"is_beta":false,"boss_relics":[{"not_picked":["hubris:VirtuousBlindfold","conspire:RunicOctahedron"],"picked":"Painkiller Herb"},{"not_picked":["Astrolabe","ReplayTheSpireMod:SealedPack"],"picked":"SlaversCollar"}],"items_purged_floors":[],"is_endless":false,"potions_floor_spawned":[4,14,17,18,21,28,32,33,34,35,40,42,45,46,47,48,50,51,54],"ascension_level":0}}