{"host":"91n1pc4te07j54gv","time":1607960586,"event":{"mods":["BaseMod","BetterRewards","Colored Powertips","Downfall","Highlight Path","Infinite Spire","Minty Spire (QoL Compilation)","Quick Restart","Relic Filter","Relic Stats","Replay The Spire","Spicy Shops","StSLib"],"gold_per_floor":[113,113,124,140,153,181,65,65,65,65,99,99,112,142,142,215,215,230,230,230,240,259,292,309,309,360,387,387,302,117,136,136,220,220,234,234,341,155,173,212,212,257,257,303,303,335,335,390,390,412,441,441,441,14,74,121],"floor_reached":57,"playtime":3804,"items_purged":["Strike_B","Pain","Zap","Overencumbered"],"score":4092,"play_id":"f4dd807c-cb1b-473f-8cf2-fe64d8cbdcad","local_time":"20201214234306","is_ascension_mode":true,"campfire_choices":[{"floor":8.0,"key":"DIG"},{"floor":12.0,"key":"DIG"},{"floor":15.0,"key":"DIG"},{"floor":25.0,"key":"DIG"},{"floor":28.0,"key":"DIG"},{"floor":32.0,"key":"DIG"},{"floor":41,"key":"DIG"},{"floor":45,"key":"DIG"},{"floor":47,"key":"DIG"},{"floor":49,"key":"RECALL"},{"floor":53,"key":"DIG"}],"circlet_count":0,"master_deck":["AscendersBane","Dualcast","White Noise","Crystallizer","Glacier","ReplayTheSpireMod:GoodbyeWorld","ReplayTheSpireMod:GoodbyeWorld","Self Repair","Consume","Apotheosis+1","Echo Form+1","White Noise","Echo Form+1","Coolheaded","Undo","Cold Snap","Machine Learning+1","Blizzard","ReplayTheSpireMod:System Scan","Electrodynamics","Recycle","Meteor Strike+1","expansioncontent:Corrupt","Skim","Amplify","Ball Lightning+1","Force Field","Hyperbeam+1","Meteor Strike+1","Leap","Rip and Tear+1","Stack","Chill","White Noise","ReplayTheSpireMod:Black Plague","Barrage+1","Meteor Strike+1","Buffer","Defragment","Chrysalis+1","Barrage+1","Cold Snap+1"],"relics":["Cracked Core","Lee\u0027s Waffle","Durian","OrangePellets","Guardian:GemstoneGun","ClockworkSouvenir","Membership Card","infinitespire:Golems Mask","Replay:Towering Pillar of Hats","Replay:Frozen Program","Replay:Lucky Slots","PreservedInsect","Replay:Arrowhead","Shovel","Replay:Rubber Ducky","infinitespire:Freezer","Quantum Egg","Bag of Marbles","Replay:Bottled Steam","Potion Belt","Akabeko","ReplayTheSpireMod:TigerMarble","Molten Egg 2","Cursed Key","Strange Spoon","Centennial Puzzle","HornCleat","Bag of Preparation","ReplayFunnel","Juzu Bracelet","Nunchaku","Guide Book","Bronze Scales","Replay:Grab Bag","Coffee Dripper","ChewingGum","Black Star","Pandora\u0027s Box","Calipers","Replay:Bandana","Runic Capacitor","Eternal Feather","infinitespire:Lucky Rock","Toxic Egg 2","Carrot","Ginger","Geode","Symbiotic Virus","infinitespire:WardingShard","Snack Pack","Replay:Baseball","Unceasing Top","Replay:Accelerometer","infinitespire:Satchel","infinitespire:Joker Card","TheAbacus","Turnip","Iron Hammer"],"acts_visited":["Exordium","TheCity","TheBeyond","TheEnding"],"potions_floor_usage":[46,56,56,56],"damage_taken":[{"damage":0.0,"enemies":"2 Louse","floor":1.0,"turns":2.0},{"damage":20.0,"enemies":"infinitespire:Voidling","floor":3.0,"turns":6.0},{"damage":0.0,"enemies":"Jaw Worm","floor":4.0,"turns":5.0},{"damage":2.0,"enemies":"Gremlin Gang","floor":5.0,"turns":6.0},{"damage":1.0,"enemies":"Lagavulin","floor":6.0,"turns":5.0},{"damage":2.0,"enemies":"3 Sentries","floor":11.0,"turns":4.0},{"damage":0.0,"enemies":"Large Slime","floor":13.0,"turns":3.0},{"damage":0.0,"enemies":"Gremlin Nob","floor":14.0,"turns":3.0},{"damage":0.0,"enemies":"Fading Forest","floor":16.0,"turns":13.0},{"damage":2.0,"enemies":"3 Byrds","floor":18.0,"turns":5.0},{"damage":0.0,"enemies":"2 Thieves","floor":21.0,"turns":2.0},{"damage":1.0,"enemies":"Centurion and Healer","floor":22.0,"turns":3.0},{"damage":0.0,"enemies":"Book of Stabbing","floor":23.0,"turns":4.0},{"damage":0.0,"enemies":"Snecko","floor":24.0,"turns":3.0},{"damage":10.0,"enemies":"Slavers","floor":27.0,"turns":7.0},{"damage":3.0,"enemies":"Snake Plant","floor":31.0,"turns":3.0},{"damage":0.0,"enemies":"Collector","floor":33.0,"turns":5.0},{"damage":0.0,"enemies":"Orb Walker","floor":35.0,"turns":2.0},{"damage":0.0,"enemies":"infinitespire:Three Voidlings","floor":37.0,"turns":2.0},{"damage":27.0,"enemies":"Nightmare_Alpha","floor":37.0,"turns":6.0},{"damage":0,"enemies":"3 Shapes","floor":39,"turns":3},{"damage":6,"enemies":"Nemesis","floor":40,"turns":3},{"damage":0,"enemies":"R_Hoarder","floor":42,"turns":5},{"damage":0,"enemies":"Giant Head","floor":44,"turns":4},{"damage":0,"enemies":"Writhing Mass","floor":46,"turns":4},{"damage":0,"enemies":"2 Orb Walkers","floor":48,"turns":3},{"damage":0,"enemies":"Awakened One","floor":50,"turns":7},{"damage":0,"enemies":"Donu and Deca","floor":51,"turns":6},{"damage":0,"enemies":"Shield and Spear","floor":55,"turns":3},{"damage":2,"enemies":"The Heart","floor":56,"turns":7}],"seed_played":"6173945405259838999","potions_obtained":[{"floor":3.0,"key":"Fire Potion"},{"floor":5.0,"key":"Energy Potion"},{"floor":11.0,"key":"PowerPotion"},{"floor":13.0,"key":"Fire Potion"},{"floor":22.0,"key":"Flashbang"},{"floor":24.0,"key":"Reflective Coating"},{"floor":37,"key":"SteroidPotion"},{"floor":40,"key":"GamblersBrew"}],"is_trial":false,"path_per_floor":["M","?","M","M","M","E","$","R","T","?","E","R","M","E","R","B",null,"M","AVR","?","M","M","E","M","R","T","E","R","?","$","M","R","B",null,"M","?","?","$","M","E","R","E","T","E","R","M","R","?","R","B","B",null,"R","$","E","B",null],"character_chosen":"DEFECT","items_purchased":["Lee\u0027s Waffle","White Noise","Crystallizer","OrangePellets","ClockworkSouvenir","Glacier","ReplayTheSpireMod:GoodbyeWorld","Membership Card","Self Repair","Consume","Replay:Frozen Program","Replay:Lucky Slots","PreservedInsect","Apotheosis","Replay:Rubber Ducky","Echo Form+1","infinitespire:Freezer","Bag of Marbles","Cold Snap","Guide Book","expansioncontent:Corrupt","Replay:Bandana","Runic Capacitor","infinitespire:Satchel","infinitespire:Joker Card","Defragment","Chrysalis+1","TheAbacus","AttackPotion","Barrage+1"],"campfire_rested":0,"item_purchase_floors":[0,0,0,0,0,0,0,0,0,0,0,0,0,0,0,0,0,7,7,30,30,38,38,54,54,54,54,54,54,54],"current_hp_per_floor":[83,83,83,83,83,83,83,83,83,83,83,83,83,83,83,83,83,83,83,59,69,68,82,88,88,88,88,88,88,88,88,88,88,88,88,88,75,75,82,88,88,88,88,88,88,88,88,88,88,88,88,88,88,88,88,88],"gold":121,"neow_bonus":"","is_daily":false,"chose_seed":false,"campfire_upgraded":0,"win_rate":0.0,"timestamp":1607960586,"path_taken":["M","?","M","M","?","E","$","R","T","?","E","R","?","E","R","BOSS","M","AVR","?","M","M","E","M","R","T","E","R","?","?","M","R","BOSS","M","?","?","?","M","E","R","E","T","E","R","M","R","?","R","BOSS","BOSS","R","$","E","BOSS"],"items_purchased_type":["Relic","Card","Card","Relic","Relic","Card","Card","Relic","Card","Card","Relic","Relic","Relic","Card","Relic","Card","Relic","Relic","Card","Relic","Card","Relic","Relic","Relic","Relic","Card","Card","Relic","Potion","Card"],"build_version":"2020-12-13","purchased_purges":4,"victory":true,"max_hp_per_floor":[83,83,83,83,83,83,83,83,83,83,83,83,83,83,83,83,83,83,83,88,88,88,88,88,88,88,88,88,88,88,88,88,88,88,88,88,88,88,88,88,88,88,88,88,88,88,88,88,88,88,88,88,88,88,88,88],"relic_stats":{"Lee\u0027s Waffle":168,"counters":[481,2129],"Eternal Feather":0,"PreservedInsect":635,"Bag of Preparation":[32],"Juzu Bracelet":2,"Ginger":[5],"Cursed Key":5,"OrangePellets":[52],"Strange Spoon":[95],"Centennial Puzzle":[14],"Nunchaku":[9],"Shovel":21,"TheAbacus":[6],"Bronze Scales":[286],"Pandora\u0027s Box":["Aggregate","Reprogram","Coolheaded","ReplayTheSpireMod:Fabricate Wheel","Glacier","Force Field","Ball Lightning","Force Field","Hyperbeam","Meteor Strike","Leap","Rip and Tear","Stack"],"Turnip":[2],"Black Star":4,"obtain_stats":[{"Replay:Accelerometer":31,"infinitespire:Cubic Diamond":2,"Blood Vial":43,"infinitespire:ShieldingShard":13,"Replay:Bronze Core":34,"Fusion Hammer":17,"HandDrill":0,"Replay:Bottled Flurry":6,"Replay:Bottled Steam":45,"Blue Candle":0,"Eternal Feather":19,"Pen Nib":23,"ReplayTheSpireMod:SealedPack":17,"infinitespire:Magic Flask":49,"Akabeko":55,"Cables":44,"infinitespire:EvilPickle":33,"infinitespire:Lychee Nut":21,"infinitespire:Broken Mirror":10,"Bird Faced Urn":0,"Snecko Eye":34,"CultistMask":3,"StrikeDummy":34,"Unceasing Top":0,"Solar Panel":6,"Regal Pillow":14,"Carrot":31,"Singing Bowl":26,"Torii":53,"Smiling Mask":12,"Ancient Tea Set":40,"Pet Ghost":46,"infinitespire:Bottled Soul":23,"Replay:Bottled Eggs":40,"Guardian:BottledAnomaly":21,"infinitespire:Eraser":43,"InkBottle":23,"Potion Belt":23,"Lee\u0027s Waffle":14,"Golden Idol":2,"Guardian:GemstoneGun":0,"PreservedInsect":0,"infinitespire:Lucky Rock":48,"Replay:Arrowhead":0,"Nuclear Battery":17,"Garlic":8,"Art of War":53,"Durian":10,"infinitespire:Midas Blood":55,"Ice Cream":21,"Divine Protection":17,"Calipers":7,"Gremlin Horn":49,"Runic Capacitor":0,"Sozu":17,"Centennial Puzzle":48,"infinitespire:SolderingIron":0,"Prayer Wheel":34,"Philosopher\u0027s Stone":34,"Iron Hammer":12,"Girya":0,"ReplayTheSpireMod:CursedCoin":0,"Replay:Grab Bag":17,"Du-Vu Doll":53,"OrangePellets":0,"Onion Ring":42,"infinitespire:EmpoweringShard":28,"Symbiotic Virus":3,"Mirror":52,"Pocketwatch":38,"Juzu Bracelet":41,"Replay:Mystery Machine":47,"Empty Cage":17,"Nunchaku":23,"Dream Catcher":23,"Emotion Chip":0,"Chameleon Ring":10,"TheAbacus":54,"Red Mask":22,"Replay:Bottled Snecko":6,"Replay:Antivirus Software":53,"Guide Book":47,"Replay:WaspNest":42,"infinitespire:FocusingShard":48,"Mercury Hourglass":14,"Calling Bell":34,"Strange Spoon":6,"DataDisk":29,"Pondfish Scales":9,"infinitespire:Satchel":34,"Bag of Marbles":13,"Membership Card":53,"FossilizedHelix":21,"ReplayTheSpireMod:ShopPack":53,"infinitespire:BottledMercury":54,"Golden Egg":31,"Ginger":0,"Whetstone":49,"Bottled Tornado":53,"Boot":8,"FrozenCore":17,"Old Coin":34,"Replay:Ringing Soul":9,"Sundial":40,"MealTicket":26,"infinitespire:Golems Mask":13,"Kunai":27,"Replay:Wax Seal":53,"Counterbalance":25,"Guardian:PocketSentry":10,"SlaversCollar":17,"Pandora\u0027s Box":0,"Abe\u0027s Treasure":34,"infinitespire:PuzzleCube":48,"Lantern":11,"Blue Doll":13,"StoneCalendar":0,"Bag of Preparation":30,"Replay:Multitool":40,"Cursed Key":34,"Replay:Rubber Ducky":17,"Matryoshka":12,"Shovel":0,"WingedGreaves":7,"Replay:Lucky Slots":54,"Inserter":17,"Thread and Needle":0,"infinitespire:Joker Card":0,"The Courier":12,"Geode":7,"Omamori":41,"infinitespire:CheckeredPen":40,"Frozen Egg 2":0,"MawBank":43,"Orrery":0,"Turnip":0,"Bottled Lightning":54,"ReplayTheSpireMod:Lightbulb":30,"Toy Ornithopter":42,"infinitespire:Freezer":43,"CeramicFish":25,"Vajra":10,"Lizard Tail":24,"Replay:Frozen Program":19,"HornCleat":14,"FaceOfCleric":14,"DollysMirror":11,"Strawberry":9,"Toxic Egg 2":0,"Happy Flower":40,"Dead Branch":0,"Oddly Smooth Stone":54,"infinitespire:Beetle Shell":10,"Letter Opener":32,"War Paint":54,"Question Card":42,"Replay:Baseball":28,"Bottled Flame":14,"ReplayTheSpireMod:Shallot":25,"Bronze Scales":10,"Molten Egg 2":4,"Simple Rune":8,"ReplayTheSpireMod:TigerMarble":2,"Black Star":34,"Meat on the Bone":0,"ReplayFunnel":27,"Snecko Heart":34,"Replay:PocketPolymizer":0,"SacredBark":17,"Mango":40,"Incense Burner":24,"ClockworkSouvenir":0,"Frozen Eye":53,"SsserpentHead":3,"Replay:Bandana":25,"Mummified Hand":9,"Pantograph":17,"Gambling Chip":0,"Tiny Chest":21,"Cracked Core":0,"Gremlin Food":53,"ReplayTheSpireMod:Ninjato":44,"Replay:Towering Pillar of Hats":0,"infinitespire:CursedDice":54,"Quantum Egg":4,"Orichalcum":44,"White Beast Statue":28,"Peace Pipe":37,"CaptainsWheel":0,"Anchor":6,"infinitespire:WardingShard":44,"ChewingGum":17,"Coffee Dripper":17,"Snack Pack":45,"TungstenRod":0},{"Replay:Accelerometer":282,"infinitespire:Cubic Diamond":1,"Blood Vial":379,"infinitespire:ShieldingShard":36,"Replay:Bronze Core":161,"Fusion Hammer":48,"HandDrill":29,"Replay:Bottled Flurry":393,"Replay:Bottled Steam":258,"Blue Candle":128,"Eternal Feather":366,"Pen Nib":140,"ReplayTheSpireMod:SealedPack":151,"infinitespire:Magic Flask":96,"Akabeko":231,"Cables":290,"infinitespire:EvilPickle":57,"infinitespire:Lychee Nut":12,"infinitespire:Broken Mirror":270,"Bird Faced Urn":29,"Snecko Eye":222,"CultistMask":299,"StrikeDummy":57,"Unceasing Top":232,"Solar Panel":131,"Regal Pillow":9,"Carrot":160,"Singing Bowl":53,"Torii":68,"Smiling Mask":47,"Ancient Tea Set":120,"Pet Ghost":94,"infinitespire:Bottled Soul":155,"Replay:Bottled Eggs":120,"Guardian:BottledAnomaly":154,"infinitespire:Eraser":225,"InkBottle":13,"Potion Belt":27,"Lee\u0027s Waffle":22,"Golden Idol":265,"Guardian:GemstoneGun":202,"PreservedInsect":297,"infinitespire:Lucky Rock":447,"Replay:Arrowhead":128,"Nuclear Battery":106,"Garlic":19,"Art of War":126,"Durian":238,"infinitespire:Midas Blood":387,"Ice Cream":12,"Divine Protection":184,"Calipers":32,"Gremlin Horn":323,"Runic Capacitor":70,"Sozu":23,"Centennial Puzzle":96,"infinitespire:SolderingIron":99,"Prayer Wheel":57,"Philosopher\u0027s Stone":87,"Iron Hammer":76,"Girya":99,"ReplayTheSpireMod:CursedCoin":202,"Replay:Grab Bag":48,"Du-Vu Doll":97,"OrangePellets":70,"Onion Ring":196,"infinitespire:EmpoweringShard":54,"Symbiotic Virus":30,"Mirror":97,"Pocketwatch":319,"Juzu Bracelet":90,"Replay:Mystery Machine":292,"Empty Cage":48,"Nunchaku":82,"Dream Catcher":187,"Emotion Chip":232,"Chameleon Ring":182,"TheAbacus":479,"Red Mask":51,"Replay:Bottled Snecko":43,"Replay:Antivirus Software":126,"Guide Book":197,"Replay:WaspNest":64,"infinitespire:FocusingShard":198,"Mercury Hourglass":78,"Calling Bell":57,"Strange Spoon":17,"DataDisk":28,"Pondfish Scales":132,"infinitespire:Satchel":57,"Bag of Marbles":105,"Membership Card":97,"FossilizedHelix":80,"ReplayTheSpireMod:ShopPack":126,"infinitespire:BottledMercury":69,"Golden Egg":250,"Ginger":70,"Whetstone":384,"Bottled Tornado":68,"Boot":132,"FrozenCore":48,"Old Coin":375,"Replay:Ringing Soul":33,"Sundial":166,"MealTicket":14,"infinitespire:Golems Mask":134,"Kunai":157,"Replay:Wax Seal":126,"Counterbalance":83,"Guardian:PocketSentry":34,"SlaversCollar":79,"Pandora\u0027s Box":0,"Abe\u0027s Treasure":344,"infinitespire:PuzzleCube":353,"Lantern":6,"Blue Doll":36,"StoneCalendar":202,"Bag of Preparation":55,"Replay:Multitool":224,"Cursed Key":222,"Replay:Rubber Ducky":151,"Matryoshka":36,"Shovel":70,"WingedGreaves":76,"Replay:Lucky Slots":295,"Inserter":306,"Thread and Needle":175,"infinitespire:Joker Card":15,"The Courier":209,"Geode":4,"Omamori":289,"infinitespire:CheckeredPen":224,"Frozen Egg 2":70,"MawBank":91,"Orrery":15,"Turnip":175,"Bottled Lightning":355,"ReplayTheSpireMod:Lightbulb":85,"Toy Ornithopter":121,"infinitespire:Freezer":64,"CeramicFish":247,"Vajra":4,"Lizard Tail":53,"Replay:Frozen Program":137,"HornCleat":150,"FaceOfCleric":332,"DollysMirror":76,"Strawberry":394,"Toxic Egg 2":99,"Happy Flower":62,"Dead Branch":142,"Oddly Smooth Stone":127,"infinitespire:Beetle Shell":20,"Letter Opener":86,"War Paint":173,"Question Card":225,"Replay:Baseball":27,"Bottled Flame":47,"ReplayTheSpireMod:Shallot":436,"Bronze Scales":45,"Molten Egg 2":16,"Simple Rune":302,"ReplayTheSpireMod:TigerMarble":30,"Black Star":116,"Meat on the Bone":128,"ReplayFunnel":466,"Snecko Heart":222,"Replay:PocketPolymizer":264,"SacredBark":10,"Mango":195,"Incense Burner":82,"ClockworkSouvenir":128,"Frozen Eye":97,"SsserpentHead":233,"Replay:Bandana":311,"Mummified Hand":76,"Pantograph":151,"Gambling Chip":202,"Tiny Chest":25,"Cracked Core":0,"Gremlin Food":97,"ReplayTheSpireMod:Ninjato":65,"Replay:Towering Pillar of Hats":232,"infinitespire:CursedDice":295,"Quantum Egg":2,"Orichalcum":322,"White Beast Statue":84,"Peace Pipe":346,"CaptainsWheel":70,"Anchor":103,"infinitespire:WardingShard":475,"ChewingGum":151,"Coffee Dripper":48,"Snack Pack":475,"TungstenRod":99},{"Replay:Accelerometer":1246,"infinitespire:Cubic Diamond":2,"Blood Vial":1655,"infinitespire:ShieldingShard":158,"Replay:Bronze Core":684,"Fusion Hammer":218,"HandDrill":137,"Replay:Bottled Flurry":1723,"Replay:Bottled Steam":1092,"Blue Candle":550,"Eternal Feather":1596,"Pen Nib":600,"ReplayTheSpireMod:SealedPack":650,"infinitespire:Magic Flask":412,"Akabeko":976,"Cables":1280,"infinitespire:EvilPickle":276,"infinitespire:Lychee Nut":50,"infinitespire:Broken Mirror":1178,"Bird Faced Urn":137,"Snecko Eye":952,"CultistMask":1316,"StrikeDummy":276,"Unceasing Top":981,"Solar Panel":563,"Regal Pillow":32,"Carrot":680,"Singing Bowl":246,"Torii":332,"Smiling Mask":207,"Ancient Tea Set":516,"Pet Ghost":409,"infinitespire:Bottled Soul":662,"Replay:Bottled Eggs":516,"Guardian:BottledAnomaly":659,"infinitespire:Eraser":960,"InkBottle":56,"Potion Belt":124,"Lee\u0027s Waffle":97,"Golden Idol":1134,"Guardian:GemstoneGun":891,"PreservedInsect":1307,"infinitespire:Lucky Rock":1969,"Replay:Arrowhead":550,"Nuclear Battery":460,"Garlic":81,"Art of War":541,"Durian":1002,"infinitespire:Midas Blood":1700,"Ice Cream":50,"Divine Protection":811,"Calipers":145,"Gremlin Horn":1422,"Runic Capacitor":342,"Sozu":108,"Centennial Puzzle":412,"infinitespire:SolderingIron":421,"Prayer Wheel":276,"Philosopher\u0027s Stone":394,"Iron Hammer":364,"Girya":421,"ReplayTheSpireMod:CursedCoin":891,"Replay:Grab Bag":218,"Du-Vu Doll":416,"OrangePellets":342,"Onion Ring":866,"infinitespire:EmpoweringShard":252,"Symbiotic Virus":139,"Mirror":416,"Pocketwatch":1408,"Juzu Bracelet":401,"Replay:Mystery Machine":1289,"Empty Cage":218,"Nunchaku":379,"Dream Catcher":822,"Emotion Chip":981,"Chameleon Ring":800,"TheAbacus":2119,"Red Mask":235,"Replay:Bottled Snecko":187,"Replay:Antivirus Software":541,"Guide Book":869,"Replay:WaspNest":312,"infinitespire:FocusingShard":874,"Mercury Hourglass":369,"Calling Bell":276,"Strange Spoon":76,"DataDisk":136,"Pondfish Scales":568,"infinitespire:Satchel":276,"Bag of Marbles":449,"Membership Card":416,"FossilizedHelix":375,"ReplayTheSpireMod:ShopPack":541,"infinitespire:BottledMercury":336,"Golden Egg":1051,"Ginger":342,"Whetstone":1682,"Bottled Tornado":332,"Boot":568,"FrozenCore":218,"Old Coin":1639,"Replay:Ringing Soul":147,"Sundial":709,"MealTicket":63,"infinitespire:Golems Mask":577,"Kunai":670,"Replay:Wax Seal":541,"Counterbalance":384,"Guardian:PocketSentry":152,"SlaversCollar":373,"Pandora\u0027s Box":0,"Abe\u0027s Treasure":1503,"infinitespire:PuzzleCube":1529,"Lantern":23,"Blue Doll":158,"StoneCalendar":891,"Bag of Preparation":256,"Replay:Multitool":958,"Cursed Key":952,"Replay:Rubber Ducky":650,"Matryoshka":158,"Shovel":342,"WingedGreaves":364,"Replay:Lucky Slots":1299,"Inserter":1354,"Thread and Needle":771,"infinitespire:Joker Card":70,"The Courier":909,"Geode":14,"Omamori":1278,"infinitespire:CheckeredPen":958,"Frozen Egg 2":342,"MawBank":403,"Orrery":70,"Turnip":771,"Bottled Lightning":1539,"ReplayTheSpireMod:Lightbulb":388,"Toy Ornithopter":520,"infinitespire:Freezer":312,"CeramicFish":1040,"Vajra":14,"Lizard Tail":246,"Replay:Frozen Program":591,"HornCleat":642,"FaceOfCleric":1453,"DollysMirror":364,"Strawberry":1725,"Toxic Egg 2":421,"Happy Flower":299,"Dead Branch":608,"Oddly Smooth Stone":544,"infinitespire:Beetle Shell":87,"Letter Opener":390,"War Paint":756,"Question Card":960,"Replay:Baseball":124,"Bottled Flame":207,"ReplayTheSpireMod:Shallot":1925,"Bronze Scales":197,"Molten Egg 2":73,"Simple Rune":1325,"ReplayTheSpireMod:TigerMarble":139,"Black Star":499,"Meat on the Bone":550,"ReplayFunnel":2066,"Snecko Heart":952,"Replay:PocketPolymizer":1125,"SacredBark":41,"Mango":862,"Incense Burner":379,"ClockworkSouvenir":550,"Frozen Eye":416,"SsserpentHead":984,"Replay:Bandana":1383,"Mummified Hand":364,"Pantograph":650,"Gambling Chip":891,"Tiny Chest":114,"Cracked Core":0,"Gremlin Food":416,"ReplayTheSpireMod:Ninjato":317,"Replay:Towering Pillar of Hats":981,"infinitespire:CursedDice":1299,"Quantum Egg":4,"Orichalcum":1418,"White Beast Statue":386,"Peace Pipe":1509,"CaptainsWheel":342,"Anchor":438,"infinitespire:WardingShard":2099,"ChewingGum":650,"Coffee Dripper":218,"Snack Pack":2099,"TungstenRod":421}],"Unceasing Top":[19]},"card_choices":[{"not_picked":["Force Field","ReplayTheSpireMod:Repulse"],"picked":"White Noise","floor":1.0},{"not_picked":["Darkness","Stack","Rebound"],"picked":"SKIP","floor":3.0},{"not_picked":["Streamline","Go for the Eyes","Gash"],"picked":"SKIP","floor":4.0},{"not_picked":["ReplaySolidLightProjector","Compile Driver"],"picked":"Coolheaded","floor":5.0},{"not_picked":["Chaos","Leap"],"picked":"Undo","floor":6.0},{"not_picked":["Mirror Shield","BasicCrystalCard"],"picked":"Machine Learning","floor":11.0},{"not_picked":["Turbo","BasicCrystalCard"],"picked":"Blizzard","floor":13.0},{"not_picked":["ReplaySort","Time Bomb"],"picked":"ReplayTheSpireMod:System Scan","floor":14.0},{"not_picked":["Rainbow","ReplayRNGCard"],"picked":"Electrodynamics","floor":16.0},{"not_picked":["Conserve Battery","Rebound+1"],"picked":"Recycle","floor":18.0},{"not_picked":["Reinforced Body","Chaos","Sweeping Beam+1"],"picked":"SKIP","floor":21.0},{"not_picked":["Go for the Eyes+1","Rip and Tear+1","Redo+1"],"picked":"SKIP","floor":22.0},{"not_picked":["Compile Driver+1","Gash+1"],"picked":"Meteor Strike+1","floor":23.0},{"not_picked":["Sweeping Beam+1","Hologram","Time Bomb"],"picked":"SKIP","floor":24.0},{"not_picked":["Hyperbeam+1","Streamline+1","Sweeping Beam+1"],"picked":"SKIP","floor":27.0},{"not_picked":["Rebound+1","Sweeping Beam+1"],"picked":"Skim","floor":31.0},{"not_picked":["Thunder Strike+1","Electrodynamics"],"picked":"Amplify","floor":33.0},{"not_picked":["Stack","Rip and Tear+1"],"picked":"Chill","floor":35.0},{"not_picked":["Compile Driver+1","Redo"],"picked":"White Noise","floor":37},{"not_picked":["infinitespire:SevenWalls","infinitespire:FinalStrike"],"picked":"ReplayTheSpireMod:Black Plague","floor":37},{"not_picked":["Fusion","Reprogram+1"],"picked":"Barrage+1","floor":39},{"not_picked":["Rebound+1","ReplayTheSpireMod:Repulse","Auto Shields"],"picked":"SKIP","floor":40},{"not_picked":["Stack+1","Steam+1"],"picked":"Meteor Strike+1","floor":42},{"not_picked":["Panic Button+1","Time Bomb+1","Steam+1"],"picked":"SKIP","floor":44},{"not_picked":["Doom and Gloom+1","Streamline+1","Ball Lightning+1"],"picked":"SKIP","floor":46},{"not_picked":["Streamline+1","Stack+1"],"picked":"Buffer","floor":48},{"not_picked":["Electrodynamics","BasicCrystalCard+1"],"picked":"Cold Snap+1","floor":55}],"player_experience":1008179,"relics_obtained":[{"floor":6.0,"key":"Quantum Egg"},{"floor":8.0,"key":"Replay:Bottled Steam"},{"floor":11.0,"key":"Potion Belt"},{"floor":12.0,"key":"Akabeko"},{"floor":14.0,"key":"ReplayTheSpireMod:TigerMarble"},{"floor":15.0,"key":"Molten Egg 2"},{"floor":23.0,"key":"Centennial Puzzle"},{"floor":25.0,"key":"HornCleat"},{"floor":26.0,"key":"Bag of Preparation"},{"floor":27.0,"key":"ReplayFunnel"},{"floor":28.0,"key":"Juzu Bracelet"},{"floor":32.0,"key":"Bronze Scales"},{"floor":37,"key":"Calipers"},{"floor":40,"key":"Eternal Feather"},{"floor":40,"key":"infinitespire:Lucky Rock"},{"floor":41,"key":"Toxic Egg 2"},{"floor":42,"key":"Carrot"},{"floor":42,"key":"Ginger"},{"floor":43,"key":"Geode"},{"floor":44,"key":"Symbiotic Virus"},{"floor":44,"key":"infinitespire:WardingShard"},{"floor":45,"key":"Snack Pack"},{"floor":47,"key":"Replay:Baseball"},{"floor":48,"key":"Unceasing Top"},{"floor":53,"key":"Replay:Accelerometer"},{"floor":55,"key":"Turnip"},{"floor":55,"key":"Iron Hammer"}],"event_choices":[{"damage_healed":0.0,"max_hp_gain":0.0,"max_hp_loss":0.0,"gold_gain":0.0,"event_name":"Match and Keep!","player_choice":"1 cards matched","floor":2.0,"gold_loss":0.0,"damage_taken":0.0,"cards_obtained":["Echo Form"]},{"damage_healed":0.0,"max_hp_gain":0.0,"max_hp_loss":0.0,"gold_gain":0.0,"event_name":"Upgrade Shrine","player_choice":"Upgraded","floor":10.0,"gold_loss":0.0,"damage_taken":0.0,"cards_upgraded":["Apotheosis"]},{"damage_healed":0.0,"max_hp_gain":5.0,"max_hp_loss":0.0,"gold_gain":0.0,"event_name":"Forgotten Altar","player_choice":"Shed Blood","floor":20.0,"gold_loss":0.0,"damage_taken":29.0},{"damage_healed":0.0,"max_hp_gain":0.0,"max_hp_loss":0.0,"gold_gain":0.0,"event_name":"Addict","player_choice":"Obtained Relic","floor":29.0,"gold_loss":85.0,"damage_taken":0.0,"relics_obtained":["Nunchaku"]},{"damage_healed":0.0,"max_hp_gain":0.0,"max_hp_loss":0.0,"gold_gain":0.0,"event_name":"SecretPortal","player_choice":"Ignored","floor":36.0,"gold_loss":0.0,"damage_taken":0.0},{"damage_healed":0,"gold_gain":0,"player_choice":"Ignored","damage_taken":0,"max_hp_gain":0,"max_hp_loss":0,"event_name":"SecretPortal","floor":37,"gold_loss":0},{"damage_healed":0,"gold_gain":0,"player_choice":"Fight","damage_taken":0,"max_hp_gain":0,"max_hp_loss":0,"event_name":"Mysterious Sphere","floor":48,"gold_loss":0}],"is_beta":false,"boss_relics":[{"not_picked":["Inserter","Ring of Chaos"],"picked":"Cursed Key"},{"not_picked":["Snecko Eye","Replay:Drink Me"],"picked":"Replay:Grab Bag"},{"not_picked":["Sozu","Runic Dome"],"picked":"Coffee Dripper"},{"not_picked":["Busted Crown","infinitespire:Cupcake"],"picked":"ChewingGum"},{"not_picked":["Runic Pyramid","Tiny House"],"picked":"Black Star"},{"not_picked":["Nuclear Battery","SacredBark"],"picked":"Pandora\u0027s Box"}],"items_purged_floors":[7,30,38,54],"is_endless":false,"potions_floor_spawned":[3,5,11,13,22,24,37,37,40,42],"ascension_level":20}}