{"host":"jpol0bbzretdyr3c","time":1607953799,"event":{"mods":["Act Like it!","BaseMod","Colored Map","Downfall","Gensokyo","Googly Eyes","Hallownest","Koishi","Marisa????????","Minty Spire (QoL Compilation)","Replay The Spire","StSLib","The Jungle","The Servant 0.9.4"],"gold_per_floor":[115,126,136,155,204,204,224,224,224,224,255,255,276,13,13,139,139,154,154,154,178,96,132,132,151,151,164,164,183,63,103,103,226,226,249,267,283,299,323,323,361,361,385,417,481,301,151,205,205,340],"floor_reached":51,"playtime":12272,"items_purged":[],"score":1178,"play_id":"6dede8a1-fcaf-4b64-a19c-06e60a5e5eec","local_time":"20201214054959","is_ascension_mode":true,"campfire_choices":[{"floor":6,"key":"DIG"},{"floor":12,"key":"DIG"},{"floor":15,"key":"DIG"},{"floor":24,"key":"DIG"},{"floor":28,"key":"DIG"},{"floor":32,"key":"DIG"},{"floor":40,"key":"DIG"},{"floor":42,"key":"DIG"},{"floor":49,"key":"DIG"}],"circlet_count":0,"master_deck":["Koishi:BasicStrike","Koishi:BasicStrike","Koishi:BasicStrike","Koishi:BasicStrike","Koishi:BasicDefend","Koishi:BasicDefend","Koishi:BasicDefend","Koishi:BasicDefend","Koishi:Provoke","Koishi:HauntingSlash","Koishi:UnconsciousUprising","Koishi:PredatoryInstincts","Koishi:SprinkleStarAndHeart","Koishi:StingingMind","Koishi:SubterraneanRose","Koishi:PhantomStrike","Koishi:EmbryosDream","Koishi:HeartfeltFancy","Koishi:TremblingHands","Koishi:RacingHeart","Koishi:Ego","Koishi:Untouchable","Koishi:JumpScare","Pot Of Greed","Pot Of Greed","Koishi:TremblingHands","Koishi:CatchAndRose","Pot Of Greed","Koishi:Untouchable","Koishi:SubconsciousSweep","Koishi:YoukaiPolygraph","Koishi:FidgetySnatcher+1","Koishi:BloodcurdlingScream","Koishi:HeartAttack","Koishi:RuptureMind","Koishi:PerfectMindControl","AbeCurse","Koishi:SubconsciousSweep","Koishi:DanmakuParanoia","Pot Of Greed","Koishi:RacingHeart+1","Koishi:GrowingPain","Koishi:StingingMind+1","Koishi:StingingMind+1","Koishi:SubconsciousSweep+1","Koishi:MassHysteria+1","Koishi:BloodcurdlingScream+1","Koishi:Untouchable+1","Koishi:RollingInRichesHeart+1"],"relics":["Koishi:ImaginaryFriend","Shovel","Sundial","ReplayTheSpireMod:Ninjato","Golden Idol","Eternal Feather","Divine Protection","Replay:Towering Pillar of Hats","Strawberry","Happy Flower","Philosopher\u0027s Stone","MutagenicStrength","Grinning Jar","Pet Ghost","ReplayFunnel","Mercury Hourglass","Art of War","Pondfish Scales","Thread and Needle","Abe\u0027s Treasure","Dream Catcher","Replay:Accelerometer","Bottled Lightning","Replay:Bandana","Golden Egg","Toy Ornithopter","Hallownest:SoulVesselRelic","Garlic","Gremlin Food"],"acts_visited":["Exordium","TheCity","Hallownest:KingdomsEdge"],"potions_floor_usage":[11,16,31,33,38,50],"damage_taken":[{"damage":2,"enemies":"Cultist","floor":1,"turns":5},{"damage":4,"enemies":"Jaw Worm","floor":2,"turns":6},{"damage":4,"enemies":"2 Louse","floor":3,"turns":5},{"damage":4,"enemies":"Blue Slaver","floor":4,"turns":5},{"damage":0,"enemies":"Large Slime","floor":7,"turns":6},{"damage":12,"enemies":"3 Sentries","floor":11,"turns":10},{"damage":0,"enemies":"Looter","floor":13,"turns":4},{"damage":30,"enemies":"Slime Boss","floor":16,"turns":16},{"damage":0,"enemies":"Shell Parasite","floor":18,"turns":5},{"damage":14,"enemies":"Gremlin Leader","floor":23,"turns":8},{"damage":0,"enemies":"3 Byrds","floor":25,"turns":3},{"damage":0,"enemies":"Sentry and Sphere","floor":27,"turns":5},{"damage":7,"enemies":"Centurion and Healer","floor":29,"turns":5},{"damage":9,"enemies":"Book of Stabbing","floor":31,"turns":5},{"damage":0,"enemies":"Champ","floor":33,"turns":7},{"damage":0,"enemies":"Hallownest:3_Siblings","floor":35,"turns":6},{"damage":0,"enemies":"Hallownest:Shield_Heavy","floor":36,"turns":5},{"damage":1,"enemies":"Hallownest:Shield_Sturdy","floor":37,"turns":4},{"damage":0,"enemies":"Hallownest:Xero_Hu_Marmu","floor":38,"turns":6},{"damage":0,"enemies":"Hallownest:monsterPrimalAspid","floor":39,"turns":4},{"damage":0,"enemies":"Hallownest:eliteCollector","floor":41,"turns":7},{"damage":0,"enemies":"Hallownest:Shield_Sturdy","floor":44,"turns":5},{"damage":0,"enemies":"Hallownest:StalkingDevout","floor":45,"turns":3},{"damage":0,"enemies":"Hallownest:eliteCollector","floor":48,"turns":7},{"damage":0,"enemies":"Hallownest:Radiance","floor":50,"turns":12}],"seed_played":"-4224803816989968706","potions_obtained":[{"floor":2,"key":"Venom Potion"},{"floor":4,"key":"Energy Potion"},{"floor":5,"key":"SmokeBomb"},{"floor":13,"key":"LifebloodPotion"},{"floor":18,"key":"Doom Potion"},{"floor":35,"key":"Swift Potion"},{"floor":41,"key":"SpeedPotion"},{"floor":45,"key":"Toxic Potion"},{"floor":48,"key":"Explosive Potion"},{"floor":50,"key":"EssenceOfSteel"}],"is_trial":false,"path_per_floor":["M","M","M","M","?","R","M","?","T","?","E","R","M","$","R","B",null,"M","?","?","T","$","E","R","M","T","M","R","M","$","E","R","B",null,"M","M","M","M","M","R","E","R","T","M","E","$","?","E","R","B",null],"character_chosen":"KOISHI","items_purchased":["Koishi:TremblingHands","Koishi:RacingHeart","Strawberry","Koishi:TremblingHands","Koishi:CatchAndRose","Koishi:BloodcurdlingScream","Koishi:HeartAttack","Toy Ornithopter","Koishi:BloodcurdlingScream"],"campfire_rested":0,"item_purchase_floors":[14,14,14,22,22,30,30,46,46],"current_hp_per_floor":[53,52,54,54,41,41,41,28,28,28,33,42,47,54,61,31,61,61,61,61,61,61,61,61,61,61,61,61,61,61,61,61,61,61,61,61,61,61,61,61,61,61,61,61,61,61,61,61,61,61],"gold":340,"neow_bonus":"ONE_RARE_RELIC","is_daily":false,"chose_seed":false,"campfire_upgraded":0,"win_rate":0.0,"timestamp":1607953799,"path_taken":["M","M","?","M","?","R","M","?","T","?","E","R","M","?","R","BOSS","M","?","?","?","?","E","R","M","T","?","R","M","$","E","R","BOSS","M","M","M","M","M","R","E","R","T","M","E","$","?","E","R","BOSS"],"items_purchased_type":["Card","Card","Relic","Card","Card","Card","Card","Relic","Card"],"build_version":"2020-12-13","purchased_purges":0,"victory":true,"max_hp_per_floor":[54,54,54,54,54,54,54,54,54,54,54,54,54,61,61,61,61,61,61,61,61,61,61,61,61,61,61,61,61,61,61,61,61,61,61,61,61,61,61,61,61,61,61,61,61,61,61,61,61,61],"card_choices":[{"not_picked":["Koishi:RacingHeart","Koishi:CatchAndRose"],"picked":"Koishi:UnconsciousUprising","floor":1},{"not_picked":["Koishi:FidgetySnatcher","Koishi:HeartfeltFancy"],"picked":"Koishi:PredatoryInstincts","floor":2},{"not_picked":["Koishi:UnansweredLove","Koishi:RacingHeart"],"picked":"Koishi:SprinkleStarAndHeart","floor":3},{"not_picked":["Koishi:Catatonia","Koishi:Bloodlust"],"picked":"Koishi:StingingMind","floor":4},{"not_picked":["Koishi:ReflexRadar","Koishi:UnconsciousUprising"],"picked":"Koishi:SubterraneanRose","floor":5},{"not_picked":["Koishi:UnconsciousUprising","Koishi:GhostParty"],"picked":"Koishi:PhantomStrike","floor":7},{"not_picked":["Koishi:FadingMemory","Koishi:PhantomStrike"],"picked":"Koishi:EmbryosDream","floor":11},{"not_picked":["Koishi:Bloodlust","Koishi:GhostParty"],"picked":"Koishi:HeartfeltFancy","floor":13},{"not_picked":["Koishi:MentalBreakdown","Koishi:RollingInRichesHeart"],"picked":"Koishi:Ego","floor":16},{"not_picked":["Koishi:FleetingPhantom+1","Koishi:UnconsciousUrges"],"picked":"Koishi:Untouchable","floor":18},{"not_picked":["Koishi:SpiritedAway","Koishi:StrangeCloudFist"],"picked":"Koishi:Untouchable","floor":23},{"not_picked":["Koishi:GhostParty","Koishi:Jaunt"],"picked":"Koishi:SubconsciousSweep","floor":25},{"not_picked":["Koishi:EmbryosDream+1","Koishi:ParalyzingFear"],"picked":"Koishi:YoukaiPolygraph","floor":27},{"not_picked":["Koishi:SubconsciousSweep","Koishi:ParalyzingFear"],"picked":"Koishi:FidgetySnatcher+1","floor":29},{"not_picked":["Koishi:IdleWhim+1","Koishi:SubconsciousSweep"],"picked":"Koishi:RuptureMind","floor":31},{"not_picked":["Koishi:HeartStoppingHorror","Koishi:MentalBreakdown"],"picked":"Koishi:PerfectMindControl","floor":33},{"not_picked":["Koishi:PhantomStrike","Koishi:Prune"],"picked":"Koishi:SubconsciousSweep","floor":35},{"not_picked":["Koishi:PhantomStrike","Koishi:UnansweredLove+1"],"picked":"Koishi:DanmakuParanoia","floor":36},{"not_picked":["Koishi:UnconsciousUrges","Koishi:CatchAndRose"],"picked":"Koishi:RacingHeart+1","floor":37},{"not_picked":["Koishi:FreudianInstinct+1","Koishi:GhostParty+1"],"picked":"Koishi:GrowingPain","floor":38},{"not_picked":["Koishi:UnansweredLove+1","Koishi:ReflexRadar"],"picked":"Koishi:StingingMind+1","floor":39},{"not_picked":["Koishi:PhantomStrike","Koishi:UnansweredLove"],"picked":"Koishi:StingingMind+1","floor":41},{"not_picked":["Koishi:SpiritedAway","Koishi:UnconsciousUrges"],"picked":"Koishi:SubconsciousSweep+1","floor":44},{"not_picked":["Koishi:CatchAndRose+1","Koishi:YoukaiPolygraph"],"picked":"Koishi:MassHysteria+1","floor":45},{"not_picked":["Koishi:PhantomStrike+1","Koishi:MentalBreakdown"],"picked":"Koishi:Untouchable+1","floor":48},{"not_picked":["Koishi:SuperEgo","Koishi:ConditionedTeleport"],"picked":"Koishi:RollingInRichesHeart","floor":50}],"player_experience":403523,"relics_obtained":[{"floor":5,"key":"Sundial"},{"floor":6,"key":"ReplayTheSpireMod:Ninjato"},{"floor":9,"key":"Eternal Feather"},{"floor":11,"key":"Divine Protection"},{"floor":12,"key":"Replay:Towering Pillar of Hats"},{"floor":15,"key":"Happy Flower"},{"floor":21,"key":"Grinning Jar"},{"floor":23,"key":"Pet Ghost"},{"floor":24,"key":"ReplayFunnel"},{"floor":26,"key":"Mercury Hourglass"},{"floor":28,"key":"Art of War"},{"floor":31,"key":"Pondfish Scales"},{"floor":32,"key":"Thread and Needle"},{"floor":40,"key":"Dream Catcher"},{"floor":41,"key":"Replay:Accelerometer"},{"floor":42,"key":"Bottled Lightning"},{"floor":43,"key":"Replay:Bandana"},{"floor":45,"key":"Golden Egg"},{"floor":48,"key":"Garlic"},{"floor":49,"key":"Gremlin Food"}],"event_choices":[{"damage_healed":0,"gold_gain":0,"player_choice":"Take Damage","damage_taken":13,"relics_obtained":["Golden Idol"],"max_hp_gain":0,"max_hp_loss":0,"event_name":"Golden Idol","floor":8,"gold_loss":0},{"damage_healed":0,"gold_gain":0,"player_choice":"Ignored","damage_taken":0,"max_hp_gain":0,"max_hp_loss":0,"event_name":"Liars Game","floor":10,"gold_loss":0},{"damage_healed":0,"gold_gain":0,"player_choice":"Read","damage_taken":0,"max_hp_gain":0,"max_hp_loss":0,"event_name":"The Library","floor":19,"gold_loss":0,"cards_obtained":["Koishi:JumpScare"]},{"damage_healed":0,"gold_gain":0,"player_choice":"Inject Mutagens","damage_taken":0,"relics_obtained":["MutagenicStrength"],"max_hp_gain":0,"max_hp_loss":0,"event_name":"Drug Dealer","floor":20,"gold_loss":0}],"is_beta":false,"boss_relics":[{"not_picked":["Kintsugi","Astrolabe"],"picked":"Philosopher\u0027s Stone"},{"not_picked":["Replay:Grab Bag","Black Star"],"picked":"Abe\u0027s Treasure"}],"items_purged_floors":[],"is_endless":false,"potions_floor_spawned":[2,4,13,18,25,35,41,45,48,50],"ascension_level":3}}