{"host":"2lrkmsuh7nz013qb","time":1607912079,"event":{"mods":["BaseMod","Colored Map","DeckTracker","Minty Spire (QoL Compilation)","SuperFastMode","everything is the same but u backflip on backflip"],"gold_per_floor":[118,136,33,49,66,66,83,96,96,107,107,119,119,137,137,137,137],"floor_reached":16,"playtime":539,"items_purged":["Strike_G"],"score":196,"play_id":"910f687e-7706-41c5-8912-19c32b94fe7a","local_time":"20201214111439","is_ascension_mode":true,"campfire_choices":[{"data":"Blade Dance","floor":6,"key":"SMITH"},{"data":"Blade Dance","floor":11,"key":"SMITH"},{"data":"Finisher","floor":15,"key":"SMITH"}],"circlet_count":0,"master_deck":["AscendersBane","Strike_G","Strike_G","Strike_G","Defend_G","Defend_G","Defend_G","Defend_G","Survivor","Neutralize","Dagger Spray","Blade Dance+1","Finisher+1","Well Laid Plans","Blade Dance+1","Backflip","Footwork"],"relics":["Ring of the Snake"],"acts_visited":["Exordium"],"potions_floor_usage":[5,16,16],"damage_taken":[{"damage":6,"enemies":"Cultist","floor":1,"turns":6},{"damage":4,"enemies":"Small Slimes","floor":2,"turns":4},{"damage":0,"enemies":"2 Louse","floor":4,"turns":4},{"damage":1,"enemies":"Looter","floor":5,"turns":2},{"damage":0,"enemies":"2 Fungi Beasts","floor":7,"turns":3},{"damage":0,"enemies":"Large Slime","floor":8,"turns":4},{"damage":1,"enemies":"Red Slaver","floor":10,"turns":4},{"damage":4,"enemies":"Blue Slaver","floor":12,"turns":3},{"damage":7,"enemies":"Large Slime","floor":14,"turns":7},{"damage":45,"enemies":"Slime Boss","floor":16,"turns":5}],"seed_played":"-3833861035362923906","potions_obtained":[{"floor":2,"key":"BlessingOfTheForge"},{"floor":7,"key":"SpeedPotion"},{"floor":8,"key":"Dexterity Potion"},{"floor":10,"key":"AttackPotion"}],"is_trial":false,"path_per_floor":["M","M","$","M","M","R","M","M","T","M","R","M","?","M","R","B"],"character_chosen":"THE_SILENT","items_purchased":["Blade Dance"],"campfire_rested":0,"item_purchase_floors":[3],"current_hp_per_floor":[53,49,49,49,48,48,48,48,48,47,47,43,43,36,36,0,0],"gold":137,"neow_bonus":"REMOVE_CARD","is_daily":false,"chose_seed":false,"campfire_upgraded":3,"win_rate":0.0,"timestamp":1607912079,"path_taken":["M","M","$","M","M","R","M","M","T","?","R","M","?","M","R","BOSS"],"items_purchased_type":["Card"],"build_version":"2020-12-13","purchased_purges":1,"victory":false,"max_hp_per_floor":[66,66,66,66,66,66,66,66,66,66,66,66,66,66,66,66,66],"card_choices":[{"not_picked":["Outmaneuver","Cloak And Dagger","Finisher"],"picked":"SKIP","floor":1},{"not_picked":["Deflect","Quick Slash"],"picked":"Dagger Spray","floor":2},{"not_picked":["Dagger Spray","Slice"],"picked":"Finisher","floor":4},{"not_picked":["Cloak And Dagger","PiercingWail","Quick Slash"],"picked":"SKIP","floor":5},{"not_picked":["Catalyst","Dagger Throw"],"picked":"Well Laid Plans","floor":7},{"not_picked":["Tactician","Deflect"],"picked":"Blade Dance","floor":8},{"not_picked":["Acrobatics","Bane"],"picked":"Backflip","floor":10},{"not_picked":["Blade Dance","Slice"],"picked":"Footwork","floor":12},{"not_picked":["A Thousand Cuts","Endless Agony","Finisher"],"picked":"SKIP","floor":14}],"player_experience":663692,"relics_obtained":[],"event_choices":[{"cards_removed":["Strike_G"],"damage_healed":0,"gold_gain":0,"player_choice":"Forget","damage_taken":0,"max_hp_gain":0,"max_hp_loss":0,"event_name":"Living Wall","floor":13,"gold_loss":0}],"is_beta":false,"boss_relics":[],"items_purged_floors":[3],"is_endless":false,"potions_floor_spawned":[2,7,8,10,14],"killed_by":"Slime Boss","ascension_level":20}}