{"host":"turdyikuxcak11ni","time":1607943599,"event":{"mods":["AchievementEnabler","BaseMod","Better Altar","Better Match","Better Note","Better Sensory Stone","Better Skull","Better Third Choice","Better Vampires","Colored Map","Conspire","Downfall","Hubris","Minty Spire (QoL Compilation)","Quick Restart","Relic Stats","Replay The Spire","Spicy Shops","StSLib","SuperFastMode"],"gold_per_floor":[119,119,134,145,145,145,186,206,206,206,206],"floor_reached":10,"playtime":456,"items_purged":[],"score":135,"play_id":"edc970bf-ad54-400f-bb86-eeb022b7209d","local_time":"20201214025959","is_ascension_mode":true,"campfire_choices":[{"data":"Armaments","floor":6,"key":"SMITH"}],"circlet_count":0,"master_deck":["conspire:GhostlyStrike","conspire:GhostlyStrike","conspire:GhostlyStrike","conspire:GhostlyStrike","conspire:GhostlyStrike","conspire:GhostlyDefend","conspire:GhostlyDefend","conspire:GhostlyDefend","conspire:GhostlyDefend","Bash","ReplayTheSpireMod:Strike From Hell","Defy Death","Armaments+1","Injury","Replay:Many Hands","Metallicize"],"relics":["Burning Blood","Bag of Preparation","Golden Idol","Bottled Flame","Question Card"],"acts_visited":["Exordium"],"potions_floor_usage":[7],"damage_taken":[{"damage":8,"enemies":"Jaw Worm","floor":1,"turns":4},{"damage":19,"enemies":"Small Slimes","floor":3,"turns":8},{"damage":1,"enemies":"Cultist","floor":4,"turns":3},{"damage":7,"enemies":"Lagavulin","floor":7,"turns":9},{"damage":23,"enemies":"conspire:2 RoseBushes","floor":8,"turns":11},{"damage":60,"enemies":"Gremlin Nob","floor":10,"turns":7}],"seed_played":"4074542964247782132","potions_obtained":[{"floor":1,"key":"Cursed Concoction"}],"is_trial":false,"path_per_floor":["M","?","M","M","?","R","E","M","T","E"],"character_chosen":"IRONCLAD","items_purchased":[],"campfire_rested":0,"item_purchase_floors":[],"current_hp_per_floor":[78,78,65,70,70,70,69,52,52,0,0],"gold":206,"neow_bonus":"RANDOM_COMMON_RELIC","is_daily":false,"chose_seed":false,"campfire_upgraded":1,"win_rate":0.0,"timestamp":1607943599,"path_taken":["M","?","M","M","?","R","E","?","T","E"],"items_purchased_type":[],"build_version":"2020-12-13","purchased_purges":0,"victory":false,"max_hp_per_floor":[80,80,80,80,80,80,80,80,80,80,80],"relic_stats":{"counters":[6,42],"Golden Idol":12,"Bag of Preparation":[12],"Question Card":0,"obtain_stats":[{"Bottled Flame":7,"Golden Idol":5,"Bag of Preparation":0,"Question Card":9,"Burning Blood":0},{"Bottled Flame":4,"Golden Idol":3,"Bag of Preparation":0,"Question Card":5,"Burning Blood":0},{"Bottled Flame":24,"Golden Idol":15,"Bag of Preparation":0,"Question Card":35,"Burning Blood":0}],"Burning Blood":30},"card_choices":[{"not_picked":["Second Wind","Pommel Strike"],"picked":"ReplayTheSpireMod:Strike From Hell","floor":1},{"not_picked":["Intimidate","Seeing Red"],"picked":"Defy Death","floor":3},{"not_picked":["hubris:ReadiedAction","Twin Strike"],"picked":"Armaments","floor":4},{"not_picked":["Replay:Many Hands","Inflame","Armaments"],"picked":"SKIP","floor":7},{"not_picked":["Inflame","Armaments"],"picked":"Replay:Many Hands","floor":7},{"not_picked":["Hemokinesis","Clothesline"],"picked":"Metallicize","floor":8}],"player_experience":240797,"relics_obtained":[{"floor":7,"key":"Bottled Flame"},{"floor":9,"key":"Question Card"}],"event_choices":[{"damage_healed":0,"gold_gain":0,"player_choice":"Agree","damage_taken":0,"max_hp_gain":0,"max_hp_loss":0,"event_name":"conspire:LoneGhost","floor":2,"gold_loss":0},{"damage_healed":0,"gold_gain":0,"player_choice":"Take Wound","damage_taken":0,"relics_obtained":["Golden Idol"],"max_hp_gain":0,"max_hp_loss":0,"event_name":"Golden Idol","floor":5,"gold_loss":0,"cards_obtained":["Injury"]}],"is_beta":false,"boss_relics":[],"items_purged_floors":[],"is_endless":false,"potions_floor_spawned":[1],"killed_by":"Gremlin Nob","ascension_level":5}}