{"host":"gbop6m4qugddaz18","time":1607967938,"event":{"mods":["2.2 Compatiblity","BaseMod","Better Third Choice","Block Reminder","Downfall","GifTheSpireLib","Highlight Path","Minty Spire (QoL Compilation)","Replay The Spire","StSLib"],"gold_per_floor":[174,174,174,174,194,194,194,221,240,240,240],"floor_reached":10,"playtime":299,"items_purged":[],"score":64,"play_id":"55fa6a69-2cef-4a23-b8c7-975efe30ffeb","local_time":"20201214124538","is_ascension_mode":false,"campfire_choices":[{"data":"hexamod:HeatShield","floor":6,"key":"SMITH"}],"circlet_count":0,"master_deck":["hexamod:Strike","hexamod:Strike","hexamod:Strike","hexamod:Strike","hexamod:Defend","hexamod:Defend","hexamod:Defend","hexamod:Defend","hexamod:Sear","hexamod:Float","hexamod:BurningTouch","hexamod:SpectralSpark","hexamod:HeatMetal","hexamod:HeatShield+1","hexamod:HeatCrush","hexamod:GhostOfSpirePresent"],"relics":["hexamod:SpiritBrand","downfall:HeartsMalice","Singing Bowl","Vajra"],"acts_visited":["Exordium"],"potions_floor_usage":[10,10],"damage_taken":[{"damage":0,"enemies":"Cultist","floor":2,"turns":1},{"damage":0,"enemies":"Small Slimes","floor":3,"turns":1},{"damage":0,"enemies":"Jaw Worm","floor":4,"turns":1},{"damage":3,"enemies":"Red Slaver","floor":5,"turns":3},{"damage":46,"enemies":"Gremlin Nob","floor":8,"turns":5},{"damage":0,"enemies":"Large Slime","floor":9,"turns":4},{"damage":25,"enemies":"Lagavulin","floor":10,"turns":3}],"seed_played":"-4027840994561139820","potions_obtained":[{"floor":8,"key":"Swift Potion"},{"floor":9,"key":"SneckoOil"}],"is_trial":false,"path_per_floor":["R","M","M","M","M","R","T","E","M","E"],"character_chosen":"THE_SPIRIT","items_purchased":[],"campfire_rested":0,"item_purchase_floors":[],"current_hp_per_floor":[70,70,70,70,67,67,67,21,21,0,0],"gold":240,"neow_bonus":"THREE_ENEMY_KILL","is_daily":false,"chose_seed":false,"campfire_upgraded":1,"win_rate":0.0,"timestamp":1607967938,"path_taken":["R","M","M","M","M","R","T","E","M","E"],"items_purchased_type":[],"build_version":"2020-11-30","purchased_purges":0,"victory":false,"max_hp_per_floor":[70,70,70,70,70,70,70,70,70,70,70],"card_choices":[{"not_picked":["hexamod:BacktrackSmack","hexamod:GhostflameBarrier"],"picked":"hexamod:BurningTouch","floor":2},{"not_picked":["hexamod:SwordOfDarkness","hexamod:CatchUp"],"picked":"hexamod:SpectralSpark","floor":3},{"not_picked":["hexamod:ShieldOfDarkness","hexamod:GhostOfSpireFuture"],"picked":"hexamod:HeatMetal","floor":4},{"not_picked":["hexamod:BacktrackSmack","hexamod:RainOfEmbers"],"picked":"hexamod:HeatShield","floor":5},{"not_picked":["hexamod:NightmareGuise","hexamod:BacktrackSmack"],"picked":"hexamod:HeatCrush","floor":8},{"not_picked":["hexamod:AdvancingGuard","hexamod:FlamesFromBeyond"],"picked":"hexamod:GhostOfSpirePresent","floor":9}],"player_experience":401629,"relics_obtained":[{"floor":7,"key":"Singing Bowl"},{"floor":8,"key":"Vajra"}],"event_choices":[],"is_beta":false,"boss_relics":[],"items_purged_floors":[],"is_endless":false,"potions_floor_spawned":[8,9],"killed_by":"Lagavulin","ascension_level":0}}