{"host":"m7puq4mk16tgc6yn","time":1607921367,"event":{"mods":["AchievementEnabler","BaseMod","Colored Map","Colored Powertips","Minty Spire (QoL Compilation)","Relic Stats"],"gold_per_floor":[219,219,232,105,105,105,134,152,152,179,191,191,218,118,118,213,213,226,244,177,177,193,193,224,224,224,239,239,239],"floor_reached":28,"playtime":1330,"items_purged":["Strike_B","Strike_B"],"score":351,"play_id":"d410923c-bd4b-40e1-b944-2c566df74046","local_time":"20201213204927","is_ascension_mode":true,"campfire_choices":[{"data":"Zap","floor":6,"key":"SMITH"},{"data":"Consume","floor":12,"key":"SMITH"},{"data":"Sweeping Beam","floor":15,"key":"SMITH"},{"data":"Coolheaded","floor":23,"key":"SMITH"},{"data":"Turbo","floor":25,"key":"SMITH"}],"circlet_count":0,"master_deck":["Defend_B","Defend_B+1","Defend_B+1","Defend_B","Zap+1","Dualcast","Glacier+1","Cold Snap","Cold Snap","Consume+1","Sweeping Beam+1","Ball Lightning","Auto Shields","Coolheaded+1","Seek","Doom and Gloom+1","Hologram","Core Surge","Turbo+1"],"relics":["Cracked Core","Symbiotic Virus","Oddly Smooth Stone","PreservedInsect","Art of War","Empty Cage","FaceOfCleric","Ice Cream","Pocketwatch"],"acts_visited":["Exordium","TheCity"],"potions_floor_usage":[24,24],"damage_taken":[{"damage":0,"enemies":"2 Louse","floor":1,"turns":2},{"damage":0,"enemies":"Small Slimes","floor":3,"turns":3},{"damage":0,"enemies":"Lagavulin","floor":7,"turns":9},{"damage":0,"enemies":"Jaw Worm","floor":8,"turns":2},{"damage":16,"enemies":"Gremlin Nob","floor":10,"turns":6},{"damage":0,"enemies":"Gremlin Gang","floor":11,"turns":4},{"damage":10,"enemies":"Lagavulin","floor":13,"turns":3},{"damage":5,"enemies":"The Guardian","floor":16,"turns":11},{"damage":10,"enemies":"3 Byrds","floor":18,"turns":5},{"damage":1,"enemies":"Spheric Guardian","floor":19,"turns":4},{"damage":11,"enemies":"Centurion and Healer","floor":22,"turns":11},{"damage":23,"enemies":"Slavers","floor":24,"turns":6},{"damage":0,"enemies":"Sentry and Sphere","floor":27,"turns":3},{"damage":23,"enemies":"Masked Bandits","floor":28,"turns":3}],"seed_played":"2937703484744712057","potions_obtained":[{"floor":3,"key":"GamblersBrew"},{"floor":13,"key":"FocusPotion"},{"floor":16,"key":"LiquidMemories"},{"floor":22,"key":"PowerPotion"}],"is_trial":false,"path_per_floor":["M","?","M","$","?","R","E","M","T","E","M","R","E","$","R","B",null,"M","M","$","?","M","R","E","R","T","M","?"],"character_chosen":"DEFECT","items_purchased":["Cold Snap","Core Surge"],"campfire_rested":0,"item_purchase_floors":[4,20],"current_hp_per_floor":[75,60,60,60,60,60,60,60,60,44,44,44,34,34,34,29,64,54,53,53,53,43,43,21,21,21,22,0,0],"gold":239,"neow_bonus":"HUNDRED_GOLD","is_daily":false,"chose_seed":false,"campfire_upgraded":5,"win_rate":0.0,"timestamp":1607921367,"path_taken":["M","?","M","$","?","R","E","?","T","E","?","R","E","$","R","BOSS","M","M","$","?","?","R","E","R","T","M","?"],"items_purchased_type":["Card","Card"],"build_version":"2020-12-13","purchased_purges":2,"victory":false,"max_hp_per_floor":[75,75,75,75,75,75,75,75,75,75,75,75,75,75,75,75,75,75,75,75,75,76,76,77,77,77,78,78,78],"relic_stats":{"FaceOfCleric":3,"counters":[14,72],"PreservedInsect":67,"Art of War":[10],"obtain_stats":[{"Ice Cream":24,"FaceOfCleric":21,"Oddly Smooth Stone":9,"PreservedInsect":10,"Art of War":13,"Cracked Core":0,"Symbiotic Virus":7,"Empty Cage":17,"Pocketwatch":26},{"Ice Cream":12,"FaceOfCleric":10,"Oddly Smooth Stone":4,"PreservedInsect":5,"Art of War":7,"Cracked Core":0,"Symbiotic Virus":3,"Empty Cage":8,"Pocketwatch":12},{"Ice Cream":66,"FaceOfCleric":49,"Oddly Smooth Stone":16,"PreservedInsect":22,"Art of War":29,"Cracked Core":0,"Symbiotic Virus":14,"Empty Cage":40,"Pocketwatch":66}],"Pocketwatch":[6]},"card_choices":[{"not_picked":["Steam","Conserve Battery"],"picked":"Glacier","floor":1},{"not_picked":["Go for the Eyes","Sweeping Beam"],"picked":"Cold Snap","floor":3},{"not_picked":["Undo","Heatsinks"],"picked":"Consume","floor":7},{"not_picked":["Go for the Eyes","Loop"],"picked":"Sweeping Beam","floor":8},{"not_picked":["Streamline","Redo"],"picked":"Ball Lightning","floor":10},{"not_picked":["Steam","Buffer"],"picked":"Auto Shields","floor":11},{"not_picked":["Go for the Eyes","Reprogram"],"picked":"Coolheaded","floor":13},{"not_picked":["Thunder Strike","Rainbow"],"picked":"Seek","floor":16},{"not_picked":["Sweeping Beam+1","Turbo"],"picked":"Doom and Gloom+1","floor":18},{"not_picked":["Go for the Eyes","Rebound"],"picked":"Hologram","floor":19},{"not_picked":["Sunder","Barrage+1","Beam Cell"],"picked":"SKIP","floor":22},{"not_picked":["Lockon+1","Thunder Strike"],"picked":"Turbo","floor":24},{"not_picked":["Redo","Sweeping Beam","Ball Lightning"],"picked":"SKIP","floor":27}],"player_experience":61158,"relics_obtained":[{"floor":7,"key":"Symbiotic Virus"},{"floor":9,"key":"Oddly Smooth Stone"},{"floor":10,"key":"PreservedInsect"},{"floor":13,"key":"Art of War"},{"floor":24,"key":"Ice Cream"},{"floor":26,"key":"Pocketwatch"}],"event_choices":[{"damage_healed":0,"gold_gain":0,"player_choice":"Entered Light","damage_taken":15,"max_hp_gain":0,"max_hp_loss":0,"event_name":"Shining Light","floor":2,"gold_loss":0,"cards_upgraded":["Defend_B","Defend_B"]},{"damage_healed":0,"gold_gain":0,"player_choice":"Grow","damage_taken":0,"max_hp_gain":0,"max_hp_loss":0,"event_name":"Living Wall","floor":5,"gold_loss":0,"cards_upgraded":["Glacier"]},{"damage_healed":0,"gold_gain":0,"player_choice":"Trade","damage_taken":0,"relics_obtained":["FaceOfCleric"],"max_hp_gain":0,"max_hp_loss":0,"event_name":"FaceTrader","floor":21,"gold_loss":0},{"damage_healed":0,"gold_gain":0,"player_choice":"Fought Bandits","damage_taken":0,"max_hp_gain":0,"max_hp_loss":0,"event_name":"Masked Bandits","floor":28,"gold_loss":0}],"is_beta":false,"boss_relics":[{"not_picked":["SacredBark","Philosopher\u0027s Stone"],"picked":"Empty Cage"}],"items_purged_floors":[4,14],"is_endless":false,"potions_floor_spawned":[3,13,16,18,22],"killed_by":"Masked Bandits","ascension_level":5}}