{"host":"bg8va46pgqgvtzim","time":1607950315,"event":{"mods":["BaseMod","Minty Spire (QoL Compilation)","Quick Restart","StSLib","SuperFastMode"],"gold_per_floor":[15,26,46,58,58,58,72,72,143,143,143,155,170,196,196,270,320,333,258,173,183,199,234,234,261,261,290,290,308,323,334,334,408,408,424,424,324,324,324,324,354,354,380,415,415,429,429,456,456,456,456,456,456,31,66,66],"floor_reached":57,"playtime":1444,"items_purged":["Strike_G","Strike_G","Strike_G"],"score":2975,"play_id":"ec425558-6cd5-47f2-8feb-6e06dc8fbdd0","local_time":"20201214205155","is_ascension_mode":true,"campfire_choices":[{"data":"Accuracy","floor":6.0,"key":"SMITH"},{"data":"Blade Dance","floor":8.0,"key":"SMITH"},{"data":"Cloak And Dagger","floor":10.0,"key":"SMITH"},{"data":"Neutralize","floor":15.0,"key":"SMITH"},{"data":"Expertise","floor":24.0,"key":"SMITH"},{"data":"Blade Dance","floor":28.0,"key":"SMITH"},{"floor":32.0,"key":"REST"},{"data":"Deep Breath","floor":40.0,"key":"SMITH"},{"data":"Forethought","floor":42.0,"key":"SMITH"},{"data":"Tactician","floor":47.0,"key":"SMITH"},{"floor":49.0,"key":"RECALL"},{"data":"Calculated Gamble","floor":53.0,"key":"SMITH"}],"circlet_count":0,"master_deck":["AscendersBane","Strike_G","Defend_G","Defend_G","Defend_G","Defend_G","Defend_G","Survivor","Neutralize+1","The Bomb+1","Blade Dance+1","Accuracy+1","Cloak And Dagger+1","Expertise+1","Concentrate+1","Blade Dance+1","PiercingWail","Acrobatics+1","Acrobatics","Terror","Burst","Blur","Panache","Deep Breath+1","Forethought+1","Calculated Gamble+1","Concentrate+1","Tactician+1","Accuracy"],"relics":["Ring of the Snake","Kunai","Torii","Tiny House","Centennial Puzzle","Juzu Bracelet","Sundial","Singing Bowl","Bronze Scales","Coffee Dripper","Meat on the Bone","Blood Vial","Snake Skull","Boot","Membership Card","Anchor","Oddly Smooth Stone","Akabeko"],"acts_visited":["Exordium","TheCity","TheBeyond","TheEnding"],"potions_floor_usage":[56,56],"damage_taken":[{"damage":1.0,"enemies":"2 Louse","floor":1.0,"turns":4.0},{"damage":7.0,"enemies":"Jaw Worm","floor":2.0,"turns":6.0},{"damage":4.0,"enemies":"Small Slimes","floor":3.0,"turns":4.0},{"damage":4.0,"enemies":"Blue Slaver","floor":4.0,"turns":4.0},{"damage":7.0,"enemies":"Large Slime","floor":7.0,"turns":3.0},{"damage":1.0,"enemies":"Exordium Thugs","floor":12.0,"turns":3.0},{"damage":0.0,"enemies":"2 Fungi Beasts","floor":13.0,"turns":2.0},{"damage":12.0,"enemies":"3 Sentries","floor":14.0,"turns":4.0},{"damage":10.0,"enemies":"Hexaghost","floor":16.0,"turns":8.0},{"damage":0.0,"enemies":"Spheric Guardian","floor":18.0,"turns":1.0},{"damage":1.0,"enemies":"Chosen","floor":21.0,"turns":5.0},{"damage":1.0,"enemies":"3 Cultists","floor":22.0,"turns":3.0},{"damage":12.0,"enemies":"Book of Stabbing","floor":23.0,"turns":4.0},{"damage":21.0,"enemies":"Slavers","floor":25.0,"turns":5.0},{"damage":0.0,"enemies":"Gremlin Leader","floor":27.0,"turns":6.0},{"damage":8.0,"enemies":"Sentry and Sphere","floor":29.0,"turns":3.0},{"damage":8.0,"enemies":"Cultist and Chosen","floor":30.0,"turns":4.0},{"damage":1.0,"enemies":"Shelled Parasite and Fungi","floor":31.0,"turns":2.0},{"damage":2.0,"enemies":"Collector","floor":33.0,"turns":8.0},{"damage":20.0,"enemies":"3 Shapes","floor":35.0,"turns":4.0},{"damage":7.0,"enemies":"Reptomancer","floor":41.0,"turns":6.0},{"damage":0.0,"enemies":"Giant Head","floor":44.0,"turns":4.0},{"damage":0.0,"enemies":"3 Darklings","floor":46.0,"turns":2.0},{"damage":0.0,"enemies":"Nemesis","floor":48.0,"turns":3.0},{"damage":14.0,"enemies":"Donu and Deca","floor":50.0,"turns":6.0},{"damage":7.0,"enemies":"Awakened One","floor":51.0,"turns":9.0},{"damage":1.0,"enemies":"Shield and Spear","floor":55.0,"turns":3.0},{"damage":106,"enemies":"The Heart","floor":56,"turns":10}],"seed_played":"1386940806301148193","potions_obtained":[{"floor":3.0,"key":"ColorlessPotion"},{"floor":7.0,"key":"Energy Potion"},{"floor":14.0,"key":"Fruit Juice"},{"floor":17.0,"key":"SmokeBomb"},{"floor":21.0,"key":"Strength Potion"},{"floor":25.0,"key":"SkillPotion"},{"floor":27.0,"key":"SteroidPotion"},{"floor":29.0,"key":"BlessingOfTheForge"},{"floor":30.0,"key":"Strength Potion"},{"floor":41.0,"key":"EntropicBrew"},{"floor":46.0,"key":"ColorlessPotion"},{"floor":55.0,"key":"FairyPotion"}],"is_trial":false,"path_per_floor":["M","M","M","M","?","R","M","R","T","R","?","M","M","E","R","B",null,"M","$","?","M","M","E","R","E","T","E","R","M","M","M","R","B",null,"M","?","$","?","T","R","E","R","T","E","?","M","R","E","R","B","B",null,"R","$","E","B",null],"character_chosen":"THE_SILENT","items_purchased":["Membership Card","Anchor","Oddly Smooth Stone","Accuracy"],"campfire_rested":1,"item_purchase_floors":[54,54,54,54],"current_hp_per_floor":[58,51,47,43,43,43,36,36,36,36,29,28,28,16,16,6,56,56,56,56,60,59,47,47,26,26,28,28,22,14,15,39,37,71,51,51,51,41,41,41,36,36,36,50,50,52,52,56,56,44,51,77,77,77,80,14],"gold":66,"neow_bonus":"RANDOM_COLORLESS_2","is_daily":false,"chose_seed":false,"campfire_upgraded":10,"win_rate":0.0,"timestamp":1607950315,"path_taken":["M","M","M","M","?","R","M","R","T","R","?","M","M","E","R","BOSS","M","$","?","M","M","E","R","E","T","E","R","M","M","M","R","BOSS","M","?","$","?","?","R","E","R","T","E","?","M","R","E","R","BOSS","BOSS","R","$","E","BOSS"],"items_purchased_type":["Relic","Relic","Relic","Card"],"build_version":"2020-12-13","purchased_purges":3,"victory":true,"max_hp_per_floor":[66,66,66,66,66,66,66,66,66,66,66,66,66,66,66,66,71,71,71,71,76,76,76,76,76,76,78,78,80,80,82,82,82,82,82,82,82,82,82,82,84,84,84,84,84,84,84,86,86,86,86,86,86,86,88,88],"card_choices":[{"not_picked":["Secret Technique","Mayhem"],"picked":"The Bomb","floor":0.0},{"not_picked":["Slice","Flying Knee"],"picked":"Blade Dance","floor":1.0},{"not_picked":["Flying Knee","Catalyst","Outmaneuver"],"picked":"SKIP","floor":2.0},{"not_picked":["Bane","Slice"],"picked":"Accuracy","floor":3.0},{"not_picked":["Slice","Poisoned Stab","Crippling Poison"],"picked":"SKIP","floor":4.0},{"not_picked":["Bullet Time","Catalyst"],"picked":"Cloak And Dagger","floor":7.0},{"not_picked":["Outmaneuver","Deadly Poison"],"picked":"Expertise","floor":12.0},{"not_picked":["Distraction","Poisoned Stab","Dagger Spray"],"picked":"SKIP","floor":13.0},{"not_picked":["Backflip","Setup","Bane"],"picked":"SKIP","floor":14.0},{"not_picked":["Calculated Gamble","Accuracy"],"picked":"Concentrate+1","floor":18.0},{"not_picked":["Cloak And Dagger","Bane+1"],"picked":"Blade Dance","floor":21.0},{"not_picked":["Leg Sweep","Slice"],"picked":"PiercingWail","floor":22.0},{"not_picked":["Sucker Punch","Poisoned Stab"],"picked":"Acrobatics+1","floor":23.0},{"not_picked":["All Out Attack","Catalyst"],"picked":"Acrobatics","floor":25.0},{"not_picked":["A Thousand Cuts","Bane","Caltrops"],"picked":"Singing Bowl","floor":27.0},{"not_picked":["Bouncing Flask","Heel Hook","Acrobatics"],"picked":"Singing Bowl","floor":29.0},{"not_picked":["Deflect","Sucker Punch"],"picked":"Terror","floor":30.0},{"not_picked":["Slice+1","Deadly Poison","Leg Sweep"],"picked":"Singing Bowl","floor":31.0},{"not_picked":["Bullet Time","Corpse Explosion"],"picked":"Burst","floor":33.0},{"not_picked":["Sucker Punch","Riddle With Holes"],"picked":"Blur","floor":35.0},{"not_picked":["Secret Technique","Madness"],"picked":"Panache","floor":38.0},{"not_picked":["Discovery","Secret Weapon"],"picked":"Deep Breath","floor":38.0},{"not_picked":["Jack Of All Trades","Swift Strike"],"picked":"Forethought","floor":38.0},{"not_picked":["Sucker Punch+1","Choke","Dash"],"picked":"Singing Bowl","floor":41.0},{"not_picked":["Outmaneuver","Backflip"],"picked":"Calculated Gamble","floor":44.0},{"not_picked":["Footwork+1","Backflip+1"],"picked":"Tactician","floor":46.0},{"not_picked":["Caltrops+1","Crippling Poison","A Thousand Cuts"],"picked":"Singing Bowl","floor":48.0},{"not_picked":["Dodge and Roll+1","Acrobatics","Heel Hook"],"picked":"Singing Bowl","floor":55.0}],"player_experience":2098663,"relics_obtained":[{"floor":9.0,"key":"Kunai"},{"floor":14.0,"key":"Torii"},{"floor":23.0,"key":"Juzu Bracelet"},{"floor":25.0,"key":"Sundial"},{"floor":26.0,"key":"Singing Bowl"},{"floor":27.0,"key":"Bronze Scales"},{"floor":41.0,"key":"Meat on the Bone"},{"floor":43.0,"key":"Blood Vial"},{"floor":44.0,"key":"Snake Skull"},{"floor":48.0,"key":"Boot"},{"floor":55.0,"key":"Akabeko"}],"event_choices":[{"damage_healed":0.0,"max_hp_gain":0.0,"max_hp_loss":0.0,"gold_gain":0.0,"event_name":"Liars Game","player_choice":"Ignored","floor":5.0,"gold_loss":0.0,"damage_taken":0.0},{"cards_removed":["Strike_G"],"damage_healed":0.0,"max_hp_gain":0.0,"max_hp_loss":0.0,"gold_gain":0.0,"event_name":"Golden Wing","player_choice":"Card Removal","floor":11.0,"gold_loss":0.0,"damage_taken":7.0},{"damage_healed":0.0,"max_hp_gain":0.0,"max_hp_loss":0.0,"gold_gain":0.0,"event_name":"Addict","player_choice":"Obtained Relic","floor":20.0,"gold_loss":85.0,"damage_taken":0.0,"relics_obtained":["Centennial Puzzle"]},{"damage_healed":0.0,"max_hp_gain":0.0,"max_hp_loss":0.0,"gold_gain":0.0,"event_name":"Tomb of Lord Red Mask","player_choice":"Ignored","floor":36.0,"gold_loss":0.0,"damage_taken":0.0},{"damage_healed":0.0,"max_hp_gain":0.0,"max_hp_loss":0.0,"gold_gain":0.0,"event_name":"SensoryStone","player_choice":"Memory 3","floor":38.0,"gold_loss":0.0,"damage_taken":10.0},{"damage_healed":0.0,"max_hp_gain":0.0,"max_hp_loss":0.0,"gold_gain":0.0,"event_name":"Duplicator","player_choice":"Copied","floor":45.0,"gold_loss":0.0,"damage_taken":0.0,"cards_obtained":["Concentrate"]}],"is_beta":false,"boss_relics":[{"not_picked":["Fusion Hammer","Ectoplasm"],"picked":"Tiny House"},{"not_picked":["Cursed Key","Runic Pyramid"],"picked":"Coffee Dripper"}],"items_purged_floors":[19,37,54],"is_endless":false,"potions_floor_spawned":[3,7,13,14,21,25,27,29,30,41,46,55],"ascension_level":20}}