{"host":"otf1z5955ddlv5pq","time":1607910836,"event":{"mods":["BaseMod","Beaked The Cultist","Better Altar","Better Match","Better Note","Better Sensory Stone","Better Skull","Better Third Choice","Colored Map","Colored Powertips","Downfall","Minty Spire (QoL Compilation)","Rare Cards Sparkle","Replay The Spire","StSLib"],"gold_per_floor":[112,37,37,49,49,78,38,50,101,101,120,120,120],"floor_reached":12,"playtime":907,"items_purged":["Strike_R"],"score":78,"play_id":"3f744946-c440-472d-902b-4c5b6cb8c9a8","local_time":"20201213175356","is_ascension_mode":false,"campfire_choices":[],"circlet_count":0,"master_deck":["Strike_R+1","Strike_R","Strike_R","Defend_R","Defend_R","Defend_R","Defend_R","Bash","ReplayTheSpireMod:Limb From Limb+1","Cleave","Thunderclap"],"relics":["Burning Blood","Regal Pillow","betterThird:SlimedRelic","Pen Nib","Blue Doll"],"acts_visited":["Exordium"],"potions_floor_usage":[11],"damage_taken":[{"damage":5,"enemies":"Jaw Worm","floor":1,"turns":4},{"damage":0,"enemies":"Small Slimes","floor":4,"turns":3},{"damage":16,"enemies":"Lagavulin","floor":6,"turns":6},{"damage":1,"enemies":"2 Louse","floor":8,"turns":3},{"damage":18,"enemies":"Large Slime","floor":11,"turns":7},{"damage":41,"enemies":"3 Sentries","floor":12,"turns":6}],"seed_played":"1543985325557670410","potions_obtained":[{"floor":8,"key":"Explosive Potion"}],"is_trial":false,"path_per_floor":["M","$","?","M","?","E","?","M","T","T","M","E"],"character_chosen":"IRONCLAD","items_purchased":[],"campfire_rested":0,"item_purchase_floors":[],"current_hp_per_floor":[80,80,85,85,68,58,47,52,52,52,40,0,0],"gold":120,"neow_bonus":"TRANSFORM_CARD","is_daily":false,"chose_seed":false,"campfire_upgraded":0,"win_rate":0.0,"timestamp":1607910836,"path_taken":["M","$","?","M","?","E","?","M","T","?","M","E"],"items_purchased_type":[],"build_version":"2020-12-13","purchased_purges":1,"victory":false,"max_hp_per_floor":[80,80,85,85,85,85,85,85,85,85,85,85,85],"card_choices":[{"not_picked":["Twin Strike","Wild Strike"],"picked":"Cleave","floor":1},{"not_picked":["Clash","Thunderclap","Cleave"],"picked":"SKIP","floor":4},{"not_picked":["Second Wind","Run Through","Warcry"],"picked":"SKIP","floor":6},{"not_picked":["Sentinel","Dark Embrace","Body Slam"],"picked":"SKIP","floor":8},{"not_picked":["Replay:Undeath\u0027s Touch","Cleave"],"picked":"Thunderclap","floor":11}],"player_experience":880932,"relics_obtained":[{"floor":6,"key":"Regal Pillow"},{"floor":9,"key":"Pen Nib"},{"floor":10,"key":"Blue Doll"}],"event_choices":[{"damage_healed":0,"gold_gain":0,"player_choice":"Donut","damage_taken":0,"max_hp_gain":5,"max_hp_loss":0,"event_name":"Big Fish","floor":3,"gold_loss":0},{"damage_healed":85,"gold_gain":0,"player_choice":"Upgrade","damage_taken":17,"max_hp_gain":0,"max_hp_loss":85,"event_name":"betterThird:BetterShining","floor":5,"gold_loss":0,"cards_upgraded":["Strike_R","ReplayTheSpireMod:Limb From Limb"]},{"damage_healed":0,"gold_gain":0,"player_choice":"Slimed","damage_taken":11,"max_hp_gain":0,"max_hp_loss":0,"event_name":"betterThird:BetterGoop","floor":7,"gold_loss":40}],"is_beta":false,"boss_relics":[],"items_purged_floors":[2],"is_endless":false,"potions_floor_spawned":[8],"killed_by":"3 Sentries","ascension_level":0}}