{"host":"Krakhan","time":1607914441,"event":{"mods":["AchievementEnabler","BaseMod","Colored Map","Colored Powertips","Faster Ascension Climbing","Highlight Path","Minty Spire (QoL Compilation)","Rare Cards Sparkle","Relic Stats","StSLib"],"gold_per_floor":[360,371,49,61,73,73,108,120,120,150,150,478,478,42,42,42,42],"floor_reached":16,"playtime":840,"items_purged":["Pain","Strike_B"],"score":270,"play_id":"920b8e7f-cece-4299-9a78-cf4b073bab6b","local_time":"20201213215401","is_ascension_mode":true,"campfire_choices":[{"data":"Rip and Tear","floor":6,"key":"SMITH"},{"floor":11,"key":"REST"},{"data":"Doom and Gloom","floor":13,"key":"SMITH"},{"floor":15,"key":"REST"}],"circlet_count":0,"master_deck":["AscendersBane","Strike_B","Strike_B","Strike_B","Defend_B","Defend_B","Defend_B","Defend_B","Zap","Dualcast","Darkness","Rip and Tear+1","Streamline","Compile Driver","Ball Lightning","Doom and Gloom+1","Rainbow","Self Repair","Capacitor","Doom and Gloom","Conserve Battery"],"relics":["Cracked Core","Anchor","Calipers","StrikeDummy","Old Coin","MealTicket"],"acts_visited":[],"potions_floor_usage":[7,12,12,16],"damage_taken":[{"damage":4,"enemies":"Cultist","floor":1,"turns":3},{"damage":14,"enemies":"Jaw Worm","floor":2,"turns":4},{"damage":14,"enemies":"Small Slimes","floor":4,"turns":4},{"damage":2,"enemies":"Exordium Thugs","floor":5,"turns":4},{"damage":20,"enemies":"Lagavulin","floor":7,"turns":5},{"damage":6,"enemies":"Blue Slaver","floor":8,"turns":3},{"damage":0,"enemies":"Gremlin Nob","floor":12,"turns":3},{"damage":47,"enemies":"Slime Boss","floor":16,"turns":8}],"seed_played":"478451142126895566","potions_obtained":[{"floor":1,"key":"BlessingOfTheForge"},{"floor":5,"key":"AttackPotion"},{"floor":7,"key":"Block Potion"},{"floor":12,"key":"Strength Potion"}],"is_trial":false,"path_per_floor":["M","M","$","M","M","R","E","M","T","?","R","E","R","$","R","B"],"character_chosen":"DEFECT","items_purchased":["Anchor","Streamline","AttackPotion","Capacitor","MealTicket","Doom and Gloom","Conserve Battery"],"campfire_rested":2,"item_purchase_floors":[3,3,3,14,14,14,14],"current_hp_per_floor":[60,46,46,32,30,30,10,4,4,4,25,25,25,25,46,0,0],"gold":42,"neow_bonus":"TWO_FIFTY_GOLD","is_daily":false,"chose_seed":false,"campfire_upgraded":2,"win_rate":0.0,"timestamp":1607914441,"path_taken":["M","M","$","M","?","R","E","M","T","?","R","E","R","$","R","BOSS"],"items_purchased_type":["Relic","Card","Potion","Card","Relic","Card","Card"],"build_version":"2020-12-07","purchased_purges":2,"victory":false,"max_hp_per_floor":[71,71,71,71,71,71,71,71,71,71,71,71,71,71,71,71,71],"relic_stats":{"counters":[8,34],"MealTicket":0,"obtain_stats":[{"Anchor":3,"Calipers":7,"MealTicket":14,"Cracked Core":0,"StrikeDummy":9,"Old Coin":12},{"Anchor":2,"Calipers":5,"MealTicket":7,"Cracked Core":0,"StrikeDummy":6,"Old Coin":7},{"Anchor":7,"Calipers":20,"MealTicket":26,"Cracked Core":0,"StrikeDummy":23,"Old Coin":26}]},"card_choices":[{"not_picked":["Conserve Battery","Leap"],"picked":"Darkness","floor":1},{"not_picked":["Self Repair","Consume"],"picked":"Rip and Tear","floor":2},{"not_picked":["Hologram","Steam"],"picked":"Compile Driver","floor":4},{"not_picked":["Coolheaded","Sweeping Beam"],"picked":"Ball Lightning","floor":5},{"not_picked":["BootSequence","Genetic Algorithm"],"picked":"Doom and Gloom","floor":7},{"not_picked":["Streamline","Ball Lightning"],"picked":"Rainbow","floor":8},{"not_picked":["Scrape","Compile Driver"],"picked":"Self Repair","floor":12}],"player_experience":1198698,"relics_obtained":[{"floor":7,"key":"Calipers"},{"floor":9,"key":"StrikeDummy"},{"floor":12,"key":"Old Coin"}],"event_choices":[{"damage_healed":0,"gold_gain":30,"player_choice":"Searched \u00271\u0027 times","damage_taken":0,"max_hp_gain":0,"max_hp_loss":0,"event_name":"Dead Adventurer","floor":10,"gold_loss":0}],"is_beta":true,"boss_relics":[],"items_purged_floors":[3,14],"is_endless":false,"potions_floor_spawned":[1,5,7,12],"killed_by":"Slime Boss","ascension_level":20}}