{"host":"m3rs92yjkwi06hli","time":1607915987,"event":{"mods":["Act Like it!","Aspiration","BaseMod","Colored Map","Conspire","Defuse TimeMaze Blight","Energized Spire","GungeonMod","Hubris","Infinite Spire","Minty Spire (QoL Compilation)","Relic Stats","Replay The Spire","Spicy Shops","StSLib"],"gold_per_floor":[214,314,331,61,86,112,112,112,112,124,156,156,173,173,173,208,208,305,305,324,337,337,354,148,181,181,181,181,181,197,211,227,264,283,283,283,283],"floor_reached":36,"playtime":1641,"items_purged":["DemoMod:Strike_Huntress"],"score":286,"play_id":"15c6bd68-b530-446c-9aff-0619b6e90596","local_time":"20201213211947","is_ascension_mode":false,"campfire_choices":[{"floor":9,"key":"REST"},{"floor":12,"key":"REST"},{"floor":15,"key":"REST"},{"floor":27,"key":"REST"},{"floor":35,"key":"REST"}],"circlet_count":0,"master_deck":["DemoMod:Strike_Huntress","DemoMod:Strike_Huntress","DemoMod:Defend_Huntress","DemoMod:Defend_Huntress","DemoMod:Defend_Huntress","DemoMod:Defend_Huntress","DemoMod:Roll","DemoMod:ManualReload","DemoMod:RustySidearm","DemoMod:CrossBow","DemoMod:JK47","DemoMod:GunstockTap","DemoMod:Elimentaler","DemoMod:PracticeMakesPerfect","DemoMod:Unity","DemoMod:PotionOfGunFriendShip","DemoMod:TripleGun","DemoMod:HungryBullets","DemoMod:Slinger","DemoMod:FightSabre","DemoMod:AWP","DemoMod:TeaPot","DemoMod:MachoBrace","DemoMod:TeaPot","DemoMod:HuntsMan","DemoMod:PotionOfGunFriendShip","DemoMod:PracticeMakesPerfect","DemoMod:HungryBullets","DemoMod:ChanceBullets","DemoMod:StickyCrossBow","DemoMod:DoubleVision","DemoMod:ShadowBullets","DemoMod:StickyCrossBow+1","DemoMod:PotionOfGunFriendShip+1"],"relics":["DemoMod:Dog","Replay:Rubber Ducky","DemoMod:WeirdEgg","DemoMod:OrangeGuonStone","Vajra","aspiration:ArtOfWarUpgrade","infinitespire:Cupcake","conspire:TreasureMap","Black Star","BargainBundle","Juzu Bracelet","hubris:ToyBattleship","hubris:64BitClover"],"acts_visited":["Exordium","TheCity","TheCity"],"potions_floor_usage":[13,13,20,32,32,33,33],"damage_taken":[{"damage":1,"enemies":"Cultist","floor":1,"turns":3},{"damage":20,"enemies":"infinitespire:Voidling","floor":3,"turns":6},{"damage":0,"enemies":"conspire:RoseBush","floor":5,"turns":3},{"damage":59,"enemies":"Lagavulin","floor":6,"turns":10},{"damage":7,"enemies":"Exordium Thugs","floor":10,"turns":5},{"damage":0,"enemies":"Gremlin Gang","floor":11,"turns":5},{"damage":5,"enemies":"Gremlin Gang","floor":13,"turns":4},{"damage":5,"enemies":"Looter","floor":16,"turns":5},{"damage":14,"enemies":"Fading Forest","floor":18,"turns":12},{"damage":0,"enemies":"Spheric Guardian","floor":20,"turns":3},{"damage":0,"enemies":"conspire:FuzzyDice","floor":21,"turns":6},{"damage":15,"enemies":"Snake Plant","floor":23,"turns":3},{"damage":49,"enemies":"Gremlin Leader","floor":25,"turns":10},{"damage":7,"enemies":"DemoMod:Veteran_shot_gun_kin_and_bullet_kin","floor":30,"turns":1},{"damage":0,"enemies":"DemoMod:2_Veteran_bullet_kins_and_red_shotgun_kin","floor":31,"turns":2},{"damage":4,"enemies":"DemoMod:Veteran_shot_gun_kin_and_blue_shotgun_kin_with_gunsinger","floor":32,"turns":2},{"damage":8,"enemies":"DemoMod:Red_and_blue_shotgun_kin_with_gunsinger","floor":33,"turns":4},{"damage":41,"enemies":"DemoMod:2_Mousers","floor":34,"turns":4},{"damage":40,"enemies":"DemoMod:ResourcefulRat","floor":36,"turns":6}],"seed_played":"-8847382827590941277","potions_obtained":[{"floor":6,"key":"DuplicationPotion"},{"floor":10,"key":"Block Potion"},{"floor":13,"key":"Ancient Potion"},{"floor":18,"key":"Block Potion"},{"floor":21,"key":"Venom Potion"},{"floor":30,"key":"Explosive Potion"},{"floor":31,"key":"DistilledChaos"},{"floor":33,"key":"Fruit Juice"}],"is_trial":false,"path_per_floor":["M","?","M","$","M","E","PTL","PTL","R","M","T","R","M","?","R","?","R","B",null,"M","M","AVR","M","$","E","?","R","T","R","M","M","M","M","M","R","B"],"character_chosen":"HUNTRESS","items_purchased":["DemoMod:GnawedKey","DemoMod:WeirdEgg","BargainBundle","Juzu Bracelet","DemoMod:TeaPot","DemoMod:HuntsMan","DemoMod:PotionOfGunFriendShip","DemoMod:PracticeMakesPerfect","DemoMod:HungryBullets","Block Potion"],"campfire_rested":5,"item_purchase_floors":[4,4,24,24,24,24,24,24,24,24],"current_hp_per_floor":[69,69,62,62,62,3,3,3,24,17,17,38,33,33,54,49,49,45,70,70,70,70,55,55,6,6,27,70,70,63,63,59,56,15,37,0,0],"gold":283,"neow_bonus":"HUNDRED_GOLD","is_daily":false,"chose_seed":false,"campfire_upgraded":0,"win_rate":0.0,"timestamp":1607915987,"path_taken":["M","?","M","$","M","E","PTL","PTL","R","M","T","R","M","?","R","?","R","BOSS","M","?","AVR","M","$","E","?","R","T","R","M","M","M","M","M","R","BOSS"],"items_purchased_type":["Relic","Relic","Relic","Relic","Card","Card","Card","Card","Card","Potion"],"build_version":"2020-12-13","purchased_purges":1,"victory":false,"max_hp_per_floor":[70,70,70,70,70,70,70,70,70,70,70,70,70,70,70,70,70,70,70,70,70,70,70,70,70,70,70,70,70,70,70,70,75,75,75,75,75],"relic_stats":{"counters":[19,94],"Black Star":1,"Juzu Bracelet":0,"obtain_stats":[{"conspire:TreasureMap":22,"BargainBundle":24,"DemoMod:Dog":0,"hubris:64BitClover":25,"DemoMod:WeirdEgg":4,"DemoMod:OrangeGuonStone":6,"Vajra":11,"DemoMod:GlassGuonStoneRelic":5,"Juzu Bracelet":24,"Replay:Rubber Ducky":1,"aspiration:ArtOfWarUpgrade":29,"DemoMod:GnawedKey":4,"Art of War":16,"Black Star":22,"hubris:ToyBattleship":25,"infinitespire:Cupcake":19},{"conspire:TreasureMap":11,"BargainBundle":12,"DemoMod:Dog":0,"hubris:64BitClover":13,"DemoMod:WeirdEgg":2,"DemoMod:OrangeGuonStone":4,"Vajra":6,"DemoMod:GlassGuonStoneRelic":3,"Juzu Bracelet":12,"Replay:Rubber Ducky":1,"aspiration:ArtOfWarUpgrade":13,"DemoMod:GnawedKey":2,"Art of War":8,"Black Star":11,"hubris:ToyBattleship":13,"infinitespire:Cupcake":9},{"conspire:TreasureMap":62,"BargainBundle":65,"DemoMod:Dog":0,"hubris:64BitClover":75,"DemoMod:WeirdEgg":9,"DemoMod:OrangeGuonStone":22,"Vajra":32,"DemoMod:GlassGuonStoneRelic":12,"Juzu Bracelet":65,"Replay:Rubber Ducky":3,"aspiration:ArtOfWarUpgrade":75,"DemoMod:GnawedKey":9,"Art of War":41,"Black Star":62,"hubris:ToyBattleship":75,"infinitespire:Cupcake":53}]},"card_choices":[{"not_picked":["DemoMod:RadGun","DemoMod:SniperShot"],"picked":"DemoMod:JK47","floor":1},{"not_picked":["DemoMod:SniperShot","DemoMod:GunShield"],"picked":"DemoMod:GunstockTap","floor":3},{"not_picked":["DemoMod:PotionOfGunFriendShip","DemoMod:Rummage"],"picked":"DemoMod:Elimentaler","floor":5},{"not_picked":["DemoMod:ZorGun","DemoMod:LifeOrb"],"picked":"DemoMod:PracticeMakesPerfect","floor":6},{"not_picked":["DemoMod:HardPowerCard","DemoMod:GunstockTap"],"picked":"DemoMod:Unity","floor":10},{"not_picked":["DemoMod:GunstockTap","DemoMod:ConditionalReflex"],"picked":"DemoMod:PotionOfGunFriendShip","floor":11},{"not_picked":["DemoMod:BattleInHaste","DemoMod:TableSutra"],"picked":"DemoMod:TripleGun","floor":11},{"not_picked":["DemoMod:BoxingGlove","DemoMod:PotionOfGunFriendShip"],"picked":"DemoMod:HungryBullets","floor":13},{"not_picked":["DemoMod:AbyssalTentacle","DemoMod:GunstockTap"],"picked":"DemoMod:Slinger","floor":16},{"not_picked":["DemoMod:BalloonGun","DemoMod:Slinger"],"picked":"DemoMod:FightSabre","floor":18},{"not_picked":["DemoMod:JK47","DemoMod:AC15"],"picked":"DemoMod:AWP","floor":20},{"not_picked":["DemoMod:DoubleSwitch","DemoMod:BattleInHaste"],"picked":"DemoMod:TeaPot","floor":21},{"not_picked":["DemoMod:DirectionalPad","DemoMod:HardPowerCard"],"picked":"DemoMod:MachoBrace","floor":23},{"not_picked":["DemoMod:BalloonGun","DemoMod:PotionOfGunFriendShip+1"],"picked":"DemoMod:ChanceBullets","floor":25},{"not_picked":["DemoMod:Ejector","DemoMod:SAA+1"],"picked":"DemoMod:StickyCrossBow","floor":30},{"not_picked":["DemoMod:AC15+1","DemoMod:Unmoved+1"],"picked":"DemoMod:DoubleVision","floor":31},{"not_picked":["DemoMod:BattleInHaste","DemoMod:JK47"],"picked":"DemoMod:ShadowBullets","floor":32},{"not_picked":["DemoMod:BattleInHaste+1","DemoMod:Unity+1"],"picked":"DemoMod:StickyCrossBow+1","floor":33},{"not_picked":["DemoMod:BattleInHaste","DemoMod:BoxingGlove+1"],"picked":"DemoMod:PotionOfGunFriendShip+1","floor":34}],"player_experience":722734,"relics_obtained":[{"floor":1,"key":"Replay:Rubber Ducky"},{"floor":6,"key":"DemoMod:OrangeGuonStone"},{"floor":11,"key":"Vajra"},{"floor":16,"key":"Art of War"},{"floor":25,"key":"hubris:ToyBattleship"},{"floor":25,"key":"hubris:64BitClover"}],"event_choices":[{"damage_healed":0,"gold_gain":100,"player_choice":"Pray","damage_taken":0,"max_hp_gain":0,"max_hp_loss":0,"event_name":"Golden Shrine","floor":2,"gold_loss":0},{"damage_healed":0,"gold_gain":0,"player_choice":"Ignored","damage_taken":0,"max_hp_gain":0,"max_hp_loss":0,"event_name":"NoteForYourself","floor":14,"gold_loss":0}],"is_beta":false,"boss_relics":[{"not_picked":["aspiration:SilentSkillbook","aspiration:RunicSpoon"],"picked":"infinitespire:Cupcake"}],"items_purged_floors":[24],"is_endless":false,"potions_floor_spawned":[6,10,13,18,21,30,31,33],"killed_by":"DemoMod:ResourcefulRat","ascension_level":0}}