{"host":"6q3xrfxx8iswq9mh","time":1607940018,"event":{"mods":["BaseMod","Colored Powertips","Downfall","Lobotomy","Marisa£®ÏF”Í°°ƒß¿Ì…≥£©","Minty Spire (QoL Compilation)","Quick Restart","Remilia£®¿Ÿ√◊¿Ú—«£©","Replay The Spire","StSLib","The Bug Knight","The Cursed","The Runesmith","The Servant 0.9.4"],"gold_per_floor":[114,39,39,39,54,84,84,84,109,139,163,163,163,187,187,187,187],"floor_reached":16,"playtime":573,"items_purged":["ReplayTheSpireMod:Limb From Limb"],"score":133,"play_id":"2c64dc26-757e-4e21-bde8-a6e51112a0ab","local_time":"20201214180018","daily_mods":["Specialized","Diverse","downfall:WorldOfGoo"],"is_ascension_mode":false,"campfire_choices":[{"floor":7,"key":"REST"},{"floor":12,"key":"REST"},{"floor":15,"key":"REST"}],"circlet_count":0,"master_deck":["champ:Strike","champ:Strike+1","champ:Strike","champ:Defend","champ:Defend","champ:Defend","champ:Defend","champ:Execute","champ:Taunt","ReplayTheSpireMod:Limb From Limb","ReplayTheSpireMod:Limb From Limb","ReplayTheSpireMod:Limb From Limb","ReplayTheSpireMod:Limb From Limb+1","ReachHeaven","TheCursedMod:Stigma","Hidden Blade","HollowMod:SharpenedNail","TheCursedMod:NeowsMight"],"relics":["champ:ChampionCrown","Juzu Bracelet","Art of War","CeramicFish"],"acts_visited":["Exordium"],"potions_floor_usage":[16],"damage_taken":[{"damage":6,"enemies":"Cultist","floor":1,"turns":4},{"damage":5,"enemies":"Small Slimes","floor":5,"turns":2},{"damage":22,"enemies":"Gremlin Nob","floor":6,"turns":4},{"damage":40,"enemies":"Lagavulin","floor":10,"turns":6},{"damage":16,"enemies":"2 Louse","floor":11,"turns":2},{"damage":9,"enemies":"Gremlin Gang","floor":14,"turns":4},{"damage":38,"enemies":"Fading Forest","floor":16,"turns":8}],"seed_played":"1880613833527945180","potions_obtained":[{"floor":6,"key":"Elixir"},{"floor":10,"key":"Strength Potion"}],"is_trial":false,"path_per_floor":["M","$","?","$","M","E","R","?","T","E","M","R","?","M","R","B"],"character_chosen":"THE_CHAMP","items_purchased":[],"campfire_rested":3,"item_purchase_floors":[],"current_hp_per_floor":[89,89,71,71,66,44,71,71,71,36,25,52,52,43,70,42,42],"gold":187,"neow_bonus":"","is_daily":true,"chose_seed":false,"campfire_upgraded":0,"win_rate":0.0,"timestamp":1607940018,"path_taken":["M","?","?","$","M","E","R","?","T","E","M","R","?","M","R","BOSS"],"items_purchased_type":[],"build_version":"2020-12-13","purchased_purges":1,"victory":false,"max_hp_per_floor":[90,90,90,90,90,90,90,90,90,90,90,90,90,90,90,90,90],"card_choices":[{"not_picked":["ReplayTheSpireMod:Exploit Weakness","Havoc"],"picked":"ReachHeaven","floor":1},{"not_picked":["sneckomod:UnknownDexterity","Slimebound:PressTheAttack"],"picked":"TheCursedMod:Stigma","floor":5},{"not_picked":["HollowMod:NewGlowingWomb","Runesmith:CraftVitae"],"picked":"Hidden Blade","floor":6},{"not_picked":["Guardian:FuturePlans","TheCursedMod:HellsGateOpen","Slimebound:ServeAndProtect"],"picked":"SKIP","floor":10},{"not_picked":["champ:Aggression","Draining Mist"],"picked":"HollowMod:SharpenedNail","floor":11},{"not_picked":["Body Slam","Guardian:CrystalBeam"],"picked":"TheCursedMod:NeowsMight","floor":14}],"player_experience":284142,"relics_obtained":[{"floor":6,"key":"Juzu Bracelet"},{"floor":9,"key":"Art of War"},{"floor":10,"key":"CeramicFish"}],"event_choices":[{"damage_healed":0,"gold_gain":0,"player_choice":"Entered Light","damage_taken":18,"max_hp_gain":0,"max_hp_loss":0,"event_name":"Shining Light","floor":3,"gold_loss":0,"cards_upgraded":["champ:Strike","ReplayTheSpireMod:Limb From Limb"]},{"cards_removed":["champ:Strike"],"damage_healed":0,"gold_gain":0,"player_choice":"Forget","damage_taken":0,"max_hp_gain":0,"max_hp_loss":0,"event_name":"Living Wall","floor":8,"gold_loss":0},{"damage_healed":0,"gold_gain":0,"player_choice":"0 cards matched","damage_taken":0,"max_hp_gain":0,"max_hp_loss":0,"event_name":"Match and Keep!","floor":13,"gold_loss":0,"cards_obtained":[]}],"is_beta":false,"boss_relics":[],"items_purged_floors":[2],"is_endless":false,"potions_floor_spawned":[6,10],"killed_by":"Fading Forest","ascension_level":0}}