{"host":"9z9bilz90zy1bfdt","time":1607916596,"event":{"mods":["BaseMod","Minty Spire (QoL Compilation)","StSLib","SuperFastMode"],"gold_per_floor":[112,125,138,152,152,178,178,213,213,223,257,271,42,42,42,137,137,156,156,255,273,273,307,307,322,345,365,395,410,410,410,410,508,508,523,533,203,203,203,203,230,230,257,282,332,346,371,71,71,71,71,71,0,31,31],"floor_reached":56,"playtime":2212,"items_purged":["Iron Wave","Clothesline+1"],"score":1927,"play_id":"9699e94f-22ae-4493-a458-9514dff0d86c","local_time":"20201214122956","is_ascension_mode":true,"campfire_choices":[{"data":"Seeing Red","floor":7.0,"key":"SMITH"},{"floor":15.0,"key":"REST"},{"data":"Rupture","floor":24.0,"key":"SMITH"},{"data":"Battle Trance","floor":30.0,"key":"SMITH"},{"data":"Hemokinesis","floor":32.0,"key":"SMITH"},{"data":"Dark Embrace","floor":40.0,"key":"SMITH"},{"floor":42,"key":"RECALL"},{"data":"Reaper","floor":49,"key":"SMITH"},{"data":"Shrug It Off","floor":52,"key":"SMITH"}],"circlet_count":0,"master_deck":["AscendersBane","Defend_R","Rupture+1","Rupture+1","Rupture+1","Reaper+1","Hemokinesis+1","Hemokinesis+1","Hemokinesis+1","Rupture+1","Shrug It Off+1","Seeing Red+1","Battle Trance+1","Warcry+1","Reaper+1","True Grit+1","Dual Wield+1","Disarm+1","Hemokinesis+1","Warcry+1","Exhume+1","Seeing Red+1","Offering+1","Twin Strike+1","Burning Pact+1","Dark Embrace+1","Madness+1","Purity+1","Madness+1","Sentinel+1","Secret Technique+1","Blood for Blood"],"relics":["Burning Blood","NeowsBlessing","Bird Faced Urn","Mummified Hand","Toxic Egg 2","Bottled Flame","Potion Belt","Black Star","Bronze Scales","Ornamental Fan","Happy Flower","MealTicket","Blood Vial","Toy Ornithopter","HornCleat","Astrolabe","Omamori","Unceasing Top","TungstenRod","Vajra","PreservedInsect","Pocketwatch","Lantern","MawBank","Pen Nib","Nunchaku","Gremlin Horn"],"acts_visited":["Exordium","TheCity","TheBeyond","TheEnding"],"potions_floor_usage":[47],"damage_taken":[{"damage":2.0,"enemies":"Jaw Worm","floor":1.0,"turns":1.0},{"damage":0.0,"enemies":"Cultist","floor":2.0,"turns":2.0},{"damage":4.0,"enemies":"Small Slimes","floor":3.0,"turns":2.0},{"damage":15.0,"enemies":"Blue Slaver","floor":4.0,"turns":4.0},{"damage":40.0,"enemies":"3 Sentries","floor":6.0,"turns":6.0},{"damage":31.0,"enemies":"Gremlin Nob","floor":8.0,"turns":4.0},{"damage":9.0,"enemies":"Looter","floor":10.0,"turns":3.0},{"damage":38.0,"enemies":"Lagavulin","floor":11.0,"turns":4.0},{"damage":18.0,"enemies":"Large Slime","floor":12.0,"turns":4.0},{"damage":40.0,"enemies":"The Guardian","floor":16.0,"turns":5.0},{"damage":6.0,"enemies":"Spheric Guardian","floor":18.0,"turns":2.0},{"damage":29.0,"enemies":"3 Byrds","floor":21.0,"turns":5.0},{"damage":54.0,"enemies":"Slavers","floor":23.0,"turns":6.0},{"damage":20.0,"enemies":"3 Cultists","floor":25.0,"turns":4.0},{"damage":31.0,"enemies":"Snake Plant","floor":27.0,"turns":4.0},{"damage":30.0,"enemies":"Gremlin Leader","floor":28.0,"turns":5.0},{"damage":40.0,"enemies":"Shelled Parasite and Fungi","floor":29.0,"turns":4.0},{"damage":102.0,"enemies":"Automaton","floor":33.0,"turns":8.0},{"damage":23.0,"enemies":"Orb Walker","floor":35.0,"turns":2.0},{"damage":38.0,"enemies":"3 Darklings","floor":36.0,"turns":3.0},{"damage":43.0,"enemies":"Reptomancer","floor":41.0,"turns":4.0},{"damage":16,"enemies":"Giant Head","floor":44,"turns":2},{"damage":10,"enemies":"Mind Bloom Boss Battle","floor":45,"turns":2},{"damage":32,"enemies":"4 Shapes","floor":46,"turns":3},{"damage":33,"enemies":"Nemesis","floor":47,"turns":3},{"damage":26,"enemies":"Awakened One","floor":50,"turns":4},{"damage":52,"enemies":"Shield and Spear","floor":54,"turns":3},{"damage":78,"enemies":"The Heart","floor":55,"turns":5}],"seed_played":"-8637630503219854608","potions_obtained":[{"floor":2.0,"key":"ColorlessPotion"},{"floor":3.0,"key":"FairyPotion"},{"floor":4.0,"key":"Regen Potion"},{"floor":18.0,"key":"SpeedPotion"},{"floor":25.0,"key":"Swift Potion"},{"floor":47,"key":"LiquidBronze"}],"is_trial":false,"path_per_floor":["M","M","M","M","?","E","R","E","T","M","E","M","$","?","R","B",null,"M","?","?","M","?","E","R","M","T","M","E","M","R","T","R","B",null,"M","M","$","?","?","R","E","R","T","E","?","M","E","$","R","B",null,"R","$","E","B",null],"character_chosen":"IRONCLAD","items_purchased":["Potion Belt","Dark Embrace","Omamori","Secret Technique+1","Pen Nib","Blood for Blood"],"campfire_rested":1,"item_purchase_floors":[13,37,37,48,48,53],"current_hp_per_floor":[76,80,80,77,77,71,71,73,73,80,52,54,54,38,62,56,74,80,80,80,80,80,71,71,78,78,67,56,59,59,59,59,80,80,80,80,80,80,70,70,80,80,80,80,80,80,68,80,80,80,80,80,80,80,80],"gold":31,"neow_bonus":"THREE_ENEMY_KILL","is_daily":false,"chose_seed":false,"campfire_upgraded":7,"win_rate":0.0,"timestamp":1607916596,"path_taken":["M","M","M","M","?","E","R","E","T","M","E","?","?","?","R","BOSS","M","?","?","M","?","E","R","M","T","M","E","M","R","?","R","BOSS","M","M","$","?","?","R","E","R","T","E","?","M","E","$","R","BOSS","R","$","E","BOSS"],"items_purchased_type":["Relic","Card","Relic","Card","Relic","Card"],"build_version":"2020-12-13","purchased_purges":2,"victory":true,"max_hp_per_floor":[80,80,80,80,80,80,80,80,80,80,80,80,80,80,80,80,80,80,80,80,80,80,80,80,80,80,80,80,80,80,80,80,80,80,80,80,80,80,80,80,80,80,80,80,80,80,80,80,80,80,80,80,80,80,80],"card_choices":[{"not_picked":["Iron Wave","Cleave","Feel No Pain"],"picked":"SKIP","floor":1.0},{"not_picked":["True Grit","Thunderclap"],"picked":"Rupture","floor":2.0},{"not_picked":["Second Wind","Iron Wave","Wild Strike"],"picked":"SKIP","floor":3.0},{"not_picked":["Berserk","Clash"],"picked":"Shrug It Off","floor":4.0},{"not_picked":["Heavy Blade","True Grit"],"picked":"Seeing Red","floor":6.0},{"not_picked":["Shrug It Off","Shockwave"],"picked":"Battle Trance","floor":8.0},{"not_picked":["Heavy Blade","Inflame","True Grit+1"],"picked":"SKIP","floor":10.0},{"not_picked":["Clothesline","Body Slam","Metallicize"],"picked":"SKIP","floor":11.0},{"not_picked":["Clothesline","Shrug It Off+1"],"picked":"Warcry+1","floor":12.0},{"not_picked":["Juggernaut","Immolate"],"picked":"Reaper","floor":16.0},{"not_picked":["Sever Soul","Thunderclap"],"picked":"True Grit+1","floor":18.0},{"not_picked":["Cleave+1","Clash"],"picked":"Disarm+1","floor":21.0},{"not_picked":["Corruption","Clothesline"],"picked":"Hemokinesis","floor":23.0},{"not_picked":["Heavy Blade","Headbutt","Wild Strike"],"picked":"SKIP","floor":25.0},{"not_picked":["Pummel","Ghostly Armor+1"],"picked":"Warcry+1","floor":27.0},{"not_picked":["Sword Boomerang","Cleave"],"picked":"Exhume+1","floor":28.0},{"not_picked":["Thunderclap","Twin Strike"],"picked":"Seeing Red+1","floor":29.0},{"not_picked":["Impervious+1","Berserk"],"picked":"Offering+1","floor":33.0},{"not_picked":["Clothesline+1","Dropkick+1"],"picked":"Burning Pact+1","floor":35.0},{"not_picked":["Clash","True Grit+1","Sword Boomerang+1"],"picked":"SKIP","floor":36.0},{"not_picked":["Panacea+1","Forethought+1"],"picked":"Madness+1","floor":39.0},{"not_picked":["Discovery+1","Enlightenment+1"],"picked":"Purity+1","floor":39.0},{"not_picked":["Swift Strike","Good Instincts+1"],"picked":"Madness+1","floor":39.0},{"not_picked":["Intimidate+1","Iron Wave+1"],"picked":"Sentinel+1","floor":41.0},{"not_picked":["Havoc+1","Juggernaut","Wild Strike"],"picked":"SKIP","floor":44},{"not_picked":["Heavy Blade+1","Wild Strike+1","Pommel Strike"],"picked":"SKIP","floor":46},{"not_picked":["Anger+1","Heavy Blade","Shrug It Off+1"],"picked":"SKIP","floor":47},{"not_picked":["Impervious+1","Dual Wield+1","Corruption"],"picked":"SKIP","floor":54}],"player_experience":324209,"relics_obtained":[{"floor":6.0,"key":"Bird Faced Urn"},{"floor":8.0,"key":"Mummified Hand"},{"floor":9.0,"key":"Toxic Egg 2"},{"floor":11.0,"key":"Bottled Flame"},{"floor":23.0,"key":"Ornamental Fan"},{"floor":23.0,"key":"Happy Flower"},{"floor":26.0,"key":"MealTicket"},{"floor":28.0,"key":"Blood Vial"},{"floor":28.0,"key":"Toy Ornithopter"},{"floor":31.0,"key":"HornCleat"},{"floor":41.0,"key":"Unceasing Top"},{"floor":41.0,"key":"TungstenRod"},{"floor":44,"key":"Vajra"},{"floor":44,"key":"PreservedInsect"},{"floor":45,"key":"Pocketwatch"},{"floor":47,"key":"Lantern"},{"floor":47,"key":"MawBank"},{"floor":54,"key":"Nunchaku"},{"floor":54,"key":"Gremlin Horn"}],"event_choices":[{"damage_healed":0.0,"max_hp_gain":0.0,"max_hp_loss":0.0,"gold_gain":0.0,"cards_transformed":["Defend_R"],"event_name":"Transmorgrifier","player_choice":"Transformed","floor":5.0,"gold_loss":0.0,"damage_taken":0.0,"cards_obtained":["Iron Wave"]},{"damage_healed":0.0,"max_hp_gain":0.0,"max_hp_loss":0.0,"gold_gain":0.0,"event_name":"Shining Light","player_choice":"Entered Light","floor":14.0,"gold_loss":0.0,"damage_taken":16.0,"cards_upgraded":["Reaper","Bash"]},{"damage_healed":0.0,"max_hp_gain":0.0,"max_hp_loss":0.0,"gold_gain":0.0,"event_name":"The Library","player_choice":"Read","floor":19.0,"gold_loss":0.0,"damage_taken":0.0,"cards_obtained":["Dual Wield"]},{"damage_healed":0.0,"max_hp_gain":0.0,"max_hp_loss":0.0,"gold_gain":99.0,"event_name":"Nest","player_choice":"Stole From Cult","floor":20.0,"gold_loss":0.0,"damage_taken":0.0},{"damage_healed":0.0,"max_hp_gain":0.0,"max_hp_loss":0.0,"gold_gain":0.0,"event_name":"The Mausoleum","player_choice":"Opened","floor":22.0,"gold_loss":0.0,"damage_taken":0.0,"relics_obtained":["Bronze Scales"]},{"cards_removed":["Demon Form"],"damage_healed":0.0,"max_hp_gain":0.0,"max_hp_loss":0.0,"gold_gain":0.0,"event_name":"Falling","player_choice":"Removed Power","floor":38.0,"gold_loss":0.0,"damage_taken":0.0},{"damage_healed":0.0,"max_hp_gain":0.0,"max_hp_loss":0.0,"gold_gain":0.0,"event_name":"SensoryStone","player_choice":"Memory 3","floor":39.0,"gold_loss":0.0,"damage_taken":10.0},{"damage_healed":0,"gold_gain":0,"player_choice":"Fight","damage_taken":0,"max_hp_gain":0,"max_hp_loss":0,"event_name":"MindBloom","floor":45,"gold_loss":0}],"is_beta":false,"boss_relics":[{"not_picked":["Empty Cage","Tiny House"],"picked":"Black Star"},{"not_picked":["Fusion Hammer","Pandora\u0027s Box"],"picked":"Astrolabe"}],"items_purged_floors":[13,37],"is_endless":false,"potions_floor_spawned":[2,3,4,10,11,18,25,28,29,44,46,47],"ascension_level":10}}