{"host":"ks12kfi5c4d9hdxy","time":1607977058,"event":{"mods":["BaseMod","Conspire","GifTheSpireLib","Koishi","LagranYue(拉格朗・月)","Marisa（F雨　魔理沙）","Minty Spire (QoL Compilation)","Reimu（博丽灵梦）","Remilia（蕾米莉亚）","Replay The Spire","RumiaBox-露米娅的神秘盒子","StSLib","SuperFastMode","The Administrix","The Servant 0.9.4","Youmu（魂魄妖梦）","Yuyuko","【功能Mod】混沌之环修复补丁","【功能Mod】聪明的最终Boss","篝火指南"],"gold_per_floor":[116,136,186,19,35,35,60,60,84,112,129,129,155,155,155,229,229,209,235,74,74,92,92,127,127,127],"floor_reached":25,"playtime":668,"items_purged":[],"score":450,"play_id":"88d98550-6267-4976-afcf-7c2348207058","local_time":"20201215041738","is_ascension_mode":true,"campfire_choices":[{"data":"StarBarrage","floor":6.0,"key":"SMITH"},{"floor":8.0,"key":"REST"},{"floor":12.0,"key":"REST"},{"data":"GalacticHalo","floor":23.0,"key":"SMITH"}],"circlet_count":0,"master_deck":["AscendersBane","Strike_MRS","Strike_MRS","Defend_MRS","Defend_MRS","Defend_MRS","Defend_MRS","MasterSpark","UpSweep+1","Singularity","StarBarrage+1","GalacticHalo+1","GravityBeat","UltimateShortwave+1"],"relics":["MiniHakkero","LagranYue:RandomDrawCardRelic","Pen Nib","Lee\u0027s Waffle","Ccalipers","ReplayTheSpireMod:TigerMarble","Chameleon Ring","Orichalcum","Empty Cage","Regal Pillow","HandDrill","Ginger"],"acts_visited":["Exordium","TheCity"],"potions_floor_usage":[24,25],"damage_taken":[{"damage":0.0,"enemies":"Cultist","floor":1.0,"turns":3.0},{"damage":10.0,"enemies":"2 Louse","floor":2.0,"turns":3.0},{"damage":12.0,"enemies":"Small Slimes","floor":5.0,"turns":4.0},{"damage":35.0,"enemies":"3 Sentries","floor":7.0,"turns":8.0},{"damage":13.0,"enemies":"Gremlin Nob","floor":10.0,"turns":4.0},{"damage":3.0,"enemies":"Red Slaver","floor":11.0,"turns":4.0},{"damage":10.0,"enemies":"Lagavulin","floor":13.0,"turns":6.0},{"damage":62.0,"enemies":"Slime Boss","floor":16.0,"turns":10.0},{"damage":2.0,"enemies":"2 Thieves","floor":18.0,"turns":4.0},{"damage":12.0,"enemies":"Chosen","floor":22.0,"turns":4.0},{"damage":44,"enemies":"Slavers","floor":24,"turns":8},{"damage":12,"enemies":"Shelled Parasite and Fungi","floor":25,"turns":4}],"seed_played":"6700719493823461676","potions_obtained":[{"floor":1.0,"key":"BottledSpark"},{"floor":2.0,"key":"SpeedPotion"},{"floor":7.0,"key":"Block Potion"},{"floor":15.0,"key":"conspire:TimeTravelPotion"},{"floor":15.0,"key":"EssenceOfSteel"},{"floor":24,"key":"SneckoOil"}],"is_trial":false,"path_per_floor":["M","M","?","$","M","R","E","R","T","E","M","R","E","?","R","B",null,"M","T","$","?","M","R","E","M"],"character_chosen":"MARISA","items_purchased":["Lee\u0027s Waffle","HandDrill"],"campfire_rested":2,"item_purchase_floors":[4,20],"current_hp_per_floor":[63,53,53,77,65,65,30,53,53,40,37,60,50,50,50,18,62,60,60,60,60,49,49,5,0,0],"gold":127,"neow_bonus":"RANDOM_COMMON_RELIC","is_daily":false,"chose_seed":false,"campfire_upgraded":2,"win_rate":0.0,"timestamp":1607977058,"path_taken":["M","M","?","?","M","R","E","R","T","E","M","R","E","?","R","BOSS","M","?","$","?","?","R","E","M"],"items_purchased_type":["Relic","Relic"],"build_version":"2020-12-13","purchased_purges":0,"victory":false,"max_hp_per_floor":[70,70,70,77,77,77,77,77,77,77,77,77,77,77,77,77,77,77,77,77,77,78,78,78,78,78],"card_choices":[{"not_picked":["WitchLeyline","GravityBeat"],"picked":"Singularity","floor":1.0},{"not_picked":["PulseMagic","IllusionStar","OortCloud"],"picked":"SKIP","floor":2.0},{"not_picked":["IllusionStar","Orbital"],"picked":"StarBarrage","floor":5.0},{"not_picked":["StarBarrage","PowerUp"],"picked":"GalacticHalo","floor":7.0},{"not_picked":["EscapeVelocity","GalacticHalo"],"picked":"GravityBeat","floor":10.0},{"not_picked":["DoubleSpark","UnstableBomb","Singularity"],"picked":"SKIP","floor":11.0},{"not_picked":["GravityBeat","DoubleSpark","GalacticHalo"],"picked":"SKIP","floor":13.0},{"not_picked":["EscapeVelocity","BigCrunch"],"picked":"UltimateShortwave","floor":16.0},{"not_picked":["MysteriousBeam","NonDirectionalLaser","UnstableBomb"],"picked":"SKIP","floor":18.0},{"not_picked":["MillisecondPulsars","UnstableBomb","WitchOfGreed"],"picked":"SKIP","floor":22.0},{"not_picked":["MagicChant","IllusionStar","OpenUniverse"],"picked":"SKIP","floor":24}],"player_experience":488403,"relics_obtained":[{"floor":7.0,"key":"Ccalipers"},{"floor":9.0,"key":"ReplayTheSpireMod:TigerMarble"},{"floor":10.0,"key":"Chameleon Ring"},{"floor":13.0,"key":"Orichalcum"},{"floor":19.0,"key":"Regal Pillow"},{"floor":24,"key":"Ginger"}],"event_choices":[{"damage_healed":0.0,"max_hp_gain":0.0,"max_hp_loss":0.0,"gold_gain":50.0,"event_name":"Golden Shrine","player_choice":"Pray","floor":3.0,"gold_loss":0.0,"damage_taken":0.0},{"damage_healed":0.0,"max_hp_gain":0.0,"max_hp_loss":0.0,"gold_gain":0.0,"event_name":"Accursed Blacksmith","player_choice":"Forge","floor":14.0,"gold_loss":0.0,"damage_taken":0.0,"cards_upgraded":["UpSweep"]},{"damage_healed":0.0,"max_hp_gain":0.0,"max_hp_loss":0.0,"gold_gain":0.0,"event_name":"Upgrade Shrine","player_choice":"Upgraded","floor":21.0,"gold_loss":0.0,"damage_taken":0.0,"cards_upgraded":["UltimateShortwave"]}],"is_beta":false,"boss_relics":[{"not_picked":["Replay:Bronze Core","conspire:RoyalGoblet"],"picked":"Empty Cage"}],"items_purged_floors":[],"is_endless":false,"potions_floor_spawned":[1,2,7,24],"killed_by":"Shelled Parasite and Fungi","ascension_level":18}}