{"host":"litgxtbgyxrryuwc","time":1607950840,"event":{"mods":["BaseMod","Card Forge","Colored Map","Downfall","Googly Eyes","Minty Spire (QoL Compilation)","StSLib","SuperFastMode"],"gold_per_floor":[99,99,134,134,134,134,158,184,184,213,231,248,248,248,258,355,355,355,374,213,241,407,423,423,443,475,489,457,479,479,579,599,699,699,549,580,247,273,282,282,282,292,301,301,301,140,154,173,191,191],"floor_reached":51,"playtime":1784,"items_purged":[],"score":961,"play_id":"3fad102e-5a59-49dd-8477-5c1e9d2351ed","local_time":"20201214080040","is_ascension_mode":false,"campfire_choices":[{"data":"champ:Execute","floor":1,"key":"SMITH"},{"data":"champ:PreciseThrust","floor":4,"key":"SMITH"},{"data":"champ:StanceDance","floor":6,"key":"SMITH"},{"data":"champ:Taunt","floor":9,"key":"SMITH"},{"floor":18,"key":"RECALL"},{"floor":35,"key":"REST"},{"floor":40,"key":"REST"},{"floor":44,"key":"REST"}],"circlet_count":0,"master_deck":["champ:Defend+1","champ:Defend+1","champ:PreciseThrust+1","champ:RapidStrikes+1","champ:CalledShot+1","champ:HeavySlash+1","champ:CrownThrow+1","champ:BladeFlurry+1","champ:LastStand+1","champ:VampiricStrike+1","champ:GladiatorsShout+1","champ:GladiatorStyle+1","champ:RisingSlash+1","expansioncontent:CaCaw+1","expansioncontent:DashGenerateEvil"],"relics":["champ:ChampionCrown","Hammer of Thor","Seething Fire","Anvil of the Gods","downfall:HeartsMalice","White Beast Statue","War Paint","Juzu Bracelet","Boot","SacredBark","Regal Pillow","Lee\u0027s Waffle","CeramicFish","Blue Candle","MutagenicStrength","Busted Crown","downfall:HeartBlessingRed","downfall:HeartBlessingGreen","Kunai","Orichalcum","Ornamental Fan","WarpedTongs"],"acts_visited":["Exordium","TheCity","TheBeyond"],"potions_floor_usage":[20,20,20,20,22,26,33,33,50,50,50],"damage_taken":[{"damage":0,"enemies":"Small Slimes","floor":2,"turns":1},{"damage":0,"enemies":"Lagavulin","floor":3,"turns":1},{"damage":0,"enemies":"Cultist","floor":5,"turns":1},{"damage":32,"enemies":"3 Sentries","floor":8,"turns":10},{"damage":29,"enemies":"Gremlin Nob","floor":10,"turns":5},{"damage":0,"enemies":"2 Louse","floor":11,"turns":2},{"damage":6,"enemies":"2 Fungi Beasts","floor":12,"turns":2},{"damage":3,"enemies":"3 Louse","floor":15,"turns":2},{"damage":24,"enemies":"downfall:Defect","floor":16,"turns":5},{"damage":18,"enemies":"3 Byrds","floor":19,"turns":5},{"damage":1,"enemies":"downfall:FleeingMerchant","floor":20,"turns":4},{"damage":68,"enemies":"Slavers","floor":21,"turns":4},{"damage":22,"enemies":"downfall:FleeingMerchant","floor":22,"turns":4},{"damage":40,"enemies":"Shell Parasite","floor":23,"turns":3},{"damage":34,"enemies":"Centurion and Healer","floor":25,"turns":4},{"damage":83,"enemies":"Book of Stabbing","floor":26,"turns":6},{"damage":13,"enemies":"Snake Plant","floor":27,"turns":3},{"damage":20,"enemies":"Sentry and Sphere","floor":29,"turns":4},{"damage":37,"enemies":"downfall:Augmenter","floor":31,"turns":4},{"damage":34,"enemies":"3 Cultists","floor":32,"turns":4},{"damage":27,"enemies":"downfall:Silent","floor":33,"turns":3},{"damage":26,"enemies":"Reptomancer","floor":36,"turns":5},{"damage":73,"enemies":"Nemesis","floor":38,"turns":4},{"damage":25,"enemies":"3 Shapes","floor":42,"turns":4},{"damage":5,"enemies":"3 Darklings","floor":47,"turns":4},{"damage":0,"enemies":"Jaw Worm Horde","floor":48,"turns":3},{"damage":5,"enemies":"4 Shapes","floor":49,"turns":5},{"damage":27,"enemies":"downfall:Watcher","floor":50,"turns":5}],"seed_played":"2124787385128017730","potions_obtained":[{"floor":3,"key":"Fire Potion"},{"floor":5,"key":"AttackPotion"},{"floor":8,"key":"SneckoOil"},{"floor":12,"key":"EntropicBrew"},{"floor":20,"key":"hexamod:EctoCoolerPotion"},{"floor":21,"key":"hexamod:EctoCoolerPotion"},{"floor":22,"key":"Block Potion"},{"floor":27,"key":"SpeedPotion"},{"floor":32,"key":"Strength Potion"},{"floor":33,"key":"champ:CounterPotion"},{"floor":38,"key":"Block Potion"},{"floor":49,"key":"PowerPotion"}],"is_trial":false,"path_per_floor":["R","M","E","R","M","R","T","E","R","E","M","M","?","?","M","B",null,"R","M","$","E","$","M","T","M","E","M","$","M","?","?","M","B",null,"R","E","?","E","?","R","T","M","?","R","?","$","M","M","M","B",null],"character_chosen":"THE_CHAMP","items_purchased":["champ:LastStand","champ:RecklessLeap","Lee\u0027s Waffle","champ:GladiatorStyle","expansioncontent:DashGenerateEvil"],"campfire_rested":3,"item_purchase_floors":[20,20,22,28,46],"current_hp_per_floor":[90,90,90,90,90,90,90,68,68,44,44,43,100,100,97,73,100,100,87,86,33,107,87,87,99,49,66,66,68,68,31,41,62,107,107,105,120,62,62,113,113,100,100,120,120,120,120,120,115,109],"gold":191,"neow_bonus":"THREE_ENEMY_KILL","is_daily":false,"chose_seed":false,"campfire_upgraded":4,"win_rate":0.0,"timestamp":1607950840,"path_taken":["R","M","E","R","M","R","T","E","R","E","M","M","?","?","M","BOSS","R","M","$","E","?","M","T","M","E","M","?","M","?","?","M","BOSS","R","E","?","E","?","R","T","M","?","R","?","$","M","M","M","BOSS"],"items_purchased_type":["Card","Card","Relic","Card","Card"],"build_version":"2020-12-13","purchased_purges":0,"victory":true,"max_hp_per_floor":[90,90,90,90,90,90,90,90,90,90,90,90,100,100,100,100,100,100,100,100,100,107,107,107,107,107,107,107,107,107,107,107,107,107,107,107,120,120,120,120,120,120,120,120,120,120,120,120,120,120],"card_choices":[{"not_picked":["champ:BladeFlurry","champ:FalseCounter"],"picked":"champ:PreciseThrust","floor":2},{"not_picked":["champ:RapidStrikes","champ:Encircle"],"picked":"champ:StanceDance","floor":3},{"not_picked":["champ:Encircle","champ:TornadoPunch"],"picked":"champ:RapidStrikes","floor":5},{"not_picked":["champ:Backstep","champ:FocusedBerserking","champ:CrookedStrike"],"picked":"SKIP","floor":8},{"not_picked":["champ:Backstep","champ:AdrenalArmor"],"picked":"champ:HeavySlash","floor":10},{"not_picked":["champ:GutPunch","champ:PerfectedStrike","champ:FlashCut"],"picked":"SKIP","floor":11},{"not_picked":["champ:FightOn","champ:Haymaker"],"picked":"champ:CalledShot","floor":12},{"not_picked":["champ:TornadoPunch","champ:Encircle"],"picked":"champ:CrownThrow","floor":15},{"not_picked":["champ:ShieldSlam","champ:ShieldThrow"],"picked":"champ:MurderStrike","floor":16},{"not_picked":["champ:DeathBlow","champ:Haymaker"],"picked":"champ:BladeFlurry","floor":19},{"not_picked":["champ:TornadoPunch","champ:Haymaker","champ:BerserkerStyle"],"picked":"SKIP","floor":20},{"not_picked":["champ:FaceSlap","champ:HeartStrike"],"picked":"champ:VampiricStrike","floor":21},{"not_picked":["champ:Riposte","champ:Circumvent+1"],"picked":"champ:GladiatorsShout","floor":22},{"not_picked":["champ:FightOn","champ:BerserkerStyle","champ:Circumvent"],"picked":"SKIP","floor":23},{"not_picked":["champ:PerfectedStrike","champ:GladiatorsShout"],"picked":"champ:PreciseThrust+1","floor":25},{"not_picked":["champ:Encircle","champ:PerfectedStrike","champ:RapidStrikes"],"picked":"SKIP","floor":26},{"not_picked":["champ:TornadoPunch","champ:ArenaPreparation","champ:CrookedStrike+1"],"picked":"SKIP","floor":27},{"not_picked":["champ:CalledShot+1","champ:BladeFlurry"],"picked":"champ:RisingSlash","floor":29},{"not_picked":["champ:FalseCounter","champ:CrookedStrike","champ:DefensiveStyle"],"picked":"SKIP","floor":32},{"not_picked":["champ:Circumvent"],"picked":"SKIP","floor":36},{"not_picked":["champ:GladiatorStyle+1"],"picked":"SKIP","floor":38},{"not_picked":[],"picked":"expansioncontent:CaCaw","floor":39},{"not_picked":["champ:GladiatorsShout"],"picked":"SKIP","floor":42},{"not_picked":["champ:DeathBlow"],"picked":"SKIP","floor":47},{"not_picked":["champ:FocusedBerserking+1"],"picked":"SKIP","floor":48},{"not_picked":["champ:AdrenalArmor"],"picked":"SKIP","floor":49}],"player_experience":616035,"relics_obtained":[{"floor":3,"key":"White Beast Statue"},{"floor":7,"key":"War Paint"},{"floor":8,"key":"Juzu Bracelet"},{"floor":10,"key":"Boot"},{"floor":21,"key":"Regal Pillow"},{"floor":24,"key":"CeramicFish"},{"floor":26,"key":"Blue Candle"},{"floor":31,"key":"MutagenicStrength"},{"floor":36,"key":"Kunai"},{"floor":38,"key":"Orichalcum"},{"floor":41,"key":"Ornamental Fan"}],"event_choices":[{"cards_removed":["champ:HeavySlash"],"damage_healed":47,"gold_gain":0,"player_choice":"Offered Rare","damage_taken":0,"max_hp_gain":10,"max_hp_loss":0,"event_name":"Bonfire Elementals","floor":13,"gold_loss":0},{"damage_healed":0,"gold_gain":0,"player_choice":"Ignored","damage_taken":0,"max_hp_gain":0,"max_hp_loss":0,"event_name":"Transmorgrifier","floor":14,"gold_loss":0},{"damage_healed":0,"gold_gain":0,"player_choice":"Ignored","damage_taken":0,"max_hp_gain":0,"max_hp_loss":0,"event_name":"NoteForYourself","floor":30,"gold_loss":0},{"damage_healed":0,"gold_gain":0,"player_choice":"Rummage","damage_taken":0,"relics_obtained":["WarpedTongs"],"max_hp_gain":0,"max_hp_loss":0,"event_name":"Accursed Blacksmith","floor":43,"gold_loss":0,"cards_obtained":["Pain"]},{"cards_removed":["champ:MurderStrike"],"damage_healed":0,"gold_gain":0,"player_choice":"Removed Attack","damage_taken":0,"max_hp_gain":0,"max_hp_loss":0,"event_name":"Falling","floor":45,"gold_loss":0}],"is_beta":false,"boss_relics":[{"not_picked":["Philosopher\u0027s Stone","Astrolabe"],"picked":"SacredBark"},{"not_picked":["champ:ChampionCrownUpgraded","Runic Dome"],"picked":"Busted Crown"}],"items_purged_floors":[],"is_endless":false,"potions_floor_spawned":[3,5,8,10,11,12,15,16,19,20,21,22,23,25,26,27,29,32,33,36,38,42,47,48,49],"ascension_level":0}}