{"host":"igi9xpgoc000gxf5","time":1607985843,"event":{"mods":["BaseMod","Colored Powertips","Downfall","Googly Eyes","Minty Spire (QoL Compilation)","StSLib"],"gold_per_floor":[99,549,559,559,573,589,616,626,551,582,599,615,10,185,201,301,301,301,401,401,412,412,437,463,481,406,416,432,432,20,120,136,241,241,241,241,241,241,256,1,1,16,28,28,28],"floor_reached":44,"playtime":4463,"items_purged":["Slimebound:Icky"],"score":505,"play_id":"554f9c14-3a3d-471c-ab4c-5a5eb3381b2b","local_time":"20201214234403","is_ascension_mode":false,"campfire_choices":[{"floor":1,"key":"RECALL"},{"floor":9,"key":"REST"},{"data":"hexamod:AdvancingGuard","floor":18,"key":"SMITH"},{"data":"hexamod:ExtraCrispy","floor":20,"key":"SMITH"},{"floor":22,"key":"REST"},{"floor":26,"key":"REST"},{"data":"hexamod:TimeWarp","floor":35,"key":"SMITH"},{"data":"hexamod:DynamicBlow","floor":38,"key":"SMITH"}],"circlet_count":0,"master_deck":["hexamod:Strike","hexamod:Strike","hexamod:Strike","hexamod:Defend+1","hexamod:Defend","hexamod:Defend","hexamod:Sear","hexamod:Float+1","Slimebound:Icky","Slimebound:Icky","hexamod:HauntingEcho+1","hexamod:DynamicBlow","hexamod:SpectralAdrenaline+1","hexamod:ExtraCrispy+1","hexamod:SpectersWail","hexamod:GhostflameBarrier","hexamod:RecurringNightmare","hexamod:AdvancingGuard+1","hexamod:TimeOfNeed+1","hexamod:FastForward","hexamod:HeatMetal","Doubt","hexamod:Incineration","hexamod:SixthSeal","CurseOfTheBell","hexamod:SwordOfDarkness+1","hexamod:EmpoweringStance+1","hexamod:InspiringFlames","hexamod:NightmareStrike+1","hexamod:GhostLash+1","hexamod:SearingWound","hexamod:Again+1","hexamod:BurningTouch+1","hexamod:AdvancingGuard","hexamod:DynamicBlow+1","hexamod:ExtraCrispy+1","J.A.X.+1","hexamod:NecessarySacrifice","hexamod:Hexaguard+1","hexamod:TimeWarp+1","expansioncontent:Collect+1","hexamod:FastForward+1","hexamod:FirstSeal","hexamod:GhostOfSpirePast+1","hexamod:BurningTouch","hexamod:ChargedBarrage+1","hexamod:GhostOfSpirePresent+1"],"relics":["hexamod:SpiritBrand","Dream Catcher","downfall:HeartBlessingRed","InkBottle","Frozen Egg 2","Pear","Calling Bell","Oddly Smooth Stone","HornCleat","Torii","Turnip","Vajra","downfall:HeartBlessingGreen","Strawberry","War Paint","MutagenicStrength","hexamod:IceCube","Nunchaku","Shuriken"],"acts_visited":["Exordium","TheCity","TheBeyond"],"potions_floor_usage":[13,16,16,33,44],"damage_taken":[{"damage":0,"enemies":"2 Louse","floor":3,"turns":3},{"damage":11,"enemies":"Jaw Worm","floor":5,"turns":5},{"damage":0,"enemies":"Cultist","floor":6,"turns":3},{"damage":14,"enemies":"3 Louse","floor":8,"turns":4},{"damage":9,"enemies":"Lagavulin","floor":10,"turns":5},{"damage":0,"enemies":"2 Fungi Beasts","floor":11,"turns":3},{"damage":0,"enemies":"Exordium Wildlife","floor":12,"turns":3},{"damage":6,"enemies":"downfall:FleeingMerchant","floor":13,"turns":4},{"damage":0,"enemies":"2 Fungi Beasts","floor":15,"turns":5},{"damage":22,"enemies":"downfall:Watcher","floor":16,"turns":7},{"damage":18,"enemies":"Spheric Guardian","floor":21,"turns":6},{"damage":50,"enemies":"Book of Stabbing","floor":23,"turns":7},{"damage":0,"enemies":"Shell Parasite","floor":25,"turns":4},{"damage":9,"enemies":"Cultist and Chosen","floor":27,"turns":5},{"damage":15,"enemies":"Snake Plant","floor":28,"turns":4},{"damage":1,"enemies":"downfall:FleeingMerchant","floor":30,"turns":4},{"damage":22,"enemies":"downfall:Augmenter","floor":31,"turns":4},{"damage":43,"enemies":"3 Cultists","floor":32,"turns":5},{"damage":10,"enemies":"downfall:Defect","floor":33,"turns":7},{"damage":45,"enemies":"3 Darklings","floor":39,"turns":5},{"damage":0,"enemies":"downfall:FleeingMerchant","floor":40,"turns":4},{"damage":0,"enemies":"Orb Walker","floor":42,"turns":4},{"damage":0,"enemies":"Sphere and 2 Shapes","floor":43,"turns":5},{"damage":80,"enemies":"Nemesis","floor":44,"turns":7}],"seed_played":"-216230179533350732","potions_obtained":[{"floor":5,"key":"hexamod:DoubleChargePotion"},{"floor":11,"key":"FairyPotion"},{"floor":12,"key":"ColorlessPotion"},{"floor":15,"key":"DistilledChaos"},{"floor":16,"key":"Ancient Potion"},{"floor":25,"key":"SpeedPotion"},{"floor":28,"key":"LiquidMemories"},{"floor":33,"key":"hexamod:DoubleChargePotion"},{"floor":43,"key":"ColorlessPotion"}],"is_trial":false,"path_per_floor":["R","?","M","?","M","M","T","M","R","E","M","M","$","?","M","B",null,"R","?","R","M","R","E","T","M","R","M","M","?","$","?","M","B",null,"R","?","?","R","M","$","T","M","M","E"],"character_chosen":"THE_SPIRIT","items_purchased":["Frozen Egg 2","Pear","hexamod:FastForward","hexamod:HeatMetal","Strawberry","War Paint","hexamod:AdvancingGuard","Nunchaku","hexamod:GhostOfSpirePast+1","hexamod:BurningTouch"],"campfire_rested":3,"item_purchase_floors":[13,13,13,13,30,30,30,40,40,40],"current_hp_per_floor":[77,77,77,77,66,66,66,52,75,66,66,66,70,70,70,48,87,87,87,87,69,87,37,37,37,63,54,39,68,74,52,9,28,94,94,94,94,94,49,49,49,56,63,0,0],"gold":28,"neow_bonus":"TEN_PERCENT_HP_BONUS","is_daily":false,"chose_seed":false,"campfire_upgraded":4,"win_rate":0.0,"timestamp":1607985843,"path_taken":["R","?","M","?","M","?","T","M","R","E","M","M","$","?","M","BOSS","R","?","R","M","R","E","T","M","R","M","M","?","$","?","M","BOSS","R","?","?","R","M","?","T","M","M","E"],"items_purchased_type":["Relic","Relic","Card","Card","Relic","Relic","Card","Relic","Card","Card"],"build_version":"2020-12-13","purchased_purges":1,"victory":false,"max_hp_per_floor":[77,77,77,77,77,77,77,77,77,77,77,77,87,87,87,87,87,87,87,87,87,87,87,87,87,87,87,87,87,94,94,94,94,94,94,94,94,94,94,94,94,94,94,94,94],"card_choices":[{"not_picked":["hexamod:NightmareGuise","hexamod:AdvancingGuard"],"picked":"hexamod:HauntingEcho","floor":3},{"not_picked":["hexamod:Firestarter","hexamod:SpectralAdrenaline"],"picked":"hexamod:DynamicBlow","floor":5},{"not_picked":["hexamod:GhostLash","hexamod:HauntingEcho"],"picked":"hexamod:SpectralAdrenaline","floor":6},{"not_picked":["hexamod:ShieldOfDarkness","hexamod:EtherealExpedition"],"picked":"hexamod:ExtraCrispy","floor":8},{"not_picked":["hexamod:PhantomFireball","hexamod:StepThrough"],"picked":"hexamod:SpectersWail","floor":9},{"not_picked":["hexamod:ExtraCrispy","hexamod:SpectersWail"],"picked":"hexamod:GhostflameBarrier","floor":10},{"not_picked":["hexamod:SpectersWail","hexamod:SpectralAdrenaline"],"picked":"hexamod:RecurringNightmare","floor":11},{"not_picked":["hexamod:Rewind","hexamod:FastForward"],"picked":"hexamod:AdvancingGuard","floor":12},{"not_picked":["hexamod:SpectersWail","hexamod:SkipABeat"],"picked":"hexamod:TimeOfNeed","floor":13},{"not_picked":["hexamod:SpectralAdrenaline","hexamod:NightmareGuise"],"picked":"hexamod:Incineration","floor":15},{"not_picked":["hexamod:TimeWarp","hexamod:FifthSeal"],"picked":"hexamod:SixthSeal","floor":16},{"not_picked":["hexamod:ThermalTransfer+1","hexamod:InspiringFlames"],"picked":"hexamod:SwordOfDarkness+1","floor":21},{"not_picked":["hexamod:ThermalTransfer","hexamod:RecurringNightmare+1"],"picked":"hexamod:EmpoweringStance+1","floor":22},{"not_picked":["hexamod:ThermalTransfer","hexamod:ShieldOfDarkness"],"picked":"hexamod:InspiringFlames","floor":23},{"not_picked":["hexamod:StepThrough","hexamod:RecurringNightmare"],"picked":"hexamod:NightmareStrike+1","floor":25},{"not_picked":["hexamod:InspiringFlames+1","hexamod:SwordOfDarkness+1"],"picked":"hexamod:GhostLash+1","floor":26},{"not_picked":["hexamod:NecessarySacrifice+1","hexamod:StepThrough"],"picked":"hexamod:SearingWound","floor":27},{"not_picked":["hexamod:NightmareGuise","hexamod:Hexaguard+1"],"picked":"hexamod:Again","floor":28},{"not_picked":["hexamod:InspiringFlames+1","hexamod:ThirdSeal"],"picked":"hexamod:BurningTouch+1","floor":30},{"not_picked":[],"picked":"J.A.X.","floor":31},{"not_picked":["hexamod:SecondSeal","hexamod:GhostOfSpirePresent+1"],"picked":"hexamod:NecessarySacrifice","floor":31},{"not_picked":["hexamod:InspiringFlames","hexamod:Firestarter"],"picked":"hexamod:Hexaguard+1","floor":32},{"not_picked":["hexamod:TurnItUp","hexamod:GhostflameInferno"],"picked":"hexamod:TimeWarp","floor":33},{"not_picked":["expansioncontent:Torchfire","expansioncontent:Chronoboost+1"],"picked":"expansioncontent:Collect+1","floor":37},{"not_picked":["hexamod:ThermalTransfer","hexamod:GhostOfSpirePast+1"],"picked":"hexamod:FastForward+1","floor":39},{"not_picked":["hexamod:GhostOfSpirePresent+1","hexamod:GhostOfSpirePast+1"],"picked":"hexamod:FirstSeal","floor":40},{"not_picked":["hexamod:NightmareGuise+1","hexamod:DynamicBlow+1"],"picked":"hexamod:ChargedBarrage+1","floor":42},{"not_picked":["hexamod:ShieldOfDarkness","hexamod:SwordOfDarkness"],"picked":"hexamod:GhostOfSpirePresent+1","floor":43}],"player_experience":856005,"relics_obtained":[{"floor":7,"key":"Dream Catcher"},{"floor":10,"key":"InkBottle"},{"floor":17,"key":"Oddly Smooth Stone"},{"floor":17,"key":"HornCleat"},{"floor":17,"key":"Torii"},{"floor":23,"key":"Turnip"},{"floor":24,"key":"Vajra"},{"floor":31,"key":"MutagenicStrength"},{"floor":41,"key":"Shuriken"}],"event_choices":[{"damage_healed":0,"gold_gain":0,"player_choice":"Forge","damage_taken":0,"max_hp_gain":0,"max_hp_loss":0,"event_name":"Accursed Blacksmith","floor":4,"gold_loss":0,"cards_upgraded":["hexamod:HauntingEcho"]},{"damage_healed":29,"gold_gain":0,"player_choice":"Heal","damage_taken":0,"max_hp_gain":0,"max_hp_loss":0,"event_name":"The Library","floor":29,"gold_loss":0}],"is_beta":false,"boss_relics":[{"not_picked":["Runic Pyramid","Ectoplasm"],"picked":"Calling Bell"},{"not_picked":["SacredBark","Tiny House"],"picked":"hexamod:IceCube"}],"items_purged_floors":[30],"is_endless":false,"potions_floor_spawned":[5,11,12,15,16,25,28,32,33,43],"killed_by":"Nemesis","ascension_level":0}}