{"host":"gsjtu2nhjj0xfoom","time":1607955424,"event":{"mods":["BaseMod","Colored Map","Colored Powertips","Highlight Path","Minty Spire (QoL Compilation)","Permanent Neow","StSLib"],"gold_per_floor":[117,117,135,135,150,150,173,173,173,173,173,18,59,78,78,201,201,220,263,288,27,27,27,60,60,60,99,99,143,143,22,22,142,142,161,161,494,47,72,97,97,128,154,164,164,164,174,194,194,194],"floor_reached":51,"playtime":2367,"items_purged":["Strike_R+1","Warcry+1"],"score":1001,"play_id":"61aed7e0-20d4-4738-bd18-c59c03c3fe69","local_time":"20201214151704","is_ascension_mode":true,"campfire_choices":[{"data":"Bash","floor":6,"key":"SMITH"},{"data":"Pommel Strike","floor":8,"key":"SMITH"},{"data":"Strike_R","floor":10,"key":"SMITH"},{"data":"Strike_R","floor":15,"key":"SMITH"},{"data":"Offering","floor":23,"key":"SMITH"},{"floor":25,"key":"REST"},{"data":"Strike_R+1","floor":28,"key":"PURGE"},{"floor":32,"key":"REST"},{"data":"Barricade","floor":41,"key":"SMITH"},{"data":"Blind","floor":46,"key":"SMITH"},{"data":"Shrug It Off","floor":49,"key":"SMITH"}],"circlet_count":0,"master_deck":["Defend_R+1","Defend_R+1","Bash+1","Dropkick+1","Battle Trance+1","Pommel Strike+1","Pummel+1","Offering+1","Iron Wave+1","True Grit+1","Cleave+1","Body Slam+1","Shrug It Off+1","Shrug It Off","Barricade+1","Sword Boomerang+1","Shrug It Off+1","Blind+1","Iron Wave+1"],"relics":["Astrolabe","Mercury Hourglass","Molten Egg 2","Pen Nib","Bronze Scales","Empty Cage","Red Mask","Shuriken","Juzu Bracelet","Peace Pipe","Potion Belt","Thread and Needle","MutagenicStrength","Philosopher\u0027s Stone","War Paint","HandDrill","Nunchaku","Sundial","Turnip","Orichalcum"],"acts_visited":["Exordium","TheCity","TheBeyond"],"potions_floor_usage":[50,50],"damage_taken":[{"damage":3,"enemies":"Small Slimes","floor":1,"turns":3},{"damage":6,"enemies":"Jaw Worm","floor":3,"turns":2},{"damage":0,"enemies":"2 Louse","floor":5,"turns":2},{"damage":0,"enemies":"2 Fungi Beasts","floor":7,"turns":2},{"damage":8,"enemies":"Lagavulin","floor":13,"turns":3},{"damage":0,"enemies":"Looter","floor":14,"turns":1},{"damage":0,"enemies":"Slime Boss","floor":16,"turns":5},{"damage":12,"enemies":"Shell Parasite","floor":18,"turns":3},{"damage":14,"enemies":"Masked Bandits","floor":19,"turns":2},{"damage":0,"enemies":"Chosen","floor":20,"turns":3},{"damage":26,"enemies":"Gremlin Leader","floor":24,"turns":4},{"damage":14,"enemies":"Book of Stabbing","floor":27,"turns":4},{"damage":11,"enemies":"Gremlin Leader","floor":29,"turns":4},{"damage":15,"enemies":"Collector","floor":33,"turns":6},{"damage":0,"enemies":"Orb Walker","floor":35,"turns":3},{"damage":0,"enemies":"Giant Head","floor":40,"turns":5},{"damage":0,"enemies":"Nemesis","floor":42,"turns":5},{"damage":0,"enemies":"3 Darklings","floor":44,"turns":2},{"damage":0,"enemies":"Sphere and 2 Shapes","floor":47,"turns":4},{"damage":0,"enemies":"Writhing Mass","floor":48,"turns":7},{"damage":6,"enemies":"Time Eater","floor":50,"turns":7}],"seed_played":"-351085490790148954","potions_obtained":[{"floor":1,"key":"ElixirPotion"},{"floor":3,"key":"GamblersBrew"},{"floor":16,"key":"Regen Potion"},{"floor":33,"key":"Weak Potion"},{"floor":35,"key":"Dexterity Potion"},{"floor":42,"key":"LiquidMemories"}],"is_trial":false,"path_per_floor":["M","?","M","?","M","R","M","R","T","R","?","$","E","M","R","B",null,"M","?","M","$","?","R","E","R","T","E","R","E","?","$","R","B",null,"M","?","?","$","T","E","R","E","T","M","?","R","M","M","R","B",null],"character_chosen":"IRONCLAD","items_purchased":["Pen Nib","Shuriken","Shrug It Off","War Paint","Sword Boomerang+1","HandDrill"],"campfire_rested":2,"item_purchase_floors":[12,21,31,38,38,38],"current_hp_per_floor":[77,57,51,39,39,39,39,39,39,39,39,39,31,31,31,31,80,68,54,54,54,54,54,28,52,52,38,38,27,27,27,51,36,80,80,76,76,76,76,76,76,76,76,76,76,76,76,76,76,70],"gold":194,"neow_bonus":"BOSS_RELIC","is_daily":false,"chose_seed":false,"campfire_upgraded":8,"win_rate":0.0,"timestamp":1607955424,"path_taken":["M","?","M","?","M","R","M","R","T","R","?","$","E","M","R","BOSS","M","?","M","$","?","R","E","R","T","E","R","E","?","$","R","BOSS","M","?","?","$","?","E","R","E","T","M","?","R","M","M","R","BOSS"],"items_purchased_type":["Relic","Relic","Card","Relic","Card","Relic"],"build_version":"2020-12-13","purchased_purges":2,"victory":true,"max_hp_per_floor":[80,80,80,80,80,80,80,80,80,80,80,80,80,80,80,80,80,80,80,80,80,80,80,80,80,80,80,80,80,80,80,80,80,80,80,76,76,76,76,76,76,76,76,76,76,76,76,76,76,76],"card_choices":[{"not_picked":["Sentinel","Shrug It Off"],"picked":"Pommel Strike","floor":1},{"not_picked":["Havoc","Wild Strike","Blood for Blood"],"picked":"SKIP","floor":3},{"not_picked":["Havoc","Bloodletting","Hemokinesis"],"picked":"SKIP","floor":5},{"not_picked":["Blood for Blood","Exhume","Body Slam"],"picked":"SKIP","floor":7},{"not_picked":["Body Slam+1","Warcry","Iron Wave+1"],"picked":"SKIP","floor":13},{"not_picked":["Clash+1","Anger+1"],"picked":"Pummel+1","floor":14},{"not_picked":["Corruption","Barricade"],"picked":"Offering","floor":16},{"not_picked":["Battle Trance","Twin Strike+1"],"picked":"Iron Wave+1","floor":18},{"not_picked":["Rage","Ghostly Armor"],"picked":"True Grit+1","floor":19},{"not_picked":["Hemokinesis+1","Heavy Blade+1"],"picked":"Cleave+1","floor":20},{"not_picked":["Immolate+1","Thunderclap+1","Sever Soul+1"],"picked":"SKIP","floor":24},{"not_picked":["Sentinel+1","Body Slam+1","Armaments+1"],"picked":"SKIP","floor":27},{"not_picked":["Sentinel+1","Armaments+1"],"picked":"Body Slam+1","floor":27},{"not_picked":["Pummel+1","Immolate+1"],"picked":"Shrug It Off+1","floor":29},{"not_picked":["Juggernaut","Brutality"],"picked":"Barricade","floor":33},{"not_picked":["Clash+1","Dark Embrace","Clothesline+1"],"picked":"SKIP","floor":35},{"not_picked":["Headbutt+1","Pummel+1"],"picked":"Shrug It Off","floor":40},{"not_picked":["Armaments","Pommel Strike+1","Hemokinesis+1"],"picked":"SKIP","floor":42},{"not_picked":["Havoc+1","Wild Strike+1","Uppercut+1"],"picked":"SKIP","floor":44},{"not_picked":["Purity","Forethought"],"picked":"Blind","floor":45},{"not_picked":["True Grit+1","Thunderclap+1","Twin Strike+1"],"picked":"SKIP","floor":47},{"not_picked":["Wild Strike+1","Havoc+1"],"picked":"Iron Wave+1","floor":48}],"player_experience":1360670,"relics_obtained":[{"floor":9,"key":"Molten Egg 2"},{"floor":13,"key":"Bronze Scales"},{"floor":19,"key":"Red Mask"},{"floor":24,"key":"Juzu Bracelet"},{"floor":26,"key":"Peace Pipe"},{"floor":27,"key":"Potion Belt"},{"floor":29,"key":"Thread and Needle"},{"floor":39,"key":"Nunchaku"},{"floor":40,"key":"Sundial"},{"floor":42,"key":"Turnip"},{"floor":43,"key":"Orichalcum"}],"event_choices":[{"damage_healed":0,"gold_gain":0,"player_choice":"Take Damage","damage_taken":20,"relics_obtained":["Golden Idol"],"max_hp_gain":0,"max_hp_loss":0,"event_name":"Golden Idol","floor":2,"gold_loss":0},{"damage_healed":0,"gold_gain":0,"player_choice":"Success","damage_taken":12,"relics_obtained":["Mercury Hourglass"],"max_hp_gain":0,"max_hp_loss":0,"event_name":"Scrap Ooze","floor":4,"gold_loss":0},{"damage_healed":0,"gold_gain":0,"player_choice":"Ignored","damage_taken":0,"max_hp_gain":0,"max_hp_loss":0,"event_name":"Liars Game","floor":11,"gold_loss":0},{"damage_healed":0,"gold_gain":0,"player_choice":"Fought Bandits","damage_taken":0,"max_hp_gain":0,"max_hp_loss":0,"event_name":"Masked Bandits","floor":19,"gold_loss":0},{"damage_healed":0,"gold_gain":0,"player_choice":"Ignored","damage_taken":0,"max_hp_gain":0,"max_hp_loss":0,"event_name":"Vampires","floor":22,"gold_loss":0},{"damage_healed":0,"gold_gain":0,"player_choice":"Inject Mutagens","damage_taken":0,"relics_obtained":["MutagenicStrength"],"max_hp_gain":0,"max_hp_loss":0,"event_name":"Drug Dealer","floor":30,"gold_loss":0},{"damage_healed":0,"gold_gain":0,"player_choice":"Max HP","damage_taken":0,"max_hp_gain":0,"max_hp_loss":4,"event_name":"Winding Halls","floor":36,"gold_loss":0},{"damage_healed":0,"gold_gain":333,"player_choice":"Gave Idol","damage_taken":0,"max_hp_gain":0,"max_hp_loss":0,"event_name":"The Moai Head","floor":37,"relics_lost":["Golden Idol"],"gold_loss":0},{"damage_healed":0,"gold_gain":0,"player_choice":"Memory 1","damage_taken":0,"max_hp_gain":0,"max_hp_loss":0,"event_name":"SensoryStone","floor":45,"gold_loss":0}],"is_beta":false,"boss_relics":[{"not_picked":["Runic Cube","Coffee Dripper"],"picked":"Empty Cage"},{"not_picked":["Sozu","Snecko Eye"],"picked":"Philosopher\u0027s Stone"}],"items_purged_floors":[31,38],"is_endless":false,"potions_floor_spawned":[1,3,16,19,24,33,35,42],"ascension_level":1}}