{"host":"y89x8uui45kcjy42","time":1607989765,"event":{"mods":["2.2 Compatiblity","BaseMod","Colored Map","Colored Powertips","Friendly Minions","Highlight Path","Keyboard Shortcuts","Minty Spire (QoL Compilation)","StSLib","SuperFastMode","The Cursed","Waifu the Spire"],"gold_per_floor":[109,129,139,152,152,182,40,40,40,56,68,68,86,86,86,186,186,199,199,56,72,89,89,123,123,123,123,83,95,15,30,30,30,30],"floor_reached":33,"playtime":1382,"items_purged":["TheCursedMod:Dregs","TheCursedMod:Strike_TheCursed"],"score":269,"play_id":"947d887f-ed2e-4909-80b9-697afecec0f6","local_time":"20201215084925","is_ascension_mode":false,"campfire_choices":[{"data":"TheCursedMod:Hemoplague","floor":8,"key":"SMITH"},{"data":"TheCursedMod:SaltUponWound","floor":12,"key":"SMITH"},{"data":"TheCursedMod:CleanUpWorkshop","floor":15,"key":"SMITH"},{"data":"TheCursedMod:NeowsMight","floor":23,"key":"SMITH"},{"data":"TheCursedMod:Stigma","floor":25,"key":"SMITH"},{"data":"TheCursedMod:WearCloak","floor":27,"key":"SMITH"},{"data":"TheCursedMod:SpitefulPlan","floor":32,"key":"SMITH"}],"circlet_count":0,"master_deck":["TheCursedMod:Strike_TheCursed","TheCursedMod:Strike_TheCursed","TheCursedMod:Defend_TheCursed","TheCursedMod:Defend_TheCursed","TheCursedMod:Defend_TheCursed","TheCursedMod:Defend_TheCursed","TheCursedMod:CursedWand+1","TheCursedMod:CleanUpWorkshop+1","TheCursedMod:Stigma+1","TheCursedMod:VitalStrike","TheCursedMod:WearCloak+1","TheCursedMod:Hemoplague+1","TheCursedMod:SaltUponWound+1","TheCursedMod:NeowsMight+1","TheCursedMod:CursedAmulet","TheCursedMod:SpitefulPlan+1"],"relics":["TheCursedMod:BlackMagic101","NeowsBlessing","Shuriken","Darkstone Periapt","Coffee Dripper","Lee\u0027s Waffle","The Courier","StrikeDummy"],"acts_visited":["Exordium","TheCity"],"potions_floor_usage":[16,16,16,21,24,24,24],"damage_taken":[{"damage":0,"enemies":"Small Slimes","floor":1,"turns":1},{"damage":0,"enemies":"Jaw Worm","floor":2,"turns":1},{"damage":0,"enemies":"Cultist","floor":3,"turns":1},{"damage":4,"enemies":"Blue Slaver","floor":4,"turns":4},{"damage":12,"enemies":"3 Sentries","floor":6,"turns":12},{"damage":10,"enemies":"Exordium Thugs","floor":10,"turns":6},{"damage":5,"enemies":"Looter","floor":11,"turns":3},{"damage":8,"enemies":"Red Slaver","floor":13,"turns":3},{"damage":27,"enemies":"Slime Boss","floor":16,"turns":8},{"damage":18,"enemies":"2 Thieves","floor":18,"turns":5},{"damage":3,"enemies":"3 Byrds","floor":21,"turns":4},{"damage":2,"enemies":"3 Cultists","floor":22,"turns":5},{"damage":46,"enemies":"Gremlin Leader","floor":24,"turns":5},{"damage":5,"enemies":"Shelled Parasite and Fungi","floor":29,"turns":4},{"damage":24,"enemies":"Cultist and Chosen","floor":31,"turns":6},{"damage":7,"enemies":"Collector","floor":33,"turns":2}],"seed_played":"-2355295887453074002","potions_obtained":[{"floor":4,"key":"SpeedPotion"},{"floor":10,"key":"Ancient Potion"},{"floor":11,"key":"LiquidMemories"},{"floor":18,"key":"CultistPotion"},{"floor":19,"key":"DistilledChaos"},{"floor":19,"key":"PowerPotion"},{"floor":21,"key":"Fruit Juice"},{"floor":22,"key":"PowerPotion"},{"floor":28,"key":"SteroidPotion"},{"floor":28,"key":"GamblersBrew"},{"floor":28,"key":"SteroidPotion"},{"floor":31,"key":"FearPotion"}],"is_trial":false,"path_per_floor":["M","M","M","M","?","E","$","R","T","M","M","R","M","?","R","B",null,"M","?","$","M","M","R","E","R","T","R","?","M","$","M","R","B"],"character_chosen":"THE_CURSED","items_purchased":["TheCursedMod:SaltUponWound","Lee\u0027s Waffle"],"campfire_rested":0,"item_purchase_floors":[7,20],"current_hp_per_floor":[75,75,75,71,71,59,59,59,59,49,44,44,36,29,29,2,75,57,57,82,84,82,82,36,36,36,36,36,31,31,7,7,0,0],"gold":30,"neow_bonus":"THREE_ENEMY_KILL","is_daily":false,"chose_seed":false,"campfire_upgraded":7,"win_rate":0.0,"timestamp":1607989765,"path_taken":["M","M","M","M","?","E","$","R","T","M","M","R","M","?","R","BOSS","M","?","$","?","M","R","E","R","T","R","?","M","?","M","R","BOSS"],"items_purchased_type":["Card","Relic"],"build_version":"2020-12-13","purchased_purges":2,"victory":false,"max_hp_per_floor":[75,75,75,75,75,75,75,75,75,75,75,75,75,75,75,75,75,75,75,82,87,87,87,87,87,87,87,87,87,87,87,87,87,87],"card_choices":[{"not_picked":["TheCursedMod:Obscuration","TheCursedMod:SurpriseAttack","TheCursedMod:Wield"],"picked":"SKIP","floor":1},{"not_picked":["TheCursedMod:CircleOfAmplification","TheCursedMod:Obscuration"],"picked":"TheCursedMod:Stigma","floor":2},{"not_picked":["TheCursedMod:ReleasedKnowledge","TheCursedMod:CursedSpellbook"],"picked":"TheCursedMod:VitalStrike","floor":3},{"not_picked":["TheCursedMod:CursedArmor","TheCursedMod:RavingStaff"],"picked":"TheCursedMod:WearCloak","floor":4},{"not_picked":["TheCursedMod:FuryStrike","TheCursedMod:AntiAging"],"picked":"TheCursedMod:Hemoplague","floor":6},{"not_picked":["TheCursedMod:HellsGateOpen","TheCursedMod:FleshFromBone","TheCursedMod:WearCloak"],"picked":"SKIP","floor":10},{"not_picked":["TheCursedMod:CircleOfFocus","TheCursedMod:RavingStaff","TheCursedMod:Torture"],"picked":"SKIP","floor":11},{"not_picked":["TheCursedMod:ReleasedKnowledge","TheCursedMod:CursedMace","TheCursedMod:CursedBlade"],"picked":"SKIP","floor":13},{"not_picked":["TheCursedMod:ManaCirculation","TheCursedMod:VoidForm"],"picked":"TheCursedMod:NeowsMight","floor":16},{"not_picked":["TheCursedMod:CursedArmor","TheCursedMod:Stretching+1","TheCursedMod:PrepareRite"],"picked":"SKIP","floor":18},{"not_picked":["TheCursedMod:Evocation","TheCursedMod:CursedArmor","TheCursedMod:FuryStrike+1"],"picked":"SKIP","floor":21},{"not_picked":["TheCursedMod:CircleOfAmplification","TheCursedMod:CursedBlade","TheCursedMod:Torture"],"picked":"SKIP","floor":22},{"not_picked":["TheCursedMod:EmpowerCircles+1","TheCursedMod:ReleasedStrength","TheCursedMod:CircleOfWindfury+1"],"picked":"SKIP","floor":24},{"not_picked":["TheCursedMod:VitalStrike","TheCursedMod:Evocation+1"],"picked":"TheCursedMod:CursedAmulet","floor":29},{"not_picked":["TheCursedMod:VitalStrike","TheCursedMod:ReleasedKnowledge"],"picked":"TheCursedMod:SpitefulPlan","floor":31}],"player_experience":488012,"relics_obtained":[{"floor":6,"key":"Shuriken"},{"floor":9,"key":"Darkstone Periapt"},{"floor":24,"key":"The Courier"},{"floor":26,"key":"StrikeDummy"}],"event_choices":[{"damage_healed":0,"gold_gain":0,"player_choice":"Grow","damage_taken":0,"max_hp_gain":0,"max_hp_loss":0,"event_name":"Living Wall","floor":5,"gold_loss":0,"cards_upgraded":["TheCursedMod:CursedWand"]},{"cards_removed":["TheCursedMod:Strike_TheCursed"],"damage_healed":0,"gold_gain":0,"player_choice":"Card Removal","damage_taken":7,"max_hp_gain":0,"max_hp_loss":0,"event_name":"Golden Wing","floor":14,"gold_loss":0},{"damage_healed":0,"gold_gain":0,"player_choice":"Got Potions","damage_taken":0,"max_hp_gain":0,"max_hp_loss":0,"event_name":"Lab","floor":19,"gold_loss":0},{"damage_healed":0,"gold_gain":0,"player_choice":"Bought 3 Potions","damage_taken":0,"max_hp_gain":0,"max_hp_loss":0,"event_name":"The Woman in Blue","floor":28,"gold_loss":0}],"is_beta":false,"boss_relics":[{"not_picked":["Busted Crown","Velvet Choker"],"picked":"Coffee Dripper"}],"items_purged_floors":[7,30],"is_endless":false,"potions_floor_spawned":[4,10,11,13,18,21,22,31],"killed_by":"Collector","ascension_level":0}}