{"host":"dntw6kil9p09eemm","time":1607966905,"event":{"mods":["Aspiration","BaseMod","Colored Powertips","Downfall","Hermit","Hubris","Minty Spire (QoL Compilation)","Replay The Spire","Shop Mod","StSLib","The Runesmith"],"gold_per_floor":[111,130,146,146,162,162,192,207,289,302,333,352,352,372,372,470,470,490,490,504,136,155,155,189,189,189,139,149,164,51,51,51,152,152,167,210,228,243,243,243,254,51,51,66,66,83,101,114,114,114],"floor_reached":51,"playtime":3267,"items_purged":["Slimebound:Defend_Slimebound","Slimebound:Strike_Slimebound"],"score":737,"play_id":"e71181d5-0e57-4e2a-9710-c9fce4c58b0b","local_time":"20201215022825","is_ascension_mode":false,"campfire_choices":[{"data":"Slimebound:CorrosiveSpit","floor":6,"key":"SMITH"},{"data":"Slimebound:DisruptingSlam","floor":13,"key":"SMITH"},{"data":"Slimebound:GoopSpray","floor":15,"key":"SMITH"},{"data":"Slimebound:Split","floor":23,"key":"SMITH"},{"data":"Slimebound:OneTwoCombo","floor":25,"key":"SMITH"},{"data":"Slimebound:LivingWall","floor":32,"key":"SMITH"},{"data":"Slimebound:ViciousTackle","floor":40,"key":"SMITH"},{"data":"Slimebound:ViciousTackle","floor":45,"key":"SMITH"},{"data":"Slimebound:FormOfPuddle","floor":49,"key":"SMITH"}],"circlet_count":0,"master_deck":["Slimebound:Strike_Slimebound","Slimebound:Strike_Slimebound","Slimebound:Tackle","Slimebound:Defend_Slimebound","Slimebound:Defend_Slimebound","Slimebound:Defend_Slimebound","Slimebound:Split","Slimebound:CorrosiveSpit+1","Slimebound:GoopSpray+1","Slimebound:SamplingLick","Slimebound:Split+1","Replay:SS_hec_2","Slimebound:DisruptingSlam+1","Slimebound:SamplingLick","Slimebound:SamplingLick","Slimebound:Dissolve","Slimebound:LivingWall+1","Slimebound:Prepare","Slimebound:OozeBath","Slimebound:AcidTongue","Slimebound:FormOfPuddle+1","Slimebound:OneTwoCombo+1","Slimebound:SplitBruiser","Slimebound:SplitBruiser","Slimebound:Replication","Slimebound:ViciousTackle+1","Slimebound:ViciousTackle+1","Slimebound:OozeBath","Slimebound:OneTwoCombo","Slimebound:RainOfGoop+1","Slimebound:ViciousTackle","Slimebound:LivingWall+1","Slimebound:SplitBruiser","Slimebound:SplitMire","Slimebound:SplitBruiser","Slimebound:SplitLeeching+1","Slimebound:AcidTongue+1"],"relics":["Slimebound:AbsorbEndCombat","ReplayTheSpireMod:Lightbulb","Onion Ring","White Beast Statue","Painkiller Herb","MerchantsRug","HornCleat","Toy Ornithopter","SlaversCollar","Turnip","Sundial"],"acts_visited":["Exordium","TheCity","TheBeyond"],"potions_floor_usage":[14,50,50,50],"damage_taken":[{"damage":9,"enemies":"Small Slimes","floor":1,"turns":3},{"damage":10,"enemies":"Cultist","floor":2,"turns":4},{"damage":10,"enemies":"Jaw Worm","floor":3,"turns":3},{"damage":10,"enemies":"Large Slime","floor":5,"turns":6},{"damage":25,"enemies":"Gremlin Nob","floor":7,"turns":5},{"damage":6,"enemies":"Lots of Slimes","floor":8,"turns":4},{"damage":10,"enemies":"2 Fungi Beasts","floor":10,"turns":3},{"damage":9,"enemies":"3 Sentries","floor":11,"turns":7},{"damage":8,"enemies":"3 Louse","floor":12,"turns":3},{"damage":4,"enemies":"Large Slime","floor":14,"turns":4},{"damage":24,"enemies":"Hexaghost","floor":16,"turns":9},{"damage":16,"enemies":"2 Thieves","floor":18,"turns":2},{"damage":8,"enemies":"Chosen","floor":20,"turns":4},{"damage":9,"enemies":"Snake Plant","floor":22,"turns":5},{"damage":36,"enemies":"Slavers","floor":24,"turns":5},{"damage":20,"enemies":"Sentry and Sphere","floor":28,"turns":4},{"damage":26,"enemies":"Cultist and Chosen","floor":29,"turns":3},{"damage":78,"enemies":"Automaton","floor":33,"turns":7},{"damage":8,"enemies":"3 Shapes","floor":35,"turns":3},{"damage":21,"enemies":"3 Darklings","floor":37,"turns":4},{"damage":37,"enemies":"Maw","floor":38,"turns":6},{"damage":10,"enemies":"4 Shapes","floor":41,"turns":4},{"damage":31,"enemies":"Writhing Mass","floor":44,"turns":4},{"damage":29,"enemies":"Jaw Worm Horde","floor":46,"turns":4},{"damage":31,"enemies":"Transient","floor":47,"turns":5},{"damage":12,"enemies":"3 Darklings","floor":48,"turns":3},{"damage":105,"enemies":"Donu and Deca","floor":50,"turns":7}],"seed_played":"-5321637655012596381","potions_obtained":[{"floor":2,"key":"GamblersBrew"},{"floor":5,"key":"Slimebound:SlimedPotion"},{"floor":7,"key":"Block Potion"},{"floor":14,"key":"PowerPotion"},{"floor":20,"key":"Strength Potion"},{"floor":22,"key":"DistilledChaos"},{"floor":24,"key":"Dexterity Potion"},{"floor":28,"key":"LifebloodPotion"},{"floor":33,"key":"Milkshake"},{"floor":35,"key":"BlessingOfTheForge"},{"floor":37,"key":"Elixir"},{"floor":38,"key":"ColorlessPotion"},{"floor":41,"key":"SpeedPotion"},{"floor":44,"key":"Weak Potion"},{"floor":46,"key":"SkillPotion"},{"floor":47,"key":"DistilledChaos"}],"is_trial":false,"path_per_floor":["M","M","M","?","M","R","E","M","T","M","E","M","R","M","R","B",null,"?","?","?","T","?","T","E","T","T","?","?","?","T","?","T","B",null,"?","T","?","?","?","T","?","T","T","?","T","?","?","?","T","B",null],"character_chosen":"SLIMEBOUND","items_purchased":["MerchantsRug","Slimebound:OneTwoCombo","Slimebound:SplitBruiser","Slimebound:OozeBath","Turnip"],"campfire_rested":0,"item_purchase_floors":[21,21,21,30,42],"current_hp_per_floor":[65,66,65,65,66,66,61,65,65,56,66,66,66,66,66,66,66,54,57,69,69,69,69,69,69,69,69,65,69,69,69,69,30,69,69,69,69,68,68,68,69,69,69,69,69,52,69,69,69,39],"gold":114,"neow_bonus":"TEN_PERCENT_HP_BONUS","is_daily":false,"chose_seed":false,"campfire_upgraded":9,"win_rate":0.0,"timestamp":1607966905,"path_taken":["M","M","M","?","M","R","E","M","T","M","E","?","R","M","R","BOSS","?","?","?","T","?","T","E","T","T","?","?","?","T","?","T","BOSS","?","T","?","?","?","T","?","T","T","?","T","?","?","?","T","BOSS"],"items_purchased_type":["Relic","Card","Card","Card","Relic"],"build_version":"2020-12-13","purchased_purges":2,"victory":true,"max_hp_per_floor":[66,66,66,66,66,66,66,66,66,66,66,66,66,66,66,66,66,66,69,69,69,69,69,69,69,69,69,69,69,69,69,69,69,69,69,69,69,69,69,69,69,69,69,69,69,69,69,69,69,69],"card_choices":[{"not_picked":["Slimebound:DivideAndConquer","Slimebound:ComboTackle"],"picked":"Slimebound:GoopSpray","floor":1},{"not_picked":["Slimebound:Recollect","Slimebound:RollThrough","Slimebound:BestDefense"],"picked":"SKIP","floor":2},{"not_picked":["Slimebound:LeechEnergy","Slimebound:ComboTackle"],"picked":"Slimebound:SamplingLick","floor":3},{"not_picked":["Slimebound:SlimeSpikes","Slimebound:GoopSpray"],"picked":"Slimebound:DisruptingSlam","floor":5},{"not_picked":["Slimebound:Nibble","Slimebound:ProtectTheBoss"],"picked":"Slimebound:SamplingLick","floor":7},{"not_picked":["Slimebound:SelfFormingGoo","Slimebound:FinishingTackle"],"picked":"Slimebound:SamplingLick","floor":8},{"not_picked":["Slimebound:FlameTackle","Slimebound:Equalize","Slimebound:Recollect"],"picked":"SKIP","floor":10},{"not_picked":["Slimebound:RollThrough","Slimebound:BestDefense"],"picked":"Slimebound:Dissolve","floor":11},{"not_picked":["Slimebound:LeechingTouch","Slimebound:DisruptingSlam"],"picked":"Slimebound:LivingWall","floor":12},{"not_picked":["Slimebound:GrowthPunch","Slimebound:LevelUp"],"picked":"Slimebound:Prepare","floor":14},{"not_picked":["Slimebound:SlimeSlap","Slimebound:SelfFormingGoo"],"picked":"Slimebound:OozeBath","floor":16},{"not_picked":["Slimebound:SlimeTap+1","Slimebound:Schlurp"],"picked":"Slimebound:AcidTongue","floor":18},{"not_picked":["Slimebound:ForwardTackle","Slimebound:Chomp"],"picked":"Slimebound:FormOfPuddle","floor":20},{"not_picked":["Slimebound:AcidTongue","Slimebound:Recollect"],"picked":"Slimebound:SplitBruiser","floor":22},{"not_picked":["Slimebound:Equalize+1","Slimebound:SlimeTap"],"picked":"Slimebound:Replication","floor":24},{"not_picked":["Slimebound:SplitBruiser","Slimebound:Grow"],"picked":"Slimebound:ViciousTackle","floor":28},{"not_picked":["Slimebound:DivideAndConquer","Slimebound:LeechEnergy"],"picked":"Slimebound:ViciousTackle","floor":29},{"not_picked":["Slimebound:MinionMaster","Slimebound:LeechLife"],"picked":"Slimebound:OneTwoCombo","floor":33},{"not_picked":["Slimebound:MegaLick+1","Slimebound:ComboTackle"],"picked":"Slimebound:RainOfGoop+1","floor":35},{"not_picked":["Slimebound:FinishingTackle+1","Slimebound:PressTheAttack+1"],"picked":"Slimebound:ViciousTackle","floor":37},{"not_picked":["Slimebound:HauntingLick+1","Slimebound:GoopTackle+1"],"picked":"Slimebound:LivingWall+1","floor":38},{"not_picked":["Slimebound:Prepare+1","Slimebound:SlimeSpikes+1"],"picked":"Slimebound:SplitBruiser","floor":41},{"not_picked":["Slimebound:ForwardTackle+1","Slimebound:SamplingLick+1"],"picked":"Slimebound:SplitMire","floor":44},{"not_picked":["Slimebound:RollThrough+1","Slimebound:SamplingLick+1"],"picked":"Slimebound:SplitBruiser","floor":46},{"not_picked":["Slimebound:Grow","Slimebound:LeechEnergy+1"],"picked":"Slimebound:SplitLeeching+1","floor":47},{"not_picked":["Slimebound:ServeAndProtect+1","Slimebound:PressTheAttack"],"picked":"Slimebound:AcidTongue+1","floor":48}],"player_experience":351082,"relics_obtained":[{"floor":7,"key":"ReplayTheSpireMod:Lightbulb"},{"floor":9,"key":"Onion Ring"},{"floor":11,"key":"White Beast Statue"},{"floor":24,"key":"HornCleat"},{"floor":26,"key":"Toy Ornithopter"},{"floor":43,"key":"Sundial"}],"event_choices":[{"damage_healed":0,"gold_gain":0,"player_choice":"2 cards matched","damage_taken":0,"max_hp_gain":0,"max_hp_loss":0,"event_name":"Match and Keep!","floor":4,"gold_loss":0,"cards_obtained":["Slimebound:Split","Replay:SS_hec_2"]},{"damage_healed":0,"gold_gain":0,"player_choice":"Bet on Owner","damage_taken":0,"max_hp_gain":0,"max_hp_loss":0,"event_name":"The Joust","floor":27,"gold_loss":50},{"damage_healed":0,"gold_gain":0,"player_choice":"Gave Potion","damage_taken":0,"relics_obtained":["hubris:Teleporter"],"max_hp_gain":0,"max_hp_loss":0,"event_name":"WeMeetAgain","floor":39,"gold_loss":0}],"is_beta":false,"boss_relics":[{"not_picked":["Runic Pyramid","Coffee Dripper"],"picked":"Painkiller Herb"},{"not_picked":["Philosopher\u0027s Stone","hubris:GrandSneckoEye"],"picked":"SlaversCollar"}],"items_purged_floors":[21,30],"is_endless":false,"potions_floor_spawned":[2,5,7,10,12,14,16,18,20,22,24,28,29,33,35,37,38,41,44,46,47,48],"ascension_level":0}}