{"host":"951sez6ulsv0fw1i","time":1607970126,"event":{"mods":["2.2 Compatiblity","Aspiration","BaseMod","Better Third Choice","BetterRewards","CCEM","CapriCore","Conspire","Downfall","Googly Eyes","Hermit","Infinite Spire","JesterMod","Luminous","Mari Mod (Legacy)","Mari\u0027s V1 Patch","Marisa????????","Minty Spire (QoL Compilation)","Potionbrewer","Reimu??????","Shade Mod","StSLib","The Bug Knight","The Cursed","The Forsaken","The Immortal","The Mystic","The Poker Player","The Runesmith","The Servant 0.9.4","TheBandit","TheSwordswoman"],"gold_per_floor":[109,119,133,133,133,162,178,178,178,194,208,33,66,84,84,183,183,195,211,131,131,131],"floor_reached":21,"playtime":1467,"items_purged":[],"score":218,"play_id":"c2cbf436-64d4-42ad-abfa-294e7cbe1bbd","local_time":"20201214192206","is_ascension_mode":false,"campfire_choices":[{"data":"theForsaken:Smite","floor":8.0,"key":"SMITH"},{"data":"expansioncontent:StudyTheSpire","floor":15.0,"key":"SMITH"}],"circlet_count":0,"master_deck":["theForsaken:TheForsaken_Strike","theForsaken:TheForsaken_Strike","theForsaken:TheForsaken_Strike","theForsaken:TheForsaken_Strike","theForsaken:TheForsaken_Defend","theForsaken:TheForsaken_Defend","theForsaken:TheForsaken_Defend","theForsaken:TheForsaken_Defend","theForsaken:Smite+1","theForsaken:Penitence","theForsaken:WrathOfGod","theForsaken:CleansingLight","theForsaken:Bolster+1","theForsaken:Preservation","theForsaken:Devotion","theForsaken:Eulogy","theForsaken:WordOfPower","expansioncontent:StudyTheSpire+1","theForsaken:NobleSacrifice","theForsaken:FountainOfLife","CurseOfTheBell","theForsaken:Terrorize","theForsaken:FatRoll"],"relics":["theForsaken:JudgementScales","conspire:TopHat","HollowMod:PaleOreRelic","Pear","infinitespire:Eraser","Calling Bell","infinitespire:ShieldingShard","CCEMRelics:PorcelainBowl","Runesmith:Locket","Bag of Marbles"],"acts_visited":["Exordium","TheCity"],"potions_floor_usage":[16,16,18,19],"damage_taken":[{"damage":5.0,"enemies":"infinitespire:Voidling","floor":1.0,"turns":4.0},{"damage":1.0,"enemies":"conspire:RoseBush","floor":2.0,"turns":4.0},{"damage":0.0,"enemies":"Small Slimes","floor":3.0,"turns":4.0},{"damage":12.0,"enemies":"Lagavulin","floor":6.0,"turns":9.0},{"damage":11.0,"enemies":"3 Louse","floor":7.0,"turns":5.0},{"damage":0.0,"enemies":"Large Slime","floor":10.0,"turns":8.0},{"damage":16.0,"enemies":"Blue Slaver","floor":11.0,"turns":5.0},{"damage":26.0,"enemies":"Gremlin Nob","floor":13.0,"turns":6.0},{"damage":34.0,"enemies":"Exordium Wildlife","floor":14.0,"turns":7.0},{"damage":11,"enemies":"Slime Boss","floor":16,"turns":12},{"damage":21,"enemies":"Spheric Guardian","floor":18,"turns":7},{"damage":27,"enemies":"Shell Parasite","floor":19,"turns":10},{"damage":45,"enemies":"3 Cultists","floor":21,"turns":7}],"seed_played":"5628969507983286924","potions_obtained":[{"floor":1.0,"key":"Strength Potion"},{"floor":3.0,"key":"potionbrewer:ToxicPotion"},{"floor":13.0,"key":"potionbrewer:SplittingPotion"},{"floor":19,"key":"potionbrewer:MidasPotion"}],"is_trial":false,"path_per_floor":["M","M","M","?","?","E","M","R","T","M","M","$","E","M","R","B",null,"M","M","?","M"],"character_chosen":"THE_FORSAKEN","items_purchased":["expansioncontent:StudyTheSpire"],"campfire_rested":0,"item_purchase_floors":[12],"current_hp_per_floor":[71,70,71,71,71,60,52,52,62,73,63,63,46,18,18,19,81,65,53,53,14,14],"gold":131,"neow_bonus":"TEN_PERCENT_HP_BONUS","is_daily":false,"chose_seed":false,"campfire_upgraded":2,"win_rate":0.0,"timestamp":1607970126,"path_taken":["M","M","?","?","?","E","M","R","T","M","M","$","E","M","R","BOSS","M","M","?","M"],"items_purchased_type":["Card"],"build_version":"2020-12-13","purchased_purges":0,"victory":false,"max_hp_per_floor":[71,71,71,71,71,71,71,71,81,81,81,81,81,81,81,81,81,83,83,83,83,83],"card_choices":[{"not_picked":["theForsaken:BlightOfFamine","theForsaken:QuickAttack"],"picked":"theForsaken:WrathOfGod","floor":1.0},{"not_picked":["theForsaken:BlindFaith","theForsaken:PanicDive"],"picked":"theForsaken:CleansingLight","floor":2.0},{"not_picked":["theForsaken:FuryStrikes","theForsaken:HymnOfRest"],"picked":"theForsaken:Bolster","floor":3.0},{"not_picked":["theForsaken:HymnOfPatience","theForsaken:BindingThorns"],"picked":"theForsaken:Preservation","floor":6.0},{"not_picked":["theForsaken:SolarFlare","theForsaken:FatRoll"],"picked":"theForsaken:Devotion","floor":7.0},{"not_picked":["theForsaken:ShieldCharge","theForsaken:HorrifyingStrike"],"picked":"theForsaken:Eulogy","floor":10.0},{"not_picked":["theForsaken:Preservation","theForsaken:CorruptDeck"],"picked":"theForsaken:WordOfPower","floor":11.0},{"not_picked":["theForsaken:CreepingInfection","theForsaken:ScorchingSunlight","theForsaken:BottledPlague"],"picked":"SKIP","floor":13.0},{"not_picked":["theForsaken:ShieldCharge","theForsaken:BattleHymn"],"picked":"theForsaken:NobleSacrifice","floor":14.0},{"not_picked":["theForsaken:Temperance","theForsaken:SpreadingPlague"],"picked":"theForsaken:FountainOfLife","floor":16},{"not_picked":["theForsaken:WardingHymn","theForsaken:Eulogy"],"picked":"theForsaken:Terrorize","floor":18},{"not_picked":["theForsaken:HorrifyingStrike","theForsaken:PowerUp"],"picked":"theForsaken:FatRoll","floor":19}],"player_experience":499129,"relics_obtained":[{"floor":6.0,"key":"HollowMod:PaleOreRelic"},{"floor":9.0,"key":"Pear"},{"floor":13.0,"key":"infinitespire:Eraser"},{"floor":17,"key":"infinitespire:ShieldingShard"},{"floor":17,"key":"CCEMRelics:PorcelainBowl"},{"floor":17,"key":"Runesmith:Locket"}],"event_choices":[{"damage_healed":0.0,"max_hp_gain":0.0,"max_hp_loss":0.0,"gold_gain":0.0,"event_name":"Big Fish","player_choice":"Box","floor":4.0,"gold_loss":0.0,"damage_taken":0.0,"relics_obtained":["conspire:TopHat"],"cards_obtained":["Regret"]},{"cards_removed":["Regret"],"damage_healed":0.0,"max_hp_gain":0.0,"max_hp_loss":0.0,"gold_gain":0.0,"event_name":"Living Wall","player_choice":"Forget","floor":5.0,"gold_loss":0.0,"damage_taken":0.0}],"is_beta":false,"boss_relics":[{"not_picked":["Philosopher\u0027s Stone","theForsaken:ArmorOfThorns"],"picked":"Calling Bell"}],"items_purged_floors":[],"is_endless":false,"potions_floor_spawned":[1,3,13,19],"killed_by":"3 Cultists","ascension_level":0}}