{"host":"y89x8uui45kcjy42","time":1607920924,"event":{"mods":["2.2 Compatiblity","BaseMod","Colored Map","Colored Powertips","Friendly Minions","Highlight Path","Keyboard Shortcuts","Minty Spire (QoL Compilation)","StSLib","SuperFastMode","Waifu the Spire","WarShipGirlsR/??á´Ò³R mod"],"gold_per_floor":[118,118,393,406,423,448,448,480,480,480,480,189,200,217,217,322,322,340,98,110,122,122,122],"floor_reached":22,"playtime":764,"items_purged":["Regret","rmod:strick"],"score":206,"play_id":"99fe73a2-4ad6-4cca-8c8b-d6cf1e6f940f","local_time":"20201214134204","is_ascension_mode":true,"campfire_choices":[{"data":"rmod:rockthrower","floor":7,"key":"SMITH"},{"data":"rmod:highspeedmaneuver","floor":11,"key":"SMITH"},{"data":"rmod:chargemoney","floor":15,"key":"SMITH"}],"circlet_count":0,"master_deck":["rmod:strick","rmod:strick","rmod:strick","rmod:defend","rmod:defend","rmod:defend","rmod:defend","rmod:basicallowance+1","rmod:maingunfire","rmod:robin","rmod:steelsupply","rmod:royalracing","rmod:rockthrower+1","rmod:highspeedmaneuver+1","rmod:diaomin","rmod:ammunitionsupply","rmod:chargemoney+1","rmod:lastglory","rmod:ridicule"],"relics":["rmod:firstchargereward","NeowsBlessing","Toy Ornithopter","WingedGreaves","TheAbacus","Philosopher\u0027s Stone"],"acts_visited":["Exordium","TheCity"],"potions_floor_usage":[6,13,16],"damage_taken":[{"damage":0,"enemies":"Cultist","floor":1,"turns":1},{"damage":3,"enemies":"2 Louse","floor":4,"turns":2},{"damage":0,"enemies":"Small Slimes","floor":5,"turns":1},{"damage":54,"enemies":"Gremlin Nob","floor":6,"turns":5},{"damage":10,"enemies":"3 Sentries","floor":8,"turns":5},{"damage":10,"enemies":"Looter","floor":13,"turns":3},{"damage":0,"enemies":"Lots of Slimes","floor":14,"turns":4},{"damage":6,"enemies":"Hexaghost","floor":16,"turns":8},{"damage":9,"enemies":"3 Byrds","floor":18,"turns":5},{"damage":28,"enemies":"Shell Parasite","floor":20,"turns":4},{"damage":28,"enemies":"Snake Plant","floor":21,"turns":3},{"damage":11,"enemies":"3 Cultists","floor":22,"turns":2}],"seed_played":"-5029371409209481794","potions_obtained":[{"floor":1,"key":"Swift Potion"},{"floor":6,"key":"DuplicationPotion"},{"floor":8,"key":"AttackPotion"},{"floor":21,"key":"LiquidBronze"}],"is_trial":false,"path_per_floor":["M","?","?","M","M","E","R","E","T","?","R","$","M","M","R","B",null,"M","$","M","M","M"],"character_chosen":"PRAEFECT","items_purchased":["rmod:diaomin","TheAbacus","rmod:ridicule"],"campfire_rested":0,"item_purchase_floors":[12,12,19],"current_hp_per_floor":[75,75,75,72,72,18,18,8,8,8,8,8,3,3,3,2,75,66,66,38,10,0,0],"gold":122,"neow_bonus":"THREE_ENEMY_KILL","is_daily":false,"chose_seed":false,"campfire_upgraded":3,"win_rate":0.0,"timestamp":1607920924,"path_taken":["M","?","?","M","?","E","R","E","T","?","R","$","M","M","R","BOSS","M","$","M","M","M"],"items_purchased_type":["Card","Relic","Card"],"build_version":"2020-12-13","purchased_purges":2,"victory":false,"max_hp_per_floor":[75,75,75,75,75,75,75,75,75,75,75,75,75,75,75,75,75,75,75,75,75,75,75],"card_choices":[{"not_picked":["rmod:goodsister","rmod:tearstotiara"],"picked":"rmod:robin","floor":1},{"not_picked":["rmod:selfconfidence","rmod:aviationdawn"],"picked":"rmod:steelsupply","floor":4},{"not_picked":["rmod:victimresponsibility","rmod:diamondstrike"],"picked":"rmod:royalracing","floor":5},{"not_picked":["rmod:timeschanged","rmod:intelligenceanalysis"],"picked":"rmod:rockthrower","floor":6},{"not_picked":["rmod:firesupport","rmod:combined"],"picked":"rmod:highspeedmaneuver","floor":8},{"not_picked":["rmod:firesupport","rmod:slowdown"],"picked":"rmod:ammunitionsupply","floor":13},{"not_picked":["rmod:royalracing","rmod:garrisonisland"],"picked":"rmod:chargemoney","floor":14},{"not_picked":["rmod:windflower","rmod:acesubmarine"],"picked":"rmod:lastglory","floor":16},{"not_picked":["rmod:slowdown","rmod:victimresponsibility","rmod:selfconfidence"],"picked":"SKIP","floor":18},{"not_picked":["rmod:ring+1","rmod:unsinkable+1","rmod:steelsupply"],"picked":"SKIP","floor":20},{"not_picked":["rmod:combined","rmod:firesupport","rmod:aggressivemary+1"],"picked":"SKIP","floor":21}],"player_experience":495836,"relics_obtained":[{"floor":6,"key":"Toy Ornithopter"},{"floor":8,"key":"WingedGreaves"}],"event_choices":[{"damage_healed":0,"gold_gain":0,"player_choice":"Grow","damage_taken":0,"max_hp_gain":0,"max_hp_loss":0,"event_name":"Living Wall","floor":2,"gold_loss":0,"cards_upgraded":["rmod:basicallowance"]},{"damage_healed":0,"gold_gain":275,"player_choice":"Desecrate","damage_taken":0,"max_hp_gain":0,"max_hp_loss":0,"event_name":"Golden Shrine","floor":3,"gold_loss":0,"cards_obtained":["Regret"]}],"is_beta":false,"boss_relics":[{"not_picked":["Astrolabe","SlaversCollar"],"picked":"Philosopher\u0027s Stone"}],"items_purged_floors":[12,19],"is_endless":false,"potions_floor_spawned":[1,6,8,21],"killed_by":"3 Cultists","ascension_level":1}}