{"host":"3j2m8n0ywf988fwb","time":1607932468,"event":{"mods":["BaseMod","Colored Map","Colored Powertips","Downfall","Highlight Path","Minty Spire (QoL Compilation)","StSLib"],"gold_per_floor":[99,99,99,99,129,129,129,129,163,88,88,73,85,85,98,98,98],"floor_reached":16,"playtime":903,"items_purged":[],"score":118,"play_id":"88b864f6-c456-4c0f-bf2f-baddd3acc2e3","local_time":"20201214015428","is_ascension_mode":true,"campfire_choices":[{"data":"Guardian:TwinSlam","floor":1,"key":"SMITH"},{"data":"Guardian:CurlUp","floor":10,"key":"SMITH"}],"circlet_count":0,"master_deck":["Guardian:Strike_Guardian","Guardian:Strike_Guardian","Guardian:Strike_Guardian","Guardian:Strike_Guardian","Guardian:Defend_Guardian","Guardian:Defend_Guardian","Guardian:Defend_Guardian","Guardian:Defend_Guardian","Guardian:CurlUp+1","Guardian:TwinSlam+1","Guardian:Gem_Lightblue","Guardian:BronzeOrb","Guardian:Gem_Lightblue","Guardian:Gem_Fragmented","Guardian:RollAttack","Guardian:FloatingOrbs","Regret","Guardian:Gem_Lightblue","Guardian:ShieldCharger+1","Guardian:ShieldCharger+1"],"relics":["Guardian:ModeShifter","downfall:HeartsMalice","Guardian:PickAxe","HornCleat","White Beast Statue","Nunchaku","downfall:HeartBlessingGreen","Toxic Egg 2","Incense Burner"],"acts_visited":["Exordium"],"potions_floor_usage":[16],"damage_taken":[{"damage":0,"enemies":"Jaw Worm","floor":2,"turns":1},{"damage":0,"enemies":"Small Slimes","floor":3,"turns":1},{"damage":0,"enemies":"Cultist","floor":8,"turns":1},{"damage":17,"enemies":"3 Sentries","floor":9,"turns":9},{"damage":1,"enemies":"downfall:FleeingMerchant","floor":12,"turns":4},{"damage":6,"enemies":"Blue Slaver","floor":13,"turns":4},{"damage":0,"enemies":"Exordium Thugs","floor":15,"turns":4},{"damage":53,"enemies":"downfall:Defect","floor":16,"turns":12}],"seed_played":"3397871621344815656","potions_obtained":[{"floor":8,"key":"SteroidPotion"},{"floor":9,"key":"Explosive Potion"},{"floor":12,"key":"Guardian:StasisDiscoveryPotion"},{"floor":15,"key":"DistilledChaos"}],"is_trial":false,"path_per_floor":["R","M","M","?","?","?","T","M","E","R","?","$","M","?","M","B"],"character_chosen":"GUARDIAN","items_purchased":[],"campfire_rested":0,"item_purchase_floors":[],"current_hp_per_floor":[80,80,80,80,80,80,80,80,63,63,63,62,56,53,53,0,0],"gold":98,"neow_bonus":"THREE_ENEMY_KILL","is_daily":false,"chose_seed":false,"campfire_upgraded":2,"win_rate":0.0,"timestamp":1607932468,"path_taken":["R","M","M","?","?","?","T","?","E","R","?","?","M","?","M","BOSS"],"items_purchased_type":[],"build_version":"2020-12-13","purchased_purges":0,"victory":false,"max_hp_per_floor":[80,80,80,80,80,80,80,80,80,80,80,80,80,80,80,80,80],"card_choices":[{"not_picked":["Guardian:DecasProtection","Guardian:Suspension"],"picked":"Guardian:Gem_Lightblue","floor":2},{"not_picked":["Guardian:Suspension","Guardian:Gem_Yellow"],"picked":"Guardian:BronzeOrb","floor":3},{"not_picked":["Guardian:TimeCapacitor","Guardian:Recover"],"picked":"Guardian:RollAttack","floor":8},{"not_picked":["Guardian:Reroute","Guardian:TemporalShield"],"picked":"Guardian:FloatingOrbs","floor":9},{"not_picked":["Guardian:Gem_Cyan","Guardian:HyperBeam_Guardian"],"picked":"Guardian:Gem_Lightblue","floor":12},{"not_picked":["Guardian:Gem_Lightblue","Guardian:FuturePlans"],"picked":"Guardian:ShieldCharger+1","floor":13},{"not_picked":["Guardian:Gem_Yellow","Guardian:WalkerClaw"],"picked":"Guardian:ShieldCharger+1","floor":15}],"player_experience":919536,"relics_obtained":[{"floor":7,"key":"White Beast Statue"},{"floor":9,"key":"Nunchaku"}],"event_choices":[{"damage_healed":0,"gold_gain":0,"player_choice":"Box","damage_taken":0,"relics_obtained":["Toxic Egg 2"],"max_hp_gain":0,"max_hp_loss":0,"event_name":"Big Fish","floor":11,"gold_loss":0,"cards_obtained":["Regret"]},{"damage_healed":0,"gold_gain":0,"player_choice":"Success","damage_taken":3,"relics_obtained":["Incense Burner"],"max_hp_gain":0,"max_hp_loss":0,"event_name":"Scrap Ooze","floor":14,"gold_loss":0}],"is_beta":false,"boss_relics":[],"items_purged_floors":[],"is_endless":false,"potions_floor_spawned":[8,9,12,13,15],"killed_by":"downfall:Defect","ascension_level":5}}