{"host":"ks12kfi5c4d9hdxy","time":1607978053,"event":{"mods":["BaseMod","Conspire","GifTheSpireLib","Koishi","LagranYue(拉格朗・月)","Marisa（F雨　魔理沙）","Minty Spire (QoL Compilation)","Reimu（博丽灵梦）","Remilia（蕾米莉亚）","Replay The Spire","RumiaBox-露米娅的神秘盒子","StSLib","SuperFastMode","The Administrix","The Servant 0.9.4","Youmu（魂魄妖梦）","Yuyuko","【功能Mod】混沌之环修复补丁","【功能Mod】聪明的最终Boss","篝火指南"],"gold_per_floor":[109,109,109,72,18,18,46,46,73,108,125,138,154,16,16,93,93,107,120,120,120],"floor_reached":20,"playtime":472,"items_purged":["Strike_MRS"],"score":346,"play_id":"340fe49c-875e-4294-8ec4-5c550e23d4ae","local_time":"20201215043413","is_ascension_mode":true,"campfire_choices":[{"data":"FairyDestructionRay","floor":6,"key":"SMITH"},{"floor":8,"key":"REST"},{"floor":15,"key":"REST"}],"circlet_count":0,"master_deck":["AscendersBane","Strike_MRS","Strike_MRS","Strike_MRS","Defend_MRS","Defend_MRS+1","Defend_MRS","Defend_MRS","MasterSpark","UpSweep","ReplayTheSpireMod:Private Reserves","FairyDestructionRay+1","PowerUp","Singularity","EnergyFlow","PropBag","PropBag","PropBag","TreasureHunter","UnstableBomb"],"relics":["MiniHakkero","LagranYue:RandomDrawCardRelic","ZombieArmy","Boot","Gremlin Food","Sozu","Letter Opener","Ornamental Fan"],"acts_visited":["Exordium","TheCity"],"potions_floor_usage":[10,16,16],"damage_taken":[{"damage":0.0,"enemies":"Small Slimes","floor":1.0,"turns":4.0},{"damage":32,"enemies":"Gremlin Nob","floor":7,"turns":4},{"damage":15,"enemies":"3 Sentries","floor":10,"turns":3},{"damage":12,"enemies":"Jaw Worm","floor":11,"turns":2},{"damage":6,"enemies":"2 Louse","floor":12,"turns":3},{"damage":14,"enemies":"Exordium Wildlife","floor":13,"turns":4},{"damage":24,"enemies":"The Guardian","floor":16,"turns":11},{"damage":15,"enemies":"2 Thieves","floor":18,"turns":4},{"damage":20,"enemies":"Chosen","floor":19,"turns":4},{"damage":26,"enemies":"Sentry and Sphere","floor":20,"turns":3}],"seed_played":"6265582767950975037","potions_obtained":[{"floor":7,"key":"LiquidMemories"},{"floor":12,"key":"Swift Potion"},{"floor":13,"key":"Strength Potion"}],"is_trial":false,"path_per_floor":["M","?","?","?","$","R","E","R","T","E","M","M","M","$","R","B",null,"M","M","M"],"character_chosen":"MARISA","items_purchased":["PowerUp","PropBag"],"campfire_rested":2,"item_purchase_floors":[5,14],"current_hp_per_floor":[63,63,63,63,63,63,31,52,52,37,25,19,5,5,26,2,53,38,18,0,0],"gold":120,"neow_bonus":"RANDOM_COLORLESS","is_daily":false,"chose_seed":false,"campfire_upgraded":1,"win_rate":0.0,"timestamp":1607978053,"path_taken":["M","?","?","?","?","R","E","R","T","E","M","M","M","$","R","BOSS","M","M","M"],"items_purchased_type":["Card","Card"],"build_version":"2020-12-13","purchased_purges":1,"victory":false,"max_hp_per_floor":[70,70,70,70,70,70,70,70,70,70,70,70,70,70,70,70,70,70,70,70,70],"card_choices":[{"not_picked":["Replay:Sssssssssstrike","Panacea"],"picked":"ReplayTheSpireMod:Private Reserves","floor":0.0},{"not_picked":["ManaConvection","LuminesStrike"],"picked":"FairyDestructionRay","floor":1.0},{"not_picked":["GasGiant","EnergyRecoil"],"picked":"Singularity","floor":7},{"not_picked":["AsteroidBelt","LuminesStrike","OpenUniverse"],"picked":"SKIP","floor":10},{"not_picked":["NonDirectionalLaser","ChargingUp"],"picked":"EnergyFlow","floor":11},{"not_picked":["DoubleSpark","NonDirectionalLaser"],"picked":"PropBag","floor":12},{"not_picked":["GrandCross","WitchOfGreed","OrrerysSun"],"picked":"SKIP","floor":13},{"not_picked":["BinaryStars","SatelliteIllusion"],"picked":"TreasureHunter","floor":16},{"not_picked":["GalacticHalo","OrrerysSun+1"],"picked":"UnstableBomb","floor":18},{"not_picked":["EnergyRecoil","GrandCross+1","UnstableBomb"],"picked":"SKIP","floor":19}],"player_experience":489525,"relics_obtained":[{"floor":7,"key":"ZombieArmy"},{"floor":9,"key":"Boot"},{"floor":10,"key":"Gremlin Food"}],"event_choices":[{"damage_healed":0,"gold_gain":0,"player_choice":"Ignored","damage_taken":0,"max_hp_gain":0,"max_hp_loss":0,"event_name":"Shining Light","floor":3,"gold_loss":0},{"damage_healed":0,"gold_gain":0,"player_choice":"Left Gold","damage_taken":0,"max_hp_gain":0,"max_hp_loss":0,"event_name":"World of Goop","floor":4,"gold_loss":37}],"is_beta":false,"boss_relics":[{"not_picked":["ReplayTheSpireMod:DimensionalGlitch","Empty Cage"],"picked":"Sozu"}],"items_purged_floors":[14],"is_endless":false,"potions_floor_spawned":[7,12,13,19],"killed_by":"Sentry and Sphere","ascension_level":18}}