{"host":"mn5ze3eyhx81nlo2","time":1607979922,"event":{"mods":["BaseMod","Block Reminder","Challenge The Spire","Downfall","Hermit","Hubris","Infinite Spire","Minty Spire (QoL Compilation)","Quick Restart","Replay The Spire","Shade Mod","StSLib","The Cursed","The Druid","The Hierophant","The Runesmith","Unceasing Turn Reminder"],"gold_per_floor":[99,99,99,99,99,127,127,127,127,161,76,76,17,29,49,157,157,157,157,157,44,44,56,111,111,131,131,148,165,165,180,206,306,306,306,324,324,376,376,376,376,376,110,110,168,193,208,229,253,265,265],"floor_reached":50,"playtime":2236,"items_purged":["champ:Strike","champ:Strike"],"score":571,"play_id":"974e9a90-d04c-492a-a4c1-311406d52337","local_time":"20201214210522","is_ascension_mode":false,"campfire_choices":[{"floor":1,"key":"DIG"},{"data":"champ:DefensiveShout","floor":9,"key":"SMITH"},{"floor":18,"key":"DIG"},{"data":"champ:DefensiveStyle","floor":20,"key":"SMITH"},{"data":"champ:HoldFirm","floor":25,"key":"SMITH"},{"data":"champ:IronFortress","floor":27,"key":"SMITH"},{"data":"champ:Improvising","floor":35,"key":"SMITH"},{"data":"champ:EnGarde","floor":42,"key":"SMITH"},{"data":"champ:SkillfulDodge","floor":44,"key":"SMITH"}],"circlet_count":0,"master_deck":["champ:Strike","champ:Strike","champ:Defend","champ:Defend","champ:Defend","champ:Execute","champ:Taunt","champ:DefensiveShout+1","champ:Circumvent","champ:FocusedDefense","champ:ShieldWall+1","champ:BringItOn","champ:IronFortress+1","champ:TornadoPunch","champ:FalseCounter","champ:Improvising+1","champ:DefensiveStyle+1","champ:HoldFirm+1","champ:CalledShot+1","champ:SkillfulDodge+1","champ:ShieldSlam","champ:EnGarde+1"],"relics":["champ:ChampionCrown","downfall:HeartsMalice","Runesmith:Nanobots","Ring of Peace","Ring of Fury","hubris:Icosahedron","Replay:Mystery Machine","Replay:WaspNest","Thread and Needle","infinitespire:Midas Blood","champ:ChampionCrownUpgraded","infinitespire:Lucky Rock","MutagenicStrength","Bag of Marbles","Philosopher\u0027s Stone","champ:DefensiveTrainingManual","Counterbalance","Question Card","Kunai","Replay:Kaleidoscope"],"acts_visited":["Exordium","TheCity","TheBeyond"],"potions_floor_usage":[16,28,32,50,50],"damage_taken":[{"damage":0,"enemies":"Jaw Worm","floor":2,"turns":1},{"damage":0,"enemies":"2 Louse","floor":3,"turns":1},{"damage":0,"enemies":"Lagavulin","floor":6,"turns":1},{"damage":21,"enemies":"3 Sentries","floor":10,"turns":7},{"damage":0,"enemies":"downfall:FleeingMerchant","floor":11,"turns":4},{"damage":0,"enemies":"downfall:FleeingMerchant","floor":13,"turns":4},{"damage":0,"enemies":"Small Slimes","floor":14,"turns":3},{"damage":0,"enemies":"Exordium Wildlife","floor":15,"turns":3},{"damage":9,"enemies":"downfall:Defect","floor":16,"turns":7},{"damage":3,"enemies":"downfall:FleeingMerchant","floor":21,"turns":4},{"damage":3,"enemies":"3 Byrds","floor":23,"turns":4},{"damage":0,"enemies":"Chosen","floor":26,"turns":5},{"damage":9,"enemies":"Snecko","floor":28,"turns":4},{"damage":8,"enemies":"3 Cultists","floor":29,"turns":4},{"damage":0,"enemies":"Chosen and Byrds","floor":31,"turns":6},{"damage":13,"enemies":"Sentry and Sphere","floor":32,"turns":7},{"damage":0,"enemies":"downfall:Watcher","floor":33,"turns":11},{"damage":9,"enemies":"Orb Walker","floor":36,"turns":3},{"damage":6,"enemies":"downfall:FleeingMerchant","floor":43,"turns":4},{"damage":14,"enemies":"Mind Bloom Boss Battle","floor":45,"turns":7},{"damage":16,"enemies":"3 Shapes","floor":46,"turns":8},{"damage":41,"enemies":"Transient","floor":47,"turns":5},{"damage":18,"enemies":"Spire Growth","floor":48,"turns":5},{"damage":16,"enemies":"3 Darklings","floor":49,"turns":5},{"damage":96,"enemies":"downfall:Silent","floor":50,"turns":5}],"seed_played":"-32339003125095724","potions_obtained":[{"floor":14,"key":"FairyPotion"},{"floor":15,"key":"Flashbang"},{"floor":16,"key":"Energy Potion"},{"floor":19,"key":"CultistPotion"},{"floor":28,"key":"LifebloodPotion"},{"floor":46,"key":"Strength Potion"}],"is_trial":false,"path_per_floor":["R","M","M","?","?","E","T","T","R","E","$","?","$","M","M","B",null,"R","?","R","$","?","M","T","R","M","R","M","M","?","M","M","B",null,"R","M","?","T","?","T","T","R","$","R","?","M","M","M","M","B"],"character_chosen":"THE_CHAMP","items_purchased":["champ:IronFortress","champ:FalseCounter","Kunai"],"campfire_rested":0,"item_purchase_floors":[11,13,43],"current_hp_per_floor":[90,90,90,90,90,90,90,90,90,84,84,84,89,89,89,90,90,90,90,90,90,90,90,90,90,90,90,90,90,90,90,77,80,90,90,89,89,89,89,89,89,89,90,90,90,85,52,37,40,0,0],"gold":265,"neow_bonus":"THREE_ENEMY_KILL","is_daily":false,"chose_seed":false,"campfire_upgraded":7,"win_rate":0.0,"timestamp":1607979922,"path_taken":["R","M","M","?","?","E","T","?","R","E","?","?","$","?","M","BOSS","R","?","R","$","?","M","T","R","?","R","M","M","?","M","M","BOSS","R","M","?","?","?","?","T","R","$","R","?","M","?","M","M","BOSS"],"items_purchased_type":["Card","Card","Relic"],"build_version":"2020-12-13","purchased_purges":2,"victory":false,"max_hp_per_floor":[90,90,90,90,90,90,90,90,90,90,90,90,90,90,90,90,90,90,90,90,90,90,90,90,90,90,90,90,90,90,90,90,90,90,90,90,90,90,90,90,90,90,90,90,90,90,90,90,90,90,90],"card_choices":[{"not_picked":["champ:CrookedStrike","champ:FlashCut"],"picked":"champ:DefensiveShout","floor":2},{"not_picked":["champ:FanOfKnives","champ:CrookedStrike"],"picked":"champ:Circumvent","floor":3},{"not_picked":["champ:Encircle","champ:DancingMaster"],"picked":"champ:FocusedDefense","floor":6},{"not_picked":["champ:RapidStrikes","champ:Encircle"],"picked":"champ:ShieldWall","floor":10},{"not_picked":["champ:Lariat","champ:Haymaker"],"picked":"champ:BringItOn","floor":11},{"not_picked":["champ:IgnorePain","champ:DefensiveShout"],"picked":"champ:TornadoPunch","floor":13},{"not_picked":["champ:FaceSlap","champ:CrookedStrike"],"picked":"champ:Improvising","floor":14},{"not_picked":["champ:BerserkerStyle","champ:IronFortress"],"picked":"champ:DefensiveStyle","floor":15},{"not_picked":["champ:StrikeOfGenius","champ:Devastate"],"picked":"champ:HoldFirm","floor":16},{"not_picked":["champ:FlashCut+1","champ:Haymaker","champ:AdrenalArmor"],"picked":"SKIP","floor":21},{"not_picked":["champ:DefensiveStyle","champ:FalseCounter","champ:RisingSlash"],"picked":"SKIP","floor":23},{"not_picked":["champ:BerserkersShout","champ:PerfectedStrike","champ:Duel"],"picked":"SKIP","floor":26},{"not_picked":["champ:Shatter+1","champ:FlashCut"],"picked":"champ:CalledShot+1","floor":28},{"not_picked":["champ:CrookedStrike","champ:FocusedDefense","champ:DefensiveShout"],"picked":"SKIP","floor":29},{"not_picked":["champ:DefensiveShout","champ:GladiatorStyle"],"picked":"champ:SkillfulDodge","floor":31},{"not_picked":["champ:DefensiveShout","champ:AdrenalArmor","champ:FanOfKnives"],"picked":"SKIP","floor":32},{"not_picked":["champ:MurderStrike","champ:DancingMaster"],"picked":"champ:ShieldSlam","floor":33},{"not_picked":["champ:Circumvent+1","champ:DefensiveShout+1"],"picked":"champ:EnGarde","floor":36},{"not_picked":["champ:FocusedGladiator+1","champ:RecklessLeap+1","champ:TornadoPunch","champ:Backstep+1"],"picked":"SKIP","floor":43},{"not_picked":["champ:Haymaker","champ:CrookedStrike+1","champ:Improvising","champ:FanOfKnives+1"],"picked":"SKIP","floor":46},{"not_picked":["champ:ShieldWall","champ:FanOfKnives+1","champ:StanceDance+1","champ:PerfectedStrike+1"],"picked":"SKIP","floor":47},{"not_picked":["champ:FaceSlap","champ:FocusedDefense","champ:Haymaker","champ:Circumvent+1"],"picked":"SKIP","floor":48},{"not_picked":["champ:GladiatorsShout","champ:Lariat","champ:FlashCut+1","champ:HeartStrike"],"picked":"SKIP","floor":49}],"player_experience":874094,"relics_obtained":[{"floor":1,"key":"Runesmith:Nanobots"},{"floor":4,"key":"Ring of Peace"},{"floor":4,"key":"Ring of Fury"},{"floor":6,"key":"Replay:Mystery Machine"},{"floor":7,"key":"Replay:WaspNest"},{"floor":8,"key":"Thread and Needle"},{"floor":10,"key":"infinitespire:Midas Blood"},{"floor":18,"key":"infinitespire:Lucky Rock"},{"floor":24,"key":"Bag of Marbles"},{"floor":38,"key":"champ:DefensiveTrainingManual"},{"floor":40,"key":"Counterbalance"},{"floor":41,"key":"Question Card"},{"floor":45,"key":"Replay:Kaleidoscope"}],"event_choices":[{"damage_healed":0,"gold_gain":0,"player_choice":"Inject Mutagens","damage_taken":0,"relics_obtained":["MutagenicStrength"],"max_hp_gain":0,"max_hp_loss":0,"event_name":"Drug Dealer","floor":22,"gold_loss":0},{"damage_healed":0,"gold_gain":0,"player_choice":"Ignored","damage_taken":0,"max_hp_gain":0,"max_hp_loss":0,"event_name":"Vampires","floor":30,"gold_loss":0},{"cards_removed":["champ:Defend"],"damage_healed":0,"gold_gain":0,"player_choice":"Removed Skill","damage_taken":0,"max_hp_gain":0,"max_hp_loss":0,"event_name":"Falling","floor":39,"gold_loss":0}],"is_beta":false,"boss_relics":[{"not_picked":["Empty Cage","Tiny House"],"picked":"champ:ChampionCrownUpgraded"},{"not_picked":["Runic Pyramid","ReplayTheSpireMod:SealedPack"],"picked":"Philosopher\u0027s Stone"}],"items_purged_floors":[13,21],"is_endless":false,"potions_floor_spawned":[14,15,16,26,28,29,46,49],"killed_by":"downfall:Silent","ascension_level":0}}