{"host":"is2s59edl8twrhoj","time":1607986021,"event":{"mods":["BaseMod","Colored Map","Colored Powertips","DeckTracker","Minty Spire (QoL Compilation)","StSLib"],"gold_per_floor":[113,128,140,155,167,167,194,194,194,226,226,244,277,291,291,365,365,377,302,302,178,198,198,218,233,258,258,258,258,258],"floor_reached":29,"playtime":1076,"items_purged":["Strike_G"],"score":420,"play_id":"8527cd9f-7d45-4307-9b50-235529526993","local_time":"20201214224701","is_ascension_mode":true,"campfire_choices":[{"floor":6,"key":"REST"},{"floor":8,"key":"REST"},{"floor":11,"key":"REST"},{"floor":15,"key":"REST"},{"data":"Burst","floor":23,"key":"SMITH"},{"data":"1","floor":28,"key":"LIFT"}],"circlet_count":0,"master_deck":["AscendersBane","Strike_G","Strike_G","Strike_G","Defend_G","Defend_G","Defend_G","Defend_G","Defend_G","Survivor","Neutralize","Bane","Deadly Poison","Deadly Poison","Crippling Poison","Escape Plan","Bane","Die Die Die","Burst+1","Escape Plan","Poisoned Stab","Blur"],"relics":["Black Star","Girya","Vajra","Pantograph","Mummified Hand","Ginger","Strawberry","Gambling Chip","Coffee Dripper","Potion Belt"],"acts_visited":["Exordium","TheCity"],"potions_floor_usage":[5,5,7,10,16,16,24],"damage_taken":[{"damage":0,"enemies":"2 Louse","floor":1,"turns":5},{"damage":2,"enemies":"Jaw Worm","floor":2,"turns":5},{"damage":5,"enemies":"Cultist","floor":3,"turns":4},{"damage":12,"enemies":"3 Louse","floor":4,"turns":3},{"damage":23,"enemies":"Large Slime","floor":5,"turns":7},{"damage":24,"enemies":"3 Sentries","floor":7,"turns":8},{"damage":19,"enemies":"Gremlin Nob","floor":10,"turns":4},{"damage":1,"enemies":"Red Slaver","floor":12,"turns":4},{"damage":15,"enemies":"Lagavulin","floor":13,"turns":5},{"damage":0,"enemies":"Blue Slaver","floor":14,"turns":3},{"damage":13,"enemies":"The Guardian","floor":16,"turns":9},{"damage":4,"enemies":"3 Byrds","floor":18,"turns":5},{"damage":22,"enemies":"2 Thieves","floor":22,"turns":3},{"damage":19,"enemies":"Snake Plant","floor":24,"turns":4},{"damage":7,"enemies":"Centurion and Healer","floor":25,"turns":7},{"damage":18,"enemies":"Gremlin Leader","floor":29,"turns":2}],"seed_played":"1455530204337481311","potions_obtained":[{"floor":4,"key":"EntropicBrew"},{"floor":7,"key":"Poison Potion"},{"floor":12,"key":"Energy Potion"},{"floor":14,"key":"BlessingOfTheForge"},{"floor":16,"key":"Energy Potion"},{"floor":22,"key":"PowerPotion"},{"floor":24,"key":"LiquidMemories"}],"is_trial":false,"path_per_floor":["M","M","M","M","M","R","E","R","T","E","R","M","E","M","R","B",null,"M","?","?","$","M","R","M","M","T","?","R","E"],"character_chosen":"THE_SILENT","items_purchased":["SpeedPotion"],"campfire_rested":4,"item_purchase_floors":[21],"current_hp_per_floor":[59,57,52,40,17,36,12,31,31,12,31,30,22,22,43,55,69,65,65,65,65,43,43,24,17,17,17,17,0,0],"gold":258,"neow_bonus":"BOSS_RELIC","is_daily":false,"chose_seed":false,"campfire_upgraded":1,"win_rate":0.0,"timestamp":1607986021,"path_taken":["M","M","M","M","M","R","E","R","T","E","R","M","E","M","R","BOSS","M","?","?","$","M","R","?","M","T","?","R","E"],"items_purchased_type":["Potion"],"build_version":"2020-12-13","purchased_purges":1,"victory":false,"max_hp_per_floor":[66,66,66,66,66,66,66,66,66,66,66,66,73,73,73,73,73,73,73,73,73,73,73,73,73,73,73,73,73,73],"card_choices":[{"not_picked":["Backflip","Slice"],"picked":"Bane","floor":1},{"not_picked":["Setup","PiercingWail"],"picked":"Deadly Poison","floor":2},{"not_picked":["Dodge and Roll","Skewer"],"picked":"Deadly Poison","floor":3},{"not_picked":["Slice","Deadly Poison"],"picked":"Crippling Poison","floor":4},{"not_picked":["Expertise","Well Laid Plans"],"picked":"Escape Plan","floor":5},{"not_picked":["Setup","Deflect","Flying Knee"],"picked":"SKIP","floor":7},{"not_picked":["Dagger Throw","Dodge and Roll"],"picked":"Bane","floor":10},{"not_picked":["Storm of Steel","Slice","Predator"],"picked":"SKIP","floor":12},{"not_picked":["Outmaneuver","Slice"],"picked":"Die Die Die","floor":13},{"not_picked":["PiercingWail","Eviscerate","Slice"],"picked":"SKIP","floor":14},{"not_picked":["After Image","Adrenaline"],"picked":"Burst","floor":16},{"not_picked":["Dodge and Roll","Tactician","Sucker Punch"],"picked":"SKIP","floor":18},{"not_picked":["Crippling Poison","Dash+1"],"picked":"Poisoned Stab","floor":22},{"not_picked":["Poisoned Stab","Predator","Tactician"],"picked":"SKIP","floor":24},{"not_picked":["Deadly Poison","Sucker Punch"],"picked":"Blur","floor":25}],"player_experience":616315,"relics_obtained":[{"floor":7,"key":"Girya"},{"floor":7,"key":"Vajra"},{"floor":9,"key":"Pantograph"},{"floor":10,"key":"Mummified Hand"},{"floor":10,"key":"Ginger"},{"floor":13,"key":"Strawberry"},{"floor":13,"key":"Gambling Chip"},{"floor":26,"key":"Potion Belt"}],"event_choices":[{"cards_removed":["Strike_G"],"damage_healed":0,"gold_gain":0,"player_choice":"Gave Gold","damage_taken":0,"max_hp_gain":0,"max_hp_loss":0,"event_name":"Beggar","floor":19,"gold_loss":75},{"damage_healed":0,"gold_gain":0,"player_choice":"Copied","damage_taken":0,"max_hp_gain":0,"max_hp_loss":0,"event_name":"Duplicator","floor":20,"gold_loss":0,"cards_obtained":["Escape Plan"]},{"damage_healed":0,"gold_gain":0,"player_choice":"Ignored","damage_taken":0,"max_hp_gain":0,"max_hp_loss":0,"event_name":"Cursed Tome","floor":27,"gold_loss":0}],"is_beta":false,"boss_relics":[{"not_picked":["WristBlade","Fusion Hammer"],"picked":"Coffee Dripper"}],"items_purged_floors":[21],"is_endless":false,"potions_floor_spawned":[4,7,12,14,16,22,24],"killed_by":"Gremlin Leader","ascension_level":14}}