{"host":"zekcc3vicrep0och","time":1607955983,"event":{"mods":["AchievementEnabler","BaseMod","Colored Map","Colored Powertips","Displayed Cursed Tome","Minty Spire (QoL Compilation)","Relic Stats","StSLib"],"gold_per_floor":[138,176,176,34,93,93,93,18,18,77,77,180,249,293,293,420,420,439,489,82,117,157,210,3,83,106,466,546,566,25,81,81,181,181,199,240,13,28,28,88,104,145,190,266,301,357,56,107,107,107],"floor_reached":51,"playtime":3321,"items_purged":["Regret","Strike_R"],"score":1505,"play_id":"f1dbaffa-4b9e-4d84-89da-4835a0e5d571","local_time":"20201214172623","is_ascension_mode":true,"campfire_choices":[{"data":"Armaments","floor":6.0,"key":"SMITH"},{"data":"HandOfGreed","floor":11.0,"key":"SMITH"},{"data":"Bash","floor":15.0,"key":"SMITH"},{"data":"Barricade","floor":32.0,"key":"SMITH"},{"data":"Entrench","floor":49,"key":"SMITH"}],"circlet_count":0,"master_deck":["AscendersBane","Strike_R","Strike_R","Defend_R","Defend_R","Defend_R","Bash+1","HandOfGreed+1","Disarm","Double Tap","Armaments+1","Barricade+1","Shrug It Off","Shockwave","Infernal Blade","Shrug It Off","Corruption+1","Clash+1","Ghostly Armor+1","Carnage+1","Dark Embrace+1","Dropkick","Metallicize+1","Feel No Pain+1","PanicButton","Iron Wave","Exhume","Flex+1","Panache+1","Iron Wave+1","Exhume","Flame Barrier+1","Flame Barrier","Berserk+1","Inflame+1","Entrench+1","Iron Wave","Body Slam+1"],"relics":["Burning Blood","Eternal Feather","Strawberry","Frozen Egg 2","Astrolabe","Gremlin Horn","Unceasing Top","Sling","Mummified Hand","MealTicket","Old Coin","StrikeDummy","Matryoshka","Toy Ornithopter","SacredBark","Membership Card","Sundial","Regal Pillow","Dream Catcher","Calipers","InkBottle","TheAbacus","Pear","Potion Belt"],"acts_visited":["Exordium","TheCity","TheBeyond"],"potions_floor_usage":[44,50,50,50],"damage_taken":[{"damage":0.0,"enemies":"2 Louse","floor":1.0,"turns":2.0},{"damage":1.0,"enemies":"Cultist","floor":2.0,"turns":3.0},{"damage":1.0,"enemies":"Small Slimes","floor":5.0,"turns":5.0},{"damage":1.0,"enemies":"2 Fungi Beasts","floor":10.0,"turns":6.0},{"damage":39.0,"enemies":"3 Sentries","floor":12.0,"turns":9.0},{"damage":7.0,"enemies":"Exordium Thugs","floor":13.0,"turns":3.0},{"damage":12.0,"enemies":"Gremlin Gang","floor":14.0,"turns":5.0},{"damage":18.0,"enemies":"Slime Boss","floor":16.0,"turns":12.0},{"damage":11.0,"enemies":"Spheric Guardian","floor":18.0,"turns":4.0},{"damage":12.0,"enemies":"Chosen","floor":21.0,"turns":3.0},{"damage":2.0,"enemies":"Snecko","floor":22.0,"turns":5.0},{"damage":11.0,"enemies":"Book of Stabbing","floor":23.0,"turns":4.0},{"damage":27.0,"enemies":"Slavers","floor":25.0,"turns":5.0},{"damage":11.0,"enemies":"Book of Stabbing","floor":27.0,"turns":5.0},{"damage":18.0,"enemies":"Cultist and Chosen","floor":29.0,"turns":6.0},{"damage":31.0,"enemies":"Slavers","floor":31.0,"turns":9.0},{"damage":30.0,"enemies":"Automaton","floor":33.0,"turns":13.0},{"damage":0.0,"enemies":"3 Darklings","floor":35.0,"turns":5.0},{"damage":0.0,"enemies":"3 Shapes","floor":36.0,"turns":2.0},{"damage":0.0,"enemies":"3 Darklings","floor":38.0,"turns":6.0},{"damage":4.0,"enemies":"Giant Head","floor":40.0,"turns":8.0},{"damage":16.0,"enemies":"Jaw Worm Horde","floor":41.0,"turns":4.0},{"damage":23.0,"enemies":"Maw","floor":42.0,"turns":10.0},{"damage":14,"enemies":"2 Orb Walkers","floor":44,"turns":5},{"damage":0,"enemies":"Sphere and 2 Shapes","floor":45,"turns":4},{"damage":1,"enemies":"Reptomancer","floor":46,"turns":3},{"damage":9,"enemies":"Giant Head","floor":48,"turns":9},{"damage":34,"enemies":"Donu and Deca","floor":50,"turns":6}],"seed_played":"-832474927889181220","potions_obtained":[{"floor":2.0,"key":"LiquidMemories"},{"floor":5.0,"key":"Weak Potion"},{"floor":13.0,"key":"FearPotion"},{"floor":16.0,"key":"PowerPotion"},{"floor":23.0,"key":"SkillPotion"},{"floor":29.0,"key":"GamblersBrew"},{"floor":31.0,"key":"SmokeBomb"},{"floor":33.0,"key":"SpeedPotion"},{"floor":35.0,"key":"Swift Potion"},{"floor":38.0,"key":"LiquidBronze"},{"floor":41.0,"key":"Dexterity Potion"},{"floor":45,"key":"SmokeBomb"},{"floor":48,"key":"Regen Potion"}],"is_trial":false,"path_per_floor":["M","M","?","$","M","R","?","$","T","M","R","E","M","M","R","B",null,"M","?","$","M","M","E","$","E","T","E","T","M","$","E","R","B",null,"M","M","$","M","?","E","M","M","T","?","M","E","$","E","R","B",null],"character_chosen":"IRONCLAD","items_purchased":["Barricade","Dark Embrace+1","Gremlin Horn","Sling","Fire Potion","Feel No Pain+1","PanicButton","Matryoshka","Regen Potion","Block Potion","Membership Card","Panache+1","TheAbacus","Pear","Inflame+1","Entrench","Iron Wave","SteroidPotion"],"campfire_rested":0,"item_purchase_floors":[4,20,20,24,24,30,30,30,30,30,37,37,47,47,47,47,47,47],"current_hp_per_floor":[68,68,68,68,68,68,68,68,75,75,75,42,41,35,47,35,65,60,60,60,54,58,53,53,32,32,27,27,15,30,20,35,11,59,65,75,75,75,75,75,65,48,48,45,51,56,81,78,85,82],"gold":107,"neow_bonus":"RANDOM_COLORLESS_2","is_daily":false,"chose_seed":false,"campfire_upgraded":5,"win_rate":0.0,"timestamp":1607955983,"path_taken":["M","M","?","$","?","R","?","$","T","M","R","E","M","M","R","BOSS","M","?","$","M","M","E","$","E","T","E","?","?","$","E","R","BOSS","M","M","$","M","?","E","M","?","T","?","M","E","$","E","R","BOSS"],"items_purchased_type":["Card","Card","Relic","Relic","Potion","Card","Card","Relic","Potion","Potion","Relic","Card","Relic","Relic","Card","Card","Card","Potion"],"build_version":"2020-12-13","purchased_purges":2,"victory":true,"max_hp_per_floor":[68,68,68,68,68,68,68,68,75,75,75,75,75,75,75,75,75,75,75,75,75,75,75,75,75,75,75,75,75,75,75,75,75,75,75,75,75,75,75,75,75,75,75,75,75,75,85,85,85,85],"relic_stats":{"Regal Pillow":0,"Gremlin Horn":[25,25],"counters":[28,161],"Astrolabe":["Clash","Ghostly Armor","Carnage"],"Eternal Feather":34,"Burning Blood":138,"Dream Catcher":0,"TheAbacus":[18],"Mummified Hand":[94],"Sundial":[4],"MealTicket":30,"obtain_stats":[{"Potion Belt":48,"Regal Pillow":43,"Calipers":44,"Pear":47,"Gremlin Horn":20,"Astrolabe":17,"SacredBark":34,"Eternal Feather":7,"Frozen Egg 2":12,"Sling":24,"Burning Blood":0,"Old Coin":27,"Dream Catcher":43,"Matryoshka":30,"TheAbacus":47,"Mummified Hand":25,"Sundial":40,"Strawberry":9,"MealTicket":26,"Membership Card":37,"StrikeDummy":28,"Unceasing Top":23,"Toy Ornithopter":31,"InkBottle":46},{"Potion Belt":27,"Regal Pillow":23,"Calipers":24,"Pear":26,"Gremlin Horn":9,"Astrolabe":8,"SacredBark":17,"Eternal Feather":3,"Frozen Egg 2":5,"Sling":12,"Burning Blood":0,"Old Coin":14,"Dream Catcher":23,"Matryoshka":15,"TheAbacus":26,"Mummified Hand":13,"Sundial":21,"Strawberry":3,"MealTicket":13,"Membership Card":19,"StrikeDummy":14,"Unceasing Top":12,"Toy Ornithopter":16,"InkBottle":26},{"Potion Belt":155,"Regal Pillow":134,"Calipers":139,"Pear":146,"Gremlin Horn":49,"Astrolabe":45,"SacredBark":99,"Eternal Feather":10,"Frozen Egg 2":25,"Sling":61,"Burning Blood":0,"Old Coin":71,"Dream Catcher":134,"Matryoshka":77,"TheAbacus":146,"Mummified Hand":66,"Sundial":120,"Strawberry":10,"MealTicket":66,"Membership Card":106,"StrikeDummy":71,"Unceasing Top":61,"Toy Ornithopter":86,"InkBottle":146}],"Unceasing Top":[18],"Toy Ornithopter":25,"InkBottle":[8]},"card_choices":[{"not_picked":["Sadistic Nature","Magnetism"],"picked":"HandOfGreed","floor":0.0},{"not_picked":["Sentinel","Perfected Strike","Anger"],"picked":"SKIP","floor":1.0},{"not_picked":["Sentinel","Entrench"],"picked":"Disarm","floor":2.0},{"not_picked":["Armaments","Thunderclap"],"picked":"Shrug It Off","floor":5.0},{"not_picked":["Searing Blow","Flex","Limit Break"],"picked":"SKIP","floor":10.0},{"not_picked":["Dual Wield","Disarm"],"picked":"Shockwave","floor":12.0},{"not_picked":["Sword Boomerang","Thunderclap"],"picked":"Infernal Blade","floor":13.0},{"not_picked":["Pommel Strike","Thunderclap"],"picked":"Shrug It Off","floor":14.0},{"not_picked":["Fiend Fire","Demon Form+1"],"picked":"Corruption+1","floor":16.0},{"not_picked":["Iron Wave","Thunderclap","Ghostly Armor+1"],"picked":"SKIP","floor":18.0},{"not_picked":["Clash+1","Headbutt"],"picked":"Dropkick","floor":21.0},{"not_picked":["Sever Soul","Havoc","Flex"],"picked":"SKIP","floor":22.0},{"not_picked":["Bloodletting","Body Slam"],"picked":"Metallicize+1","floor":23.0},{"not_picked":["Bloodletting","Pummel","Body Slam"],"picked":"SKIP","floor":25.0},{"not_picked":["Reckless Charge","Shockwave","Pommel Strike"],"picked":"SKIP","floor":27.0},{"not_picked":["Reckless Charge","Shockwave","Pommel Strike"],"picked":"SKIP","floor":27.0},{"not_picked":["Havoc+1","Rage","Thunderclap"],"picked":"SKIP","floor":29.0},{"not_picked":["Twin Strike","Second Wind"],"picked":"Iron Wave","floor":31.0},{"not_picked":["Bludgeon","Fiend Fire"],"picked":"Exhume","floor":33.0},{"not_picked":["Armaments","Headbutt"],"picked":"Flex+1","floor":35.0},{"not_picked":["Cleave","Headbutt+1","Perfected Strike"],"picked":"SKIP","floor":36.0},{"not_picked":["Searing Blow","Sword Boomerang+1"],"picked":"Iron Wave+1","floor":38.0},{"not_picked":["Bloodletting","Blood for Blood"],"picked":"Flame Barrier+1","floor":40.0},{"not_picked":["Wild Strike","Flex+1","Havoc"],"picked":"SKIP","floor":41.0},{"not_picked":["Perfected Strike","Warcry"],"picked":"Flame Barrier","floor":42.0},{"not_picked":["Warcry+1","Clothesline+1","Entrench"],"picked":"SKIP","floor":45},{"not_picked":["Headbutt","Seeing Red"],"picked":"Berserk+1","floor":46},{"not_picked":["Sever Soul","Infernal Blade"],"picked":"Body Slam+1","floor":48}],"player_experience":404571,"relics_obtained":[{"floor":9.0,"key":"Strawberry"},{"floor":12.0,"key":"Frozen Egg 2"},{"floor":23.0,"key":"Unceasing Top"},{"floor":25.0,"key":"Mummified Hand"},{"floor":26.0,"key":"MealTicket"},{"floor":27.0,"key":"Old Coin"},{"floor":28.0,"key":"StrikeDummy"},{"floor":31.0,"key":"Toy Ornithopter"},{"floor":40.0,"key":"Sundial"},{"floor":43.0,"key":"Regal Pillow"},{"floor":43.0,"key":"Dream Catcher"},{"floor":44,"key":"Calipers"},{"floor":46,"key":"InkBottle"},{"floor":48,"key":"Potion Belt"}],"event_choices":[{"damage_healed":0.0,"max_hp_gain":0.0,"max_hp_loss":0.0,"gold_gain":0.0,"event_name":"Match and Keep!","player_choice":"2 cards matched","floor":3.0,"gold_loss":0.0,"damage_taken":0.0,"cards_obtained":["Double Tap","Armaments"]},{"damage_healed":0.0,"max_hp_gain":0.0,"max_hp_loss":0.0,"gold_gain":0.0,"event_name":"Big Fish","player_choice":"Box","floor":7.0,"gold_loss":0.0,"damage_taken":0.0,"relics_obtained":["Eternal Feather"],"cards_obtained":["Regret"]},{"damage_healed":0.0,"max_hp_gain":0.0,"max_hp_loss":0.0,"gold_gain":50.0,"event_name":"Nest","player_choice":"Stole From Cult","floor":19.0,"gold_loss":0.0,"damage_taken":0.0},{"damage_healed":0.0,"max_hp_gain":0.0,"max_hp_loss":0.0,"gold_gain":0.0,"event_name":"Duplicator","player_choice":"Copied","floor":39.0,"gold_loss":0.0,"damage_taken":0.0,"cards_obtained":["Exhume"]},{"damage_healed":0,"gold_gain":0,"player_choice":"Fight","damage_taken":0,"max_hp_gain":0,"max_hp_loss":0,"event_name":"Mysterious Sphere","floor":44,"gold_loss":0}],"is_beta":false,"boss_relics":[{"not_picked":["Runic Cube","Cursed Key"],"picked":"Astrolabe"},{"not_picked":["Empty Cage","Snecko Eye"],"picked":"SacredBark"}],"items_purged_floors":[8,20],"is_endless":false,"potions_floor_spawned":[2,5,13,16,23,25,29,31,33,35,38,41,45,48],"ascension_level":15}}