{"host":"wrp3mzqnpgxvyzn2","time":1607974165,"event":{"mods":["BaseMod","Minty Spire (QoL Compilation)"],"gold_per_floor":[114,129,139,89,14,14,49,67,117,117,36,65,65,65,65,170,170,212,212,224,224,280,315,315,327,327,26,26,26,40,75,75,173,173,242,283,505,580,598,598,651,651,651,662,712,712,737,791,791,791,791,791,222,249,249],"floor_reached":56,"playtime":4200,"items_purged":["Vigilance","Defend_P"],"score":1326,"play_id":"feab7f6c-2d65-4095-a83e-90d3ee7010a8","local_time":"20201214142925","is_ascension_mode":false,"campfire_choices":[{"data":"TalkToTheHand","floor":6.0,"key":"SMITH"},{"data":"Prostrate","floor":10.0,"key":"SMITH"},{"data":"Prostrate","floor":13.0,"key":"SMITH"},{"floor":15.0,"key":"REST"},{"data":"TalkToTheHand","floor":24.0,"key":"SMITH"},{"data":"Eruption","floor":32.0,"key":"SMITH"},{"data":"Omniscience","floor":40.0,"key":"SMITH"},{"floor":42.0,"key":"RECALL"},{"floor":49.0,"key":"REST"},{"data":"Ragnarok","floor":52.0,"key":"SMITH"}],"circlet_count":0,"master_deck":["Strike_P","Strike_P","Strike_P","Defend_P","Defend_P","Defend_P","Eruption+1","Ragnarok+1","Prostrate+1","TalkToTheHand+1","Prostrate+1","EmptyFist+1","Wallop","Deep Breath","FollowUp+1","Wish","CutThroughFate","Prostrate","TalkToTheHand+1","Adaptation+1","Omniscience+1","FlyingSleeves","Study+1","WaveOfTheHand","Wireheading"],"relics":["PureWater","Kunai","Happy Flower","Odd Mushroom","Sozu","MutagenicStrength","Red Mask","Smiling Mask","Ornamental Fan","TheAbacus","Blood Vial","Black Star","Bird Faced Urn","StoneCalendar","Juzu Bracelet","Toy Ornithopter","MealTicket","Dream Catcher","Mercury Hourglass","TungstenRod","Strange Spoon","Boot","Bag of Preparation","Letter Opener","Damaru"],"acts_visited":["Exordium","TheCity","TheBeyond","TheEnding"],"potions_floor_usage":[],"damage_taken":[{"damage":2.0,"enemies":"2 Louse","floor":1.0,"turns":2.0},{"damage":0.0,"enemies":"Small Slimes","floor":2.0,"turns":3.0},{"damage":4.0,"enemies":"Jaw Worm","floor":3.0,"turns":3.0},{"damage":18.0,"enemies":"Gremlin Nob","floor":7.0,"turns":5.0},{"damage":13.0,"enemies":"3 Louse","floor":8.0,"turns":3.0},{"damage":11.0,"enemies":"The Mushroom Lair","floor":12.0,"turns":5.0},{"damage":16.0,"enemies":"Hexaghost","floor":16.0,"turns":6.0},{"damage":6.0,"enemies":"2 Thieves","floor":18.0,"turns":4.0},{"damage":0.0,"enemies":"Spheric Guardian","floor":20.0,"turns":1.0},{"damage":0.0,"enemies":"Masked Bandits","floor":22.0,"turns":3.0},{"damage":13.0,"enemies":"Slavers","floor":23.0,"turns":4.0},{"damage":6.0,"enemies":"Cultist and Chosen","floor":25.0,"turns":3.0},{"damage":0.0,"enemies":"Snake Plant","floor":30.0,"turns":4.0},{"damage":0.0,"enemies":"Snecko","floor":31.0,"turns":4.0},{"damage":0.0,"enemies":"Champ","floor":33.0,"turns":10.0},{"damage":10.0,"enemies":"3 Shapes","floor":35.0,"turns":7.0},{"damage":1.0,"enemies":"3 Darklings","floor":36.0,"turns":6.0},{"damage":0.0,"enemies":"Mind Bloom Boss Battle","floor":38.0,"turns":7.0},{"damage":4.0,"enemies":"Spire Growth","floor":39.0,"turns":6.0},{"damage":24.0,"enemies":"Nemesis","floor":41.0,"turns":7.0},{"damage":7.0,"enemies":"Jaw Worm Horde","floor":44.0,"turns":3.0},{"damage":0.0,"enemies":"Giant Head","floor":45.0,"turns":7.0},{"damage":22.0,"enemies":"Nemesis","floor":47.0,"turns":5.0},{"damage":10.0,"enemies":"2 Orb Walkers","floor":48.0,"turns":5.0},{"damage":47.0,"enemies":"Time Eater","floor":50.0,"turns":13.0},{"damage":31,"enemies":"Shield and Spear","floor":54,"turns":6},{"damage":15,"enemies":"The Heart","floor":55,"turns":10}],"seed_played":"-1994085151315195385","potions_obtained":[{"floor":2.0,"key":"Strength Potion"},{"floor":8.0,"key":"Swift Potion"}],"is_trial":false,"path_per_floor":["M","M","M","?","$","R","E","M","T","R","$","?","R","?","R","B",null,"M","?","M","?","?","E","R","M","T","$","?","$","M","M","R","B",null,"M","M","?","?","M","R","E","R","T","M","E","?","E","?","R","B",null,"R","$","E","B",null],"character_chosen":"WATCHER","items_purchased":["Deep Breath","TheAbacus","Blood Vial","Strange Spoon","Boot","Bag of Preparation","Wireheading"],"campfire_rested":2,"item_purchase_floors":[11,27,27,53,53,53,53],"current_hp_per_floor":[70,70,66,66,66,66,48,35,35,35,35,24,24,10,31,15,72,66,66,66,66,66,53,53,47,47,47,34,34,36,38,38,40,77,67,68,68,70,72,72,54,54,54,51,57,57,41,37,58,17,73,73,73,44,37],"gold":249,"neow_bonus":"ONE_RANDOM_RARE_CARD","is_daily":false,"chose_seed":false,"campfire_upgraded":7,"win_rate":0.0,"timestamp":1607974165,"path_taken":["M","M","M","?","$","R","E","M","T","R","$","?","R","?","R","BOSS","M","?","M","?","?","E","R","M","T","$","?","?","M","M","R","BOSS","M","M","?","?","M","R","E","R","T","M","E","?","E","?","R","BOSS","R","$","E","BOSS"],"items_purchased_type":["Card","Relic","Relic","Relic","Relic","Relic","Card"],"build_version":"2020-12-13","purchased_purges":2,"victory":true,"max_hp_per_floor":[72,72,72,72,72,72,72,72,72,72,72,72,72,72,72,72,72,72,72,72,72,72,72,72,72,72,72,77,77,77,77,77,77,77,77,77,77,77,77,77,77,77,77,77,77,73,73,73,73,73,73,73,73,73,73],"card_choices":[{"not_picked":["FlyingSleeves","Conclude"],"picked":"Prostrate","floor":1.0},{"not_picked":["Fasting2","Halt"],"picked":"TalkToTheHand","floor":2.0},{"not_picked":["Swivel","SandsOfTime"],"picked":"Prostrate","floor":3.0},{"not_picked":["DeceiveReality","FlyingSleeves"],"picked":"EmptyFist","floor":7.0},{"not_picked":["PathToVictory","Protect"],"picked":"Wallop","floor":8.0},{"not_picked":["BattleHymn","EmptyBody"],"picked":"FollowUp","floor":12.0},{"not_picked":["Establishment","Scrawl"],"picked":"Wish","floor":16.0},{"not_picked":["ForeignInfluence+1","FlurryOfBlows"],"picked":"CutThroughFate","floor":18.0},{"not_picked":["InnerPeace","FlyingSleeves+1"],"picked":"Prostrate","floor":20.0},{"not_picked":["Protect","Collect+1","Crescendo"],"picked":"SKIP","floor":23.0},{"not_picked":["Consecrate+1","SashWhip+1","Prostrate"],"picked":"SKIP","floor":25.0},{"not_picked":["Wireheading","BattleHymn"],"picked":"Adaptation+1","floor":30.0},{"not_picked":["BattleHymn","Consecrate","JustLucky+1"],"picked":"SKIP","floor":31.0},{"not_picked":["Ragnarok","MasterReality"],"picked":"Omniscience","floor":33.0},{"not_picked":["FlurryOfBlows","Consecrate","SashWhip"],"picked":"SKIP","floor":35.0},{"not_picked":["LessonLearned","CarveReality"],"picked":"FlyingSleeves","floor":36.0},{"not_picked":["CutThroughFate","ClearTheMind"],"picked":"Study+1","floor":38.0},{"not_picked":["WreathOfFlame","CrushJoints","EmptyFist"],"picked":"SKIP","floor":39.0},{"not_picked":["Weave","EmptyFist","ClearTheMind"],"picked":"SKIP","floor":41.0},{"not_picked":["Meditate+1","Study","CarveReality+1"],"picked":"SKIP","floor":44.0},{"not_picked":["Judgement","JustLucky+1"],"picked":"WaveOfTheHand","floor":45.0},{"not_picked":["FollowUp","Halt+1","ThirdEye"],"picked":"SKIP","floor":47.0},{"not_picked":["EmptyBody+1","DeceiveReality","ThirdEye"],"picked":"SKIP","floor":54}],"player_experience":144622,"relics_obtained":[{"floor":7.0,"key":"Kunai"},{"floor":9.0,"key":"Happy Flower"},{"floor":12.0,"key":"Odd Mushroom"},{"floor":22.0,"key":"Red Mask"},{"floor":23.0,"key":"Smiling Mask"},{"floor":26.0,"key":"Ornamental Fan"},{"floor":38.0,"key":"Bird Faced Urn"},{"floor":41.0,"key":"StoneCalendar"},{"floor":41.0,"key":"Juzu Bracelet"},{"floor":45.0,"key":"Toy Ornithopter"},{"floor":45.0,"key":"MealTicket"},{"floor":47.0,"key":"Dream Catcher"},{"floor":47.0,"key":"Mercury Hourglass"},{"floor":48.0,"key":"TungstenRod"},{"floor":54,"key":"Letter Opener"},{"floor":54,"key":"Damaru"}],"event_choices":[{"cards_removed":["Strike_P"],"damage_healed":0.0,"max_hp_gain":0.0,"max_hp_loss":0.0,"gold_gain":0.0,"event_name":"The Cleric","player_choice":"Card Removal","floor":4.0,"gold_loss":50.0,"damage_taken":0.0},{"damage_healed":0.0,"max_hp_gain":0.0,"max_hp_loss":0.0,"gold_gain":0.0,"event_name":"Mushrooms","player_choice":"Fought Mushrooms","floor":12.0,"gold_loss":0.0,"damage_taken":0.0},{"damage_healed":0.0,"max_hp_gain":0.0,"max_hp_loss":0.0,"gold_gain":0.0,"event_name":"Shining Light","player_choice":"Entered Light","floor":14.0,"gold_loss":0.0,"damage_taken":14.0,"cards_upgraded":["EmptyFist","FollowUp"]},{"damage_healed":0.0,"max_hp_gain":0.0,"max_hp_loss":0.0,"gold_gain":0.0,"event_name":"Drug Dealer","player_choice":"Inject Mutagens","floor":19.0,"gold_loss":0.0,"damage_taken":0.0,"relics_obtained":["MutagenicStrength"]},{"damage_healed":0.0,"max_hp_gain":0.0,"max_hp_loss":0.0,"gold_gain":0.0,"event_name":"The Library","player_choice":"Read","floor":21.0,"gold_loss":0.0,"damage_taken":0.0,"cards_obtained":["TalkToTheHand"]},{"damage_healed":0.0,"max_hp_gain":0.0,"max_hp_loss":0.0,"gold_gain":0.0,"event_name":"Masked Bandits","player_choice":"Fought Bandits","floor":22.0,"gold_loss":0.0,"damage_taken":0.0},{"damage_healed":0.0,"max_hp_gain":5.0,"max_hp_loss":0.0,"gold_gain":0.0,"event_name":"Forgotten Altar","player_choice":"Shed Blood","floor":28.0,"gold_loss":0.0,"damage_taken":18.0},{"damage_healed":0.0,"max_hp_gain":0.0,"max_hp_loss":0.0,"gold_gain":222.0,"event_name":"Tomb of Lord Red Mask","player_choice":"Wore Mask","floor":37.0,"gold_loss":0.0,"damage_taken":0.0},{"damage_healed":0.0,"max_hp_gain":0.0,"max_hp_loss":0.0,"gold_gain":0.0,"event_name":"MindBloom","player_choice":"Fight","floor":38.0,"gold_loss":0.0,"damage_taken":0.0},{"damage_healed":0.0,"max_hp_gain":0.0,"max_hp_loss":4.0,"gold_gain":0.0,"event_name":"Winding Halls","player_choice":"Max HP","floor":46.0,"gold_loss":0.0,"damage_taken":0.0},{"damage_healed":0.0,"max_hp_gain":0.0,"max_hp_loss":0.0,"gold_gain":0.0,"event_name":"Mysterious Sphere","player_choice":"Fight","floor":48.0,"gold_loss":0.0,"damage_taken":0.0}],"is_beta":false,"boss_relics":[{"not_picked":["Cursed Key","Runic Dome"],"picked":"Sozu"},{"not_picked":["SacredBark","Snecko Eye"],"picked":"Black Star"}],"items_purged_floors":[5,53],"is_endless":false,"potions_floor_spawned":[2,8,20,30,31,36,39,45,48],"ascension_level":0}}