{"host":"aji03558nlnqydpa","time":1607946892,"event":{"mods":["2.2 Compatiblity","AchievementEnabler","Astrologer","BaseMod","Better Altar","Better Match","Better Sensory Stone","Better Third Choice","Colored Map","Gremlin Skip","Koishi","MarisaÅiñ∂âJÅ@ñÇóùçπÅj","Minty Spire (QoL Compilation)","Prisma Mod","Relic Filter","StSLib","The Cursed","The IronCluck","The Servant 0.9.4"],"gold_per_floor":[118,130,144,144,2,2,22,50,76,76,94,0,0,28,28,129,129,146,107,107,125,125,125,154,174,224,224,241,252,19,35,35,133,133,147,2,18,33,33,33,47,47,72,100,100,120,137,9,9,9],"floor_reached":51,"playtime":6270,"items_purged":["Defend_S"],"score":784,"play_id":"50a84635-43da-4446-93f1-fe6cd4a8c92e","local_time":"20201214205452","is_ascension_mode":false,"campfire_choices":[{"data":"Sunlight","floor":6.0,"key":"SMITH"},{"floor":13.0,"key":"REST"},{"data":"FastForward","floor":15.0,"key":"SMITH"},{"floor":27.0,"key":"REST"},{"data":"Enlightenment","floor":32.0,"key":"SMITH"},{"data":"Initiator","floor":40.0,"key":"SMITH"},{"data":"Sabotage","floor":42.0,"key":"SMITH"},{"data":"Dilation","floor":45.0,"key":"SMITH"},{"data":"SilverBlades","floor":49.0,"key":"SMITH"}],"circlet_count":0,"master_deck":["Strike_S","Strike_S","Strike_S+1","Strike_S","Defend_S+1","Defend_S","Defend_S+1","KidneyShot+1","Exchange+1","DoubleEdge","Spin","ShatteredReality","Sunlight+1","BottledTime","Initiator+1","Ricochet","Enlightenment+1","FastForward+1","Dilation+1","FastForward+1","MoonPhase","RitualDagger","FastForward+1","Advance","RealityMarble+1","Potential","FastForward+1","Good Instincts","Defy","FlawlessForm+1","CurseOfTheBell","Unruled+1","Rewind+1","Sabotage+1","SilverBlades+1","Hightail+1","Rearm+1","Revamp+1"],"relics":["SplendidAttire","Thread and Needle","HornCleat","Bag of Preparation","Lizard Tail","MutagenicStrength","GremlinMask","TungstenRod","Tiny House","War Paint","Calling Bell","Toxic Egg 2","Mummified Hand","PocketWatch","Akabeko","Happy Flower","Anchor"],"acts_visited":["Exordium","TheCity","TheBeyond"],"potions_floor_usage":[50,50,50],"damage_taken":[{"damage":3.0,"enemies":"Jaw Worm","floor":1.0,"turns":6.0},{"damage":0.0,"enemies":"2 Louse","floor":2.0,"turns":3.0},{"damage":6.0,"enemies":"Small Slimes","floor":3.0,"turns":2.0},{"damage":1.0,"enemies":"Looter","floor":7.0,"turns":3.0},{"damage":6.0,"enemies":"Gremlin Nob","floor":8.0,"turns":3.0},{"damage":0.0,"enemies":"Gremlin Gang","floor":11.0,"turns":1.0},{"damage":0.0,"enemies":"3 Sentries","floor":14.0,"turns":3.0},{"damage":9.0,"enemies":"Hexaghost","floor":16.0,"turns":9.0},{"damage":0.0,"enemies":"Chosen","floor":18.0,"turns":3.0},{"damage":0.0,"enemies":"3 Byrds","floor":21.0,"turns":3.0},{"damage":31.0,"enemies":"Slavers","floor":24.0,"turns":7.0},{"damage":0.0,"enemies":"Snake Plant","floor":25.0,"turns":4.0},{"damage":7.0,"enemies":"Shelled Parasite and Fungi","floor":28.0,"turns":4.0},{"damage":0.0,"enemies":"3 Cultists","floor":29.0,"turns":3.0},{"damage":0.0,"enemies":"Snecko","floor":31.0,"turns":3.0},{"damage":20.0,"enemies":"Automaton","floor":33.0,"turns":11.0},{"damage":0.0,"enemies":"3 Shapes","floor":35.0,"turns":3.0},{"damage":0.0,"enemies":"Orb Walker","floor":37.0,"turns":3.0},{"damage":0.0,"enemies":"Writhing Mass","floor":38.0,"turns":6.0},{"damage":0.0,"enemies":"4 Shapes","floor":41.0,"turns":7.0},{"damage":0.0,"enemies":"Reptomancer","floor":44.0,"turns":6.0},{"damage":0.0,"enemies":"Jaw Worm Horde","floor":46.0,"turns":4.0},{"damage":0.0,"enemies":"Maw","floor":47.0,"turns":7.0},{"damage":33,"enemies":"Time Eater","floor":50,"turns":11}],"seed_played":"7785864437651142570","potions_obtained":[{"floor":3.0,"key":"Block Potion"},{"floor":11.0,"key":"Ancient Potion"},{"floor":16.0,"key":"Weak Potion"},{"floor":21.0,"key":"SkillPotion"},{"floor":25.0,"key":"LiquidMemories"},{"floor":29.0,"key":"EssenceOfSteel"},{"floor":31.0,"key":"Energy Potion"},{"floor":33.0,"key":"CultistPotion"},{"floor":38.0,"key":"LiquidBronze"},{"floor":46.0,"key":"FearPotion"}],"is_trial":false,"path_per_floor":["M","M","M","?","$","R","M","E","T","?","M","?","R","E","R","B",null,"M","$","?","M","?","?","E","M","T","R","M","M","$","M","R","B",null,"M","$","M","M","?","R","M","R","T","E","R","M","M","$","R","B",null],"character_chosen":"THE_SERVANT","items_purchased":["Sunlight","MoonPhase","War Paint","Good Instincts","Akabeko","Revamp+1"],"campfire_rested":2,"item_purchase_floors":[5,19,30,30,36,48],"current_hp_per_floor":[68,68,62,50,50,50,49,43,43,29,29,35,58,58,58,49,77,77,77,71,71,71,71,40,40,45,69,62,62,62,62,62,42,82,82,82,82,82,82,82,82,82,82,82,82,82,82,82,82,49],"gold":9,"neow_bonus":"TEN_PERCENT_HP_BONUS","is_daily":false,"chose_seed":false,"campfire_upgraded":7,"win_rate":0.0,"timestamp":1607946892,"path_taken":["M","M","M","?","$","R","M","E","T","?","M","?","R","E","R","BOSS","M","$","?","M","?","?","E","?","T","R","M","M","$","M","R","BOSS","M","$","M","M","?","R","M","R","T","E","R","M","M","$","R","BOSS"],"items_purchased_type":["Card","Card","Relic","Card","Relic","Card"],"build_version":"2020-12-13","purchased_purges":1,"victory":true,"max_hp_per_floor":[71,71,71,71,71,71,71,71,71,71,71,77,77,77,77,77,77,77,77,77,77,77,77,77,77,82,82,82,82,82,82,82,82,82,82,82,82,82,82,82,82,82,82,82,82,82,82,82,82,82],"card_choices":[{"not_picked":["Starlight","TimeWarp"],"picked":"DoubleEdge","floor":1.0},{"not_picked":["BottledTime","ShiftingGears"],"picked":"Spin","floor":2.0},{"not_picked":["Alleviate","ReturningBlade"],"picked":"ShatteredReality","floor":3.0},{"not_picked":["Foresight","Spin"],"picked":"BottledTime","floor":7.0},{"not_picked":["Alleviate","Reset"],"picked":"Initiator","floor":8.0},{"not_picked":["Rearm","Revamp"],"picked":"Ricochet","floor":11.0},{"not_picked":["Rewind","Read"],"picked":"FastForward","floor":14.0},{"not_picked":["SoulSculpture","Duplication"],"picked":"Dilation","floor":16.0},{"not_picked":["Gouge","Rearm"],"picked":"FastForward+1","floor":18.0},{"not_picked":["FanOfKnives","Barrier"],"picked":"FastForward+1","floor":21.0},{"not_picked":["Starlight","Replace"],"picked":"Advance","floor":24.0},{"not_picked":["FastForward","TimeWarp"],"picked":"RealityMarble+1","floor":25.0},{"not_picked":["FanOfKnives","ShiftingGears"],"picked":"Potential","floor":28.0},{"not_picked":["Replace+1","Foresight"],"picked":"FastForward+1","floor":29.0},{"not_picked":["DoubleEdge","Replace"],"picked":"Defy","floor":31.0},{"not_picked":["PendulumOfEternity","Initiator"],"picked":"FlawlessForm","floor":33.0},{"not_picked":["Snipe","DoubleEdge+1"],"picked":"Unruled+1","floor":35.0},{"not_picked":["TimeWarp+1","Replace+1","Spin"],"picked":"SKIP","floor":37.0},{"not_picked":["FanOfKnives","Deny+1"],"picked":"Rewind+1","floor":38.0},{"not_picked":["BottledTime+1","Rearm+1"],"picked":"Sabotage","floor":41.0},{"not_picked":["Rewind+1","DoubleEdge"],"picked":"SilverBlades","floor":44.0},{"not_picked":["Unruled+1","Ricochet"],"picked":"Hightail+1","floor":46.0},{"not_picked":["LightFlow","Ricochet+1"],"picked":"Rearm+1","floor":47.0}],"player_experience":699475,"relics_obtained":[{"floor":8.0,"key":"HornCleat"},{"floor":9.0,"key":"Bag of Preparation"},{"floor":14.0,"key":"Lizard Tail"},{"floor":24.0,"key":"TungstenRod"},{"floor":26.0,"key":"Tiny House"},{"floor":34.0,"key":"Toxic Egg 2"},{"floor":34.0,"key":"Mummified Hand"},{"floor":34.0,"key":"PocketWatch"},{"floor":43.0,"key":"Happy Flower"},{"floor":44.0,"key":"Anchor"}],"event_choices":[{"damage_healed":0.0,"max_hp_gain":0.0,"max_hp_loss":0.0,"gold_gain":0.0,"event_name":"betterThird:BetterScrap","player_choice":"Relic ","floor":4.0,"gold_loss":0.0,"damage_taken":12.0,"cards_obtained":["Reckless Charge"]},{"damage_healed":43.0,"max_hp_gain":0.0,"max_hp_loss":71.0,"gold_gain":0.0,"event_name":"betterThird:BetterShining","player_choice":"Upgrade","floor":10.0,"gold_loss":0.0,"damage_taken":14.0,"cards_upgraded":["Defend_S","KidneyShot"]},{"damage_healed":0.0,"max_hp_gain":0.0,"max_hp_loss":0.0,"gold_gain":0.0,"event_name":"betterThird:BetterSerpent","player_choice":"RENOUNCE","floor":12.0,"gold_loss":94.0,"damage_taken":94.0,"cards_obtained":["Enlightenment"]},{"damage_healed":0.0,"max_hp_gain":0.0,"max_hp_loss":0.0,"gold_gain":0.0,"event_name":"betterThird:BetterNest","player_choice":"Dagger","floor":20.0,"gold_loss":0.0,"damage_taken":6.0,"cards_obtained":["RitualDagger"]},{"damage_healed":0.0,"max_hp_gain":0.0,"max_hp_loss":0.0,"gold_gain":0.0,"event_name":"Drug Dealer","player_choice":"Inject Mutagens","floor":22.0,"gold_loss":0.0,"damage_taken":0.0,"relics_obtained":["MutagenicStrength"]},{"damage_healed":0.0,"max_hp_gain":0.0,"max_hp_loss":0.0,"gold_gain":0.0,"event_name":"FaceTrader","player_choice":"Trade","floor":23.0,"gold_loss":0.0,"damage_taken":0.0,"relics_obtained":["GremlinMask"]},{"damage_healed":0.0,"max_hp_gain":0.0,"max_hp_loss":0.0,"gold_gain":0.0,"event_name":"Upgrade Shrine","player_choice":"Upgraded","floor":39.0,"gold_loss":0.0,"damage_taken":0.0,"cards_upgraded":["FlawlessForm"]}],"is_beta":false,"boss_relics":[{"not_picked":["Cursed Key","MysterySword"],"picked":"SplendidAttire"},{"not_picked":["StoneMask","Runic Pyramid"],"picked":"Calling Bell"}],"items_purged_floors":[48],"is_endless":false,"potions_floor_spawned":[3,11,16,21,25,29,31,33,35,38,46,47],"ascension_level":0}}