{"host":"6z6y4ky8uzsz1dpj","time":1607949077,"event":{"mods":["2.2 Compatiblity","AchievementEnabler","BaseMod","BetterRewards","Challenge The Spire","Colored Map","Hubris","Minty Spire (QoL Compilation)","Quick Restart","Replay The Spire","StSLib","The Construct","The Cursed","The Hierophant","The Necromancer","The Poker Player","The Servant 0.9.4"],"gold_per_floor":[114,134,145,155,155,185,185,197,197,197,197],"floor_reached":10,"playtime":336,"items_purged":["Strike_G"],"score":91,"play_id":"707ea9de-fedc-4bf4-a89b-fc3f4c5c1fd2","local_time":"20201214073117","is_ascension_mode":true,"campfire_choices":[{"data":"1","floor":7,"key":"LIFT"}],"circlet_count":0,"master_deck":["Strike_G","Strike_G","Strike_G","Strike_G","Defend_G","Defend_G","Defend_G","Defend_G","Defend_G","Survivor","Neutralize","hubris:TrickCloak","Blade Dance+1","Cloak And Dagger","Dagger Spray"],"relics":["Ring of the Snake","Girya","Orichalcum","Frozen Egg 2","Bag of Preparation"],"acts_visited":["Exordium"],"potions_floor_usage":[6,10],"damage_taken":[{"damage":3,"enemies":"Jaw Worm","floor":1,"turns":6},{"damage":7,"enemies":"Small Slimes","floor":2,"turns":6},{"damage":0,"enemies":"Cultist","floor":3,"turns":3},{"damage":5,"enemies":"2 Fungi Beasts","floor":4,"turns":4},{"damage":22,"enemies":"Lagavulin","floor":6,"turns":5},{"damage":0,"enemies":"Blue Slaver","floor":8,"turns":3},{"damage":14,"enemies":"Gremlin Nob","floor":10,"turns":3}],"seed_played":"-2806904455044296492","potions_obtained":[{"floor":4,"key":"SteroidPotion"},{"floor":6,"key":"Venom Potion"},{"floor":8,"key":"SpeedPotion"}],"is_trial":false,"path_per_floor":["M","M","M","M","?","E","R","M","T","E"],"character_chosen":"THE_SILENT","items_purchased":["Orichalcum"],"campfire_rested":0,"item_purchase_floors":[0],"current_hp_per_floor":[60,53,53,48,48,26,26,26,26,12,12],"gold":197,"neow_bonus":"","is_daily":false,"chose_seed":false,"campfire_upgraded":0,"win_rate":0.0,"timestamp":1607949077,"path_taken":["M","M","M","M","?","E","R","M","T","E"],"items_purchased_type":["Relic"],"build_version":"2020-12-13","purchased_purges":1,"victory":false,"max_hp_per_floor":[70,70,70,70,70,70,70,70,70,70,70],"card_choices":[{"not_picked":["Outmaneuver","Masterful Stab"],"picked":"hubris:TrickCloak","floor":1},{"not_picked":["Bane","Slice","Underhanded Strike"],"picked":"SKIP","floor":2},{"not_picked":["Deflect","Slice"],"picked":"Blade Dance","floor":3},{"not_picked":["Outmaneuver","Quick Slash","Dagger Throw"],"picked":"SKIP","floor":4},{"not_picked":["Hidden Blade","Slice"],"picked":"Cloak And Dagger","floor":6},{"not_picked":["Toxin Wave","Dash"],"picked":"Dagger Spray","floor":8}],"player_experience":193399,"relics_obtained":[{"floor":6,"key":"Frozen Egg 2"},{"floor":9,"key":"Bag of Preparation"}],"event_choices":[{"damage_healed":0,"gold_gain":0,"player_choice":"Grow","damage_taken":0,"max_hp_gain":0,"max_hp_loss":0,"event_name":"Living Wall","floor":5,"gold_loss":0,"cards_upgraded":["Blade Dance"]}],"is_beta":false,"boss_relics":[],"items_purged_floors":[0],"is_endless":false,"potions_floor_spawned":[4,6,8],"killed_by":"Gremlin Nob","ascension_level":6}}