{"host":"19tvufa8xx4wr4o1","time":1607989849,"event":{"mods":["AchievementEnabler","BaseMod","Better Sensory Stone","Better Third Choice","Highlight Path","Minty Spire (QoL Compilation)","Relic Stats","StSLib"],"gold_per_floor":[113,132,307,182,197,222,222,252,277,277,295,324,343,343,343,444,444,464,475,475,84,103,103,135,135,135,145,145,145,164,14,14,117,117,133,133,158,169,169,169,70,85,109,122,122,141,172,184,184,184,184],"floor_reached":50,"playtime":2404,"items_purged":["Doubt","Strike_P","Defend_P"],"score":725,"play_id":"0e4efd5e-72f4-41ee-b9f7-f82656a43317","local_time":"20201214175049","is_ascension_mode":true,"campfire_choices":[{"data":"SandsOfTime","floor":7.0,"key":"SMITH"},{"floor":10.0,"key":"REST"},{"floor":15.0,"key":"REST"},{"floor":23.0,"key":"REST"},{"floor":25.0,"key":"REST"},{"floor":29.0,"key":"REST"},{"data":"Eruption","floor":32.0,"key":"SMITH"},{"floor":40.0,"key":"REST"},{"floor":45.0,"key":"REST"},{"floor":49.0,"key":"REST"}],"circlet_count":0,"master_deck":["Strike_P","Strike_P+1","Strike_P","Defend_P","Defend_P+1","Eruption+1","Vigilance+1","BowlingBash","SandsOfTime+1","Collect","EmptyMind","Blasphemy+1","Worship+1","ClearTheMind","Protect+1","Vault+1","Indignation","ThirdEye+1","LessonLearned","Adaptation+1","EmptyBody+1","Judgement","Meditate+1","Ragnarok","Wallop","Wallop","SignatureMove","SashWhip+1","BattleHymn+1"],"relics":["PureWater","Damaru","Ancient Tea Set","Happy Flower","Omamori","SlaversCollar","MealTicket","Tiny Chest","Ice Cream","Letter Opener","Membership Card","Fusion Hammer","Strawberry","Orichalcum","Shuriken"],"acts_visited":["Exordium","TheCity","TheBeyond"],"potions_floor_usage":[50,50],"damage_taken":[{"damage":0.0,"enemies":"2 Louse","floor":1.0,"turns":3.0},{"damage":7.0,"enemies":"Jaw Worm","floor":2.0,"turns":3.0},{"damage":0.0,"enemies":"Cultist","floor":5.0,"turns":3.0},{"damage":17.0,"enemies":"3 Sentries","floor":6.0,"turns":7.0},{"damage":10.0,"enemies":"Gremlin Nob","floor":8.0,"turns":3.0},{"damage":0.0,"enemies":"Large Slime","floor":11.0,"turns":3.0},{"damage":17.0,"enemies":"Lagavulin","floor":12.0,"turns":7.0},{"damage":10.0,"enemies":"Lots of Slimes","floor":13.0,"turns":3.0},{"damage":11.0,"enemies":"The Guardian","floor":16.0,"turns":9.0},{"damage":8.0,"enemies":"Chosen","floor":18.0,"turns":5.0},{"damage":14.0,"enemies":"2 Thieves","floor":19.0,"turns":3.0},{"damage":23.0,"enemies":"Centurion and Healer","floor":22.0,"turns":5.0},{"damage":18.0,"enemies":"Gremlin Leader","floor":24.0,"turns":8.0},{"damage":7.0,"enemies":"Shelled Parasite and Fungi","floor":27.0,"turns":3.0},{"damage":0.0,"enemies":"Sentry and Sphere","floor":30.0,"turns":4.0},{"damage":25.0,"enemies":"Champ","floor":33.0,"turns":9.0},{"damage":0.0,"enemies":"3 Shapes","floor":35.0,"turns":3.0},{"damage":6.0,"enemies":"Orb Walker","floor":38.0,"turns":3.0},{"damage":14.0,"enemies":"3 Darklings","floor":42.0,"turns":5.0},{"damage":6.0,"enemies":"Spire Growth","floor":44.0,"turns":3.0},{"damage":8.0,"enemies":"Sphere and 2 Shapes","floor":46.0,"turns":6.0},{"damage":19.0,"enemies":"Reptomancer","floor":47.0,"turns":6.0},{"damage":21.0,"enemies":"Writhing Mass","floor":48.0,"turns":5.0},{"damage":58,"enemies":"Awakened One","floor":50,"turns":11}],"seed_played":"-2159697984900896039","potions_obtained":[{"floor":1.0,"key":"GamblersBrew"},{"floor":5.0,"key":"Fire Potion"},{"floor":12.0,"key":"StancePotion"},{"floor":13.0,"key":"SpeedPotion"},{"floor":24.0,"key":"DuplicationPotion"},{"floor":27.0,"key":"LiquidBronze"},{"floor":38.0,"key":"Fire Potion"},{"floor":44.0,"key":"FearPotion"},{"floor":47.0,"key":"Swift Potion"}],"is_trial":false,"path_per_floor":["M","M","?","$","M","E","R","E","T","R","M","E","M","?","R","B",null,"M","M","?","$","M","R","E","R","T","M","?","R","M","$","R","B",null,"M","?","T","M","?","R","$","M","T","M","R","M","E","M","R","B"],"character_chosen":"WATCHER","items_purchased":["Strength Potion","MealTicket","Tiny Chest","Membership Card","Wallop"],"campfire_rested":8,"item_purchase_floors":[4,21,21,31,41],"current_hp_per_floor":[65,58,58,58,58,41,41,31,31,52,52,35,25,25,46,35,63,55,41,41,41,18,39,21,42,42,35,35,56,56,71,71,46,66,66,66,73,67,67,79,79,65,65,59,79,71,52,31,54,0,0],"gold":184,"neow_bonus":"REMOVE_CARD","is_daily":false,"chose_seed":false,"campfire_upgraded":2,"win_rate":0.0,"timestamp":1607989849,"path_taken":["M","M","?","$","M","E","R","E","T","R","M","E","M","?","R","BOSS","M","?","?","$","?","R","E","R","T","M","?","R","M","$","R","BOSS","M","?","?","M","?","R","$","M","T","M","R","M","E","M","R","BOSS"],"items_purchased_type":["Potion","Relic","Relic","Relic","Card"],"build_version":"2020-12-13","purchased_purges":3,"victory":false,"max_hp_per_floor":[72,72,72,72,72,72,72,72,72,72,72,72,72,72,72,72,72,72,72,72,72,72,72,72,72,72,72,72,72,72,72,72,72,72,72,72,79,79,79,79,79,79,79,79,79,79,79,79,79,79,79],"relic_stats":{"Happy Flower":[19],"counters":[27,146],"Shuriken":[7],"MealTicket":2,"Tiny Chest":1,"Letter Opener":[171],"Orichalcum":[162],"obtain_stats":[{"Ice Cream":0,"Regal Pillow":43,"Singing Bowl":41,"Enchiridion":29,"Boot":31,"Ancient Tea Set":0,"Burning Blood":0,"Blood Vial":17,"Centennial Puzzle":46,"Mummified Hand":41,"Strawberry":10,"Pantograph":41,"MealTicket":41,"Tiny Chest":0,"Fusion Hammer":0,"NeowsBlessing":0,"Happy Flower":39,"Self Forming Clay":6,"Dead Branch":17,"Velvet Choker":34,"Damaru":0,"The Courier":17,"PreservedInsect":41,"Pen Nib":47,"Omamori":9,"Letter Opener":26,"Orichalcum":8,"WarpedTongs":2,"Calling Bell":17,"Peace Pipe":27,"Strange Spoon":41,"SlaversCollar":0,"Shuriken":47,"Membership Card":0,"PureWater":0},{"Ice Cream":0,"Regal Pillow":17,"Singing Bowl":17,"Enchiridion":13,"Boot":14,"Ancient Tea Set":0,"Burning Blood":0,"Blood Vial":8,"Centennial Puzzle":17,"Mummified Hand":17,"Strawberry":5,"Pantograph":17,"MealTicket":17,"Tiny Chest":0,"Fusion Hammer":0,"NeowsBlessing":0,"Happy Flower":17,"Self Forming Clay":3,"Dead Branch":8,"Velvet Choker":15,"Damaru":0,"The Courier":8,"PreservedInsect":17,"Pen Nib":18,"Omamori":4,"Letter Opener":13,"Orichalcum":4,"WarpedTongs":1,"Calling Bell":8,"Peace Pipe":13,"Strange Spoon":17,"SlaversCollar":0,"Shuriken":25,"Membership Card":0,"PureWater":0},{"Ice Cream":0,"Regal Pillow":88,"Singing Bowl":88,"Enchiridion":62,"Boot":66,"Ancient Tea Set":0,"Burning Blood":0,"Blood Vial":29,"Centennial Puzzle":88,"Mummified Hand":88,"Strawberry":16,"Pantograph":88,"MealTicket":88,"Tiny Chest":0,"Fusion Hammer":0,"NeowsBlessing":0,"Happy Flower":88,"Self Forming Clay":3,"Dead Branch":29,"Velvet Choker":80,"Damaru":0,"The Courier":29,"PreservedInsect":88,"Pen Nib":93,"Omamori":10,"Letter Opener":62,"Orichalcum":10,"WarpedTongs":1,"Calling Bell":29,"Peace Pipe":62,"Strange Spoon":88,"SlaversCollar":0,"Shuriken":130,"Membership Card":0,"PureWater":0}]},"card_choices":[{"not_picked":["Weave","FlyingSleeves"],"picked":"BowlingBash","floor":1.0},{"not_picked":["Evaluate","Wish"],"picked":"SandsOfTime","floor":2.0},{"not_picked":["EmptyMind","JustLucky"],"picked":"Collect","floor":5.0},{"not_picked":["Pray","ClearTheMind"],"picked":"EmptyMind","floor":6.0},{"not_picked":["Meditate","Scrawl"],"picked":"Blasphemy","floor":8.0},{"not_picked":["ClearTheMind","Protect"],"picked":"Worship","floor":11.0},{"not_picked":["Crescendo","Perseverance"],"picked":"ClearTheMind","floor":12.0},{"not_picked":["Collect","EmptyBody"],"picked":"Protect","floor":13.0},{"not_picked":["DeusExMachina","Wish"],"picked":"Vault","floor":16.0},{"not_picked":["BowlingBash","Vengeance"],"picked":"Indignation","floor":18.0},{"not_picked":["DeceiveReality","SashWhip","JustLucky"],"picked":"SKIP","floor":19.0},{"not_picked":["PathToVictory","EmptyFist"],"picked":"ThirdEye+1","floor":22.0},{"not_picked":["Crescendo+1","Meditate"],"picked":"LessonLearned","floor":24.0},{"not_picked":["JustLucky","FearNoEvil"],"picked":"Adaptation+1","floor":27.0},{"not_picked":["PathToVictory","Crescendo"],"picked":"EmptyBody+1","floor":30.0},{"not_picked":["Blasphemy","Wish"],"picked":"Judgement","floor":33.0},{"not_picked":["ForeignInfluence","JustLucky+1"],"picked":"Meditate+1","floor":35.0},{"not_picked":["EmptyBody","Consecrate","Fasting2"],"picked":"SKIP","floor":38.0},{"not_picked":["FlyingSleeves","ForeignInfluence+1"],"picked":"Wallop","floor":42.0},{"not_picked":["Wallop","Nirvana"],"picked":"SignatureMove","floor":44.0},{"not_picked":["Consecrate","ClearTheMind+1"],"picked":"SashWhip+1","floor":46.0},{"not_picked":["FollowUp","Protect"],"picked":"BattleHymn+1","floor":47.0},{"not_picked":["EmptyBody","EmptyFist","BowlingBash+1"],"picked":"SKIP","floor":48.0}],"player_experience":491592,"relics_obtained":[{"floor":6.0,"key":"Damaru"},{"floor":8.0,"key":"Ancient Tea Set"},{"floor":9.0,"key":"Happy Flower"},{"floor":12.0,"key":"Omamori"},{"floor":24.0,"key":"Ice Cream"},{"floor":26.0,"key":"Letter Opener"},{"floor":37.0,"key":"Strawberry"},{"floor":43.0,"key":"Orichalcum"},{"floor":47.0,"key":"Shuriken"}],"event_choices":[{"damage_healed":0.0,"max_hp_gain":0.0,"max_hp_loss":0.0,"gold_gain":175.0,"event_name":"betterThird:BetterSerpent","player_choice":"AGREE","floor":3.0,"gold_loss":0.0,"damage_taken":132.0},{"damage_healed":0.0,"max_hp_gain":0.0,"max_hp_loss":0.0,"gold_gain":0.0,"event_name":"Upgrade Shrine","player_choice":"Upgraded","floor":14.0,"gold_loss":0.0,"damage_taken":0.0,"cards_upgraded":["Worship"]},{"damage_healed":0.0,"max_hp_gain":0.0,"max_hp_loss":0.0,"gold_gain":0.0,"event_name":"Upgrade Shrine","player_choice":"Upgraded","floor":20.0,"gold_loss":0.0,"damage_taken":0.0,"cards_upgraded":["Vault"]},{"damage_healed":0.0,"max_hp_gain":0.0,"max_hp_loss":0.0,"gold_gain":0.0,"event_name":"Vampires","player_choice":"Ignored","floor":28.0,"gold_loss":0.0,"damage_taken":0.0},{"damage_healed":0.0,"max_hp_gain":0.0,"max_hp_loss":0.0,"gold_gain":3.0,"event_name":"betterStone:BetterStone","player_choice":"3","floor":36.0,"gold_loss":0.0,"damage_taken":0.0,"cards_obtained":["Ragnarok"]},{"damage_healed":0.0,"max_hp_gain":0.0,"max_hp_loss":0.0,"gold_gain":0.0,"event_name":"Tomb of Lord Red Mask","player_choice":"Ignored","floor":39.0,"gold_loss":0.0,"damage_taken":0.0}],"is_beta":false,"boss_relics":[{"not_picked":["Ectoplasm","Black Star"],"picked":"SlaversCollar"},{"not_picked":["Runic Pyramid","Astrolabe"],"picked":"Fusion Hammer"}],"items_purged_floors":[4,21,41],"is_endless":false,"potions_floor_spawned":[1,5,12,13,22,24,27,38,44,47],"killed_by":"Awakened One","ascension_level":7}}