{"host":"jx3f6ezc0g3s9edc","time":1607908457,"event":{"mods":["AchievementEnabler","BaseMod","Bestiary","Colored Map","Highlight Path","Minty Spire (QoL Compilation)","StSLib"],"gold_per_floor":[16,31,31,46,59,59,79,79,79,79,79,95,95,138,138,138,138],"floor_reached":16,"playtime":1480,"items_purged":[],"score":158,"play_id":"386f4dde-89fb-415f-893c-f4d2d9496000","local_time":"20201213201417","is_ascension_mode":true,"campfire_choices":[{"data":"Seeing Red","floor":6.0,"key":"SMITH"},{"data":"True Grit","floor":8.0,"key":"SMITH"},{"floor":11.0,"key":"REST"},{"floor":15,"key":"REST"}],"circlet_count":0,"master_deck":["AscendersBane","Strike_R","Strike_R","Defend_R","Defend_R","Defend_R","Defend_R","Bash+1","Seeing Red+1","Dark Embrace","Clothesline","True Grit+1","Shrug It Off","Shrug It Off"],"relics":["Burning Blood","Paper Frog","Golden Idol","Kunai"],"acts_visited":["Exordium"],"potions_floor_usage":[14,16],"damage_taken":[{"damage":18.0,"enemies":"Jaw Worm","floor":1.0,"turns":5.0},{"damage":2.0,"enemies":"Small Slimes","floor":2.0,"turns":4.0},{"damage":4.0,"enemies":"Cultist","floor":4.0,"turns":6.0},{"damage":22.0,"enemies":"3 Louse","floor":5.0,"turns":5.0},{"damage":12.0,"enemies":"Exordium Thugs","floor":7.0,"turns":6.0},{"damage":8,"enemies":"Large Slime","floor":12,"turns":6},{"damage":61,"enemies":"3 Sentries","floor":14,"turns":15},{"damage":45,"enemies":"Hexaghost","floor":16,"turns":16}],"seed_played":"7887848967198951984","potions_obtained":[{"floor":2.0,"key":"BloodPotion"},{"floor":4.0,"key":"Ancient Potion"}],"is_trial":false,"path_per_floor":["M","M","?","M","M","R","M","R","T","?","R","M","?","E","R","B"],"character_chosen":"IRONCLAD","items_purchased":[],"campfire_rested":2,"item_purchase_floors":[],"current_hp_per_floor":[60,64,64,66,50,50,44,44,44,44,66,64,64,23,45,0,0],"gold":138,"neow_bonus":"REMOVE_TWO","is_daily":false,"chose_seed":false,"campfire_upgraded":2,"win_rate":0.0,"timestamp":1607908457,"path_taken":["M","M","?","M","M","R","M","R","T","?","R","M","?","E","R","BOSS"],"items_purchased_type":[],"build_version":"2020-12-13","purchased_purges":0,"victory":false,"max_hp_per_floor":[80,80,80,80,80,80,80,80,80,74,74,74,74,74,74,74,74],"card_choices":[{"not_picked":["Warcry","Anger"],"picked":"Seeing Red","floor":1.0},{"not_picked":["Havoc","Clash"],"picked":"Dark Embrace","floor":2.0},{"not_picked":["Iron Wave","Blood for Blood","Warcry"],"picked":"SKIP","floor":4.0},{"not_picked":["Burning Pact","Clash"],"picked":"Clothesline","floor":5.0},{"not_picked":["Bludgeon","Twin Strike"],"picked":"True Grit","floor":7.0},{"not_picked":["Headbutt","Clothesline"],"picked":"Shrug It Off","floor":12},{"not_picked":["Dark Embrace","Reckless Charge"],"picked":"Shrug It Off","floor":14}],"player_experience":665629,"relics_obtained":[{"floor":9.0,"key":"Paper Frog"},{"floor":14,"key":"Kunai"}],"event_choices":[{"damage_healed":0.0,"max_hp_gain":0.0,"max_hp_loss":0.0,"gold_gain":0.0,"event_name":"Living Wall","player_choice":"Grow","floor":3.0,"gold_loss":0.0,"damage_taken":0.0,"cards_upgraded":["Bash"]},{"damage_healed":0.0,"max_hp_gain":0.0,"max_hp_loss":6.0,"gold_gain":0.0,"event_name":"Golden Idol","player_choice":"Lose Max HP","floor":10.0,"gold_loss":0.0,"damage_taken":0.0,"relics_obtained":["Golden Idol"]},{"cards_removed":["Strike_R"],"damage_healed":0,"gold_gain":0,"player_choice":"Card Removal","damage_taken":0,"max_hp_gain":0,"max_hp_loss":0,"event_name":"Wheel of Change","floor":13,"gold_loss":0}],"is_beta":false,"boss_relics":[],"items_purged_floors":[],"is_endless":false,"potions_floor_spawned":[2,4,12],"killed_by":"Hexaghost","ascension_level":11}}