{"host":"wprg2kxo540uzszc","time":1607966357,"event":{"mods":["BaseMod","Bestiary","Better Third Choice","BetterRewards","CapriCore","Conspire","Custom Start","Emptier Cage","Energized Spire","Minty Spire (QoL Compilation)","Permanent Neow","Relic Stats","Shop Mod","Spicy Shops","StSLib","The Necromancer","Transform Curses","Uncapped"],"gold_per_floor":[111,386,402,402,92,92,105,105,105,105,124,145,166,166,166,291,291,315,365,365,365],"floor_reached":20,"playtime":1393,"items_purged":["Regret"],"score":164,"play_id":"5ce333a9-0e2c-4df2-b92d-f70bc8cb7765","local_time":"20201214121917","is_ascension_mode":false,"campfire_choices":[{"data":"Death_March_Dance","floor":6.0,"key":"SMITH"},{"data":"Bone_Prison","floor":8.0,"key":"SMITH"},{"data":"Spectral_Armor","floor":10.0,"key":"SMITH"},{"floor":15,"key":"REST"}],"circlet_count":0,"master_deck":["Strike_W","Strike_W+1","Strike_W","Strike_W","Defend_W","Defend_W","Defend_W","Defend_W+1","Negative_Energy_Arrows","Bone_Wall","Dramatic Entrance","Death_March_Dance+1","Spectral_Armor+1","Injury","Bone_Prison+1","Bones_to_Steel","Reap_The_Weak","Negative_Energy_Shield","Summon_Death_Knight"],"relics":["Vampire_Amulet","Golden Idol","Juzu Bracelet","Bottled Flame","energizedSpire:CursedPentagram"],"acts_visited":["Exordium","TheCity"],"potions_floor_usage":[16,16],"damage_taken":[{"damage":2.0,"enemies":"2 Louse","floor":1.0,"turns":2.0},{"damage":1.0,"enemies":"Cultist","floor":3.0,"turns":3.0},{"damage":5.0,"enemies":"conspire:RoseBush","floor":7.0,"turns":2.0},{"damage":0.0,"enemies":"2 Fungi Beasts","floor":11.0,"turns":2.0},{"damage":0.0,"enemies":"3 Louse","floor":12.0,"turns":4.0},{"damage":15.0,"enemies":"Red Slaver","floor":13.0,"turns":5.0},{"damage":44,"enemies":"Slime Boss","floor":16,"turns":12},{"damage":16,"enemies":"conspire:FuzzyDice","floor":18,"turns":16},{"damage":6,"enemies":"Spheric Guardian","floor":20,"turns":10}],"seed_played":"8485281464123371302","potions_obtained":[{"floor":1.0,"key":"Fruit Juice"},{"floor":7.0,"key":"PowerPotion"},{"floor":11.0,"key":"PowerPotion"}],"is_trial":false,"path_per_floor":["M","?","M","?","$","R","M","R","T","R","M","M","M","?","R","B",null,"M","?","M"],"character_chosen":"NECROMANCER","items_purchased":["Bone_Prison","Juzu Bracelet"],"campfire_rested":1,"item_purchase_floors":[5,5],"current_hp_per_floor":[80,80,80,80,80,80,77,77,77,77,80,80,67,51,75,62,80,68,68,62,62],"gold":365,"neow_bonus":"RANDOM_COLORLESS","is_daily":false,"chose_seed":false,"campfire_upgraded":3,"win_rate":0.0,"timestamp":1607966357,"path_taken":["M","?","?","?","$","R","M","R","T","R","M","M","M","?","R","BOSS","M","?","M"],"items_purchased_type":["Card","Relic"],"build_version":"2020-12-13","purchased_purges":1,"victory":false,"max_hp_per_floor":[80,80,80,80,80,80,80,80,80,80,80,80,80,80,80,80,80,80,80,80,80],"relic_stats":{"counters":[9,56],"Golden Idol":45,"Juzu Bracelet":0,"obtain_stats":[{"Bottled Flame":9,"energizedSpire:CursedPentagram":17,"Golden Idol":4,"Vampire_Amulet":0,"Juzu Bracelet":5},{"Bottled Flame":3,"energizedSpire:CursedPentagram":7,"Golden Idol":2,"Vampire_Amulet":0,"Juzu Bracelet":2},{"Bottled Flame":7,"energizedSpire:CursedPentagram":30,"Golden Idol":5,"Vampire_Amulet":0,"Juzu Bracelet":5}]},"card_choices":[{"not_picked":["Forethought","Finesse"],"picked":"Dramatic Entrance","floor":0.0},{"not_picked":["Blood_Whip","Deaths_Shadow"],"picked":"Death_March_Dance","floor":1.0},{"not_picked":["Scare","Finger_Of_Death"],"picked":"Spectral_Armor","floor":3.0},{"not_picked":["Blood_Curse","Shade_Step"],"picked":"Bones_to_Steel","floor":7.0},{"not_picked":["Shackles_Of_Pain","Toxic_Smoke_Screen"],"picked":"Reap_The_Weak","floor":11.0},{"not_picked":["Negative_Energy_Javelin","Consume_Illness"],"picked":"Negative_Energy_Shield","floor":12.0},{"not_picked":["Bone_Bullets","Blood_Whip","Death_Coil"],"picked":"SKIP","floor":13.0},{"not_picked":["Reap_The_Weak","Blood_Wake"],"picked":"Summon_Death_Knight","floor":16},{"not_picked":["Exploit","Death_March_Dance+1","Blood_Curse"],"picked":"SKIP","floor":18}],"player_experience":151389,"relics_obtained":[{"floor":9.0,"key":"Bottled Flame"}],"event_choices":[{"damage_healed":0.0,"max_hp_gain":0.0,"max_hp_loss":0.0,"gold_gain":275.0,"event_name":"Golden Shrine","player_choice":"Desecrate","floor":2.0,"gold_loss":0.0,"damage_taken":0.0,"cards_obtained":["Regret"]},{"damage_healed":0.0,"max_hp_gain":0.0,"max_hp_loss":0.0,"gold_gain":0.0,"event_name":"Golden Idol","player_choice":"Take Wound","floor":4.0,"gold_loss":0.0,"damage_taken":0.0,"relics_obtained":["Golden Idol"],"cards_obtained":["Injury"]},{"damage_healed":67,"gold_gain":0,"player_choice":"Upgrade","damage_taken":16,"max_hp_gain":0,"max_hp_loss":80,"event_name":"betterThird:BetterShining","floor":14,"gold_loss":0,"cards_upgraded":["Strike_W","Defend_W"]},{"damage_healed":0,"gold_gain":100,"player_choice":"Bet on Murderer","damage_taken":0,"max_hp_gain":0,"max_hp_loss":0,"event_name":"The Joust","floor":19,"gold_loss":50}],"is_beta":false,"boss_relics":[{"not_picked":["energizedSpire:MagnifyingGlass","Cursed Key"],"picked":"energizedSpire:CursedPentagram"}],"items_purged_floors":[5],"is_endless":false,"potions_floor_spawned":[1,7,11],"killed_by":"Spheric Guardian","ascension_level":0}}