{"host":"08umfpj02pt2ygc3","time":1607936616,"event":{"mods":["2.2 Compatiblity","BaseMod","DeckTracker","Highlight Path","Keyboard Shortcuts","Minty Spire (QoL Compilation)","Quick Restart","Random Character Button","StSLib","SuperFastMode","everything is the same but u backflip on backflip"],"gold_per_floor":[12,23,33,33,53,53,85,85,112,130,80,80,94,94,94,198,198,208,218,281,301,316,316,330,357,381,211,360,374,424,437,437,437,437],"floor_reached":33,"playtime":1886,"items_purged":["Strike_R"],"score":396,"play_id":"06094264-ba83-41ba-b2d8-e98d63e11bc2","local_time":"20201214180336","is_ascension_mode":true,"campfire_choices":[{"data":"Armaments","floor":6.0,"key":"SMITH"},{"data":"Searing Blow","floor":8.0,"key":"SMITH"},{"data":"Searing Blow+1","floor":12.0,"key":"SMITH"},{"data":"Searing Blow+2","floor":15.0,"key":"SMITH"},{"data":"Searing Blow+3","floor":23.0,"key":"SMITH"},{"floor":32.0,"key":"REST"}],"circlet_count":0,"master_deck":["Strike_R+1","Defend_R","Defend_R","Defend_R","Bash","Shrug It Off","Cleave","Armaments+1","Dropkick+1","Searing Blow+4","Warcry","Uppercut","Armaments","Feed","Trip"],"relics":["Burning Blood","Oddly Smooth Stone","Whetstone","SsserpentHead","Sozu","Anchor","Bag of Preparation"],"acts_visited":["Exordium","TheCity"],"potions_floor_usage":[],"damage_taken":[{"damage":10.0,"enemies":"2 Louse","floor":1.0,"turns":3.0},{"damage":7.0,"enemies":"Small Slimes","floor":2.0,"turns":4.0},{"damage":11.0,"enemies":"Cultist","floor":3.0,"turns":4.0},{"damage":12.0,"enemies":"Looter","floor":5.0,"turns":3.0},{"damage":24.0,"enemies":"Lagavulin","floor":7.0,"turns":7.0},{"damage":0.0,"enemies":"3 Louse","floor":10.0,"turns":3.0},{"damage":0.0,"enemies":"2 Fungi Beasts","floor":13.0,"turns":3.0},{"damage":34.0,"enemies":"Hexaghost","floor":16.0,"turns":7.0},{"damage":9.0,"enemies":"Shell Parasite","floor":18.0,"turns":3.0},{"damage":0.0,"enemies":"Chosen","floor":19.0,"turns":4.0},{"damage":12.0,"enemies":"Snecko","floor":20.0,"turns":4.0},{"damage":18.0,"enemies":"Snake Plant","floor":21.0,"turns":3.0},{"damage":34.0,"enemies":"Shelled Parasite and Fungi","floor":22.0,"turns":5.0},{"damage":6.0,"enemies":"Cultist and Chosen","floor":24.0,"turns":6.0},{"damage":2.0,"enemies":"Slavers","floor":25.0,"turns":7.0},{"damage":6.0,"enemies":"Snake Plant","floor":29.0,"turns":3.0},{"damage":16.0,"enemies":"Sentry and Sphere","floor":31.0,"turns":4.0},{"damage":0,"enemies":"Collector","floor":33,"turns":1}],"seed_played":"495785118931758924","potions_obtained":[{"floor":1.0,"key":"BloodPotion"},{"floor":3.0,"key":"FearPotion"},{"floor":7.0,"key":"ColorlessPotion"},{"floor":13.0,"key":"Swift Potion"},{"floor":16.0,"key":"BlessingOfTheForge"}],"is_trial":false,"path_per_floor":["M","M","M","?","M","R","E","R","T","M","?","R","M","?","R","B",null,"M","M","M","M","M","R","M","E","T","$","?","M","?","M","R","B"],"character_chosen":"IRONCLAD","items_purchased":["Trip"],"campfire_rested":1,"item_purchase_floors":[27],"current_hp_per_floor":[68,67,62,62,56,56,38,38,38,44,44,44,66,66,66,38,70,67,73,67,55,27,27,27,31,31,31,31,31,31,25,50,50,50],"gold":437,"neow_bonus":"REMOVE_TWO","is_daily":false,"chose_seed":false,"campfire_upgraded":5,"win_rate":0.0,"timestamp":1607936616,"path_taken":["M","M","M","?","M","R","E","R","T","M","?","R","M","?","R","BOSS","M","M","?","M","M","R","M","E","T","$","?","M","?","M","R","BOSS"],"items_purchased_type":["Card"],"build_version":"2020-12-13","purchased_purges":1,"victory":false,"max_hp_per_floor":[80,80,80,80,80,80,80,80,80,80,80,80,80,80,80,80,80,80,80,80,80,80,80,80,80,80,80,80,80,80,84,84,84,84],"card_choices":[{"not_picked":["Second Wind","Intimidate","Reckless Charge"],"picked":"SKIP","floor":1.0},{"not_picked":["Infernal Blade","Flex"],"picked":"Shrug It Off","floor":2.0},{"not_picked":["Second Wind","Dual Wield"],"picked":"Cleave","floor":3.0},{"not_picked":["Intimidate","Infernal Blade"],"picked":"Dropkick","floor":5.0},{"not_picked":["Havoc","Searing Blow","Perfected Strike"],"picked":"SKIP","floor":7.0},{"not_picked":["Havoc","Perfected Strike"],"picked":"Searing Blow","floor":7.0},{"not_picked":["Clothesline","Searing Blow"],"picked":"Warcry","floor":10.0},{"not_picked":["Perfected Strike","Carnage"],"picked":"Uppercut","floor":13.0},{"not_picked":["Metallicize","Rage+1"],"picked":"Armaments","floor":18.0},{"not_picked":["Thunderclap+1","Power Through","Searing Blow+1"],"picked":"SKIP","floor":19.0},{"not_picked":["Spot Weakness+1","Uppercut","Warcry"],"picked":"SKIP","floor":20.0},{"not_picked":["Rupture","True Grit","Inflame"],"picked":"SKIP","floor":21.0},{"not_picked":["Clash","Sword Boomerang","Armaments"],"picked":"SKIP","floor":22.0},{"not_picked":["Body Slam+1","Clothesline","Iron Wave"],"picked":"SKIP","floor":24.0},{"not_picked":["Sword Boomerang+1","Flex"],"picked":"Feed","floor":25.0},{"not_picked":["Anger","Sword Boomerang","Perfected Strike"],"picked":"SKIP","floor":29.0},{"not_picked":["Shrug It Off","Body Slam+1","Anger+1"],"picked":"SKIP","floor":31.0}],"player_experience":346417,"relics_obtained":[{"floor":7.0,"key":"Oddly Smooth Stone"},{"floor":9.0,"key":"Whetstone"},{"floor":25.0,"key":"Anchor"},{"floor":26.0,"key":"Bag of Preparation"}],"event_choices":[{"damage_healed":0.0,"max_hp_gain":0.0,"max_hp_loss":0.0,"gold_gain":0.0,"cards_transformed":["Strike_R"],"event_name":"Living Wall","player_choice":"Change","floor":4.0,"gold_loss":0.0,"damage_taken":0.0,"cards_obtained":["Armaments"]},{"cards_removed":["Strike_R"],"damage_healed":0.0,"max_hp_gain":0.0,"max_hp_loss":0.0,"gold_gain":0.0,"event_name":"The Cleric","player_choice":"Card Removal","floor":11.0,"gold_loss":50.0,"damage_taken":0.0},{"damage_healed":0.0,"max_hp_gain":0.0,"max_hp_loss":0.0,"gold_gain":0.0,"event_name":"FaceTrader","player_choice":"Trade","floor":14.0,"gold_loss":0.0,"damage_taken":0.0,"relics_obtained":["SsserpentHead"]},{"damage_healed":0.0,"max_hp_gain":0.0,"max_hp_loss":0.0,"gold_gain":99.0,"event_name":"Nest","player_choice":"Stole From Cult","floor":28.0,"gold_loss":0.0,"damage_taken":0.0},{"damage_healed":0.0,"max_hp_gain":0.0,"max_hp_loss":0.0,"gold_gain":0.0,"event_name":"Vampires","player_choice":"Ignored","floor":30.0,"gold_loss":0.0,"damage_taken":0.0}],"is_beta":false,"boss_relics":[{"not_picked":["Astrolabe","Cursed Key"],"picked":"Sozu"}],"items_purged_floors":[27],"is_endless":false,"potions_floor_spawned":[1,3,7,13,16,18,20,24,25],"killed_by":"Collector","ascension_level":9}}