{"host":"uzcks4yhskks9i02","time":1607981278,"event":{"mods":["BaseMod","Minty Spire (QoL Compilation)","Quick Restart"],"gold_per_floor":[369,369,65,81,101,126,126,104,128,159,159,169,22,36,36,138,138,149,149,149,349,369,396,396,430,453,453,479,493,510,526,526,626,626,646,665,192,242,242,242,267,292,292,326,345,356,388,407,407,407,407,407,90,117,117],"floor_reached":56,"playtime":3212,"items_purged":[],"score":1433,"play_id":"0ddb6f01-97d1-4abd-9b5c-6f8b456c95f3","local_time":"20201214142758","is_ascension_mode":true,"campfire_choices":[{"data":"Electrodynamics","floor":7.0,"key":"SMITH"},{"data":"Sunder","floor":11.0,"key":"SMITH"},{"data":"Defragment","floor":15.0,"key":"SMITH"},{"data":"Storm","floor":24.0,"key":"SMITH"},{"data":"Electrodynamics","floor":27.0,"key":"SMITH"},{"floor":32.0,"key":"REST"},{"data":"Biased Cognition","floor":40.0,"key":"SMITH"},{"floor":49.0,"key":"RECALL"},{"data":"Lockon","floor":52.0,"key":"SMITH"}],"circlet_count":0,"master_deck":["Defend_B","Defend_B","Defend_B","Zap","Dualcast","Sunder+1","Electrodynamics+1","Storm+1","Good Instincts","Conserve Battery+1","Tempest+1","Redo+1","Turbo+1","Steam+1","Electrodynamics+1","Steam Power+1","Defragment+1","Echo Form","Steam+1","Biased Cognition+1","Scrape","Buffer","Conserve Battery+1","White Noise+1","Lockon+1","Electrodynamics","Cold Snap+1","Multi-Cast+1","Buffer+1","White Noise+1","Conserve Battery+1","Creative AI","Leap+1","Heatsinks","Self Repair+1","Lockon"],"relics":["Cracked Core","Toxic Egg 2","Ancient Tea Set","Anchor","Tiny Chest","Strawberry","Sozu","Orichalcum","Lizard Tail","CaptainsWheel","Blood Vial","Bottled Flame","Astrolabe","Bottled Lightning","Toolbox","Girya","Pantograph","Cables","PreservedInsect","Pear","Bottled Tornado","Art of War"],"acts_visited":["Exordium","TheCity","TheBeyond","TheEnding"],"potions_floor_usage":[55],"damage_taken":[{"damage":6.0,"enemies":"Jaw Worm","floor":1.0,"turns":4.0},{"damage":0.0,"enemies":"Cultist","floor":4.0,"turns":3.0},{"damage":0.0,"enemies":"2 Louse","floor":5.0,"turns":2.0},{"damage":6.0,"enemies":"Gremlin Nob","floor":6.0,"turns":3.0},{"damage":0.0,"enemies":"3 Sentries","floor":10.0,"turns":1.0},{"damage":0.0,"enemies":"Looter","floor":12.0,"turns":2.0},{"damage":0.0,"enemies":"Large Slime","floor":14.0,"turns":2.0},{"damage":32.0,"enemies":"The Guardian","floor":16.0,"turns":7.0},{"damage":0.0,"enemies":"Shell Parasite","floor":18.0,"turns":2.0},{"damage":0.0,"enemies":"Spheric Guardian","floor":22.0,"turns":3.0},{"damage":12.0,"enemies":"Book of Stabbing","floor":23.0,"turns":5.0},{"damage":18.0,"enemies":"Gremlin Leader","floor":25.0,"turns":4.0},{"damage":5.0,"enemies":"Book of Stabbing","floor":28.0,"turns":3.0},{"damage":0.0,"enemies":"Chosen and Byrds","floor":29.0,"turns":3.0},{"damage":0.0,"enemies":"Snecko","floor":30.0,"turns":3.0},{"damage":11.0,"enemies":"Snake Plant","floor":31.0,"turns":2.0},{"damage":10.0,"enemies":"Collector","floor":33.0,"turns":5.0},{"damage":0.0,"enemies":"3 Shapes","floor":35.0,"turns":2.0},{"damage":0.0,"enemies":"Orb Walker","floor":36.0,"turns":3.0},{"damage":17.0,"enemies":"Mind Bloom Boss Battle","floor":38.0,"turns":4.0},{"damage":0.0,"enemies":"Reptomancer","floor":42.0,"turns":3.0},{"damage":6.0,"enemies":"Nemesis","floor":44.0,"turns":5.0},{"damage":0.0,"enemies":"Transient","floor":45.0,"turns":5.0},{"damage":6.0,"enemies":"3 Darklings","floor":46.0,"turns":2.0},{"damage":15.0,"enemies":"Reptomancer","floor":47.0,"turns":4.0},{"damage":8.0,"enemies":"4 Shapes","floor":48.0,"turns":4.0},{"damage":29.0,"enemies":"Awakened One","floor":50.0,"turns":9.0},{"damage":0,"enemies":"Shield and Spear","floor":54,"turns":2},{"damage":44,"enemies":"The Heart","floor":55,"turns":5}],"seed_played":"-5027357576802051284","potions_obtained":[{"floor":1.0,"key":"Dexterity Potion"},{"floor":4.0,"key":"AttackPotion"},{"floor":12.0,"key":"SkillPotion"},{"floor":16.0,"key":"EssenceOfSteel"}],"is_trial":false,"path_per_floor":["M","?","$","M","M","E","R","$","T","E","R","M","$","M","R","B",null,"M","?","T","?","M","E","R","E","T","R","E","M","M","M","R","B",null,"M","M","$","?","?","R","T","E","T","E","M","M","E","M","R","B",null,"R","$","E","B",null],"character_chosen":"DEFECT","items_purchased":["Toxic Egg 2","Conserve Battery+1","Steam+1","Strawberry","White Noise+1","Bottled Lightning","Toolbox","Bottled Tornado","Lockon"],"campfire_rested":1,"item_purchase_floors":[3,3,8,13,37,37,37,53,53],"current_hp_per_floor":[62,62,62,62,62,56,56,56,56,56,56,56,63,63,63,31,75,75,75,75,75,75,63,63,45,45,45,42,44,46,37,59,51,75,75,75,75,58,58,58,58,60,60,56,58,54,51,45,45,43,81,81,81,81,37],"gold":117,"neow_bonus":"TWO_FIFTY_GOLD","is_daily":false,"chose_seed":false,"campfire_upgraded":7,"win_rate":0.0,"timestamp":1607981278,"path_taken":["M","?","$","M","M","E","R","$","T","E","R","?","?","M","R","BOSS","M","?","?","?","M","E","R","E","T","R","E","M","M","M","R","BOSS","M","M","$","?","?","R","?","E","T","E","M","M","E","M","R","BOSS","R","$","E","BOSS"],"items_purchased_type":["Relic","Card","Card","Relic","Card","Relic","Relic","Relic","Card"],"build_version":"2020-12-13","purchased_purges":0,"victory":true,"max_hp_per_floor":[68,68,68,68,68,68,68,68,68,68,68,68,75,75,75,75,75,75,75,75,75,75,75,75,75,75,75,75,75,75,75,75,75,75,75,75,75,75,71,71,71,71,71,71,71,71,81,81,81,81,81,81,81,81,81],"card_choices":[{"not_picked":["Redo","Chaos"],"picked":"Sunder","floor":1.0},{"not_picked":["Undo+1","Beam Cell"],"picked":"Tempest+1","floor":4.0},{"not_picked":["Beam Cell","Rebound"],"picked":"Redo+1","floor":5.0},{"not_picked":["Steam Power+1","Coolheaded+1"],"picked":"Turbo+1","floor":6.0},{"not_picked":["Gash","Cold Snap"],"picked":"Electrodynamics","floor":10.0},{"not_picked":["Hello World","Go for the Eyes"],"picked":"Steam Power+1","floor":12.0},{"not_picked":["Leap+1","Streamline"],"picked":"Defragment","floor":14.0},{"not_picked":["Fission+1","All For One"],"picked":"Echo Form","floor":16.0},{"not_picked":["Rebound","Redo+1"],"picked":"Steam+1","floor":18.0},{"not_picked":["Streamline+1","Sweeping Beam+1","Cold Snap"],"picked":"SKIP","floor":22.0},{"not_picked":["Steam Power+1","Leap+1"],"picked":"Buffer","floor":23.0},{"not_picked":["Buffer","Beam Cell"],"picked":"Conserve Battery+1","floor":25.0},{"not_picked":["Go for the Eyes","Thunder Strike"],"picked":"White Noise+1","floor":28.0},{"not_picked":["Go for the Eyes","Gash+1","Barrage"],"picked":"SKIP","floor":29.0},{"not_picked":["Go for the Eyes","Blizzard","Barrage"],"picked":"SKIP","floor":30.0},{"not_picked":["Gash","Sweeping Beam"],"picked":"Lockon","floor":31.0},{"not_picked":["Rainbow+1","Hyperbeam"],"picked":"Electrodynamics","floor":33.0},{"not_picked":["Streamline","Redo+1","Stack+1"],"picked":"SKIP","floor":35.0},{"not_picked":["Sweeping Beam+1","Rebound","Redo+1"],"picked":"SKIP","floor":36.0},{"not_picked":["Coolheaded+1","Gash"],"picked":"Conserve Battery+1","floor":38.0},{"not_picked":["Darkness+1","Turbo+1"],"picked":"Creative AI","floor":42.0},{"not_picked":["Hologram+1","Streamline"],"picked":"Leap+1","floor":44.0},{"not_picked":["Conserve Battery+1","Chaos+1"],"picked":"Heatsinks","floor":45.0},{"not_picked":["Compile Driver","Blizzard","Chaos+1"],"picked":"SKIP","floor":46.0},{"not_picked":["Reinforced Body+1","Fusion+1"],"picked":"Self Repair+1","floor":47.0},{"not_picked":["Stack+1","Rebound","Sweeping Beam"],"picked":"SKIP","floor":48.0},{"not_picked":["BootSequence+1","Scrape+1","Chaos+1"],"picked":"SKIP","floor":54}],"player_experience":432310,"relics_obtained":[{"floor":6.0,"key":"Ancient Tea Set"},{"floor":9.0,"key":"Anchor"},{"floor":10.0,"key":"Tiny Chest"},{"floor":20.0,"key":"Orichalcum"},{"floor":23.0,"key":"Lizard Tail"},{"floor":25.0,"key":"CaptainsWheel"},{"floor":26.0,"key":"Blood Vial"},{"floor":28.0,"key":"Bottled Flame"},{"floor":38.0,"key":"Girya"},{"floor":42.0,"key":"Pantograph"},{"floor":43.0,"key":"Cables"},{"floor":44.0,"key":"PreservedInsect"},{"floor":47.0,"key":"Pear"},{"floor":54,"key":"Art of War"}],"event_choices":[{"damage_healed":0.0,"max_hp_gain":0.0,"max_hp_loss":0.0,"gold_gain":0.0,"event_name":"Match and Keep!","player_choice":"3 cards matched","floor":2.0,"gold_loss":0.0,"damage_taken":0.0,"cards_obtained":["Electrodynamics","Storm","Good Instincts"]},{"damage_healed":0.0,"max_hp_gain":0.0,"max_hp_loss":0.0,"gold_gain":0.0,"cards_transformed":["Strike_B","Strike_B"],"event_name":"Drug Dealer","player_choice":"Became Test Subject","floor":19.0,"gold_loss":0.0,"damage_taken":0.0,"cards_obtained":["Biased Cognition","Scrape"]},{"damage_healed":0.0,"max_hp_gain":0.0,"max_hp_loss":0.0,"gold_gain":200.0,"event_name":"Wheel of Change","player_choice":"Gold","floor":21.0,"gold_loss":0.0,"damage_taken":0.0},{"damage_healed":0.0,"max_hp_gain":0.0,"max_hp_loss":0.0,"gold_gain":0.0,"event_name":"MindBloom","player_choice":"Fight","floor":38.0,"gold_loss":0.0,"damage_taken":0.0},{"damage_healed":0.0,"max_hp_gain":0.0,"max_hp_loss":4.0,"gold_gain":0.0,"event_name":"Winding Halls","player_choice":"Max HP","floor":39.0,"gold_loss":0.0,"damage_taken":0.0}],"is_beta":false,"boss_relics":[{"not_picked":["Coffee Dripper","Calling Bell"],"picked":"Sozu"},{"not_picked":["Runic Pyramid","SlaversCollar"],"picked":"Astrolabe"}],"items_purged_floors":[],"is_endless":false,"potions_floor_spawned":[1,4,12,16,28,29,31,36,42,48],"ascension_level":1}}