{"host":"mq7pyadb5kndcn8l","time":1607924731,"event":{"mods":["AchievementEnabler","Act Like it!","Aspiration","BaseMod","Better Altar","Better Match","Better Note","Better Sensory Stone","Better Skull","Better Third Choice","BetterRewards","Block Reminder","CCEM","Challenge The Spire","ChefMod","Colored Map","Colored Powertips","Conspire","Defuse TimeMaze Blight","Dio Mod","Displayed Cursed Tome","Dota2Spire","Downfall","Duelist Mod","Energized Spire","Friendly Minions","GifTheSpireLib","Gremlin Skip","Highlight Path","Hubris","Ironclad Rager","Jedi Mod","Mad Scientist","Marked Mod","Mimic Mod","Minty Spire (QoL Compilation)","Permanent Neow","QueenMod","Quick Restart","Random Character Button","Rare Cards Sparkle","Relic Filter","Relic Sorter","Replay The Spire","Reworked Bosses","Shade Mod","Shop Mod","Spicy Shops","Spikes Relics","StSLib","Stuff the Spire","SuperFastMode","The Blue Laboratory","The Death Knight","The Exalted","The Necromancer","The Poker Player","TheBandit","Thieving Mod","Thrall Mod","Trackpad","Transform Curses","Unceasing Turn Reminder","Wandering Minibosses","vexMod"],"gold_per_floor":[117,117,130,141,154,180,180,212,258,289,289,289,11,30,30,132,132,146,156,156,172,182,182,216,216,216,249,159,159,172,199,199,299,299,319,333,344,358,35,35,64,83,154,154,172,172,172,203,203,203,203,203,99,132,132],"floor_reached":56,"playtime":14045,"items_purged":["Regret","Dagger Spray","Bane"],"score":1943,"play_id":"0ac04420-0c98-4af7-964b-92a5446dda1f","local_time":"20201214004531","is_ascension_mode":true,"campfire_choices":[{"data":"Shade:Bonestorm","floor":7,"key":"SMITH"},{"data":"Shade:LoseControl","floor":11,"key":"SMITH"},{"floor":15,"key":"DIG"},{"data":"Shade:Putrefaction","floor":23,"key":"SMITH"},{"data":"ReplayTheSpireMod:Brewmster","floor":25,"key":"SMITH"},{"data":"Shade:Putrefaction","floor":29,"key":"SMITH"},{"data":"Shade:PressTheAttack","floor":32,"key":"SMITH"},{"data":"Shade:Haruspicy","floor":40,"key":"SMITH"},{"data":"Shade:FleshToFlesh","floor":44,"key":"SMITH"},{"floor":46,"key":"RECALL"},{"data":"Shade:ScuttlingHand","floor":49,"key":"SMITH"},{"data":"Shade:Trample","floor":52,"key":"SMITH"}],"circlet_count":0,"master_deck":["Shade:Defend_Shade","Shade:Defend_Shade","Shade:AnimateDead+1","Shade:CarefulCut","Shade:Carnophage+1","Shade:FleshToFlesh+1","ReplayTheSpireMod:Brewmster+1","Shade:Bonestorm+1","Shade:CloudOfShrapnel","Shade:PressTheAttack+1","Shade:Trample+1","Shade:CommandSoldier+1","Shade:LoseControl+1","Shade:GraveStillness","Shade:Putrefaction+1","Masterful Stab","Shade:Putrefaction+1","Shade:TouchOfTheGrave+1","Shade:Brains+1","Shade:SensePrey+1","Shade:Haruspicy+1","Shade:Carnophage+1","Shade:Defend_Shade+1","Shade:ScuttlingHand+1","Shade:Brains+1","Shade:WallOfFlesh","Shade:SkeletonArmy+1","Shade:PoundOfFlesh+1","Shade:DangerousRitual+1","Shade:AuraOfUnlife","expansioncontent:Collect"],"relics":["Shade:YorickSkull","Dota2Spire:DrumOfEndurance","ExplosiveVial","hubris:64BitClover","Replay:Rubber Ducky","Dota2Spire:MonkeyKingBar","vexMod:HeadHunter","StuffTheSpire:RedRose","MerchantsRug","SpikesRelics:DaevaFist","energizedSpire:SpiderWeb","Counterbalance","aspiration:StickyExplosives_weak","CCEMRelics:WarHorn","hubris:AstralHammer","energizedSpire:StickyHand","CCEMRelics:SpiritsEdge","StuffTheSpire:Mouthbags","BranchBurnRelic","vexMod:BarristanHead","BicycleWheel"],"acts_visited":["Exordium","TheCity","TheBeyond","TheEnding"],"potions_floor_usage":[6,6,6,8,8,14,14,19,19,21,21,22,24,30,31,33,33,33,33,35,35,37,38,45,48,48,50,50,50,50,50,50,55,55,55,55],"damage_taken":[{"damage":0.0,"enemies":"conspire:RoseBush","floor":1.0,"turns":4.0},{"damage":0,"enemies":"Jaw Worm","floor":3,"turns":4},{"damage":0,"enemies":"2 Louse","floor":4,"turns":2},{"damage":0,"enemies":"Exordium Wildlife","floor":5,"turns":3},{"damage":0,"enemies":"Lagavulin","floor":6,"turns":7},{"damage":8,"enemies":"Gremlin Nob","floor":8,"turns":4},{"damage":0,"enemies":"Replay:BlueRogue","floor":10,"turns":5},{"damage":0,"enemies":"Looter","floor":14,"turns":3},{"damage":0,"enemies":"Fading Forest","floor":16,"turns":11},{"damage":0,"enemies":"conspire:FuzzyDice","floor":18,"turns":4},{"damage":0,"enemies":"Shell Parasite","floor":19,"turns":4},{"damage":0,"enemies":"Sentry and Sphere","floor":21,"turns":4},{"damage":0,"enemies":"Cultist and Chosen","floor":22,"turns":5},{"damage":0,"enemies":"theDuelist:KaibaA2","floor":24,"turns":5},{"damage":0,"enemies":"Replay:Snechameleon","floor":27,"turns":6},{"damage":0,"enemies":"conspire:HollyBat","floor":30,"turns":5},{"damage":0,"enemies":"conspire:SneckoGhost","floor":31,"turns":4},{"damage":0,"enemies":"StardustCrusaders","floor":33,"turns":5},{"damage":4,"enemies":"3 Darklings","floor":35,"turns":4},{"damage":0,"enemies":"3 Shapes","floor":36,"turns":4},{"damage":0,"enemies":"Maw","floor":37,"turns":6},{"damage":0,"enemies":"Jaw Worm Horde","floor":38,"turns":3},{"damage":0,"enemies":"Giant Head","floor":41,"turns":5},{"damage":0,"enemies":"3 Darklings","floor":42,"turns":4},{"damage":0,"enemies":"Spire Growth","floor":45,"turns":5},{"damage":0,"enemies":"Reptomancer","floor":48,"turns":5},{"damage":0,"enemies":"bossMod:newAwakened","floor":50,"turns":7},{"damage":8,"enemies":"Shield and Spear","floor":54,"turns":5},{"damage":0,"enemies":"The Heart","floor":55,"turns":8}],"seed_played":"1379255338482661748","potions_obtained":[{"floor":4,"key":"LifebloodPotion"},{"floor":16,"key":"Dexterity Potion"},{"floor":18,"key":"blueLaboratory:NullPotion"},{"floor":21,"key":"blueLaboratory:FruitPunch"},{"floor":30,"key":"blueLaboratory:HummingbirdPotion"},{"floor":33,"key":"blueLaboratory:AbyssPotion"},{"floor":35,"key":"blueLaboratory:BottleOfVodka"},{"floor":41,"key":"PowerPotion"},{"floor":45,"key":"Energy Potion"},{"floor":48,"key":"PowerPotion"},{"floor":54,"key":"DuplicationPotion"}],"is_trial":false,"path_per_floor":["M","?","M","M","M","E","R","E","T","E","R","?","$","M","R_BF","B",null,"M","M","?","M","M","R","E","R","T","E","?","R","M","E","R","B",null,"M","M","M","M","$","R","E","M","T","R","M","R","?","E","R","B",null,"R","$","E","B",null],"character_chosen":"SHADE","items_purchased":["ExplosiveVial","Shade:Carnophage+1","Shade:FleshToFlesh","hubris:64BitClover","ReplayTheSpireMod:Brewmster","Replay:Rubber Ducky","Shade:Bonestorm","Shade:GraveStillness","MerchantsRug","Shade:Carnophage+1","CCEMRelics:SpiritsEdge","Shade:AuraOfUnlife","expansioncontent:Collect"],"campfire_rested":0,"item_purchase_floors":[0,0,0,0,0,0,0,13,13,39,39,53,53],"current_hp_per_floor":[37,37,37,37,37,37,37,29,29,29,29,29,29,29,29,49,65,65,65,65,65,67,67,67,67,67,67,67,67,67,67,67,67,67,63,63,63,63,63,63,63,63,63,63,63,63,63,67,67,67,67,67,67,62,62],"gold":132,"neow_bonus":"","is_daily":false,"chose_seed":false,"campfire_upgraded":10,"win_rate":0.0,"timestamp":1607924731,"path_taken":["M","?","?","M","M","E","R","E","T","E","R","?","$","?","R_BF","BOSS","M","M","?","M","M","R","E","R","T","E","?","R","M","E","R","BOSS","M","?","M","M","$","R","E","M","T","R","M","R","?","E","R","BOSS","R","$","E","BOSS"],"items_purchased_type":["Relic","Card","Card","Relic","Card","Relic","Card","Card","Relic","Card","Relic","Card","Card"],"build_version":"2020-12-13","purchased_purges":3,"victory":true,"max_hp_per_floor":[65,65,65,65,65,65,65,65,65,65,65,65,65,65,65,65,65,65,65,65,65,67,67,67,67,67,67,67,67,67,67,67,67,67,67,67,67,67,67,67,67,67,67,67,67,67,67,67,67,67,67,67,67,67,67],"card_choices":[{"not_picked":["Shade:WallOfFlesh","Shade:Patience","Shade:FingerOfDeath"],"picked":"SKIP","floor":1},{"not_picked":["Shade:GreyBargain","Shade:BoneShards","Shade:SoulToxin"],"picked":"SKIP","floor":3},{"not_picked":["Shade:SpontaneousRitual","Shade:CoffinDance"],"picked":"Shade:CloudOfShrapnel","floor":4},{"not_picked":["Shade:GreyBargain","Shade:BoneShards"],"picked":"Shade:PressTheAttack","floor":5},{"not_picked":["Shade:GraveStillness","Shade:BoneShards"],"picked":"Shade:Trample","floor":6},{"not_picked":["Shade:PoundOfFlesh","Shade:GreaterAnimation"],"picked":"Shade:CommandSoldier","floor":8},{"not_picked":["Shade:SelfBurial","Shade:OfferingToTheBeyond"],"picked":"Shade:LoseControl","floor":10},{"not_picked":["Shade:FingerOfDeath","Shade:GreyBargain","Shade:FleshOffering"],"picked":"SKIP","floor":10},{"not_picked":["Shade:CallOfTheGrave","Shade:Trample","Shade:GreyBargain"],"picked":"SKIP","floor":14},{"not_picked":["Shade:LoseControl","Shade:MadHubris"],"picked":"Shade:Putrefaction","floor":16},{"not_picked":["Shade:WallOfFlesh","Shade:FeralStrike+1","Shade:GreyBargain"],"picked":"SKIP","floor":18},{"not_picked":["Shade:SoulToxin+1","Shade:FeralStrike","Shade:Excise"],"picked":"SKIP","floor":19},{"not_picked":["Shade:LyeBath","Shade:Patience","Shade:FuneraryArmor"],"picked":"SKIP","floor":21},{"not_picked":["Shade:OminousRitual","Shade:SensePrey","Shade:CallWraith"],"picked":"SKIP","floor":22},{"not_picked":["Shade:OneIsEnough","Shade:LastGasp","Shade:SelfBurial"],"picked":"SKIP","floor":24},{"not_picked":["Shade:FleshToFlesh","Shade:Trample","Shade:Bite_Shade"],"picked":"SKIP","floor":24},{"not_picked":["Shade:GreaterAnimation","Shade:MadHubris"],"picked":"Shade:Putrefaction","floor":27},{"not_picked":["Shade:SelfBurial","Shade:CallWraith"],"picked":"Shade:TouchOfTheGrave+1","floor":27},{"not_picked":["Shade:FingerOfDeath","Shade:SkeletonHug","Shade:Bonestorm"],"picked":"SKIP","floor":30},{"not_picked":["Shade:UnbarTheGrave","Shade:OfferingToTheBeyond","Shade:MadHubris"],"picked":"SKIP","floor":31},{"not_picked":["Shade:GreyBargain+1","Shade:FuneraryArmor","Shade:OminousRitual"],"picked":"SKIP","floor":31},{"not_picked":["Shade:FingerOfDeath+1","Shade:Trample+1","Shade:BoneShards+1"],"picked":"SKIP","floor":35},{"not_picked":["Shade:Haruspicy","Shade:AncientSpear+1","Shade:ClawBack+1"],"picked":"SKIP","floor":36},{"not_picked":["Shade:Premonition","Shade:WallOfFlesh+1","Shade:FleshOffering"],"picked":"SKIP","floor":37},{"not_picked":["Shade:SensePrey+1","Shade:Haruspicy"],"picked":"Shade:Brains+1","floor":38},{"not_picked":["Shade:MadHubris","Shade:SelfBurial","Shade:LoseControl"],"picked":"SKIP","floor":41},{"not_picked":["Shade:SkeletonHug","Shade:Asphyxiate","Shade:FleshOffering"],"picked":"SKIP","floor":41},{"not_picked":["Shade:ScuttlingHand","Shade:WallOfFlesh"],"picked":"Shade:Brains+1","floor":42},{"not_picked":["Shade:Brains+1","Shade:CommandSoldier+1","Shade:Awaken"],"picked":"SKIP","floor":45},{"not_picked":["Shade:SkeletonArmy+1","Shade:PoundOfFlesh+1"],"picked":"Shade:DangerousRitual+1","floor":48},{"not_picked":["Shade:Tombstone","Shade:SelfBurial","Shade:Consume"],"picked":"SKIP","floor":48},{"not_picked":["Shade:Putrefaction","Shade:Tombstone","Shade:GreaterAnimation"],"picked":"SKIP","floor":54},{"not_picked":["Shade:FleshToFlesh+1","Shade:SkeletonHug","Shade:Asphyxiate"],"picked":"SKIP","floor":54},{"not_picked":["Shade:Putrefaction","Shade:Tombstone","Shade:GreaterAnimation"],"picked":"SKIP","floor":54},{"not_picked":["Shade:FleshToFlesh+1","Shade:SkeletonHug","Shade:Asphyxiate"],"picked":"SKIP","floor":54}],"player_experience":832095,"relics_obtained":[{"floor":6,"key":"Dota2Spire:MonkeyKingBar"},{"floor":8,"key":"vexMod:HeadHunter"},{"floor":10,"key":"War Paint"},{"floor":15,"key":"SpikesRelics:DaevaFist"},{"floor":18,"key":"Counterbalance"},{"floor":24,"key":"aspiration:StickyExplosives_weak"},{"floor":26,"key":"CCEMRelics:WarHorn"},{"floor":27,"key":"Dota2Spire:DrumOfEndurance"},{"floor":31,"key":"hubris:AstralHammer"},{"floor":36,"key":"Dead Branch"},{"floor":41,"key":"StuffTheSpire:Mouthbags"},{"floor":43,"key":"RetroEgg"},{"floor":48,"key":"vexMod:BarristanHead"},{"floor":54,"key":"BicycleWheel"}],"event_choices":[{"cards_removed":["Shade:Strike_Shade"],"damage_healed":0,"gold_gain":0,"player_choice":"Offered Basic","damage_taken":0,"max_hp_gain":0,"max_hp_loss":0,"event_name":"Bonfire Elementals","floor":2,"gold_loss":0},{"cards_removed":["Shade:Defend_Shade"],"damage_healed":0,"gold_gain":0,"player_choice":"Upgrade and Remove","damage_taken":0,"max_hp_gain":0,"max_hp_loss":0,"event_name":"Designer","floor":28,"gold_loss":90,"cards_upgraded":["Shade:AnimateDead"]},{"damage_healed":0,"gold_gain":0,"player_choice":"Ignored","damage_taken":0,"max_hp_gain":0,"max_hp_loss":0,"event_name":"Transmorgrifier","floor":47,"gold_loss":0}],"is_beta":false,"boss_relics":[{"not_picked":["hubris:GrandSneckoEye","energizedSpire:CursedPentagram"],"picked":"energizedSpire:SpiderWeb"},{"not_picked":["energizedSpire:MagnifyingGlass","Bromod:ArcaneEnergize"],"picked":"energizedSpire:StickyHand"}],"items_purged_floors":[13,39,39],"is_endless":false,"potions_floor_spawned":[4,10,16,18,21,24,30,33,35,41,45,48,54],"ascension_level":1}}