{"host":"hyzxin88cl4apzyp","time":1607932859,"event":{"mods":["Act Like it!","BaseMod","CapriCore","Friendly Minions","Gensokyo","Highlight Path","LagranYue(拉格朗・月)","Minty Spire (QoL Compilation)","Pale of the Ancients","RumiaBox-露米娅的神秘盒子","StSLib","SuperFastMode","The Alterego","Waifu the Spire","vexMod","【东方二次创作】八云紫mod"],"gold_per_floor":[135,135,60,78,78,107,117,129,153,170,189,199,219,219,219,322,322,332,332,349,349,44,78,78,78,78,93,104,104,124,134,134,234,234,247,262,262,276,33,53,53,65,139,139,139,139,158,169,169,169,169,169],"floor_reached":51,"playtime":3486,"items_purged":["AT_purpleEX","Boundary_DynamicStaticEquilibrium_purple+1"],"score":677,"play_id":"e522bbf1-6b34-44b6-949d-f39cfb559437","local_time":"20201214160059","is_ascension_mode":false,"campfire_choices":[{"data":"Nest_LightFlightworm_purple","floor":15.0,"key":"SMITH"},{"floor":24.0,"key":"REST"},{"data":"Boundary_DynamicStaticEquilibrium_purple","floor":29.0,"key":"SMITH"},{"floor":32.0,"key":"REST"},{"floor":45.0,"key":"REST"},{"floor":49.0,"key":"REST"}],"circlet_count":0,"master_deck":["Observe_purple_1","Observe_purple_2","FragmentationRealm_purple","Nest_LightFlightworm_purple+1","Anti_communist_purple+1","Charmbait_purple","OpenedBox_purple","Boundary_LightAndDark_purple","Fantasy_PerpetualMotionMachine_purple","Mirror_WaveAndshot_purple","DarkRealmRedLine_purple","Boundary_of_Extermination_purpleEX","Theboundaryofcreation_purpleEX+1","WatchEyeChange_purple","Computing_the_future_purpleEX","UniverseChoice_purple","WingOfChimera_purple+1","Human_Monster_Realm_purple","Anti_communist_purple+1","Erosivefilter_purple","Shame","ProofOfUnderstanding_purple","Theboundaryofcreation_purpleEX","Know_ledgeAbilityRealm_purple","SfantasyHide_purple+1","StateErode_purple+1","Bait_HighSpeedFlying_purple+1","Parasite","Discovery"],"relics":["Boundary_crack","Memoryfragments_purpleEX","LagranYue:RandomDrawCardRelic","NeowsBlessing","vexMod:FocusSash","LagranYue:MagicReflectiveArmorRelic","Gensokyo:CelestialsFlawlessClothing","Pandora\u0027s Box","Gensokyo:DirgeOfMelancholy","Parasol_purpleEX","Pen Nib","LagranYue:SoulBurningRelic","Oddly Smooth Stone","GodSword7","paleoftheancients:Timepiece","paleoftheancients:KeyRelic","Mercury Hourglass","CultistMask"],"acts_visited":[],"potions_floor_usage":[],"damage_taken":[{"damage":0.0,"enemies":"Gensokyo:2_Kodama","floor":1.0,"turns":2.0},{"damage":0.0,"enemies":"Gensokyo:Gryphon","floor":4.0,"turns":1.0},{"damage":21.0,"enemies":"Gensokyo:Cirno","floor":6.0,"turns":2.0},{"damage":0.0,"enemies":"Gensokyo:3_Fairies","floor":7.0,"turns":3.0},{"damage":0.0,"enemies":"Gensokyo:Kitsune","floor":8.0,"turns":3.0},{"damage":0.0,"enemies":"Gensokyo:Python_and_Kodama","floor":10.0,"turns":4.0},{"damage":2.0,"enemies":"Gensokyo:Gryphon_and_Rabbit","floor":11.0,"turns":3.0},{"damage":3.0,"enemies":"Gensokyo:2_Rabbits","floor":12.0,"turns":4.0},{"damage":0.0,"enemies":"Gensokyo:LivingMonolith","floor":13.0,"turns":2.0},{"damage":18.0,"enemies":"Gensokyo:Kokoro","floor":16.0,"turns":8.0},{"damage":22.0,"enemies":"Gensokyo:3_Dogs","floor":18.0,"turns":5.0},{"damage":15.0,"enemies":"Gensokyo:AngelMirror","floor":20.0,"turns":2.0},{"damage":12.0,"enemies":"Gensokyo:Reisen","floor":23.0,"turns":6.0},{"damage":3.0,"enemies":"Gensokyo:3_Gloops","floor":27.0,"turns":5.0},{"damage":10.0,"enemies":"Gensokyo:Chomper_and_Gloop","floor":28.0,"turns":6.0},{"damage":0.0,"enemies":"Gensokyo:Wraith","floor":30.0,"turns":3.0},{"damage":21.0,"enemies":"Gensokyo:Mirror_and_Dog","floor":31.0,"turns":4.0},{"damage":11.0,"enemies":"Gensokyo:Eternal_Rivals","floor":33.0,"turns":9.0},{"damage":0.0,"enemies":"3 Darklings","floor":35.0,"turns":5.0},{"damage":20.0,"enemies":"Orb Walker","floor":36.0,"turns":3.0},{"damage":11.0,"enemies":"Transient","floor":38.0,"turns":5.0},{"damage":0.0,"enemies":"4 Shapes","floor":40.0,"turns":2.0},{"damage":11.0,"enemies":"Writhing Mass","floor":42.0,"turns":3.0},{"damage":0.0,"enemies":"Jaw Worm Horde","floor":47.0,"turns":3.0},{"damage":23.0,"enemies":"3 Darklings","floor":48.0,"turns":3.0},{"damage":16.0,"enemies":"Time Eater","floor":50.0,"turns":6.0},{"damage":0,"enemies":"","floor":51,"turns":1}],"seed_played":"1140765964856255843","potions_obtained":[{"floor":1.0,"key":"FearPotion"},{"floor":7.0,"key":"LiquidBronze"},{"floor":8.0,"key":"Fire Potion"},{"floor":13.0,"key":"AttackPotion"},{"floor":16.0,"key":"SkillPotion"},{"floor":18.0,"key":"DistilledChaos"},{"floor":20.0,"key":"FearPotion"},{"floor":27.0,"key":"Weak Potion"},{"floor":38.0,"key":"Weak Potion"},{"floor":48.0,"key":"SkillPotion"}],"is_trial":false,"path_per_floor":["M","?","$","M","?","E","M","M","T","M","M","M","M","?","R","B",null,"M","?","M","?","$","E","R","$","T","M","M","R","M","M","R","B",null,"M","M","?","M","$","M","$","M","T","?","R","?","M","M","R","B","M"],"character_chosen":"Youkari","items_purchased":["Parasol_purpleEX","Oddly Smooth Stone"],"campfire_rested":4,"item_purchase_floors":[22,39],"current_hp_per_floor":[70,70,70,70,70,49,49,50,50,50,48,48,48,31,31,13,70,54,54,39,39,39,28,49,49,49,48,38,38,41,22,43,33,70,70,50,50,39,39,39,39,28,28,28,48,48,48,25,45,70,70,70],"gold":169,"neow_bonus":"THREE_ENEMY_KILL","is_daily":false,"chose_seed":false,"campfire_upgraded":2,"win_rate":0.0,"timestamp":1607932859,"path_taken":["M","?","$","M","?","E","M","M","T","?","M","M","M","?","R","BOSS","M","?","M","?","$","E","R","?","T","?","M","R","M","M","R","BOSS","M","M","?","M","$","?","$","M","T","?","R","?","M","?","R","BOSS","M"],"items_purchased_type":["Relic","Relic"],"build_version":"2020-12-13","purchased_purges":2,"victory":false,"max_hp_per_floor":[70,70,70,70,70,70,70,70,70,70,70,70,70,70,70,70,70,70,70,70,70,70,70,70,70,70,70,70,70,70,70,70,70,70,70,70,70,70,70,70,70,70,70,70,70,70,70,70,70,70,70,70],"card_choices":[{"not_picked":["OmniscientAndOmnipotent_Monster_purple","SharpContractionReality_purple"],"picked":"FragmentationRealm_purple","floor":1.0},{"not_picked":["PurpleNeedle_purple","Charmbait_purple"],"picked":"Nest_LightFlightworm_purple","floor":4.0},{"not_picked":["MeetDecomposer_purple","Umbrella_purple"],"picked":"Anti_communist_purple","floor":5.0},{"not_picked":["Anti_communist_purple","Realm_recovery_purpleEX"],"picked":"Charmbait_purple","floor":5.0},{"not_picked":["Extrememeaning_purpleEX","Boundary_DreamRealityDamnation_purple"],"picked":"OpenedBox_purple","floor":6.0},{"not_picked":["OmniscientAndOmnipotent_Monster_purple","Boundary_ObjectiveBoundary_purple","Worldmountain_purple"],"picked":"SKIP","floor":7.0},{"not_picked":["Mirror_FormAndEmptin_purple","StretchesForeverDream_purple"],"picked":"Boundary_LightAndDark_purple","floor":8.0},{"not_picked":["Boundary_DreamRealityDamnation_purple","StateErode_purple"],"picked":"Fantasy_PerpetualMotionMachine_purple","floor":10.0},{"not_picked":["DimensionStaggered_purple","ExistenceContinue_purple"],"picked":"Mirror_WaveAndshot_purple","floor":11.0},{"not_picked":["OpenedBox_purple","Umbrella_purple"],"picked":"DarkRealmRedLine_purple","floor":12.0},{"not_picked":["Mirror_FormAndEmptin_purple","FragmentationRealm_purple"],"picked":"Boundary_of_Extermination_purpleEX","floor":13.0},{"not_picked":["KnowledgeAbilityRealm_purple","Monsters_DoubleDeathButterfly_purple"],"picked":"Theboundaryofcreation_purpleEX","floor":16.0},{"not_picked":["OmniscientAndOmnipotent_Monster_purple","Worldmountain_purple"],"picked":"Erosivefilter_purple","floor":18.0},{"not_picked":["DimensionStaggered_purple+1","EighthInstrument_OneDividesIntoTwo_purple"],"picked":"ProofOfUnderstanding_purple","floor":20.0},{"not_picked":["DimensionStaggered_purple","RuleDissolution_purple"],"picked":"Theboundaryofcreation_purpleEX","floor":23.0},{"not_picked":["SharpContractionReality_purple","Boundary_DreamRealityDamnation_purple+1","CommonSense_AntiCommonSense_purple+1"],"picked":"SKIP","floor":27.0},{"not_picked":["Charmbait_purple+1","Boundary_DreamRealityDamnation_purple","SfantasyHide_purple"],"picked":"SKIP","floor":28.0},{"not_picked":["Charmbait_purple+1","AdvanceAttack_purple"],"picked":"Know_ledgeAbilityRealm_purple","floor":30.0},{"not_picked":["Nest_LightFlightworm_purple+1","AdvanceAttack_purple"],"picked":"SfantasyHide_purple+1","floor":31.0},{"not_picked":["SharpContractionReality_purple","Worldmountain_purple+1"],"picked":"StateErode_purple+1","floor":35.0},{"not_picked":["Line_surface_state_purple","CommonSense_AntiCommonSense_purple"],"picked":"Bait_HighSpeedFlying_purple+1","floor":36.0},{"not_picked":["WangLiang_LineAndCurveDreams_purple","Worldmountain_purple","OmniscientAndOmnipotent_Monster_purple"],"picked":"SKIP","floor":38.0},{"not_picked":["PurpleNeedle_purple","Fantasy_PerpetualMotionMachine_purple+1","Realm_recovery_purpleEX+1"],"picked":"SKIP","floor":40.0},{"not_picked":["Shallow_ocean_purpleEX+1","Boundary_of_Extermination_purpleEX+1","WingOfChimera_purple+1"],"picked":"SKIP","floor":42.0},{"not_picked":["Purity","Mayhem"],"picked":"Discovery","floor":44.0},{"not_picked":["Mirror_FormAndEmptin_purple","OmniscientAndOmnipotent_Monster_purple+1","CommonSense_AntiCommonSense_purple+1"],"picked":"SKIP","floor":47.0},{"not_picked":["StateDuplicate_purple","MeetDecomposer_purple","Shallow_ocean_purpleEX+1"],"picked":"SKIP","floor":48.0}],"player_experience":94026,"relics_obtained":[{"floor":6.0,"key":"vexMod:FocusSash"},{"floor":9.0,"key":"LagranYue:MagicReflectiveArmorRelic"},{"floor":23.0,"key":"Pen Nib"},{"floor":43.0,"key":"GodSword7"}],"event_choices":[{"damage_healed":0.0,"max_hp_gain":0.0,"max_hp_loss":0.0,"gold_gain":0.0,"event_name":"Match and Keep!","player_choice":"0 cards matched","floor":37.0,"gold_loss":0.0,"damage_taken":0.0,"cards_obtained":[]},{"damage_healed":0.0,"max_hp_gain":0.0,"max_hp_loss":0.0,"gold_gain":0.0,"event_name":"SensoryStone","player_choice":"Memory 1","floor":44.0,"gold_loss":0.0,"damage_taken":0.0},{"damage_healed":0.0,"max_hp_gain":0.0,"max_hp_loss":0.0,"gold_gain":0.0,"event_name":"Upgrade Shrine","player_choice":"Upgraded","floor":46.0,"gold_loss":0.0,"damage_taken":0.0,"cards_upgraded":["Anti_communist_purple"]}],"is_beta":false,"boss_relics":[{"not_picked":["vexMod:FluxCapacitor","AddBug"],"picked":"Pandora\u0027s Box"},{"not_picked":["Snecko Eye","vexMod:ImprovementManual"],"picked":"LagranYue:SoulBurningRelic"}],"items_purged_floors":[3,39],"is_endless":false,"potions_floor_spawned":[1,7,8,11,13,16,18,20,27,30,31,38,40,48],"killed_by":"","ascension_level":0}}