{"host":"eifhv3c48fffly2w","time":1607968178,"event":{"mods":["2.2 Compatiblity","Aspiration","BaseMod","Conspire","Downfall","Halation","Hermit","Hubris","Infinite Spire","Minty Spire (QoL Compilation)","Replay The Spire","StSLib","The Cursed"],"gold_per_floor":[112,131,131,131,131,158,218,218,296,296,315,315,342,357,357,467,467,481,36,55,55,75,103,103,135,135,146,146,245,266,304,304,399,399,414,414,432,452,452,452,484,484,484,484,499,499,518,364,364,468,468,475,497,90,190,190,190,222,222],"floor_reached":58,"playtime":1726,"items_purged":[],"score":1162,"play_id":"444a6b51-f202-4102-8e53-78547300be11","local_time":"20201214184938","is_ascension_mode":true,"campfire_choices":[{"data":"infinitespire:Menacing","floor":10,"key":"SMITH"},{"data":"Eruption","floor":12,"key":"SMITH"},{"data":"ClearTheMind","floor":24,"key":"SMITH"},{"data":"Vault","floor":28,"key":"SMITH"},{"data":"ClearTheMind","floor":32,"key":"SMITH"},{"data":"Establishment","floor":40,"key":"SMITH"},{"data":"Scrawl","floor":44,"key":"SMITH"},{"data":"Crescendo","floor":46,"key":"SMITH"},{"data":"CarveReality","floor":49,"key":"SMITH"},{"data":"Replay:Hum","floor":57,"key":"SMITH"}],"circlet_count":0,"master_deck":["Strike_P","Strike_P","Strike_P","Strike_P","Defend_P","Defend_P","Defend_P","Defend_P","Eruption+1","Vigilance","Crescendo+1","EmptyBody","infinitespire:Menacing+1","Wish+1","WheelKick","CarveReality+1","Vault+1","ClearTheMind+1","ClearTheMind+1","SandsOfTime","FlyingSleeves+1","ReachHeaven","Establishment+1","Replay:Hum+1","infinitespire:Starlight","Scrawl+1","FlyingSleeves+1","hubris:Lust"],"relics":["PureWater","NeowsBlessing","halation:IllGainedPizza","hubris:SphereOfDissonance","hubris:PeanutButter","Bottled Flame","conspire:TreasureMap","Mango","Darkstone Periapt","hubris:CuriousFeather","halation:TwoAmDonut","MealTicket","conspire:SlowCooker","aspiration:SecretTechniqueScroll","Bird Faced Urn","Ginger","aspiration:HatOfInfinitePower","ClockworkSouvenir","Busted Crown","infinitespire:PuzzleCube","Onion Ring","conspire:TopHat","halation:Thesaurus","ReplayTheSpireMod:SealedPack","conspire:GlowingRock"],"acts_visited":["Exordium","TheCity","TheBeyond","Exordium"],"potions_floor_usage":[13,25,27,50],"damage_taken":[{"damage":0.0,"enemies":"Cultist","floor":1.0,"turns":1.0},{"damage":0.0,"enemies":"2 Louse","floor":2.0,"turns":2.0},{"damage":0.0,"enemies":"Gremlin Nob","floor":6.0,"turns":1.0},{"damage":0,"enemies":"Jaw Worm","floor":11,"turns":1},{"damage":0,"enemies":"Lagavulin","floor":13,"turns":5},{"damage":0,"enemies":"Blue Slaver","floor":14,"turns":1},{"damage":38,"enemies":"Hexaghost","floor":16,"turns":7},{"damage":0,"enemies":"conspire:FuzzyDice","floor":18,"turns":4},{"damage":0,"enemies":"Shell Parasite","floor":20,"turns":1},{"damage":0,"enemies":"Snecko","floor":22,"turns":4},{"damage":1,"enemies":"Nightmare","floor":23,"turns":5},{"damage":0,"enemies":"Slavers","floor":25,"turns":6},{"damage":0,"enemies":"Shelled Parasite and Fungi","floor":27,"turns":2},{"damage":0,"enemies":"Cultist and Chosen","floor":30,"turns":4},{"damage":0,"enemies":"conspire:SneckoGhost","floor":31,"turns":7},{"damage":0,"enemies":"Collector","floor":33,"turns":4},{"damage":0,"enemies":"Orb Walker","floor":35,"turns":2},{"damage":7,"enemies":"3 Darklings","floor":37,"turns":4},{"damage":5,"enemies":"Sphere and 2 Shapes","floor":38,"turns":6},{"damage":0,"enemies":"Giant Head","floor":41,"turns":6},{"damage":0,"enemies":"Transient","floor":45,"turns":5},{"damage":2,"enemies":"Spire Growth","floor":47,"turns":3},{"damage":69,"enemies":"Awakened One","floor":50,"turns":6},{"damage":0,"enemies":"Small Slimes","floor":52,"turns":2},{"damage":0,"enemies":"conspire:MimicChest","floor":53,"turns":2},{"damage":0,"enemies":"Lagavulin","floor":58,"turns":1}],"seed_played":"-6195911127228843740","potions_obtained":[{"floor":1.0,"key":"Adrenaline Potion"},{"floor":2.0,"key":"Explosive Potion"},{"floor":7.0,"key":"EssenceOfSteel"},{"floor":16,"key":"Weak Potion"},{"floor":20,"key":"SteroidPotion"},{"floor":22,"key":"Flashbang"},{"floor":31,"key":"StancePotion"},{"floor":33,"key":"LiquidBronze"},{"floor":50,"key":"BlessingOfTheForge"}],"is_trial":false,"path_per_floor":["M","M","?","?","$","E","?","?","T","R","M","R","E","M","R","B",null,"M","$","M","?","M","NM","R","E","T","M","R","?","M","E","R","B",null,"M","?","M","M","AVR","R","E","?","T","R","M","R","M","$","R","B",null,"M","?","$","?","AVR","R","E"],"character_chosen":"WATCHER","items_purchased":["conspire:TreasureMap","Mango","ClockworkSouvenir","Onion Ring","conspire:TopHat"],"campfire_rested":0,"item_purchase_floors":[19,19,48,54,54],"current_hp_per_floor":[72,72,72,54,54,54,54,54,54,54,54,54,54,54,72,34,72,72,86,86,86,86,85,85,85,85,85,85,85,85,85,85,85,86,86,86,79,74,74,74,86,86,86,86,86,86,86,86,86,27,86,86,86,86,86,92,92,92,92],"gold":222,"neow_bonus":"THREE_ENEMY_KILL","is_daily":false,"chose_seed":false,"campfire_upgraded":10,"win_rate":0.0,"timestamp":1607968178,"path_taken":["M","?","?","?","$","E","?","?","T","R","M","R","E","M","R","BOSS","M","$","?","?","M","NM","R","E","T","M","R","?","M","E","R","BOSS","M","?","M","M","AVR","R","E","?","T","R","M","R","M","$","R","BOSS","M","?","$","?","AVR","R","E"],"items_purchased_type":["Relic","Relic","Relic","Relic","Relic"],"build_version":"2020-12-13","purchased_purges":0,"victory":false,"max_hp_per_floor":[72,72,72,72,72,72,72,72,72,72,72,72,72,72,72,72,72,72,86,86,86,86,86,86,86,86,86,86,86,86,86,86,86,86,86,86,86,86,86,86,86,86,86,86,86,86,86,86,86,86,86,86,86,86,86,92,92,92,92],"card_choices":[{"not_picked":["SashWhip","Evaluate"],"picked":"Crescendo","floor":1.0},{"not_picked":["Crescendo","JustLucky"],"picked":"EmptyBody","floor":2.0},{"not_picked":["infinitespire:TheBestDefense","infinitespire:UltimateForm"],"picked":"infinitespire:Menacing","floor":4.0},{"not_picked":["EmptyBody","Swivel","Pray"],"picked":"SKIP","floor":6.0},{"not_picked":["CrushJoints","WindmillStrike"],"picked":"Wish","floor":7.0},{"not_picked":["EmptyBody","MentalFortress"],"picked":"WheelKick","floor":11},{"not_picked":["CutThroughFate","WheelKick"],"picked":"CarveReality","floor":13},{"not_picked":["TalkToTheHand","WindmillStrike"],"picked":"Replay:Battleflow","floor":14},{"not_picked":["Alpha","Blasphemy"],"picked":"Vault","floor":16},{"not_picked":["Replay:BluntJabs","Weave"],"picked":"ClearTheMind","floor":18},{"not_picked":["Fasting2","CrushJoints"],"picked":"ClearTheMind","floor":20},{"not_picked":["SashWhip","CutThroughFate","Evaluate"],"picked":"SKIP","floor":22},{"not_picked":["Omniscience","Tantrum"],"picked":"SandsOfTime","floor":23},{"not_picked":["BattleHymn","EmptyBody"],"picked":"FlyingSleeves+1","floor":25},{"not_picked":["Fasting2","Replay:Vibes"],"picked":"ReachHeaven","floor":27},{"not_picked":["Perseverance","Meditate+1","Replay:DivineShield"],"picked":"SKIP","floor":30},{"not_picked":["BattleHymn","Swivel","EmptyFist+1"],"picked":"SKIP","floor":31},{"not_picked":["ConjureBlade","Omniscience"],"picked":"Establishment","floor":33},{"not_picked":["Study+1","JustLucky"],"picked":"Replay:Hum","floor":35},{"not_picked":["Sanctity","Prostrate","SashWhip+1"],"picked":"SKIP","floor":37},{"not_picked":["FlyingSleeves+1","JustLucky","Fasting2"],"picked":"SKIP","floor":38},{"not_picked":["FlurryOfBlows","JustLucky"],"picked":"Scrawl","floor":41},{"not_picked":["WindmillStrike","Sanctity+1"],"picked":"FlyingSleeves+1","floor":45},{"not_picked":["Nirvana+1","Perseverance","Prostrate+1"],"picked":"SKIP","floor":47},{"not_picked":["Protect"],"picked":"SKIP","floor":52},{"not_picked":["BowlingBash"],"picked":"SKIP","floor":58}],"player_experience":369791,"relics_obtained":[{"floor":6.0,"key":"halation:IllGainedPizza"},{"floor":7.0,"key":"hubris:SphereOfDissonance"},{"floor":9,"key":"hubris:PeanutButter"},{"floor":13,"key":"Bottled Flame"},{"floor":23,"key":"Darkstone Periapt"},{"floor":25,"key":"hubris:CuriousFeather"},{"floor":26,"key":"halation:TwoAmDonut"},{"floor":31,"key":"MealTicket"},{"floor":41,"key":"Ginger"},{"floor":43,"key":"aspiration:HatOfInfinitePower"},{"floor":53,"key":"infinitespire:PuzzleCube"},{"floor":58,"key":"conspire:GlowingRock"}],"event_choices":[{"damage_healed":0.0,"max_hp_gain":0.0,"max_hp_loss":0.0,"gold_gain":0.0,"event_name":"conspire:Investor","player_choice":"Leave","floor":3.0,"gold_loss":0.0,"damage_taken":0.0},{"damage_healed":0.0,"max_hp_gain":0.0,"max_hp_loss":0.0,"gold_gain":0.0,"event_name":"Accursed Blacksmith","player_choice":"Ignored","floor":8.0,"gold_loss":0.0,"damage_taken":0.0},{"damage_healed":0,"gold_gain":99,"player_choice":"Stole From Cult","damage_taken":0,"max_hp_gain":0,"max_hp_loss":0,"event_name":"Nest","floor":29,"gold_loss":0},{"cards_removed":["Replay:Battleflow"],"damage_healed":0,"gold_gain":0,"player_choice":"Purged","damage_taken":0,"max_hp_gain":0,"max_hp_loss":0,"event_name":"Purifier","floor":42,"gold_loss":0},{"damage_healed":0,"gold_gain":100,"player_choice":"Gold","damage_taken":0,"max_hp_gain":0,"max_hp_loss":0,"event_name":"Wheel of Change","floor":55,"gold_loss":0}],"is_beta":false,"boss_relics":[{"not_picked":["aspiration:DefectSkillbook","aspiration:RitualDagger"],"picked":"ReplayTheSpireMod:Onyx Gauntlets"},{"not_picked":["Snecko Eye","hubris:HollowSoul"],"picked":"conspire:SlowCooker"},{"not_picked":["Pandora\u0027s Box","Honey Jar"],"picked":"Busted Crown"}],"items_purged_floors":[],"is_endless":true,"potions_floor_spawned":[1,2,16,20,22,31,33,37,38,47,50,58],"killed_by":"Lagavulin","ascension_level":2}}