{"host":"1z4hbl9vfqrhg136","time":1607909214,"event":{"mods":["BaseMod","Minty Spire (QoL Compilation)"],"gold_per_floor":[116,116,135,151,151,151,178,178,257,289,4,4,22,37,37,37,37],"floor_reached":16,"playtime":913,"items_purged":[],"score":220,"play_id":"3bd3c630-81a1-4d09-bed4-cf044f7752ba","local_time":"20201214012654","is_ascension_mode":true,"campfire_choices":[{"data":"Neutralize","floor":6.0,"key":"SMITH"},{"floor":8,"key":"REST"},{"floor":15,"key":"REST"}],"circlet_count":0,"master_deck":["AscendersBane","Strike_G","Strike_G+1","Strike_G","Strike_G","Strike_G","Defend_G","Defend_G","Defend_G","Defend_G","Defend_G","Survivor+1","Neutralize+1","Cloak And Dagger","Choke","Dagger Throw","Dagger Throw","Reflex","Blur","Neutralize","Deadly Poison","Dagger Spray"],"relics":["Ring of the Snake","Art of War","Paper Crane","Gremlin Horn","Toy Ornithopter"],"acts_visited":["Exordium"],"potions_floor_usage":[7,7,10,13],"damage_taken":[{"damage":0.0,"enemies":"2 Louse","floor":1.0,"turns":3.0},{"damage":6.0,"enemies":"Jaw Worm","floor":3.0,"turns":4.0},{"damage":6.0,"enemies":"Small Slimes","floor":4.0,"turns":3.0},{"damage":26,"enemies":"3 Sentries","floor":7,"turns":11},{"damage":44,"enemies":"Lagavulin","floor":10,"turns":8},{"damage":4,"enemies":"Red Slaver","floor":13,"turns":4},{"damage":2,"enemies":"Exordium Wildlife","floor":14,"turns":6},{"damage":37,"enemies":"Slime Boss","floor":16,"turns":5}],"seed_played":"-7975368213252559343","potions_obtained":[{"floor":3.0,"key":"GamblersBrew"},{"floor":4.0,"key":"Block Potion"},{"floor":7,"key":"Explosive Potion"}],"is_trial":false,"path_per_floor":["M","?","M","M","?","R","E","R","T","E","$","?","M","M","R","B"],"character_chosen":"THE_SILENT","items_purchased":["Toy Ornithopter","EssenceOfSteel","Reflex"],"campfire_rested":2,"item_purchase_floors":[11,11,11],"current_hp_per_floor":[65,43,37,31,55,55,29,50,50,6,6,6,7,5,26,0,0],"gold":37,"neow_bonus":"TEN_PERCENT_HP_BONUS","is_daily":false,"chose_seed":false,"campfire_upgraded":1,"win_rate":0.0,"timestamp":1607909214,"path_taken":["M","?","M","M","?","R","E","R","T","E","$","?","M","?","R","BOSS"],"items_purchased_type":["Relic","Potion","Card"],"build_version":"2020-12-13","purchased_purges":0,"victory":false,"max_hp_per_floor":[72,72,72,72,72,72,72,72,72,72,72,72,72,72,72,72,72],"card_choices":[{"not_picked":["Backflip","Deadly Poison"],"picked":"Cloak And Dagger","floor":1.0},{"not_picked":["Prepared","Flechettes","Tactician"],"picked":"SKIP","floor":3.0},{"not_picked":["Reflex","Acrobatics"],"picked":"Choke","floor":4.0},{"not_picked":["Infinite Blades","Dodge and Roll"],"picked":"Dagger Throw","floor":7},{"not_picked":["Backflip","Acrobatics"],"picked":"Dagger Throw","floor":10},{"not_picked":["Accuracy","Reflex"],"picked":"Deadly Poison","floor":13},{"not_picked":["Cloak And Dagger","Slice"],"picked":"Dagger Spray","floor":14}],"player_experience":1822664,"relics_obtained":[{"floor":7,"key":"Art of War"},{"floor":9,"key":"Paper Crane"},{"floor":10,"key":"Gremlin Horn"}],"event_choices":[{"damage_healed":0.0,"max_hp_gain":0.0,"max_hp_loss":0.0,"gold_gain":0.0,"event_name":"Shining Light","player_choice":"Entered Light","floor":2.0,"gold_loss":0.0,"damage_taken":22.0,"cards_upgraded":["Survivor","Strike_G"]},{"damage_healed":24.0,"max_hp_gain":0.0,"max_hp_loss":0.0,"gold_gain":0.0,"event_name":"Big Fish","player_choice":"Banana","floor":5.0,"gold_loss":0.0,"damage_taken":0.0},{"damage_healed":0,"gold_gain":0,"player_choice":"2 cards matched","damage_taken":0,"max_hp_gain":0,"max_hp_loss":0,"event_name":"Match and Keep!","floor":12,"gold_loss":0,"cards_obtained":["Blur","Neutralize"]}],"is_beta":false,"boss_relics":[],"items_purged_floors":[],"is_endless":false,"potions_floor_spawned":[3,4,7],"killed_by":"Slime Boss","ascension_level":20}}