{"host":"Justin","time":1607975155,"event":{"mods":["BaseMod","BetterRewards","Colored Map","Colored Powertips","DeckTracker","Duelist Mod","Hermit","Highlight Path","Hubris","Infinite Spire","Minty Spire (QoL Compilation)","Replay The Spire","Shop Mod","StSLib","The Animator","The Forsaken","The Jungle","The Necromancer"],"gold_per_floor":[112,123,135,24,37,62,62,87,87,87,87,36,36,74,74,194,194,207,207,256,256,256,256,256,256,256,17,38,78,93,136,136,267,267,291,316,679,697,710,748,132,132,132,146,182,201,201,221,221,342,342,347,347,351,351,366,385,375,377,377,377,147,147,166,172,172,280,280,267,267,267,245,245,245,245,158,158,167,175,162,162,148,148,229,229,223,224,652,752,723,711,432,422,422,389,389,349,349],"floor_reached":97,"playtime":8555,"items_purged":["animator:Curse_Nutcracker","Strike_G","Strike_G","Poison Darts","Strike_G","Poison Darts","Hidden Blade","Blade Dance"],"score":1962,"play_id":"e1ab220a-4a15-4ac7-8e19-38817d150ac5","local_time":"20201214204555","is_ascension_mode":false,"campfire_choices":[{"floor":10,"key":"REST"},{"data":"hubris:InfiniteBlow+1","floor":15,"key":"SMITH"},{"data":"hubris:InfiniteBlow+2","floor":23,"key":"SMITH"},{"data":"hubris:InfiniteBlow+3","floor":25,"key":"SMITH"},{"data":"hubris:InfiniteBlow+4","floor":32,"key":"SMITH"},{"data":"hubris:InfiniteBlow+5","floor":42,"key":"SMITH"},{"floor":49,"key":"RECALL"},{"data":"hubris:InfiniteBlow+6","floor":63,"key":"SMITH"},{"data":"hubris:InfiniteBlow+7","floor":66,"key":"SMITH"},{"data":"hubris:InfiniteBlow+8","floor":74,"key":"SMITH"},{"data":"hubris:InfiniteBlow+9","floor":81,"key":"SMITH"},{"data":"hubris:InfiniteBlow+10","floor":83,"key":"SMITH"},{"floor":96,"key":"REST"}],"circlet_count":0,"master_deck":["Defend_G","Defend_G","Defend_G","Survivor","Noxious Fumes+1","Hidden Blade","Terror","Backstab","Backflip","Caltrops","Caltrops","Dodge and Roll","Sucker Punch","Blade Dance","Dodge and Roll","hubris:InfiniteBlow+11","Deadly Poison","Sucker Punch","Poisoned Stab","Replay:Poison Smokescreen","infinitespire:SevenWalls","Sucker Punch","Quick Slash+1","Blade Dance","Venomology","Dodge and Roll+1","Envenom","Escape Plan","Well Laid Plans","Infinite Blades+1","Infinite Blades","Envenom","A Thousand Cuts","Prepared+1","ReplayTheSpireMod:Scrap Shanks+1","Dagger Spray","Night Terror","Replay:Poison Smokescreen","Dagger Spray","Dagger Spray","Infinite Blades","Night Terror+1","infinitespire:UltimateForm","Footwork","After Image+1"],"relics":["Ring of the Snake","Pen Nib","infinitespire:MutagenicDexterity","hubris:SphereOfDissonance","Golden Idol","hubris:TinFlute","theJungle:BirthdayCakeSlice","Snack Pack","infinitespire:WardingShard","hubris:AstralHammer","Byrd Skull","infinitespire:Joker Card","Mummified Hand","MerchantsRug","Bag of Preparation","Gambling Chip","theJungle:SpiritDisease","Spirit Poop","hubris:SlimyHat","Frozen Eye","Replay:Baseball","infinitespire:BottledMercury"],"acts_visited":["Exordium","Exordium","TheBeyond","Exordium","Exordium","TheBeyond"],"potions_floor_usage":[5,14,16,30,31,33,33,36,37,38,39,39,40,50,50,50,50,50,69,82,82,84,84,84,84,90,90,93,93,93,95,95,97],"damage_taken":[{"damage":0,"enemies":"infinitespire:Voidling","floor":1,"turns":5},{"damage":0,"enemies":"2 Louse","floor":2,"turns":2},{"damage":0,"enemies":"Jaw Worm","floor":3,"turns":4},{"damage":0,"enemies":"Exordium Wildlife","floor":5,"turns":4},{"damage":7,"enemies":"3 Sentries","floor":6,"turns":7},{"damage":0,"enemies":"Red Slaver","floor":8,"turns":1},{"damage":0,"enemies":"Gremlin Nob","floor":14,"turns":2},{"damage":33,"enemies":"Slime Boss","floor":16,"turns":7},{"damage":3,"enemies":"Shell Parasite","floor":18,"turns":5},{"damage":15,"enemies":"theJungle:Flameango_and_Byrd","floor":28,"turns":5},{"damage":27,"enemies":"Nightmare","floor":29,"turns":7},{"damage":11,"enemies":"theJungle:2_Snecko_Cultists","floor":30,"turns":3},{"damage":2,"enemies":"theJungle:2_Phrogs","floor":31,"turns":5},{"damage":55,"enemies":"theJungle:TotemBoss","floor":33,"turns":8},{"damage":0,"enemies":"Orb Walker","floor":35,"turns":4},{"damage":36,"enemies":"3 Darklings","floor":36,"turns":6},{"damage":29,"enemies":"Mind Bloom Boss Battle","floor":37,"turns":5},{"damage":9,"enemies":"Transient","floor":38,"turns":5},{"damage":35,"enemies":"Sphere and 2 Shapes","floor":39,"turns":7},{"damage":35,"enemies":"Reptomancer","floor":40,"turns":8},{"damage":1,"enemies":"4 Shapes","floor":44,"turns":6},{"damage":19,"enemies":"Giant Head","floor":45,"turns":6},{"damage":16,"enemies":"3 Darklings","floor":46,"turns":5},{"damage":38,"enemies":"Jaw Worm Horde","floor":48,"turns":3},{"damage":114,"enemies":"Awakened One","floor":50,"turns":7},{"damage":0,"enemies":"Small Slimes","floor":52,"turns":3},{"damage":0,"enemies":"Jaw Worm","floor":54,"turns":2},{"damage":0,"enemies":"Cultist","floor":56,"turns":1},{"damage":0,"enemies":"Gremlin Nob","floor":57,"turns":2},{"damage":3,"enemies":"Exordium Wildlife","floor":58,"turns":3},{"damage":0,"enemies":"3 Louse","floor":59,"turns":2},{"damage":0,"enemies":"Large Slime","floor":61,"turns":2},{"damage":0,"enemies":"3 Sentries","floor":64,"turns":3},{"damage":0,"enemies":"Blue Slaver","floor":65,"turns":2},{"damage":0,"enemies":"Hexaghost","floor":67,"turns":2},{"damage":0,"enemies":"theJungle:MUSHROOMGANG","floor":69,"turns":5},{"damage":0,"enemies":"theJungle:5_Spyders","floor":72,"turns":3},{"damage":6,"enemies":"theJungle:2_Phrogs","floor":78,"turns":3},{"damage":0,"enemies":"theJungle:Lyon","floor":79,"turns":1},{"damage":63,"enemies":"theJungle:2_Flameangoes","floor":80,"turns":5},{"damage":0,"enemies":"theJungle:MamaSnecko","floor":82,"turns":4},{"damage":1,"enemies":"theJungle:TotemBoss","floor":84,"turns":4},{"damage":22,"enemies":"Orb Walker","floor":86,"turns":3},{"damage":0,"enemies":"3 Shapes","floor":87,"turns":2},{"damage":0,"enemies":"Transient","floor":90,"turns":5},{"damage":0,"enemies":"R_Hoarder","floor":91,"turns":5},{"damage":154,"enemies":"Nightmare","floor":93,"turns":7},{"damage":8,"enemies":"Nemesis","floor":95,"turns":4}],"seed_played":"5234691600542294449","potions_obtained":[{"floor":1,"key":"Flashbang"},{"floor":8,"key":"CunningPotion"},{"floor":14,"key":"CunningPotion"},{"floor":20,"key":"LifebloodPotion"},{"floor":20,"key":"Swift Potion"},{"floor":20,"key":"BlessingOfTheForge"},{"floor":31,"key":"Energy Potion"},{"floor":33,"key":"Explosive Potion"},{"floor":38,"key":"LiquidBronze"},{"floor":39,"key":"Regen Potion"},{"floor":48,"key":"Reflective Coating"},{"floor":50,"key":"DistilledChaos"},{"floor":56,"key":"PowerPotion"},{"floor":58,"key":"Block Potion"},{"floor":69,"key":"Explosive Potion"},{"floor":90,"key":"Death Potion"}],"is_trial":false,"path_per_floor":["M","M","M","$","M","E","?","M","T","R","?","$","?","E","R","B",null,"M","T","?","?","?","R","AVR","R","T","$","M","NM","M","E","R","B",null,"M","M","?","M","M","E","$","R","T","M","E","M","$","M","R","B",null,"M","AVR","M","?","M","E","M","M","T","M","$","R","E","M","R","B",null,"M","?","AVR","M","?","R","?","$","T","E","M","M","R","E","R","B",null,"M","M","$","?","M","E","$","NM","T","E","R","M"],"character_chosen":"THE_SILENT","items_purchased":["Noxious Fumes","Guide Book","Hidden Blade","Caltrops","Dodge and Roll","Deadly Poison","Snack Pack","Envenom","Lee\u0027s Waffle","infinitespire:Joker Card","MerchantsRug","Infinite Blades","Golden Egg","hubris:SlimyHat","Frozen Eye"],"campfire_rested":2,"item_purchase_floors":[0,0,0,4,4,12,27,41,41,41,62,62,62,92,92],"current_hp_per_floor":[38,38,38,38,40,34,34,34,34,53,37,37,37,37,37,4,65,62,62,39,39,44,44,44,44,44,44,39,39,39,48,48,26,88,91,64,51,57,39,43,116,116,116,118,107,115,115,92,92,23,131,131,131,134,137,137,137,137,140,140,143,146,146,146,146,146,149,149,152,152,152,152,152,152,152,152,152,152,152,95,95,105,105,155,155,135,155,155,155,155,155,155,11,11,7,53,0,0],"gold":349,"neow_bonus":"","is_daily":false,"chose_seed":false,"campfire_upgraded":10,"win_rate":0.0,"timestamp":1607975155,"path_taken":["M","?","M","$","M","E","?","M","T","R","?","?","?","E","R","BOSS","M","?","?","?","?","R","AVR","R","T","?","M","NM","M","E","R","BOSS","M","M","?","M","M","E","$","R","T","M","E","M","$","M","R","BOSS","M","AVR","M","?","M","E","M","?","T","M","$","R","E","M","R","BOSS","M","?","AVR","M","?","R","?","$","T","E","M","M","R","E","R","BOSS","M","M","$","?","?","E","?","NM","T","E","R","M"],"items_purchased_type":["Card","Relic","Card","Card","Card","Card","Relic","Card","Relic","Relic","Relic","Card","Relic","Relic","Relic"],"build_version":"2020-11-17","purchased_purges":8,"victory":false,"max_hp_per_floor":[70,70,70,70,70,70,65,65,65,65,65,65,65,65,65,65,65,65,65,68,68,73,73,73,73,73,73,76,79,82,85,85,88,88,91,94,97,100,103,106,116,116,116,119,122,125,125,128,128,131,131,131,131,134,137,137,137,137,140,140,143,146,146,146,146,146,149,149,152,152,152,152,152,152,152,152,152,152,152,152,152,152,152,155,155,155,155,155,155,155,155,155,155,155,155,155,155,155],"card_choices":[{"not_picked":["Eviscerate","Underhanded Strike"],"picked":"Terror","floor":1},{"not_picked":["Prepared","Terror"],"picked":"Backstab","floor":2},{"not_picked":["Heel Hook","Predator"],"picked":"Backflip","floor":3},{"not_picked":["Deflect","Endless Agony"],"picked":"Sucker Punch","floor":5},{"not_picked":["Outmaneuver","Blur"],"picked":"Blade Dance","floor":6},{"not_picked":["Backflip","Flying Knee"],"picked":"Dodge and Roll","floor":8},{"not_picked":["infinitespire:Fortify","infinitespire:Menacing"],"picked":"hubris:InfiniteBlow","floor":11},{"not_picked":["hubris:SlightOfHand","Underhanded Strike"],"picked":"Sucker Punch","floor":14},{"not_picked":["Phantasmal Killer","Tools of the Trade"],"picked":"Poison Darts","floor":16},{"not_picked":["All Out Attack","Outmaneuver+1"],"picked":"Slice","floor":18},{"not_picked":["Flying Knee","Blade Dance"],"picked":"Poisoned Stab","floor":20},{"not_picked":["Hidden Blade+1","ReplayTheSpireMod:Necrosis"],"picked":"Replay:Poison Smokescreen","floor":28},{"not_picked":["infinitespire:FutureSight","infinitespire:Menacing"],"picked":"infinitespire:SevenWalls","floor":29},{"not_picked":["Dagger Spray","PiercingWail"],"picked":"Sucker Punch","floor":29},{"not_picked":["Flying Knee","Tactician"],"picked":"Quick Slash+1","floor":30},{"not_picked":["Toxin Wave+1","Die Die Die"],"picked":"Blade Dance","floor":31},{"not_picked":["Poison Darts","Unload"],"picked":"Venomology","floor":33},{"not_picked":["Hidden Blade","Outmaneuver"],"picked":"Dodge and Roll+1","floor":35},{"not_picked":["PiercingWail","Toxin Wave+1"],"picked":"Envenom","floor":36},{"not_picked":["Outmaneuver+1","Finisher"],"picked":"Escape Plan","floor":37},{"not_picked":["Underhanded Strike+1","Sucker Punch+1"],"picked":"Well Laid Plans","floor":38},{"not_picked":["Sucker Punch+1","Caltrops"],"picked":"Infinite Blades+1","floor":39},{"not_picked":["Underhanded Strike","Backflip"],"picked":"Infinite Blades","floor":40},{"not_picked":["Sucker Punch+1","Deadly Poison"],"picked":"A Thousand Cuts","floor":44},{"not_picked":["Sucker Punch","Endless Agony+1"],"picked":"Prepared+1","floor":45},{"not_picked":["PiercingWail","hubris:Sniper+1"],"picked":"ReplayTheSpireMod:Scrap Shanks+1","floor":46},{"not_picked":["Prepared","Sucker Punch"],"picked":"Dagger Spray","floor":48},{"not_picked":["Unload","Doppelganger"],"picked":"Night Terror","floor":50},{"not_picked":["Quick Slash","Dodge and Roll","Sneak Up"],"picked":"SKIP","floor":52},{"not_picked":["Endless Agony","hubris:Counter"],"picked":"Replay:Poison Smokescreen","floor":54},{"not_picked":["Outmaneuver","Underhanded Strike","Riddle With Holes"],"picked":"SKIP","floor":56},{"not_picked":["Predator","Eviscerate","Quick Slash"],"picked":"SKIP","floor":57},{"not_picked":["Heel Hook","Backflip","Deadly Poison"],"picked":"SKIP","floor":58},{"not_picked":["Acrobatics","Quick Slash"],"picked":"Dagger Spray","floor":59},{"not_picked":["hubris:SlightOfHand","Skewer"],"picked":"Blade Dance","floor":61},{"not_picked":["hubris:SlightOfHand","Quick Slash","Flechettes"],"picked":"SKIP","floor":64},{"not_picked":["hubris:SlightOfHand","Quick Slash","Flechettes"],"picked":"SKIP","floor":64},{"not_picked":["ReplayTheSpireMod:Scrap Shanks","Dagger Throw","Deflect"],"picked":"SKIP","floor":65},{"not_picked":["Doppelganger","Malaise"],"picked":"Night Terror","floor":67},{"not_picked":["infinitespire:NeuralNetwork","Replay:Fractal Strike"],"picked":"infinitespire:UltimateForm","floor":67},{"not_picked":["hubris:Counter","Draining Mist"],"picked":"Footwork","floor":69},{"not_picked":["ReplayTheSpireMod:Exploit Weakness","Poisoned Stab","Backflip"],"picked":"SKIP","floor":72},{"not_picked":["Malaise","Backflip","Underhanded Strike"],"picked":"SKIP","floor":78},{"not_picked":["Underhanded Strike","Infinite Blades","Dagger Throw+1"],"picked":"SKIP","floor":79},{"not_picked":["Hidden Blade+1","Dash","ReplayTheSpireMod:The Works+1"],"picked":"SKIP","floor":80},{"not_picked":["Sucker Punch","Dash","Fluid Movement"],"picked":"SKIP","floor":82},{"not_picked":["ReplayTheSpireMod:Necrosis","Atom Bomb"],"picked":"After Image","floor":84},{"not_picked":["Leg Sweep+1","ReplayTheSpireMod:Exploit Weakness+1","Replay:Poison Smokescreen"],"picked":"SKIP","floor":86},{"not_picked":["Slice","Deadly Poison","Tools of the Trade"],"picked":"SKIP","floor":87},{"not_picked":["hubris:Sniper+1","Dodge and Roll","Choke"],"picked":"SKIP","floor":90},{"not_picked":["PiercingWail+1","Sneak Up","Quick Slash+1"],"picked":"SKIP","floor":91},{"not_picked":["Bouncing Flask","Riddle With Holes","Underhanded Strike"],"picked":"SKIP","floor":93}],"player_experience":6144,"relics_obtained":[{"floor":6,"key":"hubris:SphereOfDissonance"},{"floor":14,"key":"hubris:TinFlute"},{"floor":19,"key":"Replay:Ringing Soul"},{"floor":26,"key":"Sundial"},{"floor":29,"key":"infinitespire:WardingShard"},{"floor":31,"key":"hubris:AstralHammer"},{"floor":37,"key":"Old Coin"},{"floor":40,"key":"Byrd Skull"},{"floor":43,"key":"Mummified Hand"},{"floor":45,"key":"PreservedInsect"},{"floor":57,"key":"Ginger"},{"floor":60,"key":"Gremlin Horn"},{"floor":64,"key":"Bag of Preparation"},{"floor":77,"key":"Spirit Poop"},{"floor":78,"key":"hubris:CrystalStatue"},{"floor":82,"key":"Anchor"},{"floor":93,"key":"Replay:Baseball"},{"floor":94,"key":"infinitespire:BottledMercury"}],"event_choices":[{"damage_healed":0,"gold_gain":0,"player_choice":"Lose Max HP","damage_taken":0,"relics_obtained":["Golden Idol"],"max_hp_gain":0,"max_hp_loss":5,"event_name":"Golden Idol","floor":7,"gold_loss":0},{"damage_healed":0,"gold_gain":0,"player_choice":"Forge","damage_taken":0,"max_hp_gain":0,"max_hp_loss":0,"event_name":"Accursed Blacksmith","floor":13,"gold_loss":0,"cards_upgraded":["hubris:InfiniteBlow"]},{"damage_healed":0,"gold_gain":0,"player_choice":"Fight","damage_taken":0,"max_hp_gain":0,"max_hp_loss":0,"event_name":"MindBloom","floor":37,"gold_loss":0},{"damage_healed":0,"gold_gain":0,"player_choice":"2 cards matched","damage_taken":0,"max_hp_gain":0,"max_hp_loss":0,"event_name":"Match and Keep!","floor":55,"gold_loss":0,"cards_obtained":["Poison Darts","Dagger Spray"]},{"damage_healed":0,"gold_gain":100,"player_choice":"Pray","damage_taken":0,"max_hp_gain":0,"max_hp_loss":0,"event_name":"Golden Shrine","floor":89,"gold_loss":0}],"is_beta":true,"boss_relics":[{"not_picked":["HoveringKite","theForsaken:PaleLantern"],"picked":"SlaversCollar"},{"not_picked":["hubris:BlackHole","Busted Crown"],"picked":"Empty Cage"},{"not_picked":["infinitespire:Cupcake","hubris:GrandSneckoEye"],"picked":"Ring of Chaos"},{"not_picked":["ReplayTheSpireMod:DimensionalGlitch","hubris:BlackHole","Replay:Fungal Core"]},{"not_picked":["Calling Bell","HoveringKite"],"picked":"Runic Pyramid"}],"items_purged_floors":[0,24,53,62,71,76,88,92],"is_endless":true,"potions_floor_spawned":[1,8,14,31,33,38,39,48,50,56,58,59,64,69,79,86,90,95],"killed_by":"Sphere and 2 Shapes","ascension_level":0}}