{"host":"y1gy3vaohdji07z5","time":1607982961,"event":{"mods":["BaseMod","Colored Map","Colored Powertips","Hermit","Minty Spire (QoL Compilation)","Random Character Button","Rare Cards Sparkle","StSLib"],"gold_per_floor":[364,364,378,155,155,190,210,239,262,274,274,124,124,135,135,238,238,249,264,276,276,276],"floor_reached":21,"playtime":1463,"items_purged":["Strike_R","Strike_R"],"score":245,"play_id":"aa854839-1d2a-436c-80ec-e5d479cd62f1","local_time":"20201214225601","is_ascension_mode":true,"campfire_choices":[{"data":"Barricade","floor":11,"key":"SMITH"},{"data":"Shrug It Off","floor":13,"key":"SMITH"},{"data":"Flame Barrier","floor":15,"key":"SMITH"}],"circlet_count":0,"master_deck":["Strike_R","Strike_R+1","Strike_R+1","Defend_R","Defend_R","Defend_R","Defend_R","Spot Weakness","Thunderclap","Iron Wave","Pommel Strike","Barricade+1","Shrug It Off+1","Flame Barrier+1","Feed","Shrug It Off+1"],"relics":["Burning Blood","Lee\u0027s Waffle","Blood Vial","Art of War","Whetstone","SlaversCollar"],"acts_visited":["Exordium","TheCity"],"potions_floor_usage":[8,16,20],"damage_taken":[{"damage":16,"enemies":"Small Slimes","floor":1,"turns":5},{"damage":3,"enemies":"Jaw Worm","floor":3,"turns":4},{"damage":40,"enemies":"3 Sentries","floor":6,"turns":8},{"damage":3,"enemies":"2 Louse","floor":7,"turns":3},{"damage":27,"enemies":"Gremlin Nob","floor":8,"turns":4},{"damage":24,"enemies":"Lots of Slimes","floor":10,"turns":4},{"damage":8,"enemies":"Blue Slaver","floor":14,"turns":3},{"damage":16,"enemies":"The Guardian","floor":16,"turns":16},{"damage":1,"enemies":"3 Byrds","floor":18,"turns":2},{"damage":61,"enemies":"Chosen","floor":19,"turns":11},{"damage":26,"enemies":"Snake Plant","floor":20,"turns":13},{"damage":34,"enemies":"Cultist and Chosen","floor":21,"turns":5}],"seed_played":"-514173379171423118","potions_obtained":[{"floor":1,"key":"LiquidBronze"},{"floor":3,"key":"LiquidBronze"},{"floor":6,"key":"DistilledChaos"},{"floor":14,"key":"SkillPotion"},{"floor":16,"key":"Dexterity Potion"},{"floor":20,"key":"Fruit Juice"}],"is_trial":false,"path_per_floor":["M","?","M","$","?","E","M","E","T","M","R","$","R","M","R","B",null,"M","M","M","M"],"character_chosen":"IRONCLAD","items_purchased":["Lee\u0027s Waffle","Shrug It Off"],"campfire_rested":0,"item_purchase_floors":[4,12],"current_hp_per_floor":[46,39,42,87,87,53,58,39,39,23,23,23,23,23,23,15,87,87,32,22,0,0],"gold":276,"neow_bonus":"TWO_FIFTY_GOLD","is_daily":false,"chose_seed":false,"campfire_upgraded":3,"win_rate":0.0,"timestamp":1607982961,"path_taken":["M","?","M","$","?","E","M","E","T","M","R","?","R","M","R","BOSS","M","M","M","M"],"items_purchased_type":["Relic","Card"],"build_version":"2020-12-13","purchased_purges":2,"victory":false,"max_hp_per_floor":[80,80,80,87,87,87,87,87,87,87,87,87,87,87,87,87,87,87,87,95,95,95],"card_choices":[{"not_picked":["Seeing Red","Havoc"],"picked":"Spot Weakness","floor":1},{"not_picked":["Armaments","Inflame"],"picked":"Thunderclap","floor":3},{"not_picked":["Anger","Sentinel"],"picked":"Iron Wave","floor":6},{"not_picked":["Headbutt","Havoc"],"picked":"Pommel Strike","floor":7},{"not_picked":["Clothesline","Fire Breathing"],"picked":"Barricade","floor":8},{"not_picked":["Heavy Blade","Uppercut","Havoc"],"picked":"SKIP","floor":10},{"not_picked":["Rampage","Reckless Charge"],"picked":"Flame Barrier","floor":14},{"not_picked":["Bludgeon","Double Tap"],"picked":"Feed","floor":16},{"not_picked":["Wild Strike+1","Flex"],"picked":"Shrug It Off+1","floor":18},{"not_picked":["Headbutt","Thunderclap","Sentinel+1"],"picked":"SKIP","floor":19},{"not_picked":["Body Slam","Pummel+1","Twin Strike+1"],"picked":"SKIP","floor":20}],"player_experience":320704,"relics_obtained":[{"floor":6,"key":"Blood Vial"},{"floor":8,"key":"Art of War"},{"floor":9,"key":"Whetstone"}],"event_choices":[{"cards_removed":["Bash"],"damage_healed":0,"gold_gain":0,"player_choice":"Card Removal","damage_taken":7,"max_hp_gain":0,"max_hp_loss":0,"event_name":"Golden Wing","floor":2,"gold_loss":0},{"damage_healed":0,"gold_gain":0,"player_choice":"Ignored","damage_taken":0,"max_hp_gain":0,"max_hp_loss":0,"event_name":"Liars Game","floor":5,"gold_loss":0}],"is_beta":false,"boss_relics":[{"not_picked":["Tiny House","Runic Dome"],"picked":"SlaversCollar"}],"items_purged_floors":[4,12],"is_endless":false,"potions_floor_spawned":[1,3,6,14,16,20],"killed_by":"Cultist and Chosen","ascension_level":3}}