{"host":"p5axfb00mxhraew6","time":1607950286,"event":{"mods":["Abigail Mod","Act Like it!","BaseMod","CapriCore","Friendly Minions","GifTheSpireLib","Jedi Mod","KomeijiMod","MarisaÅiñ∂âJÅ@ñÇóùçπÅj","Minty Spire (QoL Compilation)","Prisma Mod","ReimuÅiîé??öÎÅj","RemiliaÅiÂQïƒ‰ª?Åj","SOSÅiézîb?îVéqÅj","StSLib","Td1madao Mod","The Alterego","The Animator","The Immortal","The Problem Sleuth","TheSwordswoman","TheWitcher","YoumuÅiç∞ÈÆódöÎÅj","Åy?ï˚ìÒéü?çÏÅzî™â]éámod"],"gold_per_floor":[236,88,88,88,105,133,133,166,192,192,225,238,238,263,263,360,360,360,360,61,61,61,61,61,61,61,61,46,46,46,46,46,46,46,46,46,21,21,21,21,21,21,21,21,21,21,21,21,21,21,21,21,21,21,21],"floor_reached":56,"playtime":2398,"items_purged":["AT_purpleEX"],"score":2098,"play_id":"eb76cf9d-e71a-4c4d-953d-8a183b9b754b","local_time":"20201214215126","is_ascension_mode":true,"campfire_choices":[{"data":"D_absorption_purple","floor":7,"key":"SMITH"},{"floor":10,"key":"REST"},{"floor":15,"key":"REST"},{"data":"Mirror_WaveAndshot_purple","floor":24,"key":"SMITH"},{"data":"Umbrella_purple","floor":27,"key":"SMITH"},{"floor":32,"key":"RECALL"},{"data":"Umbrella_purple","floor":46,"key":"SMITH"},{"data":"DarkRealmRedLine_purple","floor":49,"key":"SMITH"},{"data":"ProofOfUnderstanding_purple","floor":52,"key":"SMITH"}],"circlet_count":0,"master_deck":["AscendersBane","AT_purpleEX","AT_purpleEX","AT_purpleEX","Defend_purpleEX","Defend_purpleEX","Defend_purpleEX+1","Defend_purpleEX","Observe_purple_1","Observe_purple_2+1","OpenedBox_purple","WatchEyeChange_purple+1","RuleDissolution_purple+1","D_absorption_purple+1","Mirror_WaveAndshot_purple+1","DarkRealmRedLine_purple+1","RuleDissolution_purple+1","WangLiang_OokamiKakushi_purple","Mirror_FormAndEmptin_purple+1","ProofOfUnderstanding_purple+1","Umbrella_purple+1","OmniscientAndOmnipotent_Monster_purple","OmniscientAndOmnipotent_Monster_purple","Mirror_FourBoundary_purple+1","WangLiang_OokamiKakushi_purple","OmniscientAndOmnipotent_Monster_purple","Umbrella_purple+1","Confused","Line_surface_state_purple+1","Bait_HighSpeedFlying_purple+1","StateErode_purple+1","Charmbait_purple+1","animator:Curse_Nutcracker","Mirror_FourBoundary_purple+1","DimensionStaggered_purple+1","D_absorption_purple+1"],"relics":["Boundary_crack","Memoryfragments_purpleEX","RuthlessExorcism:ReiMu","Kunai","Tiny Chest","Toxic Egg 2","Odd Mushroom","Ectoplasm","Potion Belt","Gambling Chip","theSleuth:SaltedMelon","theSleuth:SaltedMelon","Mango","Strawberry","Letter Opener","jedi:angrymask","Mercury Hourglass","Cursed Key","Smiling Mask","White Beast Statue","Boot","Mastiff:ReiMu"],"acts_visited":["Exordium","TheCity","TheBeyond","TheEnding"],"potions_floor_usage":[8,20,25,35,54,55,55,55],"damage_taken":[{"damage":1,"enemies":"Cultist","floor":1,"turns":5},{"damage":0,"enemies":"Jaw Worm","floor":5,"turns":2},{"damage":24,"enemies":"Lagavulin","floor":6,"turns":5},{"damage":18,"enemies":"3 Sentries","floor":8,"turns":8},{"damage":28,"enemies":"Gremlin Nob","floor":11,"turns":4},{"damage":0,"enemies":"Small Slimes","floor":12,"turns":2},{"damage":13,"enemies":"The Mushroom Lair","floor":14,"turns":5},{"damage":20,"enemies":"Hexaghost","floor":16,"turns":11},{"damage":4,"enemies":"Shell Parasite","floor":18,"turns":4},{"damage":31,"enemies":"Book of Stabbing","floor":23,"turns":4},{"damage":0,"enemies":"Gremlin Leader","floor":25,"turns":3},{"damage":0,"enemies":"2 Thieves","floor":28,"turns":2},{"damage":0,"enemies":"Sentry and Sphere","floor":29,"turns":2},{"damage":6,"enemies":"Book of Stabbing","floor":30,"turns":3},{"damage":0,"enemies":"Champ","floor":33,"turns":4},{"damage":6,"enemies":"3 Darklings","floor":35,"turns":3},{"damage":0,"enemies":"3 Shapes","floor":39,"turns":2},{"damage":5,"enemies":"Nemesis","floor":40,"turns":3},{"damage":0,"enemies":"Sphere and 2 Shapes","floor":41,"turns":2},{"damage":0,"enemies":"Reptomancer","floor":42,"turns":3},{"damage":8,"enemies":"Nemesis","floor":48,"turns":3},{"damage":22,"enemies":"Time Eater","floor":50,"turns":4},{"damage":0,"enemies":"Shield and Spear","floor":54,"turns":5},{"damage":45,"enemies":"The Heart","floor":55,"turns":5}],"seed_played":"733385050222138637","potions_obtained":[{"floor":1,"key":"jedi:mysterypotion"},{"floor":6,"key":"Strength Potion"},{"floor":16,"key":"Fire Potion"},{"floor":23,"key":"Energy Potion"},{"floor":33,"key":"Fire Potion"},{"floor":40,"key":"Regen Potion"},{"floor":42,"key":"Strength Potion"},{"floor":48,"key":"Fire Potion"},{"floor":54,"key":"ZuzhouPotion:ReiMu"}],"is_trial":false,"path_per_floor":["M","$","?","?","M","E","R","E","T","R","E","M","?","?","R","B",null,"M","T","$","?","?","E","R","E","T","R","M","M","E","T","R","B",null,"M","?","$","?","M","E","M","E","T","?","T","R","$","E","R","B",null,"R","$","E","B",null],"character_chosen":"Youkari","items_purchased":["WatchEyeChange_purple","Gambling Chip","Umbrella_purple"],"campfire_rested":2,"item_purchase_floors":[2,20,37],"current_hp_per_floor":[64,64,64,50,52,33,33,20,20,41,15,17,17,14,35,29,60,62,62,62,62,62,50,52,65,65,67,75,80,82,82,84,89,95,97,92,92,92,92,92,92,92,92,92,92,94,94,88,90,69,89,91,91,98,67],"gold":21,"neow_bonus":"HUNDRED_GOLD","is_daily":false,"chose_seed":false,"campfire_upgraded":6,"win_rate":0.0,"timestamp":1607950286,"path_taken":["M","$","?","?","M","E","R","E","T","R","E","?","?","?","R","BOSS","M","?","$","?","?","E","R","E","T","R","?","M","E","?","R","BOSS","M","?","$","?","M","E","M","E","T","?","?","R","$","E","R","BOSS","R","$","E","BOSS"],"items_purchased_type":["Card","Relic","Card"],"build_version":"2020-12-13","purchased_purges":1,"victory":true,"max_hp_per_floor":[70,70,70,70,70,70,70,70,70,70,70,70,70,70,70,70,70,70,70,70,70,70,84,86,93,93,95,95,95,95,95,97,97,97,97,92,92,92,92,92,92,92,92,92,92,94,94,94,96,96,96,98,98,98,98],"card_choices":[{"not_picked":["Boundary_DynamicStaticEquilibrium_purple","PositiveMatter_Antimatter_Universe_purple"],"picked":"OpenedBox_purple","floor":1},{"not_picked":["PositiveMatter_Antimatter_Universe_purple","SharpContractionReality_purple"],"picked":"RuleDissolution_purple","floor":5},{"not_picked":["EighthInstrument_OneDividesIntoTwo_purple","Realm_recovery_purpleEX"],"picked":"D_absorption_purple","floor":6},{"not_picked":["SfantasyHide_purple","StretchesForeverDream_purple"],"picked":"Mirror_WaveAndshot_purple","floor":8},{"not_picked":["Boundary_of_Extermination_purpleEX","Anti_communist_purple+1"],"picked":"DarkRealmRedLine_purple","floor":11},{"not_picked":["SharpContractionReality_purple","Nest_LightFlightworm_purple","WeekHit_purple"],"picked":"SKIP","floor":12},{"not_picked":["MonsterNeedle_purple+1","Mirror_FormAndEmptin_purple+1"],"picked":"RuleDissolution_purple+1","floor":14},{"not_picked":["Know_ledgeAbilityRealm_purple","WangLiang_LineAndCurveDreams_purple"],"picked":"WangLiang_OokamiKakushi_purple","floor":16},{"not_picked":["SfantasyHide_purple+1","FragmentationRealm_purple"],"picked":"Mirror_FormAndEmptin_purple+1","floor":18},{"not_picked":["Boundary_of_Extermination_purpleEX","Realm_recovery_purpleEX+1"],"picked":"ProofOfUnderstanding_purple","floor":23},{"not_picked":["MNeedle_purple","SharpContractionReality_purple"],"picked":"Umbrella_purple","floor":25},{"not_picked":["Boundary_ObjectiveBoundary_purple+1","SfantasyHide_purple+1"],"picked":"OmniscientAndOmnipotent_Monster_purple","floor":28},{"not_picked":["AdvanceAttack_purple","Bait_HighSpeedFlying_purple"],"picked":"OmniscientAndOmnipotent_Monster_purple","floor":29},{"not_picked":["SfantasyHide_purple+1","Charmbait_purple"],"picked":"Mirror_FourBoundary_purple+1","floor":30},{"not_picked":["Know_ledgeAbilityRealm_purple","GluttonyofRealm_purpleEX"],"picked":"WangLiang_OokamiKakushi_purple","floor":33},{"not_picked":["EighthInstrument_OneDividesIntoTwo_purple+1","AdvanceAttack_purple"],"picked":"OmniscientAndOmnipotent_Monster_purple","floor":35},{"not_picked":["StateDuplicate_purple+1","AdvanceAttack_purple"],"picked":"Line_surface_state_purple+1","floor":39},{"not_picked":["SfantasyHide_purple+1","StretchesForeverDream_purple+1"],"picked":"Bait_HighSpeedFlying_purple+1","floor":40},{"not_picked":["RuleDissolution_purple+1","Mirror_FormAndEmptin_purple+1"],"picked":"StateErode_purple+1","floor":41},{"not_picked":["Fantasy_PerpetualMotionMachine_purple+1","Mirror_WaveAndshot_purple+1"],"picked":"Charmbait_purple+1","floor":42},{"not_picked":["Mirror_Drifter_purple","Umbrella_purple"],"picked":"DimensionStaggered_purple+1","floor":48},{"not_picked":["Fancifulhole_purple","PositiveMatter_Antimatter_Universe_purple+1"],"picked":"D_absorption_purple+1","floor":54}],"player_experience":1246954,"relics_obtained":[{"floor":6,"key":"RuthlessExorcism:ReiMu"},{"floor":8,"key":"Kunai"},{"floor":9,"key":"Tiny Chest"},{"floor":11,"key":"Toxic Egg 2"},{"floor":14,"key":"Odd Mushroom"},{"floor":19,"key":"Potion Belt"},{"floor":23,"key":"Mango"},{"floor":25,"key":"Strawberry"},{"floor":26,"key":"Letter Opener"},{"floor":30,"key":"jedi:angrymask"},{"floor":31,"key":"Mercury Hourglass"},{"floor":40,"key":"Smiling Mask"},{"floor":42,"key":"White Beast Statue"},{"floor":48,"key":"Boot"},{"floor":54,"key":"Mastiff:ReiMu"}],"event_choices":[{"damage_healed":0,"gold_gain":0,"player_choice":"Grow","damage_taken":0,"max_hp_gain":0,"max_hp_loss":0,"event_name":"Living Wall","floor":3,"gold_loss":0,"cards_upgraded":["WatchEyeChange_purple"]},{"damage_healed":0,"gold_gain":0,"player_choice":"Entered Light","damage_taken":14,"max_hp_gain":0,"max_hp_loss":0,"event_name":"Shining Light","floor":4,"gold_loss":0,"cards_upgraded":["Observe_purple_2","Defend_purpleEX"]},{"damage_healed":0,"gold_gain":0,"player_choice":"Ignored","damage_taken":0,"max_hp_gain":0,"max_hp_loss":0,"event_name":"Liars Game","floor":13,"gold_loss":0},{"damage_healed":0,"gold_gain":0,"player_choice":"Fought Mushrooms","damage_taken":0,"max_hp_gain":0,"max_hp_loss":0,"event_name":"Mushrooms","floor":14,"gold_loss":0},{"damage_healed":0,"gold_gain":0,"player_choice":"Forge","damage_taken":0,"max_hp_gain":0,"max_hp_loss":0,"event_name":"Accursed Blacksmith","floor":22,"gold_loss":0,"cards_upgraded":["RuleDissolution_purple"]},{"damage_healed":0,"gold_gain":0,"player_choice":"Max HP","damage_taken":0,"max_hp_gain":0,"max_hp_loss":5,"event_name":"Winding Halls","floor":36,"gold_loss":0},{"damage_healed":0,"gold_gain":0,"player_choice":"Copied","damage_taken":0,"max_hp_gain":0,"max_hp_loss":0,"event_name":"Duplicator","floor":44,"gold_loss":0,"cards_obtained":["Mirror_FourBoundary_purple"]}],"is_beta":false,"boss_relics":[{"not_picked":["SlaversCollar","Seventeenyearold_girl_Forever"],"picked":"Ectoplasm"},{"not_picked":["Busted Crown","jedi:paperlyon"],"picked":"Cursed Key"}],"items_purged_floors":[2],"is_endless":false,"potions_floor_spawned":[1,6,16,18,23,33,40,42,48,54],"ascension_level":11}}