{"host":"7gewg82ormp6yt4e","time":1607952926,"event":{"mods":["BaseMod","Block Reminder","Colored Map","Colored Powertips","DeckTracker","Highlight Path","Minty Spire (QoL Compilation)","Relic Stats","StSLib"],"gold_per_floor":[119,137,154,166,241,275,275,14,41,41,52,52,17,49,49,120,120,137,137,147,162,22,22,35,35,114,114,114,114,142,176,176,247,247,263,281,1280,1170,1182,1182,1195,1195,1222,1254,1254,354,576,586,586,586,586],"floor_reached":50,"playtime":2871,"items_purged":["Strike_G","Pain","Normality"],"score":1096,"play_id":"5914eba8-ef8f-47ca-ba82-5653596cefdc","local_time":"20201214223526","is_ascension_mode":true,"campfire_choices":[{"data":"Malaise","floor":7.0,"key":"SMITH"},{"data":"Deadly Poison","floor":10.0,"key":"SMITH"},{"floor":12.0,"key":"REST"},{"data":"Calculated Gamble","floor":15.0,"key":"SMITH"},{"data":"Calculated Gamble","floor":23.0,"key":"SMITH"},{"data":"Noxious Fumes","floor":25.0,"key":"SMITH"},{"floor":29.0,"key":"RECALL"},{"data":"Corpse Explosion","floor":32.0,"key":"SMITH"},{"data":"Bane","floor":40,"key":"SMITH"},{"data":"Backflip","floor":42,"key":"SMITH"},{"data":"Survivor","floor":45,"key":"SMITH"},{"data":"Panache","floor":49,"key":"SMITH"}],"circlet_count":0,"master_deck":["AscendersBane","Strike_G","Strike_G","Strike_G","Strike_G","Defend_G","Defend_G","Defend_G","Defend_G","Defend_G","Survivor+1","Neutralize","Dagger Throw","Deadly Poison+1","Malaise+1","Deadly Poison+1","Dagger Throw","Backflip","Calculated Gamble+1","Calculated Gamble+1","Corpse Explosion+1","Crippling Poison+1","Backflip+1","Bane+1","Noxious Fumes+1","Ghostly+1","Ghostly+1","Ghostly+1","Night Terror+1","Deadly Poison+1","Crippling Poison+1","Acrobatics+1","Prepared+1","Burst+1","Panache+1","Acrobatics+1","Jack Of All Trades+1","Bouncing Flask+1"],"relics":["Ring of the Snake","NeowsBlessing","Snake Skull","TwistedFunnel","Orichalcum","Boot","Coffee Dripper","WarpedTongs","Toxic Egg 2","Red Mask","Toy Ornithopter","HoveringKite","Darkstone Periapt","OrangePellets","Akabeko"],"acts_visited":["Exordium","TheCity","TheBeyond"],"potions_floor_usage":[44,50],"damage_taken":[{"damage":0.0,"enemies":"Cultist","floor":1.0,"turns":1.0},{"damage":0.0,"enemies":"Jaw Worm","floor":2.0,"turns":1.0},{"damage":0.0,"enemies":"2 Louse","floor":3.0,"turns":1.0},{"damage":6.0,"enemies":"Blue Slaver","floor":4.0,"turns":6.0},{"damage":12.0,"enemies":"Gremlin Nob","floor":6.0,"turns":4.0},{"damage":13.0,"enemies":"Gremlin Gang","floor":11.0,"turns":4.0},{"damage":17.0,"enemies":"Lagavulin","floor":14.0,"turns":5.0},{"damage":1.0,"enemies":"The Guardian","floor":16.0,"turns":8.0},{"damage":3.0,"enemies":"Spheric Guardian","floor":18.0,"turns":4.0},{"damage":3.0,"enemies":"3 Byrds","floor":20.0,"turns":2.0},{"damage":1.0,"enemies":"3 Cultists","floor":21.0,"turns":2.0},{"damage":1.0,"enemies":"Snecko","floor":24.0,"turns":5.0},{"damage":0.0,"enemies":"Masked Bandits","floor":30.0,"turns":2.0},{"damage":0.0,"enemies":"Gremlin Leader","floor":31.0,"turns":7.0},{"damage":10,"enemies":"Champ","floor":33,"turns":11},{"damage":4,"enemies":"Orb Walker","floor":35,"turns":5},{"damage":0,"enemies":"3 Darklings","floor":36,"turns":4},{"damage":5,"enemies":"Transient","floor":39,"turns":6},{"damage":1,"enemies":"Jaw Worm Horde","floor":41,"turns":2},{"damage":16,"enemies":"Nemesis","floor":44,"turns":9},{"damage":0,"enemies":"Spire Growth","floor":48,"turns":4},{"damage":20,"enemies":"Awakened One","floor":50,"turns":17}],"seed_played":"5275918190323868004","potions_obtained":[{"floor":2.0,"key":"GhostInAJar"},{"floor":4.0,"key":"FearPotion"},{"floor":11.0,"key":"DistilledChaos"},{"floor":14.0,"key":"BlessingOfTheForge"},{"floor":20.0,"key":"GhostInAJar"},{"floor":21.0,"key":"Strength Potion"},{"floor":24.0,"key":"CunningPotion"},{"floor":35,"key":"Fire Potion"}],"is_trial":false,"path_per_floor":["M","M","M","M","?","E","R","$","T","R","M","R","?","E","R","B",null,"M","?","M","M","$","R","M","R","T","?","?","R","?","E","R","B",null,"M","M","?","?","M","R","M","R","T","E","R","$","?","M","R","B"],"character_chosen":"THE_SILENT","items_purchased":["TwistedFunnel","Backflip","Noxious Fumes","Panache","OrangePellets","Acrobatics+1","Akabeko","CultistPotion","Jack Of All Trades+1"],"campfire_rested":1,"item_purchase_floors":[8,8,22,46,46,46,46,46,46],"current_hp_per_floor":[59,59,59,53,42,30,30,30,30,30,17,36,52,35,35,34,58,55,55,52,51,51,51,50,50,50,50,33,33,33,33,33,23,31,27,27,27,27,22,22,21,21,21,10,10,10,10,10,10,0,0],"gold":586,"neow_bonus":"THREE_ENEMY_KILL","is_daily":false,"chose_seed":false,"campfire_upgraded":10,"win_rate":0.0,"timestamp":1607952926,"path_taken":["M","?","?","M","?","E","R","$","T","R","M","R","?","E","R","BOSS","M","?","?","M","$","R","M","R","T","?","?","R","?","E","R","BOSS","M","M","?","?","?","R","?","R","T","E","R","$","?","M","R","BOSS"],"items_purchased_type":["Relic","Card","Card","Card","Relic","Card","Relic","Potion","Card"],"build_version":"2020-12-13","purchased_purges":3,"victory":false,"max_hp_per_floor":[66,66,66,66,66,66,66,66,66,66,66,66,66,66,66,66,66,66,66,66,66,66,66,66,66,66,66,33,33,33,33,33,33,33,33,33,33,33,33,33,33,33,33,33,33,33,33,33,33,33,33],"relic_stats":{"Darkstone Periapt":0,"OrangePellets":[1],"counters":[22,110],"HoveringKite":[26],"Snake Skull":[161],"Orichalcum":[294],"Boot":[41],"obtain_stats":[{"TwistedFunnel":8,"Darkstone Periapt":44,"NeowsBlessing":0,"HoveringKite":34,"Snake Skull":6,"Orichalcum":9,"Boot":14,"Akabeko":46,"WarpedTongs":19,"OrangePellets":46,"Coffee Dripper":17,"Red Mask":30,"Toxic Egg 2":26,"Toy Ornithopter":31,"Ring of the Snake":0},{"TwistedFunnel":5,"Darkstone Periapt":20,"NeowsBlessing":0,"HoveringKite":15,"Snake Skull":5,"Orichalcum":5,"Boot":7,"Akabeko":20,"WarpedTongs":9,"OrangePellets":20,"Coffee Dripper":8,"Red Mask":13,"Toxic Egg 2":12,"Toy Ornithopter":14,"Ring of the Snake":0},{"TwistedFunnel":13,"Darkstone Periapt":89,"NeowsBlessing":0,"HoveringKite":63,"Snake Skull":13,"Orichalcum":13,"Boot":22,"Akabeko":89,"WarpedTongs":34,"OrangePellets":89,"Coffee Dripper":30,"Red Mask":45,"Toxic Egg 2":43,"Toy Ornithopter":52,"Ring of the Snake":0}],"Toy Ornithopter":10,"Ring of the Snake":[44],"WarpedTongs":[73]},"card_choices":[{"not_picked":["Prepared","Quick Slash"],"picked":"Dagger Throw","floor":1.0},{"not_picked":["Blur","Choke"],"picked":"Deadly Poison","floor":2.0},{"not_picked":["Sucker Punch","Concentrate"],"picked":"Malaise","floor":3.0},{"not_picked":["Outmaneuver","Flechettes"],"picked":"Deadly Poison","floor":4.0},{"not_picked":["Dagger Spray","Escape Plan"],"picked":"Dagger Throw","floor":6.0},{"not_picked":["Acrobatics","Slice"],"picked":"Calculated Gamble","floor":11.0},{"not_picked":["Bane","Slice"],"picked":"Calculated Gamble","floor":14.0},{"not_picked":["Glass Knife","Malaise"],"picked":"Corpse Explosion","floor":16.0},{"not_picked":["Poisoned Stab","Outmaneuver"],"picked":"Crippling Poison+1","floor":18.0},{"not_picked":["Choke","Dagger Spray"],"picked":"Backflip","floor":20.0},{"not_picked":["Endless Agony","Deflect"],"picked":"Bane","floor":21.0},{"not_picked":["Dagger Throw","Sucker Punch","Slice"],"picked":"SKIP","floor":24.0},{"not_picked":["Blade Dance+1","Deadly Poison+1","Choke"],"picked":"SKIP","floor":31.0},{"not_picked":["Glass Knife","Adrenaline+1"],"picked":"Night Terror+1","floor":33},{"not_picked":["Bane","Blade Dance+1"],"picked":"Deadly Poison+1","floor":35},{"not_picked":["Predator","Deflect+1"],"picked":"Crippling Poison+1","floor":36},{"not_picked":["Poisoned Stab+1","Unload"],"picked":"Acrobatics+1","floor":39},{"not_picked":["Flying Knee","Backflip+1"],"picked":"Prepared+1","floor":41},{"not_picked":["Slice","Bane"],"picked":"Burst+1","floor":44},{"not_picked":["Calculated Gamble+1","Escape Plan+1"],"picked":"Bouncing Flask+1","floor":48}],"player_experience":2352837,"relics_obtained":[{"floor":6.0,"key":"Snake Skull"},{"floor":9.0,"key":"Orichalcum"},{"floor":14.0,"key":"Boot"},{"floor":26.0,"key":"Toxic Egg 2"},{"floor":30.0,"key":"Red Mask"},{"floor":31.0,"key":"Toy Ornithopter"},{"floor":44,"key":"Darkstone Periapt"}],"event_choices":[{"damage_healed":0.0,"max_hp_gain":0.0,"max_hp_loss":0.0,"gold_gain":75.0,"event_name":"World of Goop","player_choice":"Gather Gold","floor":5.0,"gold_loss":0.0,"damage_taken":11.0},{"damage_healed":16.0,"max_hp_gain":0.0,"max_hp_loss":0.0,"gold_gain":0.0,"event_name":"The Cleric","player_choice":"Healed","floor":13.0,"gold_loss":35.0,"damage_taken":0.0},{"damage_healed":0.0,"max_hp_gain":0.0,"max_hp_loss":0.0,"gold_gain":0.0,"event_name":"Accursed Blacksmith","player_choice":"Rummage","floor":19.0,"gold_loss":0.0,"damage_taken":0.0,"relics_obtained":["WarpedTongs"],"cards_obtained":["Pain"]},{"damage_healed":0.0,"max_hp_gain":0.0,"max_hp_loss":0.0,"gold_gain":0.0,"event_name":"The Mausoleum","player_choice":"Ignored","floor":27.0,"gold_loss":0.0,"damage_taken":0.0},{"damage_healed":0.0,"max_hp_gain":0.0,"max_hp_loss":33.0,"gold_gain":0.0,"event_name":"Ghosts","player_choice":"Became a Ghost","floor":28.0,"gold_loss":0.0,"damage_taken":0.0,"cards_obtained":["Ghostly","Ghostly","Ghostly"]},{"damage_healed":0.0,"max_hp_gain":0.0,"max_hp_loss":0.0,"gold_gain":0.0,"event_name":"Masked Bandits","player_choice":"Fought Bandits","floor":30.0,"gold_loss":0.0,"damage_taken":0.0},{"damage_healed":0,"gold_gain":999,"player_choice":"Gold","damage_taken":0,"max_hp_gain":0,"max_hp_loss":0,"event_name":"MindBloom","floor":37,"gold_loss":0,"cards_obtained":["Normality","Normality"]},{"cards_removed":["Normality"],"damage_healed":0,"gold_gain":0,"player_choice":"Upgrade and Remove","damage_taken":0,"max_hp_gain":0,"max_hp_loss":0,"event_name":"Designer","floor":38,"gold_loss":110,"cards_upgraded":["Deadly Poison"]},{"damage_healed":0,"gold_gain":222,"player_choice":"Wore Mask","damage_taken":0,"max_hp_gain":0,"max_hp_loss":0,"event_name":"Tomb of Lord Red Mask","floor":47,"gold_loss":0}],"is_beta":false,"boss_relics":[{"not_picked":["Cursed Key","Calling Bell"],"picked":"Coffee Dripper"},{"not_picked":["WristBlade","Philosopher\u0027s Stone"],"picked":"HoveringKite"}],"items_purged_floors":[8,22,46],"is_endless":false,"potions_floor_spawned":[2,4,11,14,20,21,24,35,39],"killed_by":"Awakened One","ascension_level":20}}