{"host":"6fbjdsiu9jij34p7","time":1607951654,"event":{"mods":["2.2 Compatiblity","AchievementEnabler","BaseMod","Colored Map","DeckTracker","Highlight Path","Keyboard Shortcuts","Minty Spire (QoL Compilation)","Permanent Neow","Quick Restart","StSLib","SuperFastMode"],"gold_per_floor":[366,381,381,42,53,53,81,81,81,110,122,150,162,198,210,345,357,385,397,397],"floor_reached":19,"playtime":459,"items_purged":[],"score":230,"play_id":"4821f837-741c-4dd2-9d3c-853b5db4e62e","local_time":"20201214221414","is_ascension_mode":true,"campfire_choices":[{"floor":6.0,"key":"REST"},{"floor":8,"key":"REST"},{"floor":13,"key":"REST"},{"floor":15,"key":"REST"}],"circlet_count":0,"master_deck":["Strike_R","Strike_R","Strike_R","Strike_R","Defend_R","Defend_R","Defend_R","Defend_R","Bash","Intimidate","Shrug It Off","Flex","Heavy Blade","Shrug It Off","Spot Weakness","Whirlwind","Twin Strike"],"relics":["Burning Blood","Thread and Needle","Darkstone Periapt","Blue Candle","MawBank","Golden Idol","Empty Cage"],"acts_visited":["Exordium","TheCity"],"potions_floor_usage":[7,16,16],"damage_taken":[{"damage":15.0,"enemies":"Cultist","floor":1.0,"turns":5.0},{"damage":11.0,"enemies":"Jaw Worm","floor":2.0,"turns":5.0},{"damage":1.0,"enemies":"2 Louse","floor":5.0,"turns":3.0},{"damage":28,"enemies":"Gremlin Nob","floor":7,"turns":4},{"damage":42,"enemies":"3 Sentries","floor":10,"turns":11},{"damage":16,"enemies":"Red Slaver","floor":12,"turns":5},{"damage":6,"enemies":"Blue Slaver","floor":14,"turns":3},{"damage":66,"enemies":"The Guardian","floor":16,"turns":12},{"damage":13,"enemies":"Chosen","floor":18,"turns":6},{"damage":66,"enemies":"Masked Bandits","floor":19,"turns":5}],"seed_played":"-1699828066551517374","potions_obtained":[{"floor":1.0,"key":"AttackPotion"},{"floor":10,"key":"SkillPotion"},{"floor":14,"key":"SpeedPotion"},{"floor":16,"key":"Dexterity Potion"}],"is_trial":false,"path_per_floor":["M","M","?","$","M","R","E","R","T","E","?","M","R","M","R","B",null,"M","?"],"character_chosen":"IRONCLAD","items_purchased":["Thread and Needle","Flex"],"campfire_rested":4,"item_purchase_floors":[4,4],"current_hp_per_floor":[63,58,51,51,56,80,58,80,80,44,50,40,65,65,86,26,71,64,0,0],"gold":397,"neow_bonus":"TWO_FIFTY_GOLD","is_daily":false,"chose_seed":false,"campfire_upgraded":0,"win_rate":0.0,"timestamp":1607951654,"path_taken":["M","M","?","$","M","R","E","R","T","E","?","M","R","M","R","BOSS","M","?"],"items_purchased_type":["Relic","Card"],"build_version":"2020-12-13","purchased_purges":0,"victory":false,"max_hp_per_floor":[80,80,80,80,80,80,80,80,80,80,86,86,86,86,86,86,86,86,86,86],"card_choices":[{"not_picked":["Carnage","Havoc"],"picked":"Intimidate","floor":1.0},{"not_picked":["Flex","Twin Strike"],"picked":"Shrug It Off","floor":2.0},{"not_picked":["Sentinel","Power Through"],"picked":"Heavy Blade","floor":5.0},{"not_picked":["Dark Embrace","Sentinel","Power Through"],"picked":"SKIP","floor":7},{"not_picked":["Pummel","Anger"],"picked":"Shrug It Off","floor":10},{"not_picked":["Havoc","Heavy Blade"],"picked":"Spot Weakness","floor":12},{"not_picked":["Seeing Red","Impervious"],"picked":"Whirlwind","floor":14},{"not_picked":["Metallicize+1","Feel No Pain"],"picked":"Twin Strike","floor":18}],"player_experience":236028,"relics_obtained":[{"floor":7,"key":"Darkstone Periapt"},{"floor":9,"key":"Blue Candle"},{"floor":10,"key":"MawBank"}],"event_choices":[{"cards_removed":["Normality"],"damage_healed":0.0,"max_hp_gain":0.0,"max_hp_loss":0.0,"gold_gain":0.0,"event_name":"Golden Wing","player_choice":"Card Removal","floor":3.0,"gold_loss":0.0,"damage_taken":7.0},{"damage_healed":0,"gold_gain":0,"player_choice":"Take Wound","damage_taken":0,"relics_obtained":["Golden Idol"],"max_hp_gain":0,"max_hp_loss":0,"event_name":"Golden Idol","floor":11,"gold_loss":0,"cards_obtained":["Injury"]},{"damage_healed":0,"gold_gain":0,"player_choice":"Fought Bandits","damage_taken":0,"max_hp_gain":0,"max_hp_loss":0,"event_name":"Masked Bandits","floor":19,"gold_loss":0}],"is_beta":false,"boss_relics":[{"not_picked":["Black Star","Coffee Dripper"],"picked":"Empty Cage"}],"items_purged_floors":[],"is_endless":false,"potions_floor_spawned":[1,10,14,16],"killed_by":"Masked Bandits","ascension_level":6}}