{"host":"fflyk188z5ncxlup","time":1607921390,"event":{"mods":["AchievementEnabler","BaseMod","Bestiary","Better Third Choice","Block Reminder","Colored Map","Colored Powertips","DeckTracker","Googly Eyes","Minty Spire (QoL Compilation)","StSLib","SuperFastMode"],"gold_per_floor":[217,68,86,161,161,161,195,215,215,37,63,78,97,115,115,188,188,208,243,10,10,20,20,54,66,78,114,140,252,264,276,387,399,411,495,507,531,395,395,405,422,448,448,464,491,515,545,239,274,274,274,274,274,274,274,26,58,58,58],"floor_reached":58,"playtime":2414,"items_purged":["Consecrate","Strike_P"],"score":1517,"play_id":"36435bd7-0ce1-4331-a187-0b9c7e8ef875","local_time":"20201214134950","is_ascension_mode":true,"campfire_choices":[{"data":"Eruption","floor":6.0,"key":"SMITH"},{"floor":15.0,"key":"REST"},{"data":"Ragnarok","floor":23.0,"key":"SMITH"},{"data":"Ragnarok","floor":25.0,"key":"SMITH"},{"floor":30.0,"key":"REST"},{"data":"WreathOfFlame","floor":33.0,"key":"SMITH"},{"floor":34.0,"key":"REST"},{"floor":43.0,"key":"REST"},{"floor":50.0,"key":"RECALL"},{"data":"Fasting2","floor":52.0,"key":"SMITH"},{"data":"Wish","floor":55.0,"key":"SMITH"}],"circlet_count":0,"master_deck":["AscendersBane","Strike_P","Strike_P","Strike_P","Defend_P","Defend_P","Defend_P","Defend_P","Eruption+1","Vigilance","EmptyFist+1","TalkToTheHand+1","Crescendo","EmptyBody","FlurryOfBlows","Wish+1","ReachHeaven","Ragnarok+1","Ragnarok+1","WreathOfFlame+1","DevaForm","Fasting2+1"],"relics":["PureWater","Akabeko","Mango","Gambling Chip","Whetstone","Lantern","Snecko Eye","DollysMirror","MawBank","Lizard Tail","Potion Belt","Peace Pipe","Singing Bowl","Busted Crown","Strawberry","Blood Vial","Blue Candle","Torii","Bag of Preparation","Damaru","TungstenRod"],"acts_visited":["Exordium","TheCity","TheBeyond","TheEnding"],"potions_floor_usage":[],"damage_taken":[{"damage":2.0,"enemies":"Cultist","floor":1.0,"turns":3.0},{"damage":0.0,"enemies":"2 Louse","floor":3.0,"turns":2.0},{"damage":16.0,"enemies":"3 Sentries","floor":7.0,"turns":8.0},{"damage":0.0,"enemies":"Small Slimes","floor":8.0,"turns":3.0},{"damage":26.0,"enemies":"Lagavulin","floor":11.0,"turns":4.0},{"damage":3.0,"enemies":"Blue Slaver","floor":12.0,"turns":2.0},{"damage":0.0,"enemies":"2 Fungi Beasts","floor":13.0,"turns":1.0},{"damage":0.0,"enemies":"Lots of Slimes","floor":14.0,"turns":3.0},{"damage":28.0,"enemies":"The Guardian","floor":16.0,"turns":14.0},{"damage":0.0,"enemies":"Spheric Guardian","floor":18.0,"turns":3.0},{"damage":0.0,"enemies":"2 Thieves","floor":19.0,"turns":3.0},{"damage":11.0,"enemies":"Centurion and Healer","floor":22.0,"turns":2.0},{"damage":12.0,"enemies":"Book of Stabbing","floor":24.0,"turns":5.0},{"damage":0.0,"enemies":"Shelled Parasite and Fungi","floor":28.0,"turns":1.0},{"damage":0.0,"enemies":"Colosseum Slavers","floor":29.0,"turns":1.0},{"damage":0.0,"enemies":"Colosseum Nobs","floor":29.0,"turns":1.0},{"damage":0.0,"enemies":"Collector","floor":35.0,"turns":3.0},{"damage":39.0,"enemies":"3 Shapes","floor":37.0,"turns":6.0},{"damage":0.0,"enemies":"Orb Walker","floor":40.0,"turns":1.0},{"damage":0.0,"enemies":"Spire Growth","floor":41.0,"turns":2.0},{"damage":0.0,"enemies":"Giant Head","floor":42.0,"turns":5.0},{"damage":0.0,"enemies":"Jaw Worm Horde","floor":44.0,"turns":1.0},{"damage":0.0,"enemies":"Reptomancer","floor":47.0,"turns":1.0},{"damage":2.0,"enemies":"Giant Head","floor":49.0,"turns":5.0},{"damage":116.0,"enemies":"Donu and Deca","floor":53.0,"turns":8.0},{"damage":62.0,"enemies":"Shield and Spear","floor":57.0,"turns":4.0},{"damage":62,"enemies":"The Heart","floor":58,"turns":3}],"seed_played":"-6042502602882743569","potions_obtained":[{"floor":1.0,"key":"EssenceOfSteel"},{"floor":7.0,"key":"ColorlessPotion"},{"floor":13.0,"key":"CultistPotion"},{"floor":24.0,"key":"LiquidMemories"},{"floor":29.0,"key":"Dexterity Potion"},{"floor":35.0,"key":"SkillPotion"},{"floor":37.0,"key":"Energy Potion"},{"floor":40.0,"key":"BlessingOfTheForge"},{"floor":42.0,"key":"Energy Potion"}],"is_trial":false,"path_per_floor":["M","$","M","?","?","R","E","M","T","$","E","M","M","M","R","B",null,"M","M","$","?","M","R","E","R","T","T","M","?","R","?","?","R","R","B",null,"M","$","?","M","M","E","R","M","T","T","E","$","E","R","$","R","B",null,"R","$","E","B"],"character_chosen":"WATCHER","items_purchased":["Akabeko","Crescendo","Whetstone","Ragnarok","DollysMirror","Fasting2","Torii","Damaru"],"campfire_rested":4,"item_purchase_floors":[2,10,10,20,20,38,48,56],"current_hp_per_floor":[59,59,59,48,48,48,46,46,46,46,20,17,17,17,41,13,65,65,65,65,65,54,54,42,42,42,42,42,44,69,69,69,69,84,84,84,47,47,47,49,51,60,89,91,91,91,95,95,97,97,97,97,52,92,92,92,34,0,0],"gold":58,"neow_bonus":"HUNDRED_GOLD","is_daily":false,"chose_seed":false,"campfire_upgraded":6,"win_rate":0.0,"timestamp":1607921390,"path_taken":["M","$","M","?","?","R","E","M","T","$","E","?","M","M","R","BOSS","M","M","$","?","?","R","E","R","T","T","M","?","R","?","?","R","R","BOSS","M","$","?","M","M","E","R","M","T","T","E","$","E","R","$","R","BOSS","R","$","E","BOSS"],"items_purchased_type":["Relic","Card","Relic","Card","Relic","Card","Relic","Relic"],"build_version":"2020-12-13","purchased_purges":2,"victory":false,"max_hp_per_floor":[68,68,68,68,68,68,82,82,82,82,82,82,82,82,82,82,82,82,82,82,82,82,82,82,82,82,82,82,84,84,84,84,84,84,84,84,86,86,86,88,90,99,99,101,101,101,103,103,105,105,105,105,105,105,105,105,107,107,107],"card_choices":[{"not_picked":["Pray","FlyingSleeves"],"picked":"EmptyFist","floor":1.0},{"not_picked":["Pray","BowlingBash","Swivel"],"picked":"SKIP","floor":3.0},{"not_picked":["Prostrate","EmptyFist"],"picked":"TalkToTheHand","floor":7.0},{"not_picked":["SashWhip","BowlingBash","Meditate"],"picked":"SKIP","floor":8.0},{"not_picked":["JustLucky","EmptyFist"],"picked":"Consecrate","floor":11.0},{"not_picked":["Prostrate","Worship"],"picked":"EmptyBody","floor":12.0},{"not_picked":["WaveOfTheHand","MentalFortress"],"picked":"FlurryOfBlows","floor":13.0},{"not_picked":["Perseverance","PathToVictory","ReachHeaven"],"picked":"SKIP","floor":14.0},{"not_picked":["LessonLearned","MasterReality"],"picked":"Wish","floor":16.0},{"not_picked":["CrushJoints","LikeWater"],"picked":"ReachHeaven","floor":18.0},{"not_picked":["Prostrate","Study","WreathOfFlame"],"picked":"SKIP","floor":19.0},{"not_picked":["Prostrate","Study","WreathOfFlame"],"picked":"SKIP","floor":19.0},{"not_picked":["ClearTheMind+1","PathToVictory","Conclude"],"picked":"SKIP","floor":22.0},{"not_picked":["Adaptation","Wireheading","Scrawl"],"picked":"SKIP","floor":24.0},{"not_picked":["CrushJoints","SashWhip","Prostrate"],"picked":"SKIP","floor":28.0},{"not_picked":["ClearTheMind","CarveReality","Study+1"],"picked":"Singing Bowl","floor":29.0},{"not_picked":["LessonLearned","MasterReality"],"picked":"DevaForm","floor":35.0},{"not_picked":["SandsOfTime"],"picked":"Singing Bowl","floor":37.0},{"not_picked":["InnerPeace"],"picked":"Singing Bowl","floor":40.0},{"not_picked":["SashWhip"],"picked":"Singing Bowl","floor":41.0},{"not_picked":["BowlingBash"],"picked":"Singing Bowl","floor":42.0},{"not_picked":["InnerPeace"],"picked":"Singing Bowl","floor":44.0},{"not_picked":["Scrawl"],"picked":"Singing Bowl","floor":47.0},{"not_picked":["InnerPeace"],"picked":"Singing Bowl","floor":49.0},{"not_picked":["CutThroughFate"],"picked":"Singing Bowl","floor":57.0}],"player_experience":356215,"relics_obtained":[{"floor":7.0,"key":"Mango"},{"floor":9.0,"key":"Gambling Chip"},{"floor":11.0,"key":"Lantern"},{"floor":24.0,"key":"MawBank"},{"floor":26.0,"key":"Lizard Tail"},{"floor":27.0,"key":"Potion Belt"},{"floor":29.0,"key":"Peace Pipe"},{"floor":29.0,"key":"Singing Bowl"},{"floor":42.0,"key":"Strawberry"},{"floor":46.0,"key":"Blood Vial"},{"floor":47.0,"key":"Blue Candle"},{"floor":49.0,"key":"Bag of Preparation"},{"floor":57.0,"key":"TungstenRod"}],"event_choices":[{"damage_healed":0.0,"max_hp_gain":0.0,"max_hp_loss":0.0,"gold_gain":75.0,"event_name":"betterThird:BetterGoop","player_choice":"Gold","floor":4.0,"gold_loss":0.0,"damage_taken":11.0},{"damage_healed":0.0,"max_hp_gain":0.0,"max_hp_loss":0.0,"gold_gain":0.0,"event_name":"The Woman in Blue","player_choice":"Bought 0 Potions","floor":5.0,"gold_loss":0.0,"damage_taken":0.0},{"damage_healed":0.0,"max_hp_gain":0.0,"max_hp_loss":0.0,"gold_gain":0.0,"event_name":"Match and Keep!","player_choice":"0 cards matched","floor":21.0,"gold_loss":0.0,"damage_taken":0.0,"cards_obtained":[]},{"damage_healed":0.0,"max_hp_gain":0.0,"max_hp_loss":0.0,"gold_gain":0.0,"event_name":"Match and Keep!","player_choice":"0 cards matched","floor":21.0,"gold_loss":0.0,"damage_taken":0.0,"cards_obtained":[]},{"damage_healed":0.0,"max_hp_gain":0.0,"max_hp_loss":0.0,"gold_gain":0.0,"event_name":"Colosseum","player_choice":"Fight","floor":29.0,"gold_loss":0.0,"damage_taken":0.0},{"damage_healed":0.0,"max_hp_gain":0.0,"max_hp_loss":0.0,"gold_gain":0.0,"event_name":"Colosseum","player_choice":"Fought Nobs","floor":29.0,"gold_loss":0.0,"damage_taken":0.0},{"damage_healed":0.0,"max_hp_gain":0.0,"max_hp_loss":0.0,"gold_gain":0.0,"event_name":"The Library","player_choice":"Read","floor":31.0,"gold_loss":0.0,"damage_taken":0.0,"cards_obtained":["WreathOfFlame"]},{"damage_healed":0.0,"max_hp_gain":0.0,"max_hp_loss":0.0,"gold_gain":99.0,"event_name":"betterThird:BetterNest","player_choice":"Steal","floor":32.0,"gold_loss":0.0,"damage_taken":0.0},{"damage_healed":0.0,"max_hp_gain":0.0,"max_hp_loss":0.0,"gold_gain":0.0,"event_name":"Tomb of Lord Red Mask","player_choice":"Ignored","floor":39.0,"gold_loss":0.0,"damage_taken":0.0}],"is_beta":false,"boss_relics":[{"not_picked":["Runic Dome","Ectoplasm"],"picked":"Snecko Eye"},{"not_picked":["Cursed Key","Sozu"],"picked":"Busted Crown"}],"items_purged_floors":[38,56],"is_endless":false,"potions_floor_spawned":[1,7,13,14,19,24,29,35,37,40,42,44],"killed_by":"The Heart","ascension_level":14}}