{"host":"a8rzj4nfw2w5de5r","time":1607962507,"event":{"mods":["BaseMod","Block Reminder","Colored Map","Downfall","Highlight Path","Minty Spire (QoL Compilation)","Relic Sorter","Relic Stats","StSLib"],"gold_per_floor":[99,99,24,54,70,170,194,225,150,175,186,186,19,31,46,150,150,150,150,165,176,188,188,188,219,219,254,254,272,9,27,42,146,146,146,173,185,204,129,334,334,354,63,63,76,126,126,141,153,153],"floor_reached":51,"playtime":6259,"items_purged":["hexamod:Defend","hexamod:FlamesFromBeyond","hexamod:RadiantFlame"],"score":887,"play_id":"02caeb35-e958-4b97-b335-f71f9424e21b","local_time":"20201214214507","is_ascension_mode":false,"campfire_choices":[{"data":"hexamod:Float","floor":1,"key":"SMITH"},{"data":"hexamod:RainOfEmbers","floor":9,"key":"SMITH"},{"data":"hexamod:Hexaguard","floor":18,"key":"SMITH"},{"data":"hexamod:SpectralSpark","floor":23,"key":"SMITH"},{"data":"hexamod:NightmareGuise","floor":26,"key":"SMITH"},{"floor":35,"key":"RECALL"},{"data":"hexamod:SearingWound","floor":39,"key":"SMITH"},{"data":"hexamod:NecessarySacrifice","floor":44,"key":"SMITH"}],"circlet_count":0,"master_deck":["hexamod:Strike+1","hexamod:Strike+1","hexamod:Defend+1","hexamod:Defend+1","hexamod:Defend+1","hexamod:Sear","hexamod:Float+1","hexamod:ThirdSeal","hexamod:ThirdSeal","hexamod:RainOfEmbers+1","hexamod:Haunt","hexamod:ExtraCrispy","hexamod:Incineration","hexamod:SpectralSpark+1","hexamod:DynamicBlow","hexamod:FourthSeal","hexamod:Hexaguard+1","hexamod:SpectersWail","hexamod:Toasty","hexamod:Toasty","hexamod:AdvancingGuard+1","hexamod:SoulSteal","hexamod:RainOfEmbers+1","hexamod:NightmareGuise+1","hexamod:ThermalTransfer+1","hexamod:NecessarySacrifice+1","hexamod:ThermalTransfer","hexamod:HeatShield","hexamod:SuperheatedStrike+1","hexamod:SearingWound+1","hexamod:RainOfEmbers+1","hexamod:ShieldOfDarkness+1","hexamod:EmpoweringStance"],"relics":["hexamod:SpiritBrand","downfall:HeartsMalice","Centennial Puzzle","Vajra","hexamod:InflammatoryLetter","downfall:HeartBlessingGreen","Singing Bowl","Strange Spoon","Philosopher\u0027s Stone","HornCleat","Pear","Omamori","Guardian:BottledAnomaly","Busted Crown","MealTicket","downfall:HeartBlessingRed","Orrery","hexamod:BolsterEngine","Gambling Chip"],"acts_visited":["Exordium","TheCity","TheBeyond"],"potions_floor_usage":[10,16,16,16,16,21,25,32,42,46,46],"damage_taken":[{"damage":0,"enemies":"2 Louse","floor":2,"turns":1},{"damage":0,"enemies":"downfall:FleeingMerchant","floor":3,"turns":1},{"damage":0,"enemies":"Gremlin Nob","floor":4,"turns":1},{"damage":4,"enemies":"Small Slimes","floor":5,"turns":3},{"damage":20,"enemies":"Lagavulin","floor":8,"turns":6},{"damage":21,"enemies":"3 Sentries","floor":10,"turns":7},{"damage":6,"enemies":"Jaw Worm","floor":11,"turns":3},{"damage":0,"enemies":"downfall:FleeingMerchant","floor":13,"turns":4},{"damage":0,"enemies":"Exordium Wildlife","floor":14,"turns":2},{"damage":2,"enemies":"Large Slime","floor":15,"turns":6},{"damage":17,"enemies":"downfall:Ironclad","floor":16,"turns":6},{"damage":15,"enemies":"Spheric Guardian","floor":20,"turns":5},{"damage":2,"enemies":"Chosen","floor":21,"turns":3},{"damage":0,"enemies":"Centurion and Healer","floor":22,"turns":3},{"damage":19,"enemies":"Slavers","floor":25,"turns":3},{"damage":13,"enemies":"Gremlin Leader","floor":27,"turns":5},{"damage":9,"enemies":"Shelled Parasite and Fungi","floor":29,"turns":6},{"damage":0,"enemies":"downfall:FleeingMerchant","floor":30,"turns":4},{"damage":0,"enemies":"Snecko","floor":31,"turns":3},{"damage":9,"enemies":"Snake Plant","floor":32,"turns":3},{"damage":21,"enemies":"downfall:Silent","floor":33,"turns":7},{"damage":0,"enemies":"Nemesis","floor":36,"turns":3},{"damage":0,"enemies":"3 Darklings","floor":37,"turns":4},{"damage":0,"enemies":"3 Shapes","floor":38,"turns":3},{"damage":0,"enemies":"downfall:FleeingMerchant","floor":40,"turns":3},{"damage":1,"enemies":"Writhing Mass","floor":42,"turns":3},{"damage":4,"enemies":"4 Shapes","floor":45,"turns":5},{"damage":37,"enemies":"Mind Bloom Boss Battle","floor":46,"turns":3},{"damage":4,"enemies":"Maw","floor":48,"turns":5},{"damage":0,"enemies":"Sphere and 2 Shapes","floor":49,"turns":3},{"damage":0,"enemies":"downfall:Watcher","floor":50,"turns":6}],"seed_played":"-3530368901820881033","potions_obtained":[{"floor":4,"key":"Energy Potion"},{"floor":5,"key":"Strength Potion"},{"floor":14,"key":"SteroidPotion"},{"floor":15,"key":"EntropicBrew"},{"floor":16,"key":"Energy Potion"},{"floor":20,"key":"CultistPotion"},{"floor":22,"key":"hexamod:InfernoChargePotion"},{"floor":25,"key":"Dexterity Potion"},{"floor":27,"key":"Guardian:BlockOnCardUsePotion"},{"floor":30,"key":"Energy Potion"},{"floor":31,"key":"Regen Potion"},{"floor":32,"key":"Swift Potion"},{"floor":42,"key":"sneckomod:MuddlingPotion"},{"floor":46,"key":"EntropicBrew"},{"floor":48,"key":"Explosive Potion"},{"floor":49,"key":"EntropicBrew"}],"is_trial":false,"path_per_floor":["R","M","$","E","M","?","T","E","R","E","M","?","$","M","M","B",null,"R","?","M","M","M","R","T","E","R","E","?","M","$","M","M","B",null,"R","E","M","M","R","$","T","M","$","R","M","?","?","M","M","B",null],"character_chosen":"THE_SPIRIT","items_purchased":["Strange Spoon","Guardian:BottledAnomaly","Orrery","hexamod:BolsterEngine"],"campfire_rested":0,"item_purchase_floors":[13,30,43,43],"current_hp_per_floor":[70,70,70,70,66,66,66,46,46,29,29,29,29,31,33,18,88,88,88,75,77,83,83,83,78,78,69,69,60,64,66,71,54,130,130,134,136,138,138,142,142,145,154,154,156,123,123,125,127,127],"gold":153,"neow_bonus":"THREE_ENEMY_KILL","is_daily":false,"chose_seed":false,"campfire_upgraded":7,"win_rate":0.0,"timestamp":1607962507,"path_taken":["R","M","$","E","M","?","T","E","R","E","M","?","$","M","M","BOSS","R","?","M","M","M","R","T","E","R","E","?","M","?","?","M","BOSS","R","E","M","M","R","$","T","M","$","R","M","?","?","M","M","BOSS"],"items_purchased_type":["Relic","Relic","Relic","Relic"],"build_version":"2020-12-13","purchased_purges":3,"victory":true,"max_hp_per_floor":[70,70,70,70,70,70,70,70,70,74,80,80,80,82,86,88,88,88,88,90,94,100,100,100,114,114,118,118,118,122,124,126,130,130,130,134,136,138,138,142,142,146,154,154,160,164,164,170,172,172],"relic_stats":{"Strange Spoon":[15],"Centennial Puzzle":[51],"Busted Crown":46,"Singing Bowl":92,"counters":[31,117],"Gambling Chip":[6],"MealTicket":1,"obtain_stats":[{"Pear":25,"Singing Bowl":10,"downfall:HeartBlessingRed":39,"Vajra":7,"downfall:HeartsMalice":0,"downfall:HeartBlessingGreen":9,"hexamod:InflammatoryLetter":8,"Omamori":27,"Strange Spoon":13,"Centennial Puzzle":4,"HornCleat":24,"Busted Crown":34,"Gambling Chip":46,"Orrery":43,"Philosopher\u0027s Stone":17,"MealTicket":36,"Guardian:BottledAnomaly":30,"hexamod:BolsterEngine":43,"hexamod:SpiritBrand":0},{"Pear":15,"Singing Bowl":6,"downfall:HeartBlessingRed":24,"Vajra":4,"downfall:HeartsMalice":0,"downfall:HeartBlessingGreen":5,"hexamod:InflammatoryLetter":5,"Omamori":16,"Strange Spoon":8,"Centennial Puzzle":3,"HornCleat":14,"Busted Crown":21,"Gambling Chip":28,"Orrery":26,"Philosopher\u0027s Stone":11,"MealTicket":22,"Guardian:BottledAnomaly":18,"hexamod:BolsterEngine":26,"hexamod:SpiritBrand":0},{"Pear":51,"Singing Bowl":16,"downfall:HeartBlessingRed":89,"Vajra":3,"downfall:HeartsMalice":0,"downfall:HeartBlessingGreen":9,"hexamod:InflammatoryLetter":9,"Omamori":56,"Strange Spoon":23,"Centennial Puzzle":0,"HornCleat":48,"Busted Crown":79,"Gambling Chip":103,"Orrery":95,"Philosopher\u0027s Stone":37,"MealTicket":82,"Guardian:BottledAnomaly":66,"hexamod:BolsterEngine":95,"hexamod:SpiritBrand":0}]},"card_choices":[{"not_picked":["hexamod:GhostOfSpireFuture","hexamod:NecessarySacrifice"],"picked":"hexamod:ThirdSeal","floor":2},{"not_picked":["hexamod:HauntingEcho","hexamod:SwordOfDarkness"],"picked":"hexamod:ThirdSeal","floor":3},{"not_picked":["hexamod:PhantomFireball","hexamod:ShieldOfDarkness"],"picked":"hexamod:RainOfEmbers","floor":4},{"not_picked":["hexamod:PhantomCloak","hexamod:BacktrackSmack"],"picked":"hexamod:FlamesFromBeyond","floor":5},{"not_picked":["hexamod:Firestarter","hexamod:SwordOfDarkness"],"picked":"hexamod:Haunt","floor":5},{"not_picked":["hexamod:PhantomCloak","hexamod:ChargedBarrage"],"picked":"hexamod:ExtraCrispy","floor":8},{"not_picked":["hexamod:Haunt","hexamod:RetreatToShadows"],"picked":"hexamod:Incineration","floor":8},{"not_picked":["hexamod:FirstSeal","hexamod:RainOfEmbers"],"picked":"hexamod:SpectralSpark","floor":8},{"not_picked":["hexamod:RetreatToShadows","hexamod:GhostOfSpirePast","hexamod:CatchUp"],"picked":"Singing Bowl","floor":10},{"not_picked":["hexamod:FourthSeal","hexamod:ApocalypseNow"],"picked":"hexamod:DynamicBlow","floor":10},{"not_picked":["hexamod:GhostShield","hexamod:ShieldOfDarkness","hexamod:InspiringFlames"],"picked":"Singing Bowl","floor":10},{"not_picked":["hexamod:Firestarter","hexamod:SwordOfDarkness","hexamod:FlamesFromBeyond"],"picked":"Singing Bowl","floor":11},{"not_picked":["hexamod:GhostLash","hexamod:RetreatToShadows","hexamod:RainOfEmbers"],"picked":"Singing Bowl","floor":11},{"not_picked":["hexamod:SwordOfDarkness","hexamod:HeatShield","hexamod:TurnItUp"],"picked":"Singing Bowl","floor":11},{"not_picked":["hexamod:BacktrackSmack","hexamod:NightmareStrike"],"picked":"hexamod:Hexaguard","floor":13},{"not_picked":["hexamod:RecurringNightmare","hexamod:BurningTouch","hexamod:Incineration"],"picked":"Singing Bowl","floor":14},{"not_picked":["hexamod:EtherealExpedition","hexamod:SecondSeal","hexamod:EmpoweredFlame"],"picked":"Singing Bowl","floor":15},{"not_picked":["hexamod:RetreatToShadows","hexamod:BurningTouch"],"picked":"hexamod:SpectersWail","floor":15},{"not_picked":["hexamod:RainOfEmbers","hexamod:Haunt","hexamod:AdvancingGuard"],"picked":"Singing Bowl","floor":15},{"not_picked":["hexamod:ApocalypticArmor","hexamod:GiftsFromTheDead","hexamod:CrushingStance"],"picked":"Singing Bowl","floor":16},{"not_picked":["hexamod:SixthSeal","hexamod:UnleashSpirits"],"picked":"hexamod:Toasty","floor":16},{"not_picked":["hexamod:TimeOfNeed","hexamod:GiftsFromTheDead"],"picked":"hexamod:Toasty","floor":16},{"not_picked":["hexamod:SwordOfDarkness","hexamod:ShieldOfDarkness"],"picked":"hexamod:AdvancingGuard+1","floor":20},{"not_picked":["hexamod:GhostLash","hexamod:RadiantFlame"],"picked":"hexamod:SoulSteal","floor":20},{"not_picked":["hexamod:HauntingEcho","hexamod:RainOfEmbers","hexamod:NightmareStrike"],"picked":"Singing Bowl","floor":20},{"not_picked":["hexamod:SkipABeat","hexamod:ThirdSeal"],"picked":"hexamod:RainOfEmbers+1","floor":21},{"not_picked":["hexamod:Rewind","hexamod:BacktrackSmack","hexamod:CrushingStance"],"picked":"Singing Bowl","floor":21},{"not_picked":["hexamod:BurningTouch","hexamod:FastForward","hexamod:BacktrackSmack"],"picked":"Singing Bowl","floor":21},{"not_picked":["hexamod:EmpoweredFlame","hexamod:SkipABeat","hexamod:StepThrough"],"picked":"Singing Bowl","floor":22},{"not_picked":["hexamod:WildfireWeapon","hexamod:BurningTouch","hexamod:HauntingEcho"],"picked":"Singing Bowl","floor":22},{"not_picked":["hexamod:RainOfEmbers","hexamod:HauntingEcho","hexamod:FlamesFromBeyond"],"picked":"Singing Bowl","floor":22},{"not_picked":["hexamod:GhostLash","hexamod:Again"],"picked":"hexamod:NightmareGuise","floor":25},{"not_picked":["hexamod:SpectersWail","hexamod:FastForward","hexamod:VolcanoVisage"],"picked":"Singing Bowl","floor":25},{"not_picked":["hexamod:PowerFromBeyond","hexamod:Toasty","hexamod:WildfireWeapon"],"picked":"Singing Bowl","floor":25},{"not_picked":["hexamod:HeatCrush","hexamod:SpectralAdrenaline+1"],"picked":"hexamod:ThermalTransfer+1","floor":27},{"not_picked":["hexamod:SwordOfDarkness+1","hexamod:SpectersWail+1","hexamod:HauntingEcho"],"picked":"Singing Bowl","floor":27},{"not_picked":["hexamod:Incineration","hexamod:RetreatToShadows+1","hexamod:Haunt"],"picked":"Singing Bowl","floor":27},{"not_picked":["hexamod:TimeOfNeed","hexamod:FastForward"],"picked":"hexamod:NecessarySacrifice","floor":29},{"not_picked":["hexamod:FastForward+1","hexamod:GhostLash"],"picked":"hexamod:ThermalTransfer","floor":29},{"not_picked":["hexamod:AdvancingGuard","hexamod:HauntingEcho+1","hexamod:BurningTouch"],"picked":"SKIP","floor":29},{"not_picked":["hexamod:FirstSeal","hexamod:HauntingEcho","hexamod:CrushingStance"],"picked":"Singing Bowl","floor":30},{"not_picked":["hexamod:FastForward+1","hexamod:RadiantFlame","hexamod:HauntingEcho"],"picked":"Singing Bowl","floor":30},{"not_picked":["hexamod:HeatMetal","hexamod:SoulSteal"],"picked":"hexamod:HeatShield","floor":30},{"not_picked":["hexamod:Haunt","hexamod:NecessarySacrifice","hexamod:GhostOfSpirePast"],"picked":"Singing Bowl","floor":31},{"not_picked":["hexamod:AdvancingGuard","hexamod:EtherealExpedition","hexamod:RainOfEmbers"],"picked":"Singing Bowl","floor":32},{"not_picked":["hexamod:BurningTouch","hexamod:AdvancingGuard"],"picked":"hexamod:SuperheatedStrike+1","floor":32},{"not_picked":["hexamod:GiftsFromTheDead","hexamod:TimeWarp","hexamod:GhostflameInferno"],"picked":"Singing Bowl","floor":33},{"not_picked":["hexamod:TurnItUp","hexamod:HexaLevel"],"picked":"hexamod:SearingWound","floor":33},{"not_picked":["hexamod:GhostflameInferno","hexamod:SearingWound","hexamod:HexaLevel"],"picked":"Singing Bowl","floor":33},{"not_picked":["hexamod:SwordOfDarkness+1"],"picked":"Singing Bowl","floor":36},{"not_picked":["hexamod:HauntingEcho"],"picked":"Singing Bowl","floor":36},{"not_picked":[],"picked":"hexamod:RainOfEmbers+1","floor":37},{"not_picked":["hexamod:RainOfEmbers+1"],"picked":"Singing Bowl","floor":37},{"not_picked":["hexamod:GhostLash"],"picked":"Singing Bowl","floor":38},{"not_picked":["hexamod:SkipABeat+1"],"picked":"Singing Bowl","floor":40},{"not_picked":["hexamod:ThermalTransfer+1"],"picked":"Singing Bowl","floor":40},{"not_picked":["hexamod:NightmareStrike+1"],"picked":"Singing Bowl","floor":42},{"not_picked":["hexamod:SpectersWail+1"],"picked":"Singing Bowl","floor":42},{"not_picked":["hexamod:Firestarter"],"picked":"Singing Bowl","floor":43},{"not_picked":["hexamod:ThermalTransfer"],"picked":"Singing Bowl","floor":43},{"not_picked":["hexamod:GhostLash+1"],"picked":"Singing Bowl","floor":43},{"not_picked":[],"picked":"hexamod:ShieldOfDarkness+1","floor":43},{"not_picked":["hexamod:ShieldOfDarkness"],"picked":"Singing Bowl","floor":43},{"not_picked":["hexamod:ThermalTransfer+1"],"picked":"Singing Bowl","floor":45},{"not_picked":["hexamod:RainOfEmbers+1"],"picked":"Singing Bowl","floor":45},{"not_picked":["hexamod:NightmareStrike"],"picked":"Singing Bowl","floor":45},{"not_picked":["hexamod:ThermalTransfer+1"],"picked":"Singing Bowl","floor":46},{"not_picked":["hexamod:BacktrackSmack"],"picked":"Singing Bowl","floor":46},{"not_picked":["hexamod:BurningTouch"],"picked":"Singing Bowl","floor":48},{"not_picked":["hexamod:FastForward+1"],"picked":"Singing Bowl","floor":48},{"not_picked":["hexamod:PhantomFireball"],"picked":"Singing Bowl","floor":48},{"not_picked":["hexamod:ShieldOfDarkness"],"picked":"Singing Bowl","floor":49}],"player_experience":549999,"relics_obtained":[{"floor":4,"key":"Centennial Puzzle"},{"floor":7,"key":"Vajra"},{"floor":8,"key":"hexamod:InflammatoryLetter"},{"floor":10,"key":"Singing Bowl"},{"floor":24,"key":"HornCleat"},{"floor":25,"key":"Pear"},{"floor":27,"key":"Omamori"},{"floor":36,"key":"MealTicket"},{"floor":46,"key":"Gambling Chip"}],"event_choices":[{"damage_healed":0,"gold_gain":0,"player_choice":"Simplicity","damage_taken":0,"max_hp_gain":0,"max_hp_loss":0,"event_name":"Back to Basics","floor":19,"gold_loss":0,"cards_upgraded":["hexamod:Strike","hexamod:Strike","hexamod:Strike","hexamod:Strike","hexamod:Defend","hexamod:Defend","hexamod:Defend"]},{"damage_healed":0,"gold_gain":0,"cards_transformed":["hexamod:Strike","hexamod:Strike"],"player_choice":"Became Test Subject","damage_taken":0,"max_hp_gain":0,"max_hp_loss":0,"event_name":"Drug Dealer","floor":28,"gold_loss":0,"cards_obtained":["hexamod:WildfireWeapon","hexamod:RadiantFlame"]},{"damage_healed":0,"gold_gain":0,"cards_transformed":["hexamod:WildfireWeapon"],"player_choice":"Transformed","damage_taken":0,"max_hp_gain":0,"max_hp_loss":0,"event_name":"Transmorgrifier","floor":47,"gold_loss":0,"cards_obtained":["hexamod:EmpoweringStance"]}],"is_beta":false,"boss_relics":[{"not_picked":["Runic Pyramid","Snecko Eye"],"picked":"Philosopher\u0027s Stone"},{"not_picked":["Coffee Dripper","Velvet Choker"],"picked":"Busted Crown"}],"items_purged_floors":[3,30,40],"is_endless":false,"potions_floor_spawned":[4,5,14,22,31,32,37,42,49],"ascension_level":0}}