{"host":"ks12kfi5c4d9hdxy","time":1607983438,"event":{"mods":["BaseMod","Conspire","GifTheSpireLib","Koishi","LagranYue(拉格朗・月)","Marisa（F雨　魔理沙）","Minty Spire (QoL Compilation)","Reimu（博丽灵梦）","Remilia（蕾米莉亚）","Replay The Spire","RumiaBox-露米娅的神秘盒子","StSLib","SuperFastMode","The Administrix","The Servant 0.9.4","Youmu（魂魄妖梦）","Yuyuko","【功能Mod】混沌之环修复补丁","【功能Mod】聪明的最终Boss","篝火指南"],"gold_per_floor":[115,21,38,54,67,122,122,151,151,151,166,166,192,205,205,282,282,295,306,306,53,68,99,99,133,186,186,197,224,224,234,234,311,311,311,311],"floor_reached":35,"playtime":1044,"items_purged":["Strike_MRS"],"score":973,"play_id":"c2c42308-d48f-4ab3-85fb-e380f89cac47","local_time":"20201215060358","is_ascension_mode":true,"campfire_choices":[{"floor":7.0,"key":"REST"},{"data":"MasterSpark","floor":10.0,"key":"SMITH"},{"floor":15.0,"key":"REST"},{"floor":24.0,"key":"REST"},{"data":"SuperNova","floor":27.0,"key":"SMITH"},{"floor":32.0,"key":"REST"}],"circlet_count":0,"master_deck":["AscendersBane","Strike_MRS","Strike_MRS","Strike_MRS","Defend_MRS","Defend_MRS","Defend_MRS","MasterSpark+1","UpSweep","ShootingEcho","GrandCross","PowerUp+1","WitchLeyline","DeepEcoloBomb","Acceleration","GrandCross","AsteroidBelt+1","MachineGunSpark","SuperNova+1","PowerUp+1","MilkyWay","Singularity","Acceleration","DeepEcoloBomb","DragonMeteor","Acceleration","Decay","MillisecondPulsars","BinaryStars"],"relics":["MiniHakkero","LagranYue:RandomDrawCardRelic","AddBug","SecretRecord","Baka2","SecretRecord","SecretRecord","SecretRecord","SecretRecord"],"acts_visited":["Exordium","TheCity","TheBeyond"],"potions_floor_usage":[33,33],"damage_taken":[{"damage":1.0,"enemies":"2 Louse","floor":1.0,"turns":3.0},{"damage":17.0,"enemies":"Jaw Worm","floor":3.0,"turns":4.0},{"damage":0.0,"enemies":"Cultist","floor":4.0,"turns":2.0},{"damage":17.0,"enemies":"Large Slime","floor":5.0,"turns":2.0},{"damage":9.0,"enemies":"3 Sentries","floor":6.0,"turns":4.0},{"damage":0.0,"enemies":"Gremlin Nob","floor":8.0,"turns":1.0},{"damage":0.0,"enemies":"2 Fungi Beasts","floor":11.0,"turns":2.0},{"damage":26.0,"enemies":"3 Sentries","floor":13.0,"turns":2.0},{"damage":0.0,"enemies":"Blue Slaver","floor":14.0,"turns":2.0},{"damage":20.0,"enemies":"Fading Forest","floor":16.0,"turns":11.0},{"damage":0.0,"enemies":"Shell Parasite","floor":18.0,"turns":1.0},{"damage":16.0,"enemies":"Spheric Guardian","floor":19.0,"turns":3.0},{"damage":0.0,"enemies":"Centurion and Healer","floor":22.0,"turns":1.0},{"damage":18.0,"enemies":"Gremlin Leader","floor":23.0,"turns":3.0},{"damage":7.0,"enemies":"Slavers","floor":25.0,"turns":2.0},{"damage":4.0,"enemies":"Chosen and Byrds","floor":28.0,"turns":2.0},{"damage":14.0,"enemies":"Book of Stabbing","floor":29.0,"turns":3.0},{"damage":0.0,"enemies":"Snecko","floor":31.0,"turns":2.0},{"damage":46,"enemies":"Champ","floor":33,"turns":8},{"damage":73,"enemies":"3 Darklings","floor":35,"turns":2}],"seed_played":"-1260771481419300035","potions_obtained":[{"floor":5.0,"key":"Cursed Concoction"},{"floor":6.0,"key":"Reflective Coating"},{"floor":6.0,"key":"PowerPotion"},{"floor":13.0,"key":"SkillPotion"},{"floor":19.0,"key":"EssenceOfSteel"},{"floor":28.0,"key":"GamblersBrew"},{"floor":29.0,"key":"ShroomBrew"}],"is_trial":false,"path_per_floor":["M","$","M","M","M","E","R","E","T","R","M","?","E","M","R","B",null,"M","M","?","$","M","E","R","E","T","R","M","E","?","M","R","B",null,"M"],"character_chosen":"MARISA","items_purchased":["GrandCross","PowerUp+1","Singularity","Replay:Wax Seal"],"campfire_rested":4,"item_purchase_floors":[2,2,21,21],"current_hp_per_floor":[67,67,50,50,33,24,46,46,46,46,46,46,20,21,43,31,64,64,48,63,63,63,45,67,60,60,60,56,34,34,34,58,12,65,0,0],"gold":311,"neow_bonus":"RANDOM_EVENT","is_daily":false,"chose_seed":false,"campfire_upgraded":2,"win_rate":0.0,"timestamp":1607983438,"path_taken":["M","$","M","M","M","E","R","E","T","R","M","?","E","M","R","BOSS","M","M","?","?","?","E","R","E","T","R","M","E","?","M","R","BOSS","M"],"items_purchased_type":["Card","Card","Card","Relic"],"build_version":"2020-12-13","purchased_purges":1,"victory":false,"max_hp_per_floor":[75,75,75,75,75,75,75,75,75,75,75,75,75,75,75,75,75,75,75,75,75,75,75,75,75,75,75,75,83,83,83,83,83,83,83,83],"card_choices":[{"not_picked":["WitchOfGreed","Singularity"],"picked":"ShootingEcho","floor":1.0},{"not_picked":["ChargeUpSpray","UnstableBomb"],"picked":"WitchLeyline","floor":3.0},{"not_picked":["MysteriousBeam","DarkMatter"],"picked":"DeepEcoloBomb","floor":4.0},{"not_picked":["StarlightTyphoon","Occultation"],"picked":"Acceleration","floor":5.0},{"not_picked":["PulseMagic","IllusionStar"],"picked":"GrandCross","floor":6.0},{"not_picked":["BlazingStar","GalacticHalo","DC"],"picked":"SKIP","floor":8.0},{"not_picked":["Occultation","RefractionSpark","EventHorizon"],"picked":"SKIP","floor":11.0},{"not_picked":["EnergyRecoil","MachineGunSpark","DC"],"picked":"SKIP","floor":13.0},{"not_picked":["EnergyRecoil","DC"],"picked":"MachineGunSpark","floor":13.0},{"not_picked":["DarkSpark","OneTimeOff","GalacticHalo"],"picked":"SKIP","floor":14.0},{"not_picked":["FinalSpark","JA"],"picked":"SuperNova","floor":16.0},{"not_picked":["GravityBeat","SporeBomb"],"picked":"PowerUp+1","floor":18.0},{"not_picked":["ShootingEcho","UnstableBomb"],"picked":"MilkyWay","floor":19.0},{"not_picked":["WitchLeyline","IllusionStar"],"picked":"Acceleration","floor":22.0},{"not_picked":["BlazingStar","DoubleSpark"],"picked":"DeepEcoloBomb","floor":23.0},{"not_picked":["IllusionStar","DragonMeteor","SprinkleStarSeal"],"picked":"SKIP","floor":25.0},{"not_picked":["IllusionStar","SprinkleStarSeal"],"picked":"DragonMeteor","floor":25.0},{"not_picked":["SporeBomb","MilkyWay","OpenUniverse"],"picked":"SKIP","floor":28.0},{"not_picked":["WitchLeyline+1","PowerUp+1"],"picked":"Acceleration","floor":29.0},{"not_picked":["PowerUp","OortCloud","ManaRampage"],"picked":"SKIP","floor":31.0},{"not_picked":["CasketOfStar","FinalSpark"],"picked":"BinaryStars","floor":33}],"player_experience":493436,"relics_obtained":[{"floor":1.0,"key":"Baka"},{"floor":1.0,"key":"AddBug"},{"floor":3.0,"key":"Baka2"},{"floor":6.0,"key":"Frozen Egg 2"},{"floor":8.0,"key":"Mirror"},{"floor":9.0,"key":"GodSword7"},{"floor":11.0,"key":"SecretRecord"},{"floor":13.0,"key":"conspire:TopHat"},{"floor":14.0,"key":"SecretRecord"},{"floor":23.0,"key":"GodSword6"},{"floor":25.0,"key":"Replay:Bandana"},{"floor":26.0,"key":"Pet Ghost"},{"floor":29.0,"key":"Sundial"},{"floor":29.0,"key":"SecretRecord"},{"floor":33,"key":"SecretRecord"}],"event_choices":[{"damage_healed":0.0,"max_hp_gain":5.0,"max_hp_loss":0.0,"gold_gain":0.0,"event_name":"Big Fish","player_choice":"Donut","floor":0.0,"gold_loss":0.0,"damage_taken":0.0},{"damage_healed":15.0,"max_hp_gain":0.0,"max_hp_loss":0.0,"gold_gain":0.0,"event_name":"The Library","player_choice":"Heal","floor":20.0,"gold_loss":0.0,"damage_taken":0.0},{"damage_healed":0.0,"max_hp_gain":0.0,"max_hp_loss":0.0,"gold_gain":0.0,"event_name":"Forgotten Altar","player_choice":"Smashed Altar","floor":30.0,"gold_loss":0.0,"damage_taken":0.0,"cards_obtained":["Decay"]}],"is_beta":false,"boss_relics":[{"not_picked":["SacredBark","Replay:Grab Bag"],"picked":"SoulBox"},{"not_picked":["Ring of Chaos","Coffee Dripper"],"picked":"ChewingGum"}],"items_purged_floors":[21],"is_endless":false,"potions_floor_spawned":[5,6,13,14,19,22,28,29,31],"killed_by":"3 Darklings","ascension_level":18}}