{"host":"kag8mfq4or8nkqb2","time":1607914352,"event":{"mods":["2.2 Compatiblity","BaseMod","Downfall","Minty Spire (QoL Compilation)","StSLib"],"gold_per_floor":[99,111,122,32,48,73,73,73,99,24,24,39,39,39,52,52,52],"floor_reached":16,"playtime":811,"items_purged":["Guardian:Strike_Guardian"],"score":149,"play_id":"17d2e5c5-98cf-481c-b3a9-3dc5b73ba013","local_time":"20201214025232","is_ascension_mode":true,"campfire_choices":[{"data":"Guardian:BronzeOrb","floor":1,"key":"SMITH"},{"floor":10,"key":"REST"}],"circlet_count":0,"master_deck":["Guardian:Strike_Guardian","Guardian:Defend_Guardian","Guardian:Defend_Guardian","Guardian:CurlUp","Guardian:TwinSlam","Guardian:BronzeOrb+1","Guardian:DecasProtection","Guardian:PrismaticBarrier","Guardian:ShieldSpikes","Guardian:Orbwalk"],"relics":["Guardian:ModeShifter","Juzu Bracelet","Ornamental Fan","Shovel","downfall:HeartBlessingGreen","downfall:BrokenWingStatue"],"acts_visited":["Exordium"],"potions_floor_usage":[],"damage_taken":[{"damage":0,"enemies":"Cultist","floor":2,"turns":3},{"damage":0,"enemies":"Small Slimes","floor":3,"turns":4},{"damage":0,"enemies":"downfall:FleeingMerchant","floor":4,"turns":4},{"damage":0,"enemies":"Jaw Worm","floor":5,"turns":4},{"damage":39,"enemies":"Lagavulin","floor":6,"turns":17},{"damage":28,"enemies":"Gremlin Nob","floor":9,"turns":5},{"damage":3,"enemies":"3 Louse","floor":12,"turns":2},{"damage":4,"enemies":"Large Slime","floor":15,"turns":12},{"damage":33,"enemies":"downfall:Ironclad","floor":16,"turns":13}],"seed_played":"-7458854655410080756","potions_obtained":[{"floor":3,"key":"Guardian:BlockOnCardUsePotion"},{"floor":5,"key":"Dexterity Potion"},{"floor":9,"key":"FearPotion"}],"is_trial":false,"path_per_floor":["R","M","M","$","M","E","T","?","E","R","?","M","?","?","M","B"],"character_chosen":"GUARDIAN","items_purchased":[],"campfire_rested":1,"item_purchase_floors":[],"current_hp_per_floor":[72,72,72,72,72,33,33,33,5,29,29,26,26,26,22,0,0],"gold":52,"neow_bonus":"TRANSFORM_CARD","is_daily":false,"chose_seed":false,"campfire_upgraded":1,"win_rate":0.0,"timestamp":1607914352,"path_taken":["R","?","M","$","M","E","T","?","E","R","?","M","?","?","M","BOSS"],"items_purchased_type":[],"build_version":"2020-12-13","purchased_purges":1,"victory":false,"max_hp_per_floor":[80,80,80,80,80,80,80,80,80,80,80,80,80,80,80,80,80],"card_choices":[{"not_picked":["Guardian:PrismaticBeam","Guardian:Suspension","Guardian:ShieldCharger"],"picked":"SKIP","floor":2},{"not_picked":["Guardian:WalkerClaw","Guardian:Suspension","Guardian:ShieldCharger"],"picked":"SKIP","floor":3},{"not_picked":["Guardian:Harden","Guardian:Suspension"],"picked":"Guardian:DecasProtection","floor":4},{"not_picked":["Guardian:Gem_Red","Guardian:RollAttack","Guardian:PrimingBeam"],"picked":"SKIP","floor":5},{"not_picked":["Guardian:Planning","Guardian:ChargeCore","Guardian:GuardianWhirl"],"picked":"SKIP","floor":6},{"not_picked":["Guardian:VentSteam","Guardian:FierceBash","Guardian:Incinerate"],"picked":"SKIP","floor":9},{"not_picked":["Guardian:RefractedBeam","Guardian:VentSteam"],"picked":"Guardian:ShieldSpikes","floor":12},{"not_picked":["Guardian:Incinerate","Guardian:Harden"],"picked":"Guardian:Orbwalk","floor":15}],"player_experience":994848,"relics_obtained":[{"floor":6,"key":"Juzu Bracelet"},{"floor":7,"key":"Ornamental Fan"},{"floor":9,"key":"Shovel"}],"event_choices":[{"damage_healed":0,"gold_gain":0,"cards_transformed":["Guardian:Defend_Guardian"],"player_choice":"Change","damage_taken":0,"max_hp_gain":0,"max_hp_loss":0,"event_name":"Living Wall","floor":8,"gold_loss":0,"cards_obtained":["Guardian:PrismaticBarrier"]}],"is_beta":false,"boss_relics":[],"items_purged_floors":[4],"is_endless":false,"potions_floor_spawned":[3,5,9],"killed_by":"downfall:Ironclad","ascension_level":7}}