{"host":"79x1xq0joessh4ki","time":1607956979,"event":{"mods":["BaseMod","Hermit","Minty Spire (QoL Compilation)","Relic Stats","StSLib"],"gold_per_floor":[118,138,138,118,138,138,149,181,181,196,196,226,244,257,257,329,329,342,320,320,333,88,88,88,121,168,179,179,179],"floor_reached":28,"playtime":1091,"items_purged":["Bite"],"score":529,"play_id":"13f3dd19-6aab-4fa6-a218-8a3b680147c5","local_time":"20201214154259","is_ascension_mode":true,"campfire_choices":[{"data":"Bash","floor":6,"key":"SMITH"},{"data":"Uppercut","floor":11,"key":"SMITH"},{"data":"Inflame","floor":15,"key":"SMITH"},{"data":"Evolve","floor":24,"key":"SMITH"}],"circlet_count":0,"master_deck":["AscendersBane","Defend_R","Defend_R","Defend_R","Defend_R","Bash+1","Sever Soul","Anger","Cleave","Uppercut+1","Inflame+1","Feed","Battle Trance","Limit Break","Shrug It Off","Evolve+1","Bite","Bite","Bite","Bite","Shrug It Off","Disarm"],"relics":["Burning Blood","Ginger","Lizard Tail","Eternal Feather","Mark of Pain","Membership Card","Art of War","Smiling Mask"],"acts_visited":["Exordium","TheCity"],"potions_floor_usage":[8,12,16,18,21,25,27],"damage_taken":[{"damage":8,"enemies":"2 Louse","floor":1,"turns":3},{"damage":2,"enemies":"Cultist","floor":2,"turns":4},{"damage":14,"enemies":"Jaw Worm","floor":5,"turns":6},{"damage":5,"enemies":"3 Louse","floor":7,"turns":5},{"damage":30,"enemies":"Lagavulin","floor":8,"turns":4},{"damage":11,"enemies":"Lots of Slimes","floor":10,"turns":4},{"damage":8,"enemies":"Gremlin Nob","floor":12,"turns":3},{"damage":16,"enemies":"Blue Slaver","floor":13,"turns":5},{"damage":18,"enemies":"Large Slime","floor":14,"turns":4},{"damage":23,"enemies":"Hexaghost","floor":16,"turns":8},{"damage":28,"enemies":"Shell Parasite","floor":18,"turns":4},{"damage":20,"enemies":"2 Thieves","floor":19,"turns":4},{"damage":39,"enemies":"Snake Plant","floor":21,"turns":5},{"damage":58,"enemies":"Slavers","floor":25,"turns":5},{"damage":13,"enemies":"Snecko","floor":27,"turns":5},{"damage":24,"enemies":"Centurion and Healer","floor":28,"turns":2}],"seed_played":"-2087425989400923830","potions_obtained":[{"floor":4,"key":"LiquidBronze"},{"floor":5,"key":"Energy Potion"},{"floor":10,"key":"Swift Potion"},{"floor":12,"key":"AttackPotion"},{"floor":19,"key":"SkillPotion"},{"floor":21,"key":"SteroidPotion"},{"floor":23,"key":"HeartOfIron"},{"floor":25,"key":"EssenceOfSteel"}],"is_trial":false,"path_per_floor":["M","M","?","?","M","R","M","E","T","M","R","E","M","M","R","B",null,"M","M","?","M","$","?","R","E","T","M","M"],"character_chosen":"IRONCLAD","items_purchased":["Membership Card","Shrug It Off","Disarm"],"campfire_rested":0,"item_purchase_floors":[22,22,22],"current_hp_per_floor":[73,77,70,70,62,62,63,39,39,34,34,32,25,16,25,11,71,49,38,38,15,15,15,27,19,19,20,0,0],"gold":179,"neow_bonus":"TEN_PERCENT_HP_BONUS","is_daily":false,"chose_seed":false,"campfire_upgraded":4,"win_rate":0.0,"timestamp":1607956979,"path_taken":["M","M","?","?","M","R","?","E","T","?","R","E","M","M","R","BOSS","M","M","?","M","$","?","R","E","T","?","M"],"items_purchased_type":["Relic","Card","Card"],"build_version":"2020-12-13","purchased_purges":1,"victory":false,"max_hp_per_floor":[82,82,82,82,82,82,82,82,82,82,82,82,85,88,88,91,91,91,94,65,65,65,65,65,68,68,68,68,68],"relic_stats":{"Lizard Tail":32,"counters":[16,71],"Eternal Feather":21,"Art of War":[0],"Ginger":[13],"Smiling Mask":0,"obtain_stats":[{"Lizard Tail":9,"Eternal Feather":12,"Mark of Pain":17,"Art of War":25,"Ginger":8,"Membership Card":22,"Smiling Mask":26,"Burning Blood":0},{"Lizard Tail":5,"Eternal Feather":7,"Mark of Pain":10,"Art of War":14,"Ginger":5,"Membership Card":13,"Smiling Mask":14,"Burning Blood":0},{"Lizard Tail":22,"Eternal Feather":29,"Mark of Pain":46,"Art of War":64,"Ginger":22,"Membership Card":59,"Smiling Mask":64,"Burning Blood":0}],"Burning Blood":90},"card_choices":[{"not_picked":["Pommel Strike","Shrug It Off"],"picked":"Sever Soul","floor":1},{"not_picked":["True Grit","Evolve","Perfected Strike"],"picked":"SKIP","floor":2},{"not_picked":["True Grit","Cleave"],"picked":"Anger","floor":5},{"not_picked":["Second Wind","Dual Wield"],"picked":"Cleave","floor":7},{"not_picked":["Juggernaut","Havoc"],"picked":"Uppercut","floor":8},{"not_picked":["Perfected Strike","Iron Wave"],"picked":"Inflame","floor":10},{"not_picked":["Hemokinesis","Twin Strike"],"picked":"Feed","floor":12},{"not_picked":["Warcry","Perfected Strike"],"picked":"Battle Trance","floor":13},{"not_picked":["Inflame","Pummel","Thunderclap"],"picked":"SKIP","floor":14},{"not_picked":["Juggernaut","Berserk"],"picked":"Limit Break","floor":16},{"not_picked":["Clothesline","Havoc"],"picked":"Shrug It Off","floor":18},{"not_picked":["Shrug It Off","Cleave+1"],"picked":"Evolve","floor":19},{"not_picked":["Rampage","Wild Strike","Sever Soul"],"picked":"SKIP","floor":21},{"not_picked":["Body Slam","Clash","Clothesline"],"picked":"SKIP","floor":25},{"not_picked":["Armaments","Berserk","Clash"],"picked":"SKIP","floor":27}],"player_experience":692688,"relics_obtained":[{"floor":8,"key":"Ginger"},{"floor":9,"key":"Lizard Tail"},{"floor":12,"key":"Eternal Feather"},{"floor":25,"key":"Art of War"},{"floor":26,"key":"Smiling Mask"}],"event_choices":[{"cards_removed":["Strike_R"],"damage_healed":0,"gold_gain":0,"player_choice":"Card Removal","damage_taken":7,"max_hp_gain":0,"max_hp_loss":0,"event_name":"Golden Wing","floor":3,"gold_loss":0},{"damage_healed":0,"gold_gain":0,"player_choice":"Bought 1 Potion","damage_taken":0,"max_hp_gain":0,"max_hp_loss":0,"event_name":"The Woman in Blue","floor":4,"gold_loss":0},{"damage_healed":0,"gold_gain":0,"player_choice":"Became a vampire","damage_taken":0,"max_hp_gain":0,"max_hp_loss":29,"event_name":"Vampires","floor":20,"gold_loss":0,"cards_obtained":["Bite","Bite","Bite","Bite","Bite"]},{"damage_healed":0,"gold_gain":0,"player_choice":"Got Potions","damage_taken":0,"max_hp_gain":0,"max_hp_loss":0,"event_name":"Lab","floor":23,"gold_loss":0}],"is_beta":false,"boss_relics":[{"not_picked":["SacredBark","Busted Crown"],"picked":"Mark of Pain"}],"items_purged_floors":[22],"is_endless":false,"potions_floor_spawned":[5,7,10,12,19,21,25],"killed_by":"Centurion and Healer","ascension_level":20}}