{"host":"vfg9szunmpjwj08o","time":1607981800,"event":{"mods":["Act Like it!","BaseMod","Challenge The Spire","Colored Map","Colored Powertips","Minty Spire (QoL Compilation)","StSLib","Waifu the Spire"],"gold_per_floor":[109,184,334,384,66,66,94,113,113,113,113],"floor_reached":10,"playtime":159,"items_purged":["Doubt"],"score":169,"play_id":"28f2bd4e-619f-4c1a-910d-e310179c3ea0","local_time":"20201214223640","is_ascension_mode":true,"campfire_choices":[{"data":"Zap","floor":6,"key":"SMITH"}],"circlet_count":0,"master_deck":["AscendersBane","Strike_B","Strike_B","Strike_B","Strike_B","Defend_B","Defend_B","Defend_B","Defend_B","Zap+1","Dualcast","Go for the Eyes","Coolheaded","Barrage","Echo Form","Coolheaded"],"relics":["Cracked Core","NeowsBlessing","Runic Capacitor","Tiny Chest","Juzu Bracelet"],"acts_visited":["Exordium"],"potions_floor_usage":[],"damage_taken":[{"damage":0,"enemies":"Jaw Worm","floor":1,"turns":1},{"damage":0,"enemies":"Lagavulin","floor":7,"turns":1},{"damage":0,"enemies":"2 Louse","floor":8,"turns":1},{"damage":70,"enemies":"Gremlin Nob","floor":10,"turns":4}],"seed_played":"-2227613855004927491","potions_obtained":[],"is_trial":false,"path_per_floor":["M","?","?","?","$","R","E","M","T","E"],"character_chosen":"DEFECT","items_purchased":["Runic Capacitor","Coolheaded","Barrage"],"campfire_rested":0,"item_purchase_floors":[5,5,5],"current_hp_per_floor":[64,53,53,46,46,46,46,46,46,0,0],"gold":113,"neow_bonus":"THREE_ENEMY_KILL","is_daily":false,"chose_seed":false,"campfire_upgraded":1,"win_rate":0.0,"timestamp":1607981800,"path_taken":["M","?","?","?","$","R","E","?","T","E"],"items_purchased_type":["Relic","Card","Card"],"build_version":"2020-12-13","purchased_purges":1,"victory":false,"max_hp_per_floor":[71,71,71,71,71,71,71,71,71,71,71],"card_choices":[{"not_picked":["Leap","Turbo"],"picked":"Go for the Eyes","floor":1},{"not_picked":["Conserve Battery","Turbo"],"picked":"Echo Form","floor":7},{"not_picked":["Rebound","Redo"],"picked":"Coolheaded","floor":8}],"player_experience":985563,"relics_obtained":[{"floor":7,"key":"Tiny Chest"},{"floor":9,"key":"Juzu Bracelet"}],"event_choices":[{"damage_healed":0,"gold_gain":75,"player_choice":"Gather Gold","damage_taken":11,"max_hp_gain":0,"max_hp_loss":0,"event_name":"World of Goop","floor":2,"gold_loss":0},{"damage_healed":0,"gold_gain":150,"player_choice":"AGREE","damage_taken":0,"max_hp_gain":0,"max_hp_loss":0,"event_name":"Liars Game","floor":3,"gold_loss":0,"cards_obtained":["Doubt"]},{"damage_healed":0,"gold_gain":50,"player_choice":"Touch","damage_taken":7,"max_hp_gain":0,"max_hp_loss":0,"event_name":"FaceTrader","floor":4,"gold_loss":0}],"is_beta":false,"boss_relics":[],"items_purged_floors":[5],"is_endless":false,"potions_floor_spawned":[],"killed_by":"Gremlin Nob","ascension_level":18}}