{"host":"ks12kfi5c4d9hdxy","time":1607977556,"event":{"mods":["BaseMod","Conspire","GifTheSpireLib","Koishi","LagranYue(拉格朗・月)","Marisa（F雨　魔理沙）","Minty Spire (QoL Compilation)","Reimu（博丽灵梦）","Remilia（蕾米莉亚）","Replay The Spire","RumiaBox-露米娅的神秘盒子","StSLib","SuperFastMode","The Administrix","The Servant 0.9.4","Youmu（魂魄妖梦）","Yuyuko","【功能Mod】混沌之环修复补丁","【功能Mod】聪明的最终Boss","篝火指南"],"gold_per_floor":[116,132,132,55,55,88,102,102,102,128,128,156,176,176,176,252,252,270,270,288,336,336,336],"floor_reached":22,"playtime":454,"items_purged":[],"score":431,"play_id":"1ec70271-54bd-4e90-be9c-f3b51d37cf96","local_time":"20201215042556","is_ascension_mode":true,"campfire_choices":[{"data":"StarBarrage","floor":8.0,"key":"SMITH"},{"floor":11,"key":"REST"},{"data":"MillisecondPulsars","floor":15,"key":"SMITH"}],"circlet_count":0,"master_deck":["AscendersBane","Strike_MRS","Strike_MRS","Strike_MRS","Strike_MRS","Defend_MRS","Defend_MRS","Defend_MRS","Defend_MRS","MasterSpark+1","UpSweep","PropBag+1","StarBarrage+1","FairyDestructionRay","Acceleration","MillisecondPulsars+1","Acceleration","MilkyWay","AsteroidBelt"],"relics":["MiniHakkero","LagranYue:RandomDrawCardRelic","NeowsBlessing","LastBattle","Ginger","Regal Pillow","Dream Catcher","Replay:Accelerometer","RampagingMagicTools","Orichalcum"],"acts_visited":["Exordium","TheCity"],"potions_floor_usage":[13,22],"damage_taken":[{"damage":0.0,"enemies":"Cultist","floor":1.0,"turns":1.0},{"damage":0.0,"enemies":"Small Slimes","floor":2.0,"turns":1.0},{"damage":0.0,"enemies":"Lagavulin","floor":6.0,"turns":1.0},{"damage":0.0,"enemies":"2 Louse","floor":7.0,"turns":2.0},{"damage":32,"enemies":"Gremlin Nob","floor":10,"turns":4},{"damage":40,"enemies":"3 Sentries","floor":12,"turns":10},{"damage":10,"enemies":"Exordium Wildlife","floor":13,"turns":5},{"damage":38,"enemies":"Slime Boss","floor":16,"turns":7},{"damage":24,"enemies":"Chosen","floor":18,"turns":5},{"damage":12,"enemies":"Shell Parasite","floor":20,"turns":2},{"damage":19,"enemies":"Snake Plant","floor":22,"turns":1}],"seed_played":"8154984616691370139","potions_obtained":[{"floor":1.0,"key":"LiquidBronze"},{"floor":7.0,"key":"Doom Potion"},{"floor":12,"key":"Block Potion"},{"floor":20,"key":"ColorlessPotion"}],"is_trial":false,"path_per_floor":["M","M","?","$","?","E","M","R","T","E","R","E","M","?","R","B",null,"M","?","M","T","M"],"character_chosen":"MARISA","items_purchased":["StarBarrage"],"campfire_rested":1,"item_purchase_floors":[4],"current_hp_per_floor":[63,63,63,63,63,63,63,63,63,31,67,27,17,40,40,2,53,29,29,17,17,0,0],"gold":336,"neow_bonus":"THREE_ENEMY_KILL","is_daily":false,"chose_seed":false,"campfire_upgraded":2,"win_rate":0.0,"timestamp":1607977556,"path_taken":["M","M","?","$","?","E","?","R","T","E","R","E","M","?","R","BOSS","M","?","?","?","M"],"items_purchased_type":["Card"],"build_version":"2020-12-13","purchased_purges":0,"victory":false,"max_hp_per_floor":[70,70,70,70,70,70,70,70,70,70,70,70,70,70,70,70,70,70,70,70,70,70,70],"card_choices":[{"not_picked":["DarkMatter","SporeBomb"],"picked":"DragonMeteor","floor":1.0},{"not_picked":["DragonMeteor","DC","UnstableBomb"],"picked":"SKIP","floor":2.0},{"not_picked":["LuminesStrike","DC"],"picked":"FairyDestructionRay","floor":6.0},{"not_picked":["AsteroidBelt","ChargeUpSpray"],"picked":"Acceleration","floor":7.0},{"not_picked":["GalacticHalo","WitchLeyline"],"picked":"MillisecondPulsars","floor":10},{"not_picked":["UnstableBomb","WitchOfGreed","StarlightTyphoon"],"picked":"SKIP","floor":12},{"not_picked":["SporeBomb","DeepEcoloBomb"],"picked":"Acceleration","floor":13},{"not_picked":["ManaConvection+1","OpenUniverse"],"picked":"MilkyWay","floor":18},{"not_picked":["OpenUniverse","IllusionStar"],"picked":"AsteroidBelt","floor":20}],"player_experience":489071,"relics_obtained":[{"floor":6.0,"key":"Ginger"},{"floor":9.0,"key":"Regal Pillow"},{"floor":10,"key":"Dream Catcher"},{"floor":12,"key":"Replay:Accelerometer"},{"floor":21,"key":"Orichalcum"}],"event_choices":[{"damage_healed":0.0,"max_hp_gain":0.0,"max_hp_loss":0.0,"gold_gain":0.0,"event_name":"WeMeetAgain","player_choice":"Gave Potion","floor":5.0,"gold_loss":0.0,"damage_taken":0.0,"relics_obtained":["LastBattle"]},{"damage_healed":23,"gold_gain":0,"player_choice":"Banana","damage_taken":0,"max_hp_gain":0,"max_hp_loss":0,"event_name":"Big Fish","floor":14,"gold_loss":0},{"damage_healed":0,"gold_gain":0,"player_choice":"Forge","damage_taken":0,"max_hp_gain":0,"max_hp_loss":0,"event_name":"Accursed Blacksmith","floor":19,"gold_loss":0,"cards_upgraded":["MasterSpark"]}],"is_beta":false,"boss_relics":[{"not_picked":["Replay:Ancient Bell","Velvet Choker"],"picked":"RampagingMagicTools"}],"items_purged_floors":[],"is_endless":false,"potions_floor_spawned":[1,7,12,20],"killed_by":"Snake Plant","ascension_level":18}}