{"host":"ks12kfi5c4d9hdxy","time":1607970450,"event":{"mods":["BaseMod","Conspire","GifTheSpireLib","HololiveMod","Koishi","LagranYue(拉格朗・月)","Marisa（F雨　魔理沙）","Minty Spire (QoL Compilation)","Reimu（博丽灵梦）","Remilia（蕾米莉亚）","Replay The Spire","RumiaBox-露米娅的神秘盒子","StSLib","SuperFastMode","The Administrix","The Servant 0.9.4","Youmu（魂魄妖梦）","Yuyuko","【功能Mod】混沌之环修复补丁","【功能Mod】聪明的最终Boss","篝火指南"],"gold_per_floor":[115,115,10,22,92,92,123,116,116,150,200,260,294,311,311,385,385,405,455,524,494,512,512,546,566,566,594,644,644,609,62,62,62,62],"floor_reached":33,"playtime":870,"items_purged":["Strike_MRS"],"score":648,"play_id":"86399bfb-c6a8-494f-a203-fb097b889d10","local_time":"20201215022730","is_ascension_mode":true,"campfire_choices":[{"data":"UpSweep","floor":6.0,"key":"SMITH"},{"floor":15.0,"key":"REST"},{"floor":23.0,"key":"REST"},{"floor":29,"key":"REST"},{"data":"ManaRampage","floor":32,"key":"SMITH"}],"circlet_count":0,"master_deck":["AscendersBane","Strike_MRS","Strike_MRS","Strike_MRS","Defend_MRS+1","Defend_MRS+1","Defend_MRS+1","Defend_MRS+1","MasterSpark","UpSweep+1","WitchLeyline","EarthLightRay","ShootingEcho","WitchLeyline","SprinkleStarSeal","ShootingEcho","BlazingStar","DragonMeteor","ManaRampage+1","Acceleration","ChargingUp","ManaRampage","AsteroidBelt"],"relics":["MiniHakkero","LagranYue:RandomDrawCardRelic","NeowsBlessing","SsserpentHead","Replay:Ringing Soul","Pear","Bronze Scales","PlanX","Oddly Smooth Stone","Busted Crown","ZunR:ReiMu","Replay:Bottled Eggs","InkBottle","ReplayFunnel","conspire:Flyswatter","AntiCross","conspire:TreasureMap","Potion Belt"],"acts_visited":["Exordium","TheCity"],"potions_floor_usage":[24,27],"damage_taken":[{"damage":0.0,"enemies":"Small Slimes","floor":1.0,"turns":1.0},{"damage":0.0,"enemies":"Cultist","floor":4.0,"turns":1.0},{"damage":0.0,"enemies":"2 Louse","floor":5.0,"turns":1.0},{"damage":34.0,"enemies":"Gremlin Nob","floor":7.0,"turns":4.0},{"damage":12.0,"enemies":"3 Sentries","floor":10.0,"turns":5.0},{"damage":10.0,"enemies":"Exordium Thugs","floor":12.0,"turns":4.0},{"damage":19.0,"enemies":"Lagavulin","floor":13.0,"turns":4.0},{"damage":2.0,"enemies":"Large Slime","floor":14.0,"turns":2.0},{"damage":55.0,"enemies":"Fading Forest","floor":16.0,"turns":11.0},{"damage":0.0,"enemies":"2 Thieves","floor":18.0,"turns":1.0},{"damage":21.0,"enemies":"Chosen","floor":20.0,"turns":5.0},{"damage":16.0,"enemies":"Centurion and Healer","floor":22.0,"turns":4.0},{"damage":24,"enemies":"Slavers","floor":24,"turns":4},{"damage":2,"enemies":"3 Cultists","floor":25,"turns":2},{"damage":27,"enemies":"Gremlin Leader","floor":27,"turns":6},{"damage":96,"enemies":"Automaton","floor":33,"turns":6}],"seed_played":"-8388436615834846351","potions_obtained":[{"floor":5.0,"key":"ColorlessPotion"},{"floor":10.0,"key":"Languid Potion"},{"floor":12.0,"key":"Dexterity Potion"},{"floor":14.0,"key":"Block Potion"},{"floor":16.0,"key":"SneckoOil"},{"floor":18.0,"key":"Ancient Potion"},{"floor":22.0,"key":"Strength Potion"},{"floor":24,"key":"SteroidPotion"}],"is_trial":false,"path_per_floor":["M","?","$","M","M","R","E","?","T","E","?","M","E","M","R","B",null,"M","?","M","?","M","R","E","M","T","E","?","R","?","$","R","B"],"character_chosen":"MARISA","items_purchased":["WitchLeyline","AntiCross","conspire:TreasureMap","Potion Belt"],"campfire_rested":3,"item_purchase_floors":[3,31,31,31],"current_hp_per_floor":[63,63,63,63,67,67,39,39,49,44,44,41,29,30,58,18,78,81,84,67,57,45,76,56,54,54,31,31,62,62,62,62,0,0],"gold":62,"neow_bonus":"THREE_ENEMY_KILL","is_daily":false,"chose_seed":false,"campfire_upgraded":2,"win_rate":0.0,"timestamp":1607970450,"path_taken":["M","?","$","M","?","R","E","?","T","E","?","?","E","M","R","BOSS","M","?","?","?","M","R","E","M","T","E","?","R","?","?","R","BOSS"],"items_purchased_type":["Card","Relic","Relic","Relic"],"build_version":"2020-12-13","purchased_purges":1,"victory":false,"max_hp_per_floor":[70,70,70,70,70,70,73,73,83,86,86,89,92,95,95,98,98,101,104,104,104,104,104,104,104,104,104,104,104,104,104,104,104,104],"card_choices":[{"not_picked":["Acceleration","GravityBeat","IllusionStar"],"picked":"SKIP","floor":1.0},{"not_picked":["IllusionStar","OrrerysSun"],"picked":"EarthLightRay","floor":4.0},{"not_picked":["SporeBomb","GalacticHalo"],"picked":"ShootingEcho","floor":5.0},{"not_picked":["ShootingEcho","UnstableBomb"],"picked":"WitchLeyline","floor":7.0},{"not_picked":["NonDirectionalLaser","DarkMatter"],"picked":"SprinkleStarSeal","floor":10.0},{"not_picked":["OrrerysSun","OneTimeOff"],"picked":"ShootingEcho","floor":12.0},{"not_picked":["Acceleration","MagicChant"],"picked":"BlazingStar","floor":13.0},{"not_picked":["AsteroidBelt","StarBarrage"],"picked":"DragonMeteor","floor":14.0},{"not_picked":["SatelliteIllusion","FinalSpark"],"picked":"ManaRampage","floor":16.0},{"not_picked":[],"picked":"Acceleration","floor":18.0},{"not_picked":["MysteriousBeam+1"],"picked":"SKIP","floor":20.0},{"not_picked":["GrandCross"],"picked":"SKIP","floor":22.0},{"not_picked":["RefractionSpark"],"picked":"SKIP","floor":24},{"not_picked":["RefractionSpark"],"picked":"SKIP","floor":24},{"not_picked":["AsteroidBelt"],"picked":"SKIP","floor":25},{"not_picked":["ChargeUpSpray"],"picked":"SKIP","floor":27}],"player_experience":484883,"relics_obtained":[{"floor":7.0,"key":"Replay:Ringing Soul"},{"floor":9.0,"key":"Pear"},{"floor":10.0,"key":"Bronze Scales"},{"floor":13.0,"key":"Oddly Smooth Stone"},{"floor":24,"key":"Replay:Bottled Eggs"},{"floor":26,"key":"InkBottle"},{"floor":27,"key":"ReplayFunnel"}],"event_choices":[{"damage_healed":0.0,"max_hp_gain":0.0,"max_hp_loss":0.0,"gold_gain":0.0,"event_name":"FaceTrader","player_choice":"Trade","floor":2.0,"gold_loss":0.0,"damage_taken":0.0,"relics_obtained":["SsserpentHead"]},{"damage_healed":0.0,"max_hp_gain":0.0,"max_hp_loss":0.0,"gold_gain":0.0,"event_name":"World of Goop","player_choice":"Left Gold","floor":8.0,"gold_loss":57.0,"damage_taken":0.0},{"damage_healed":0.0,"max_hp_gain":0.0,"max_hp_loss":0.0,"gold_gain":0.0,"event_name":"WeMeetAgain","player_choice":"Gave Potion","floor":11.0,"gold_loss":0.0,"damage_taken":0.0,"relics_obtained":["PlanX"]},{"damage_healed":0.0,"max_hp_gain":0.0,"max_hp_loss":0.0,"gold_gain":0.0,"event_name":"Match and Keep!","player_choice":"3 cards matched","floor":19.0,"gold_loss":0.0,"damage_taken":0.0,"cards_obtained":["ChargingUp","ManaRampage","AsteroidBelt"]},{"damage_healed":0.0,"max_hp_gain":0.0,"max_hp_loss":0.0,"gold_gain":0.0,"event_name":"ZunEvent","player_choice":"购买神酒","floor":21.0,"gold_loss":0.0,"damage_taken":10.0,"relics_obtained":["ZunR:ReiMu"]},{"damage_healed":0,"gold_gain":0,"player_choice":"Obtained Relic","damage_taken":0,"relics_obtained":["conspire:Flyswatter"],"max_hp_gain":0,"max_hp_loss":0,"event_name":"Addict","floor":30,"gold_loss":85}],"is_beta":false,"boss_relics":[{"not_picked":["RampagingMagicTools","conspire:RunicOctahedron"],"picked":"Busted Crown"}],"items_purged_floors":[3],"is_endless":false,"potions_floor_spawned":[5,10,12,14,16,18,22,24],"killed_by":"Automaton","ascension_level":18}}