{"host":"v0dnu0zs4qo0v13s","time":1607981731,"event":{"mods":["BaseMod","Colored Map","Colored Powertips","Minty Spire (QoL Compilation)","Relic Stats","StSLib","SuperFastMode","everything is the same but u backflip on backflip"],"gold_per_floor":[116,128,17,31,43,68,68,16,16,16,92,118,137,162,162,266,266,286,286,385,134,134,134,167,179,191,203,241,271,15,15,15,110,110,125,142,142,195,18,18,51,51,99,124,135,154,454,454,454,454],"floor_reached":51,"playtime":3033,"items_purged":["Defend_P","Shame","Defend_P","Strike_P"],"score":1115,"play_id":"56944424-cc78-4951-927e-99f145a0ecd3","local_time":"20201214163531","is_ascension_mode":true,"campfire_choices":[{"data":"Collect","floor":7.0,"key":"SMITH"},{"data":"Adaptation","floor":10.0,"key":"SMITH"},{"floor":15.0,"key":"REST"},{"data":"Alpha","floor":23.0,"key":"SMITH"},{"floor":25.0,"key":"REST"},{"data":"WindmillStrike","floor":27.0,"key":"SMITH"},{"floor":32.0,"key":"REST"},{"data":"FlurryOfBlows","floor":40.0,"key":"SMITH"},{"data":"LikeWater","floor":42.0,"key":"SMITH"},{"floor":49,"key":"REST"}],"circlet_count":0,"master_deck":["Strike_P+1","Strike_P","Strike_P","Defend_P","Defend_P","Eruption+1","Vigilance+1","CurseOfTheBell","Evaluate","Alpha+1","LikeWater+1","Adaptation+1","Collect+1","Nirvana","WindmillStrike+1","CutThroughFate","Omniscience","FearNoEvil","Omniscience","Protect","ThirdEye+1","Omniscience","SandsOfTime+1","Wireheading","FlurryOfBlows+1","DeceiveReality+1"],"relics":["Calling Bell","Lantern","Shuriken","CloakClasp","Toy Ornithopter","Whetstone","Pear","Singing Bowl","GoldenEye","Snecko Eye","Ancient Tea Set","MawBank","Dead Branch","Question Card","Juzu Bracelet","Runic Pyramid","Torii","Mercury Hourglass","Bag of Preparation","Toxic Egg 2","Old Coin"],"acts_visited":["Exordium","TheCity","TheBeyond"],"potions_floor_usage":[45,50],"damage_taken":[{"damage":11.0,"enemies":"Cultist","floor":1.0,"turns":6.0},{"damage":0.0,"enemies":"Jaw Worm","floor":2.0,"turns":3.0},{"damage":3.0,"enemies":"2 Louse","floor":4.0,"turns":4.0},{"damage":1.0,"enemies":"Blue Slaver","floor":5.0,"turns":7.0},{"damage":4.0,"enemies":"Gremlin Nob","floor":6.0,"turns":3.0},{"damage":21.0,"enemies":"3 Sentries","floor":12.0,"turns":5.0},{"damage":0.0,"enemies":"Exordium Wildlife","floor":13.0,"turns":3.0},{"damage":30.0,"enemies":"Gremlin Nob","floor":14.0,"turns":6.0},{"damage":22.0,"enemies":"Hexaghost","floor":16.0,"turns":7.0},{"damage":11.0,"enemies":"Shell Parasite","floor":18.0,"turns":4.0},{"damage":33.0,"enemies":"Slavers","floor":24.0,"turns":4.0},{"damage":17.0,"enemies":"Book of Stabbing","floor":28.0,"turns":4.0},{"damage":0.0,"enemies":"Spheric Guardian","floor":29.0,"turns":4.0},{"damage":0.0,"enemies":"Automaton","floor":33.0,"turns":2.0},{"damage":0.0,"enemies":"3 Shapes","floor":35.0,"turns":2.0},{"damage":11.0,"enemies":"Orb Walker","floor":36.0,"turns":3.0},{"damage":0.0,"enemies":"2 Orb Walkers","floor":38.0,"turns":1.0},{"damage":0.0,"enemies":"Nemesis","floor":41.0,"turns":5.0},{"damage":54.0,"enemies":"Giant Head","floor":44.0,"turns":7.0},{"damage":0,"enemies":"Spire Growth","floor":45,"turns":2},{"damage":0,"enemies":"Sphere and 2 Shapes","floor":46,"turns":2},{"damage":31,"enemies":"Awakened One","floor":50,"turns":4}],"seed_played":"8542159823489662006","potions_obtained":[{"floor":1.0,"key":"DuplicationPotion"},{"floor":4.0,"key":"BottledMiracle"},{"floor":5.0,"key":"Swift Potion"},{"floor":12.0,"key":"Strength Potion"},{"floor":14.0,"key":"Strength Potion"},{"floor":16.0,"key":"BlessingOfTheForge"},{"floor":28.0,"key":"Swift Potion"},{"floor":29.0,"key":"CultistPotion"},{"floor":38.0,"key":"Weak Potion"},{"floor":41.0,"key":"LiquidBronze"},{"floor":44.0,"key":"DuplicationPotion"}],"is_trial":false,"path_per_floor":["M","M","$","M","M","E","R","$","T","R","T","E","M","E","R","B",null,"M","?","?","$","?","R","E","R","T","R","E","M","$","?","R","B",null,"M","M","?","?","$","R","E","R","T","E","M","M","?","?","R","B",null],"character_chosen":"WATCHER","items_purchased":["LikeWater","SkillPotion","Omniscience","Juzu Bracelet","FlurryOfBlows"],"campfire_rested":4,"item_purchase_floors":[3,8,21,30,39],"current_hp_per_floor":[61,61,61,58,57,53,53,53,53,53,63,47,49,24,49,32,71,65,65,65,65,49,49,18,45,45,45,28,28,28,28,55,55,82,87,76,76,78,78,78,85,85,85,33,40,42,42,42,70,44],"gold":454,"neow_bonus":"BOSS_RELIC","is_daily":false,"chose_seed":false,"campfire_upgraded":6,"win_rate":0.0,"timestamp":1607981731,"path_taken":["M","M","$","M","M","E","R","?","T","R","?","E","?","E","R","BOSS","M","?","?","$","?","R","E","R","T","R","E","M","?","?","R","BOSS","M","M","?","?","$","R","E","R","T","E","M","M","?","?","R","BOSS"],"items_purchased_type":["Card","Potion","Card","Relic","Card"],"build_version":"2020-12-13","purchased_purges":4,"victory":true,"max_hp_per_floor":[72,72,72,72,72,72,72,72,72,72,82,82,84,84,84,84,84,84,84,84,84,89,89,91,91,91,91,91,91,91,91,91,91,91,91,91,86,88,88,88,90,90,90,92,94,96,96,96,96,96],"relic_stats":{"Singing Bowl":14,"Torii":0,"counters":[22,88],"Dead Branch":[62],"CloakClasp":[421],"Juzu Bracelet":3,"Bag of Preparation":[8],"Whetstone":["Strike_P","Eruption"],"GoldenEye":[18],"MawBank":72,"Question Card":9,"Mercury Hourglass":[57],"Shuriken":[15],"Snecko Eye":[57,47,68,50],"obtain_stats":[{"Lantern":0,"Pear":11,"Singing Bowl":12,"Torii":38,"Dead Branch":26,"CloakClasp":0,"Juzu Bracelet":30,"Bag of Preparation":43,"Whetstone":9,"GoldenEye":14,"Ancient Tea Set":19,"MawBank":24,"Question Card":28,"Mercury Hourglass":41,"Old Coin":47,"Calling Bell":0,"Shuriken":0,"Snecko Eye":17,"PureWater":0,"Toxic Egg 2":44,"Toy Ornithopter":6,"Runic Pyramid":34},{"Lantern":0,"Pear":5,"Singing Bowl":6,"Torii":17,"Dead Branch":11,"CloakClasp":0,"Juzu Bracelet":13,"Bag of Preparation":18,"Whetstone":5,"GoldenEye":8,"Ancient Tea Set":10,"MawBank":11,"Question Card":12,"Mercury Hourglass":18,"Old Coin":21,"Calling Bell":0,"Shuriken":0,"Snecko Eye":9,"PureWater":0,"Toxic Egg 2":19,"Toy Ornithopter":5,"Runic Pyramid":14},{"Lantern":0,"Pear":23,"Singing Bowl":28,"Torii":68,"Dead Branch":52,"CloakClasp":0,"Juzu Bracelet":60,"Bag of Preparation":73,"Whetstone":23,"GoldenEye":37,"Ancient Tea Set":48,"MawBank":52,"Question Card":56,"Mercury Hourglass":73,"Old Coin":84,"Calling Bell":0,"Shuriken":0,"Snecko Eye":44,"PureWater":0,"Toxic Egg 2":80,"Toy Ornithopter":23,"Runic Pyramid":62}],"Toy Ornithopter":40},"card_choices":[{"not_picked":["Indignation","Consecrate"],"picked":"Evaluate","floor":1.0},{"not_picked":["Protect","ClearTheMind"],"picked":"Alpha","floor":2.0},{"not_picked":["JustLucky","SashWhip"],"picked":"Adaptation","floor":4.0},{"not_picked":["BowlingBash","BattleHymn"],"picked":"Collect","floor":5.0},{"not_picked":["Evaluate","Collect"],"picked":"Nirvana","floor":6.0},{"not_picked":["PathToVictory","Protect"],"picked":"WindmillStrike","floor":12.0},{"not_picked":["Vengeance","Evaluate","PathToVictory"],"picked":"Singing Bowl","floor":13.0},{"not_picked":["Consecrate","Brilliance"],"picked":"CutThroughFate","floor":14.0},{"not_picked":["DevaForm","MasterReality"],"picked":"Omniscience","floor":16.0},{"not_picked":["BattleHymn","CarveReality"],"picked":"FearNoEvil","floor":18.0},{"not_picked":["FlurryOfBlows","BowlingBash","Evaluate+1"],"picked":"Singing Bowl","floor":24.0},{"not_picked":["CutThroughFate","Consecrate"],"picked":"Protect","floor":28.0},{"not_picked":["JustLucky+1","Protect","Wish"],"picked":"ThirdEye+1","floor":29.0},{"not_picked":["Brilliance","Wish","SpiritShield"],"picked":"LessonLearned","floor":33.0},{"not_picked":["CrushJoints","CutThroughFate","Evaluate"],"picked":"SandsOfTime+1","floor":35.0},{"not_picked":["Prostrate","EmptyMind","BattleHymn+1"],"picked":"Wireheading","floor":36.0},{"not_picked":["PathToVictory","EmptyBody+1","Sanctity","BowlingBash+1"],"picked":"Singing Bowl","floor":38.0},{"not_picked":["Evaluate+1","FlyingSleeves+1","EmptyMind+1","Halt+1"],"picked":"Singing Bowl","floor":41.0},{"not_picked":["PathToVictory+1","Crescendo+1","Fasting2","ThirdEye+1"],"picked":"Singing Bowl","floor":44.0},{"not_picked":["CarveReality","DeceiveReality+1","SandsOfTime","Vengeance+1"],"picked":"Singing Bowl","floor":45},{"not_picked":["Crescendo+1","Meditate+1","CrushJoints+1","FlyingSleeves"],"picked":"Singing Bowl","floor":46}],"player_experience":589461,"relics_obtained":[{"floor":0.0,"key":"Lantern"},{"floor":0.0,"key":"Shuriken"},{"floor":0.0,"key":"CloakClasp"},{"floor":6.0,"key":"Toy Ornithopter"},{"floor":9.0,"key":"Whetstone"},{"floor":11.0,"key":"Pear"},{"floor":12.0,"key":"Singing Bowl"},{"floor":14.0,"key":"GoldenEye"},{"floor":24.0,"key":"MawBank"},{"floor":26.0,"key":"Dead Branch"},{"floor":28.0,"key":"Question Card"},{"floor":38.0,"key":"Torii"},{"floor":41.0,"key":"Mercury Hourglass"},{"floor":43.0,"key":"Bag of Preparation"},{"floor":44.0,"key":"Toxic Egg 2"}],"event_choices":[{"damage_healed":0.0,"max_hp_gain":0.0,"max_hp_loss":0.0,"gold_gain":0.0,"event_name":"Addict","player_choice":"Stole Relic","floor":19.0,"gold_loss":0.0,"damage_taken":0.0,"relics_obtained":["Ancient Tea Set"],"cards_obtained":["Shame"]},{"damage_healed":0.0,"max_hp_gain":0.0,"max_hp_loss":0.0,"gold_gain":99.0,"event_name":"Nest","player_choice":"Stole From Cult","floor":20.0,"gold_loss":0.0,"damage_taken":0.0},{"damage_healed":0.0,"max_hp_gain":5.0,"max_hp_loss":0.0,"gold_gain":0.0,"event_name":"Forgotten Altar","player_choice":"Shed Blood","floor":22.0,"gold_loss":0.0,"damage_taken":21.0},{"damage_healed":0.0,"max_hp_gain":0.0,"max_hp_loss":0.0,"gold_gain":0.0,"event_name":"Duplicator","player_choice":"Copied","floor":31.0,"gold_loss":0.0,"damage_taken":0.0,"cards_obtained":["Omniscience"]},{"damage_healed":0.0,"max_hp_gain":0.0,"max_hp_loss":5.0,"gold_gain":0.0,"event_name":"Winding Halls","player_choice":"Max HP","floor":37.0,"gold_loss":0.0,"damage_taken":0.0},{"damage_healed":0.0,"max_hp_gain":0.0,"max_hp_loss":0.0,"gold_gain":0.0,"event_name":"Mysterious Sphere","player_choice":"Fight","floor":38.0,"gold_loss":0.0,"damage_taken":0.0},{"damage_healed":0,"gold_gain":0,"player_choice":"Gave Potion","damage_taken":0,"relics_obtained":["Old Coin"],"max_hp_gain":0,"max_hp_loss":0,"event_name":"WeMeetAgain","floor":47,"gold_loss":0},{"damage_healed":0,"gold_gain":0,"cards_transformed":["LessonLearned"],"player_choice":"Transformed","damage_taken":0,"max_hp_gain":0,"max_hp_loss":0,"event_name":"Transmorgrifier","floor":48,"gold_loss":0,"cards_obtained":["DeceiveReality"]}],"is_beta":false,"boss_relics":[{"not_picked":["Sozu","SlaversCollar"],"picked":"Snecko Eye"},{"not_picked":["Busted Crown","Fusion Hammer"],"picked":"Runic Pyramid"}],"items_purged_floors":[3,21,30,39],"is_endless":false,"potions_floor_spawned":[1,4,5,12,14,16,28,29,38,41,44],"ascension_level":5}}