{"host":"h0xw20cia6ppa69g","time":1607937045,"event":{"mods":["AchievementEnabler","BaseMod","Colored Map","Googly Eyes","Minty Spire (QoL Compilation)","Relic Stats","StSLib","The Awakened One except there are too many feathers","everything is the same but u backflip on backflip"],"gold_per_floor":[109,109,121,138,153,186,37,57,111,138,159,191,208,208,208,337,337,355,280,280,380,394,394,425,425,448,468,468,486,328,371,371,491,491,505,505,518,234,234,277,277,277,300,300,343,343,404,404,404,404,404,404,59,95,95],"floor_reached":56,"playtime":2661,"items_purged":["Decay","Strike_R+1","Strike_R+1"],"score":1382,"play_id":"d7829182-888e-4097-b691-7c691e339d3e","local_time":"20201214031045","is_ascension_mode":true,"campfire_choices":[{"data":"Armaments","floor":15.0,"key":"SMITH"},{"data":"Body Slam","floor":23.0,"key":"SMITH"},{"data":"True Grit","floor":25.0,"key":"SMITH"},{"data":"Dark Embrace","floor":28.0,"key":"SMITH"},{"data":"Limit Break","floor":32.0,"key":"SMITH"},{"floor":41.0,"key":"RECALL"},{"data":"Discovery","floor":44.0,"key":"SMITH"},{"data":"Barricade","floor":46.0,"key":"SMITH"},{"data":"Impervious","floor":49.0,"key":"SMITH"},{"data":"Impatience","floor":52.0,"key":"SMITH"}],"circlet_count":0,"master_deck":["Strike_R+1","Strike_R+1","Strike_R+1","Defend_R+1","Defend_R+1","Defend_R+1","Defend_R+1","Bash","Juggernaut+1","Shrug It Off","Shrug It Off","Hemokinesis","Shrug It Off","True Grit","Armaments+1","Dark Embrace+1","Body Slam+1","Impervious+1","Shrug It Off","Thunderclap+1","True Grit+1","Second Wind","Cleave","Limit Break+1","Barricade+1","Clothesline+1","Discovery+1","Impatience+1","Purity","Body Slam+1","Inflame","Exhume","Juggernaut+1","Spot Weakness","Madness","Madness","Corruption","Apotheosis","Iron Wave","Thunderclap","Juggernaut"],"relics":["Burning Blood","Incense Burner","HandDrill","Happy Flower","Pantograph","Odd Mushroom","Boot","Golden Idol","Runic Cube","Mercury Hourglass","Art of War","Toy Ornithopter","Philosopher\u0027s Stone","Membership Card","Juzu Bracelet","Ornamental Fan","Bird Faced Urn","Centennial Puzzle","Oddly Smooth Stone"],"acts_visited":["Exordium","TheCity","TheBeyond","TheEnding"],"potions_floor_usage":[55,55],"damage_taken":[{"damage":10.0,"enemies":"Small Slimes","floor":1.0,"turns":5.0},{"damage":0.0,"enemies":"Cultist","floor":3.0,"turns":4.0},{"damage":4.0,"enemies":"2 Louse","floor":4.0,"turns":3.0},{"damage":2.0,"enemies":"2 Fungi Beasts","floor":5.0,"turns":4.0},{"damage":16.0,"enemies":"Lagavulin","floor":6.0,"turns":7.0},{"damage":9.0,"enemies":"Large Slime","floor":8.0,"turns":4.0},{"damage":28.0,"enemies":"3 Sentries","floor":10.0,"turns":10.0},{"damage":8.0,"enemies":"The Mushroom Lair","floor":11.0,"turns":5.0},{"damage":6.0,"enemies":"Lagavulin","floor":12.0,"turns":7.0},{"damage":6.0,"enemies":"Red Slaver","floor":13.0,"turns":4.0},{"damage":33.0,"enemies":"The Guardian","floor":16.0,"turns":10.0},{"damage":15.0,"enemies":"Spheric Guardian","floor":18.0,"turns":9.0},{"damage":24.0,"enemies":"2 Thieves","floor":19.0,"turns":5.0},{"damage":18.0,"enemies":"Sentry and Sphere","floor":22.0,"turns":7.0},{"damage":35.0,"enemies":"Book of Stabbing","floor":24.0,"turns":9.0},{"damage":0.0,"enemies":"Snake Plant","floor":27.0,"turns":4.0},{"damage":4.0,"enemies":"Cultist and Chosen","floor":29.0,"turns":6.0},{"damage":18.0,"enemies":"Gremlin Leader","floor":31.0,"turns":8.0},{"damage":55.0,"enemies":"Collector","floor":33.0,"turns":14.0},{"damage":0.0,"enemies":"3 Darklings","floor":35.0,"turns":8.0},{"damage":14.0,"enemies":"Orb Walker","floor":37.0,"turns":3.0},{"damage":6.0,"enemies":"Giant Head","floor":40.0,"turns":7.0},{"damage":40.0,"enemies":"Reptomancer","floor":45.0,"turns":7.0},{"damage":19.0,"enemies":"2 Orb Walkers","floor":47.0,"turns":4.0},{"damage":34.0,"enemies":"Donu and Deca","floor":50.0,"turns":8.0},{"damage":36.0,"enemies":"Shield and Spear","floor":54.0,"turns":6.0},{"damage":61,"enemies":"The Heart","floor":55,"turns":11}],"seed_played":"-7290657269101923325","potions_obtained":[{"floor":1.0,"key":"Energy Potion"},{"floor":3.0,"key":"Fruit Juice"},{"floor":5.0,"key":"BlessingOfTheForge"},{"floor":10.0,"key":"BloodPotion"},{"floor":27.0,"key":"Fire Potion"},{"floor":31.0,"key":"FearPotion"},{"floor":47.0,"key":"Regen Potion"},{"floor":54.0,"key":"SteroidPotion"}],"is_trial":false,"path_per_floor":["M","?","M","M","M","E","$","M","T","E","?","E","M","?","R","B",null,"M","M","?","?","M","R","E","R","T","M","R","M","$","E","R","B",null,"M","?","M","$","?","E","R","?","T","R","E","R","?","?","R","B",null,"R","$","E","B",null],"character_chosen":"IRONCLAD","items_purchased":["HandDrill","Evolve","Cleave","Membership Card","Inflame","Exhume","Corruption","Centennial Puzzle","Apotheosis","Iron Wave","Thunderclap"],"campfire_rested":0,"item_purchase_floors":[7,30,30,38,38,38,53,53,53,53,53],"current_hp_per_floor":[76,76,80,80,80,70,70,67,67,50,48,48,48,27,27,25,85,76,58,58,58,46,46,17,17,17,23,23,25,25,35,35,11,85,85,75,67,67,67,67,67,67,67,67,33,33,20,9,9,16,85,85,85,65,62],"gold":95,"neow_bonus":"THREE_RARE_CARDS","is_daily":false,"chose_seed":false,"campfire_upgraded":9,"win_rate":0.0,"timestamp":1607937045,"path_taken":["M","?","M","M","M","E","?","M","T","E","?","E","M","?","R","BOSS","M","M","?","?","?","R","E","R","T","M","R","M","$","E","R","BOSS","M","?","M","$","?","E","R","?","T","R","E","R","?","?","R","BOSS","R","$","E","BOSS"],"items_purchased_type":["Relic","Card","Card","Relic","Card","Card","Card","Relic","Card","Card","Card"],"build_version":"2020-12-13","purchased_purges":3,"victory":true,"max_hp_per_floor":[80,80,80,80,80,80,80,80,80,85,85,85,85,85,85,85,85,85,85,85,85,85,85,85,85,85,85,85,85,85,85,85,85,85,85,85,85,85,85,85,85,85,85,85,85,85,85,85,85,85,85,85,85,85,85],"relic_stats":{"Happy Flower":[50],"counters":[27,177],"Golden Idol":175,"Juzu Bracelet":1,"Boot":[3],"Burning Blood":148,"Mercury Hourglass":[370],"Centennial Puzzle":[6],"Ornamental Fan":[16],"Pantograph":95,"Bird Faced Urn":[32],"HandDrill":[44],"Art of War":[28],"obtain_stats":[{"Happy Flower":9,"Golden Idol":14,"Oddly Smooth Stone":54,"Incense Burner":6,"Juzu Bracelet":40,"Odd Mushroom":11,"Boot":12,"Burning Blood":0,"Mercury Hourglass":24,"Centennial Puzzle":53,"Ornamental Fan":45,"Pantograph":10,"Bird Faced Urn":47,"Philosopher\u0027s Stone":34,"HandDrill":7,"Art of War":26,"Membership Card":38,"Toy Ornithopter":31,"Runic Cube":17},{"Happy Flower":6,"Golden Idol":10,"Oddly Smooth Stone":26,"Incense Burner":5,"Juzu Bracelet":22,"Odd Mushroom":8,"Boot":9,"Burning Blood":0,"Mercury Hourglass":15,"Centennial Puzzle":25,"Ornamental Fan":23,"Pantograph":7,"Bird Faced Urn":24,"Philosopher\u0027s Stone":19,"HandDrill":5,"Art of War":15,"Membership Card":21,"Toy Ornithopter":18,"Runic Cube":11},{"Happy Flower":27,"Golden Idol":53,"Oddly Smooth Stone":167,"Incense Burner":23,"Juzu Bracelet":142,"Odd Mushroom":42,"Boot":49,"Burning Blood":0,"Mercury Hourglass":93,"Centennial Puzzle":161,"Ornamental Fan":149,"Pantograph":37,"Bird Faced Urn":153,"Philosopher\u0027s Stone":125,"HandDrill":23,"Art of War":93,"Membership Card":135,"Toy Ornithopter":111,"Runic Cube":63}],"Toy Ornithopter":10,"Runic Cube":[72]},"card_choices":[{"not_picked":["Corruption","Impervious"],"picked":"Juggernaut","floor":0.0},{"not_picked":["Power Through","Heavy Blade"],"picked":"Shrug It Off","floor":1.0},{"not_picked":["Havoc","Anger"],"picked":"Shrug It Off","floor":3.0},{"not_picked":["Perfected Strike","Blood for Blood"],"picked":"Hemokinesis","floor":4.0},{"not_picked":["Pommel Strike","Thunderclap"],"picked":"Shrug It Off","floor":5.0},{"not_picked":["Infernal Blade","Perfected Strike","Brutality"],"picked":"SKIP","floor":6.0},{"not_picked":["Inflame","Clothesline"],"picked":"True Grit","floor":8.0},{"not_picked":["Clothesline","Wild Strike"],"picked":"Armaments","floor":10.0},{"not_picked":["Thunderclap","Cleave"],"picked":"Dark Embrace","floor":11.0},{"not_picked":["Spot Weakness","Iron Wave"],"picked":"Body Slam","floor":12.0},{"not_picked":["Body Slam","Whirlwind","Immolate"],"picked":"SKIP","floor":13.0},{"not_picked":["Limit Break","Exhume"],"picked":"Impervious","floor":16.0},{"not_picked":["True Grit","Fire Breathing+1"],"picked":"Shrug It Off","floor":18.0},{"not_picked":["Sentinel+1","Anger"],"picked":"Thunderclap+1","floor":19.0},{"not_picked":["Clothesline","Perfected Strike"],"picked":"True Grit","floor":22.0},{"not_picked":["Heavy Blade","Warcry","Reaper"],"picked":"SKIP","floor":24.0},{"not_picked":["Heavy Blade","Anger","Sword Boomerang+1"],"picked":"SKIP","floor":27.0},{"not_picked":["Flex","Blood for Blood"],"picked":"Second Wind","floor":29.0},{"not_picked":["Spot Weakness","Cleave+1"],"picked":"Limit Break","floor":31.0},{"not_picked":["Fiend Fire","Feed"],"picked":"Barricade","floor":33.0},{"not_picked":["True Grit","Thunderclap"],"picked":"Clothesline+1","floor":35.0},{"not_picked":["Enlightenment","Dramatic Entrance"],"picked":"Discovery","floor":36.0},{"not_picked":["Violence","Flash of Steel"],"picked":"Impatience","floor":36.0},{"not_picked":["Dark Shackles","Mind Blast"],"picked":"Purity","floor":36.0},{"not_picked":["Inflame","Searing Blow+1"],"picked":"Body Slam+1","floor":37.0},{"not_picked":["Twin Strike","Blood for Blood","Clothesline"],"picked":"SKIP","floor":40.0},{"not_picked":["Dropkick","Intimidate"],"picked":"Spot Weakness","floor":45.0},{"not_picked":["Havoc+1","Shrug It Off+1"],"picked":"Juggernaut","floor":54.0}],"player_experience":3499409,"relics_obtained":[{"floor":6.0,"key":"Incense Burner"},{"floor":9.0,"key":"Happy Flower"},{"floor":10.0,"key":"Pantograph"},{"floor":11.0,"key":"Odd Mushroom"},{"floor":12.0,"key":"Boot"},{"floor":24.0,"key":"Mercury Hourglass"},{"floor":26.0,"key":"Art of War"},{"floor":31.0,"key":"Toy Ornithopter"},{"floor":40.0,"key":"Juzu Bracelet"},{"floor":45.0,"key":"Ornamental Fan"},{"floor":47.0,"key":"Bird Faced Urn"},{"floor":54.0,"key":"Oddly Smooth Stone"}],"event_choices":[{"damage_healed":0.0,"max_hp_gain":0.0,"max_hp_loss":0.0,"gold_gain":0.0,"event_name":"Upgrade Shrine","player_choice":"Upgraded","floor":2.0,"gold_loss":0.0,"damage_taken":0.0,"cards_upgraded":["Juggernaut"]},{"damage_healed":0.0,"max_hp_gain":0.0,"max_hp_loss":0.0,"gold_gain":0.0,"event_name":"Mushrooms","player_choice":"Fought Mushrooms","floor":11.0,"gold_loss":0.0,"damage_taken":0.0},{"damage_healed":0.0,"max_hp_gain":0.0,"max_hp_loss":0.0,"gold_gain":0.0,"event_name":"Golden Idol","player_choice":"Take Damage","floor":14.0,"gold_loss":0.0,"damage_taken":21.0,"relics_obtained":["Golden Idol"]},{"damage_healed":0.0,"max_hp_gain":0.0,"max_hp_loss":0.0,"gold_gain":0.0,"event_name":"Back to Basics","player_choice":"Simplicity","floor":20.0,"gold_loss":0.0,"damage_taken":0.0,"cards_upgraded":["Strike_R","Strike_R","Strike_R","Strike_R","Strike_R","Defend_R","Defend_R","Defend_R","Defend_R"]},{"damage_healed":0.0,"max_hp_gain":0.0,"max_hp_loss":0.0,"gold_gain":100.0,"event_name":"Golden Shrine","player_choice":"Pray","floor":21.0,"gold_loss":0.0,"damage_taken":0.0},{"damage_healed":0.0,"max_hp_gain":0.0,"max_hp_loss":0.0,"gold_gain":0.0,"event_name":"SensoryStone","player_choice":"Memory 3","floor":36.0,"gold_loss":0.0,"damage_taken":10.0},{"cards_removed":["Evolve"],"damage_healed":0.0,"max_hp_gain":0.0,"max_hp_loss":0.0,"gold_gain":0.0,"event_name":"Falling","player_choice":"Removed Power","floor":39.0,"gold_loss":0.0,"damage_taken":0.0},{"damage_healed":0.0,"max_hp_gain":0.0,"max_hp_loss":0.0,"gold_gain":0.0,"event_name":"Duplicator","player_choice":"Copied","floor":42.0,"gold_loss":0.0,"damage_taken":0.0,"cards_obtained":["Juggernaut"]},{"damage_healed":0.0,"max_hp_gain":0.0,"max_hp_loss":0.0,"gold_gain":0.0,"event_name":"Mysterious Sphere","player_choice":"Fight","floor":47.0,"gold_loss":0.0,"damage_taken":0.0},{"damage_healed":0.0,"max_hp_gain":0.0,"max_hp_loss":0.0,"gold_gain":0.0,"event_name":"Winding Halls","player_choice":"Embrace Madness","floor":48.0,"gold_loss":0.0,"damage_taken":11.0,"cards_obtained":["Madness","Madness"]}],"is_beta":false,"boss_relics":[{"not_picked":["Busted Crown","Ectoplasm"],"picked":"Runic Cube"},{"not_picked":["Empty Cage","Black Star"],"picked":"Philosopher\u0027s Stone"}],"items_purged_floors":[30,38,53],"is_endless":false,"potions_floor_spawned":[1,3,5,10,12,27,31,40,47,54],"ascension_level":1}}