{"host":"do5be0rrwzdbe7ng","time":1607948955,"event":{"mods":["AchievementEnabler","BaseMod","Colored Map","Colored Powertips","Custom Start","DeckTracker","Keyboard Shortcuts","Minty Spire (QoL Compilation)","Quick Restart","StSLib","SuperFastMode","everything is the same but u backflip on backflip"],"gold_per_floor":[110,110,110,121,121,121,132,161,185,185,204,129,129,142,142,214,214,234,234,234,253,253,253,287,287,287,287,387,397,397,413,413,413,413],"floor_reached":33,"playtime":944,"items_purged":["Strike_B"],"score":500,"play_id":"cd882b9d-9633-4ad5-8a58-25a2b04e0d99","local_time":"20201214212915","is_ascension_mode":true,"campfire_choices":[{"data":"Zap","floor":6.0,"key":"SMITH"},{"data":"White Noise","floor":10.0,"key":"SMITH"},{"data":"Beam Cell","floor":15,"key":"SMITH"},{"data":"Turbo","floor":23,"key":"SMITH"},{"data":"Turbo","floor":25,"key":"SMITH"},{"floor":30,"key":"REST"},{"data":"Dualcast","floor":32,"key":"SMITH"}],"circlet_count":0,"master_deck":["AscendersBane","Defend_B","Defend_B","Defend_B","Zap+1","Dualcast+1","Core Surge","Lockon","Ball Lightning+1","FTL","White Noise+1","Beam Cell+1","Electrodynamics","Turbo+1","Turbo+1","Sweeping Beam","Glacier","Meteor Strike","Writhe","Defragment+1","Chill","Consume+1"],"relics":["Cracked Core","Akabeko","Anchor","Runic Pyramid","Sundial","Ornamental Fan","Regal Pillow","Dream Catcher","TungstenRod","The Courier"],"acts_visited":["Exordium","TheCity"],"potions_floor_usage":[16,18,24,24],"damage_taken":[{"damage":4.0,"enemies":"Jaw Worm","floor":1.0,"turns":4.0},{"damage":4.0,"enemies":"2 Louse","floor":4.0,"turns":2.0},{"damage":1.0,"enemies":"Cultist","floor":7.0,"turns":3.0},{"damage":20.0,"enemies":"3 Sentries","floor":8.0,"turns":6.0},{"damage":0.0,"enemies":"3 Louse","floor":11.0,"turns":2.0},{"damage":0,"enemies":"Looter","floor":14,"turns":2},{"damage":16,"enemies":"Hexaghost","floor":16,"turns":7},{"damage":12,"enemies":"Shell Parasite","floor":18,"turns":3},{"damage":2,"enemies":"Chosen","floor":21,"turns":3},{"damage":9,"enemies":"Gremlin Leader","floor":24,"turns":5},{"damage":12,"enemies":"Colosseum Slavers","floor":28,"turns":3},{"damage":14,"enemies":"Colosseum Nobs","floor":28,"turns":3},{"damage":0,"enemies":"Snecko","floor":29,"turns":3},{"damage":7,"enemies":"Shelled Parasite and Fungi","floor":31,"turns":3},{"damage":51,"enemies":"Champ","floor":33,"turns":7}],"seed_played":"-8252514683382373630","potions_obtained":[{"floor":1.0,"key":"LiquidMemories"},{"floor":4.0,"key":"SpeedPotion"},{"floor":7.0,"key":"Regen Potion"},{"floor":16,"key":"Block Potion"},{"floor":18,"key":"EssenceOfSteel"},{"floor":21,"key":"DuplicationPotion"},{"floor":29,"key":"Dexterity Potion"}],"is_trial":false,"path_per_floor":["M","?","?","M","?","R","M","E","T","R","M","$","?","M","R","B",null,"M","?","T","M","?","R","E","R","T","?","?","M","R","M","R","B"],"character_chosen":"DEFECT","items_purchased":[],"campfire_rested":1,"item_purchase_floors":[],"current_hp_per_floor":[60,53,53,49,49,49,48,43,43,43,43,43,43,43,43,27,60,48,48,48,46,46,46,37,37,37,37,11,11,47,40,40,0,0],"gold":413,"neow_bonus":"ONE_RANDOM_RARE_CARD","is_daily":false,"chose_seed":false,"campfire_upgraded":6,"win_rate":0.0,"timestamp":1607948955,"path_taken":["M","?","?","M","?","R","M","E","T","R","?","$","?","M","R","BOSS","M","?","?","M","?","R","E","R","T","?","?","M","R","M","R","BOSS"],"items_purchased_type":[],"build_version":"2020-12-13","purchased_purges":1,"victory":false,"max_hp_per_floor":[71,71,71,71,71,71,71,71,71,71,71,71,71,71,71,71,71,71,71,71,71,71,71,71,71,71,71,71,71,71,71,71,71,71],"card_choices":[{"not_picked":["Heatsinks","Steam","BootSequence"],"picked":"SKIP","floor":1.0},{"not_picked":["Rebound","Hologram"],"picked":"Ball Lightning","floor":4.0},{"not_picked":["Storm","Cold Snap"],"picked":"FTL","floor":7.0},{"not_picked":["Barrage","Conserve Battery"],"picked":"White Noise","floor":8.0},{"not_picked":["Stack","Steam Power"],"picked":"Beam Cell","floor":11.0},{"not_picked":["Force Field","Compile Driver","Redo"],"picked":"SKIP","floor":14},{"not_picked":["Creative AI","Buffer"],"picked":"Electrodynamics","floor":16},{"not_picked":["Stack","Reinforced Body"],"picked":"Turbo","floor":18},{"not_picked":["Rebound","FTL"],"picked":"Glacier","floor":21},{"not_picked":["Streamline","Ball Lightning"],"picked":"Meteor Strike","floor":24},{"not_picked":["Storm","Undo+1"],"picked":"Defragment+1","floor":28},{"not_picked":["White Noise","Doom and Gloom"],"picked":"Chill","floor":29},{"not_picked":["Turbo","Rebound"],"picked":"Consume+1","floor":30},{"not_picked":["Doom and Gloom","Beam Cell","Redo"],"picked":"SKIP","floor":31}],"player_experience":338641,"relics_obtained":[{"floor":8.0,"key":"Akabeko"},{"floor":9.0,"key":"Anchor"},{"floor":20,"key":"Sundial"},{"floor":24,"key":"Ornamental Fan"},{"floor":26,"key":"Regal Pillow"},{"floor":28,"key":"TungstenRod"},{"floor":28,"key":"The Courier"}],"event_choices":[{"cards_removed":["Strike_B"],"damage_healed":0.0,"max_hp_gain":0.0,"max_hp_loss":0.0,"gold_gain":0.0,"event_name":"Golden Wing","player_choice":"Card Removal","floor":2.0,"gold_loss":0.0,"damage_taken":7.0},{"damage_healed":0.0,"max_hp_gain":0.0,"max_hp_loss":0.0,"gold_gain":0.0,"cards_transformed":["Strike_B"],"event_name":"Living Wall","player_choice":"Change","floor":3.0,"gold_loss":0.0,"damage_taken":0.0,"cards_obtained":["Lockon"]},{"damage_healed":0.0,"max_hp_gain":0.0,"max_hp_loss":0.0,"gold_gain":0.0,"event_name":"Upgrade Shrine","player_choice":"Upgraded","floor":5.0,"gold_loss":0.0,"damage_taken":0.0,"cards_upgraded":["Ball Lightning"]},{"damage_healed":0,"gold_gain":0,"player_choice":"Ignored","damage_taken":0,"max_hp_gain":0,"max_hp_loss":0,"event_name":"Shining Light","floor":13,"gold_loss":0},{"damage_healed":0,"gold_gain":0,"cards_transformed":["Strike_B","Defend_B"],"player_choice":"Became Test Subject","damage_taken":0,"max_hp_gain":0,"max_hp_loss":0,"event_name":"Drug Dealer","floor":19,"gold_loss":0,"cards_obtained":["Turbo","Sweeping Beam"]},{"damage_healed":0,"gold_gain":0,"player_choice":"Ignored","damage_taken":0,"max_hp_gain":0,"max_hp_loss":0,"event_name":"Vampires","floor":22,"gold_loss":0},{"damage_healed":0,"gold_gain":0,"player_choice":"Opened","damage_taken":0,"relics_obtained":["Dream Catcher"],"max_hp_gain":0,"max_hp_loss":0,"event_name":"The Mausoleum","floor":27,"gold_loss":0,"cards_obtained":["Writhe"]},{"damage_healed":0,"gold_gain":0,"player_choice":"Fight","damage_taken":0,"max_hp_gain":0,"max_hp_loss":0,"event_name":"Colosseum","floor":28,"gold_loss":0},{"damage_healed":0,"gold_gain":0,"player_choice":"Fought Nobs","damage_taken":0,"max_hp_gain":0,"max_hp_loss":0,"event_name":"Colosseum","floor":28,"gold_loss":0}],"is_beta":false,"boss_relics":[{"not_picked":["Cursed Key","FrozenCore"],"picked":"Runic Pyramid"}],"items_purged_floors":[12],"is_endless":false,"potions_floor_spawned":[1,4,7,16,18,21,29],"killed_by":"Champ","ascension_level":18}}