{"host":"f1miojwxaupu79sp","time":1607924551,"event":{"mods":["BaseMod","Better Vampires","Minty Spire (QoL Compilation)","Shop Mod","StSLib"],"gold_per_floor":[109,34,34,109,120,155,155,170,197,228,246,281,281,296,296,400,400,419,20,32,46,63,63,96,96,96,115,115,115,130,159,159,257,257,269,280,297,297,314,345,345,377,377,377,389,389,400,453,453,453],"floor_reached":51,"playtime":8886,"items_purged":["Strike_R","Strike_R"],"score":834,"play_id":"44c20c58-dc95-4b70-baa0-5ebc8959c7cd","local_time":"20201214004231","is_ascension_mode":true,"campfire_choices":[{"data":"Shockwave","floor":7,"key":"SMITH"},{"floor":13,"key":"REST"},{"data":"Whirlwind","floor":15,"key":"SMITH"},{"data":"Demon Form","floor":23,"key":"SMITH"},{"data":"Intimidate","floor":25,"key":"SMITH"},{"data":"Limit Break","floor":28,"key":"SMITH"},{"data":"Battle Trance","floor":32,"key":"SMITH"},{"data":"Carnage","floor":41,"key":"SMITH"},{"data":"Defend_R","floor":44,"key":"SMITH"},{"floor":46,"key":"REST"},{"floor":49,"key":"REST"}],"circlet_count":0,"master_deck":["Strike_R","Strike_R","Defend_R","Defend_R","Defend_R+1","Defend_R+1","Bash+1","Bloodletting+1","Iron Wave+1","Shockwave+1","Battle Trance+1","Whirlwind+1","Demon Form+1","Warcry+1","Reckless Charge+1","Metallicize+1","Intimidate+1","Limit Break+1","Flame Barrier+1","Brutality+1","Twin Strike+1","Carnage+1","Dark Embrace+1","Berserk+1","Cleave+1","Iron Wave+1","True Grit+1"],"relics":["Black Blood","Nunchaku","War Paint","Kunai","Dream Catcher","SlaversCollar","Torii","Frozen Egg 2","Mango","Anchor","Pen Nib","Potion Belt","Molten Egg 2","Ice Cream"],"acts_visited":["Exordium","TheCity","TheBeyond"],"potions_floor_usage":[11,12,16,39,48,48,48,50],"damage_taken":[{"damage":6,"enemies":"Jaw Worm","floor":1,"turns":3},{"damage":7,"enemies":"Small Slimes","floor":5,"turns":4},{"damage":28,"enemies":"Gremlin Nob","floor":6,"turns":4},{"damage":3,"enemies":"2 Louse","floor":8,"turns":2},{"damage":21,"enemies":"Lagavulin","floor":10,"turns":7},{"damage":5,"enemies":"Gremlin Gang","floor":11,"turns":5},{"damage":6,"enemies":"Gremlin Nob","floor":12,"turns":4},{"damage":3,"enemies":"3 Louse","floor":14,"turns":2},{"damage":32,"enemies":"The Guardian","floor":16,"turns":10},{"damage":19,"enemies":"Spheric Guardian","floor":18,"turns":5},{"damage":5,"enemies":"Chosen","floor":20,"turns":3},{"damage":20,"enemies":"Snake Plant","floor":21,"turns":5},{"damage":4,"enemies":"Snecko","floor":22,"turns":3},{"damage":22,"enemies":"Gremlin Leader","floor":24,"turns":5},{"damage":6,"enemies":"Shelled Parasite and Fungi","floor":27,"turns":6},{"damage":13,"enemies":"Centurion and Healer","floor":30,"turns":5},{"damage":5,"enemies":"Book of Stabbing","floor":31,"turns":6},{"damage":3,"enemies":"Champ","floor":33,"turns":6},{"damage":8,"enemies":"3 Shapes","floor":35,"turns":8},{"damage":18,"enemies":"3 Darklings","floor":36,"turns":6},{"damage":56,"enemies":"4 Shapes","floor":37,"turns":6},{"damage":36,"enemies":"Transient","floor":39,"turns":5},{"damage":13,"enemies":"Giant Head","floor":40,"turns":6},{"damage":14,"enemies":"Reptomancer","floor":42,"turns":5},{"damage":42,"enemies":"Spire Growth","floor":45,"turns":6},{"damage":6,"enemies":"Jaw Worm Horde","floor":47,"turns":4},{"damage":89,"enemies":"2 Orb Walkers","floor":48,"turns":8},{"damage":27,"enemies":"Donu and Deca","floor":50,"turns":7}],"seed_played":"-7855399603024114587","potions_obtained":[{"floor":1,"key":"Energy Potion"},{"floor":10,"key":"EssenceOfSteel"},{"floor":11,"key":"FairyPotion"},{"floor":12,"key":"GamblersBrew"},{"floor":14,"key":"EssenceOfSteel"},{"floor":18,"key":"SmokeBomb"},{"floor":24,"key":"SteroidPotion"},{"floor":36,"key":"Weak Potion"},{"floor":39,"key":"LiquidBronze"},{"floor":47,"key":"Regen Potion"},{"floor":48,"key":"SkillPotion"}],"is_trial":false,"path_per_floor":["M","$","?","?","M","E","R","M","T","E","M","E","R","M","R","B",null,"M","$","M","M","M","R","E","R","T","M","R","?","M","E","R","B",null,"M","M","M","?","M","E","R","E","T","R","M","R","M","?","R","B",null],"character_chosen":"IRONCLAD","items_purchased":["Torii"],"campfire_rested":3,"item_purchase_floors":[19],"current_hp_per_floor":[80,80,73,62,61,39,39,42,42,27,28,28,52,55,55,29,80,67,67,68,54,56,56,40,40,54,54,54,54,47,48,48,51,94,94,88,44,82,58,57,57,55,55,55,25,49,55,17,41,26],"gold":453,"neow_bonus":"UPGRADE_CARD","is_daily":false,"chose_seed":false,"campfire_upgraded":8,"win_rate":0.0,"timestamp":1607924551,"path_taken":["M","$","?","?","M","E","R","M","T","E","M","E","R","M","R","BOSS","M","$","M","M","M","R","E","R","T","M","R","?","M","E","R","BOSS","M","M","?","?","M","E","R","E","T","R","M","R","M","?","R","BOSS"],"items_purchased_type":["Relic"],"build_version":"2020-12-13","purchased_purges":2,"victory":true,"max_hp_per_floor":[80,80,80,80,80,80,80,80,80,80,80,80,80,80,80,80,80,80,80,80,80,80,80,80,80,94,94,94,94,94,94,94,94,94,94,94,94,82,82,82,82,82,82,82,82,82,82,82,82,82],"card_choices":[{"not_picked":["Ghostly Armor","Pummel"],"picked":"Bloodletting","floor":1},{"not_picked":["Cleave","Perfected Strike"],"picked":"Iron Wave","floor":5},{"not_picked":["Sever Soul","Havoc"],"picked":"Shockwave","floor":6},{"not_picked":["Twin Strike","Heavy Blade","Blood for Blood"],"picked":"SKIP","floor":8},{"not_picked":["Evolve","Flame Barrier"],"picked":"Battle Trance","floor":10},{"not_picked":["Pommel Strike","Thunderclap","Clothesline"],"picked":"SKIP","floor":11},{"not_picked":["Flex","Uppercut","Clash"],"picked":"SKIP","floor":12},{"not_picked":["Cleave","Twin Strike"],"picked":"Whirlwind","floor":13},{"not_picked":["Cleave","Reckless Charge","Twin Strike"],"picked":"SKIP","floor":14},{"not_picked":["Immolate","Offering"],"picked":"Demon Form","floor":16},{"not_picked":["Sever Soul","Flex","Perfected Strike"],"picked":"SKIP","floor":18},{"not_picked":["Twin Strike","Flame Barrier"],"picked":"Warcry+1","floor":20},{"not_picked":["Heavy Blade","Battle Trance"],"picked":"Reckless Charge+1","floor":21},{"not_picked":["Ghostly Armor","Flex"],"picked":"Metallicize+1","floor":22},{"not_picked":["Hemokinesis","Havoc+1"],"picked":"Intimidate","floor":24},{"not_picked":["Bloodletting","Rampage"],"picked":"Limit Break","floor":27},{"not_picked":["Pommel Strike","Clash"],"picked":"Flame Barrier+1","floor":30},{"not_picked":["Havoc","Clash","Wild Strike"],"picked":"SKIP","floor":31},{"not_picked":["Reaper","Immolate"],"picked":"Brutality+1","floor":33},{"not_picked":["Wild Strike+1","Flex"],"picked":"Twin Strike+1","floor":35},{"not_picked":["Spot Weakness","Wild Strike+1"],"picked":"Carnage","floor":36},{"not_picked":["Thunderclap","Armaments+1","Perfected Strike"],"picked":"SKIP","floor":37},{"not_picked":["Flex","Searing Blow"],"picked":"Dark Embrace+1","floor":39},{"not_picked":["Spot Weakness","Thunderclap"],"picked":"Berserk+1","floor":40},{"not_picked":["Anger+1","Pommel Strike"],"picked":"Cleave+1","floor":42},{"not_picked":["Perfected Strike+1","Thunderclap+1"],"picked":"Iron Wave+1","floor":45},{"not_picked":["Flex","Wild Strike+1"],"picked":"True Grit+1","floor":47}],"player_experience":473853,"relics_obtained":[{"floor":6,"key":"Nunchaku"},{"floor":9,"key":"War Paint"},{"floor":10,"key":"Kunai"},{"floor":12,"key":"Dream Catcher"},{"floor":24,"key":"Frozen Egg 2"},{"floor":26,"key":"Mango"},{"floor":31,"key":"Anchor"},{"floor":40,"key":"Pen Nib"},{"floor":42,"key":"Potion Belt"},{"floor":43,"key":"Molten Egg 2"},{"floor":48,"key":"Ice Cream"}],"event_choices":[{"cards_removed":["Strike_R"],"damage_healed":0,"gold_gain":0,"player_choice":"Card Removal","damage_taken":7,"max_hp_gain":0,"max_hp_loss":0,"event_name":"Golden Wing","floor":3,"gold_loss":0},{"damage_healed":0,"gold_gain":75,"player_choice":"Gather Gold","damage_taken":11,"max_hp_gain":0,"max_hp_loss":0,"event_name":"World of Goop","floor":4,"gold_loss":0},{"damage_healed":0,"gold_gain":0,"player_choice":"Upgraded","damage_taken":0,"max_hp_gain":0,"max_hp_loss":0,"event_name":"Upgrade Shrine","floor":29,"gold_loss":0,"cards_upgraded":["Iron Wave"]},{"damage_healed":82,"gold_gain":0,"player_choice":"Heal","damage_taken":0,"max_hp_gain":0,"max_hp_loss":12,"event_name":"The Moai Head","floor":38,"gold_loss":0},{"damage_healed":0,"gold_gain":0,"player_choice":"Fight","damage_taken":0,"max_hp_gain":0,"max_hp_loss":0,"event_name":"Mysterious Sphere","floor":48,"gold_loss":0}],"is_beta":false,"boss_relics":[{"not_picked":["Pandora\u0027s Box","Ectoplasm"],"picked":"SlaversCollar"},{"not_picked":["Busted Crown","SacredBark"],"picked":"Black Blood"}],"items_purged_floors":[2,19],"is_endless":false,"potions_floor_spawned":[1,10,11,12,14,18,24,30,36,39,47,48],"ascension_level":1}}