{"host":"4lxzgdqpvzyot39g","time":1607980639,"event":{"mods":["Abigail Mod","Act Like it!","Aspiration","BaseMod","Beaked The Cultist","Better Altar","Better Match","Better Note","Better Sensory Stone","Better Skull","Better Third Choice","CCEM","Colored Map","Colored Powertips","Conspire","Displayed Cursed Tome","Dota2Spire","Energized Spire","Friendly Minions","Gensokyo","GifTheSpireLib","Halation","Hallownest","Hermit","Highlight Path","HololiveMod","Hubris","Infinite Spire","Jedi Mod","JesterMod","Mari Mod (Legacy)","Mari\u0027s V1 Patch","MarisaÅiñ∂âJÅ@ñÇóùçπÅj","Minty Spire (QoL Compilation)","Prisma Mod","Quarter Circle Forward PUNCH!","Relic Filter","Replay The Spire","Robot Space Explorer","SCP261 Mod","Small Relic Pack","Spicy Shops","Spikes Relics","StSLib","Stuff the Spire","The Alterego","The Blue Laboratory","The Bug Knight","The Cursed","The Fake Hero","The Servant 0.9.4","The Wild Card","Trackpad","Waifu the Spire","WarShipGirlsR/??è≠èóR mod","vexMod","Åy?ï®?îvÅzREMEMod"],"gold_per_floor":[520,534,534,534,545,578,89,197,223,233,233,243,243,253,253,350,350,362,24,35,48,63,195,195,323,323,323,323,323,323,435,435,531,531,545,31,49,63,63,175,175,28,74,186,198,215,351,370,370,370,370,370,222,330,330],"floor_reached":56,"playtime":3033,"items_purged":["luka_mod:Surrender","luka_mod:Edging","luka_mod:Request"],"score":1911,"play_id":"45c3aa4d-cc6f-4390-8e00-eb2ebf727e6c","local_time":"20201214161719","is_ascension_mode":true,"campfire_choices":[{"data":"luka_mod:StrikeLukaThree","floor":11.0,"key":"SMITH"},{"data":"luka_mod:StrikeLukaOne","floor":13.0,"key":"SMITH"},{"data":"luka_mod:StrikeLukaTwo","floor":15.0,"key":"SMITH"},{"data":"luka_mod:AlmaElma","floor":24.0,"key":"SMITH"},{"data":"luka_mod:Granberia","floor":32.0,"key":"SMITH"},{"floor":49.0,"key":"RECALL"},{"data":"luka_mod:Alice","floor":52,"key":"SMITH"}],"circlet_count":0,"master_deck":["luka_mod:StrikeLukaOne+1","luka_mod:StrikeLukaThree+1","luka_mod:StrikeLukaFour+1","luka_mod:StrikeLukaSix+1","luka_mod:Salt+1","luka_mod:Guard","luka_mod:Meditation","HollowMod:PerfectDash","luka_mod:NoDebuffs","luka_mod:Salamander","luka_mod:AlmaElma+1","luka_mod:LightningSwordFlash","luka_mod:PrayToIlias+1","luka_mod:SpoilerDance","luka_mod:Sylph+1","luka_mod:Granberia+1","luka_mod:PrayToIlias","luka_mod:Alice+1","luka_mod:PerfectTiming","Master of Strategy","luka_mod:Calm+1","luka_mod:Undine","luka_mod:Feel+1","luka_mod:Gnome","luka_mod:SpoilerDance","luka_mod:StrikeLukaTwo+1"],"relics":["StuffTheSpire:OccultApparatus","REME_ComplimentaryCards","Torii","CCEMRelics:BiPhaseBiplane","Juzu Bracelet","StuffTheSpire:TintedRock","aspiration:FetidBarrel","hubris:BlackHole","CCEMRelics:WrappedPresent","qcfpunch:Duffel_Bag","Art of War","Dota2Spire:Vanguard","hubris:SlimyHat","Dota2Spire:Desolator","StuffTheSpire:Rhapsscallions","halation:StarCompass","Replay:Accelerometer","REME_DuelDisc","BargainBundle","vexMod:GhostlyGear","MiniBlackHole","vexMod:InvisibilityCloak","halation:PinkSoulGem","jedi:ashlotus","StuffTheSpire:Mouthbags","halation:AfternoonTea","Whetstone","Toolbox","Dota2Spire:ShadowBlade"],"acts_visited":["TheEnding"],"potions_floor_usage":[55,55,55],"damage_taken":[{"damage":7.0,"enemies":"2 Louse","floor":1.0,"turns":4.0},{"damage":1.0,"enemies":"Small Slimes","floor":2.0,"turns":4.0},{"damage":5.0,"enemies":"Cultist","floor":5.0,"turns":4.0},{"damage":19.0,"enemies":"Gremlin Nob","floor":6.0,"turns":5.0},{"damage":14.0,"enemies":"Replay:BlueRogue","floor":8.0,"turns":4.0},{"damage":1.0,"enemies":"Exordium Wildlife","floor":10.0,"turns":3.0},{"damage":8.0,"enemies":"3 Louse","floor":12.0,"turns":3.0},{"damage":2.0,"enemies":"2 Fungi Beasts","floor":14.0,"turns":3.0},{"damage":47.0,"enemies":"Hexaghost","floor":16.0,"turns":10.0},{"damage":19.0,"enemies":"Gensokyo:Chomper","floor":18.0,"turns":5.0},{"damage":4.0,"enemies":"Gensokyo:3_Dogs","floor":20.0,"turns":3.0},{"damage":1.0,"enemies":"Gensokyo:Slime_Group","floor":21.0,"turns":2.0},{"damage":2.0,"enemies":"Gensokyo:Chomper_and_Gloop","floor":22.0,"turns":3.0},{"damage":24.0,"enemies":"Gensokyo:Koishi","floor":23.0,"turns":4.0},{"damage":24.0,"enemies":"Gensokyo:Tenshi","floor":25.0,"turns":3.0},{"damage":9.0,"enemies":"Gensokyo:Koishi","floor":31.0,"turns":3.0},{"damage":0.0,"enemies":"Gensokyo:Eternal_Rivals","floor":33.0,"turns":3.0},{"damage":1.0,"enemies":"3 Darklings","floor":35.0,"turns":2.0},{"damage":2.0,"enemies":"3 Shapes","floor":37.0,"turns":2.0},{"damage":0.0,"enemies":"Maw","floor":38.0,"turns":3.0},{"damage":0.0,"enemies":"Reptomancer","floor":40.0,"turns":2.0},{"damage":0.0,"enemies":"Giant Head","floor":44.0,"turns":3.0},{"damage":0.0,"enemies":"Spire Growth","floor":45.0,"turns":2.0},{"damage":0.0,"enemies":"Jaw Worm Horde","floor":46.0,"turns":2.0},{"damage":0.0,"enemies":"Nemesis","floor":47.0,"turns":3.0},{"damage":0.0,"enemies":"Writhing Mass","floor":48.0,"turns":3.0},{"damage":19,"enemies":"infinitespire:MassOfShapes","floor":50,"turns":4},{"damage":0,"enemies":"Shield and Spear","floor":54,"turns":3},{"damage":33,"enemies":"The Heart","floor":55,"turns":5}],"seed_played":"-238427928408970205","potions_obtained":[{"floor":1.0,"key":"blueLaboratory:BottledHope"},{"floor":5.0,"key":"blueLaboratory:AbyssPotion"},{"floor":8.0,"key":"blueLaboratory:BubblePotion"},{"floor":10.0,"key":"Elixir"},{"floor":21.0,"key":"Block Potion"},{"floor":31.0,"key":"DuplicationPotion"},{"floor":37.0,"key":"PowerPotion"}],"is_trial":false,"path_per_floor":["M","M","?","?","M","E","$","E","T","M","R","M","R","M","R","B",null,"M","$","M","M","M","E","R","E","T","?","?","?","?","E","R","B",null,"M","$","M","M","?","E","?","$","T","E","M","M","E","M","R","B",null,"R","$","E","B",null],"character_chosen":"LUKA_CLASS","items_purchased":["CCEMRelics:BiPhaseBiplane","Juzu Bracelet","StuffTheSpire:TintedRock","luka_mod:Salamander","CCEMRelics:WrappedPresent","BargainBundle","vexMod:GhostlyGear","MiniBlackHole","luka_mod:PerfectTiming","Master of Strategy","jedi:ashlotus","Toolbox"],"campfire_rested":0,"item_purchase_floors":[7,7,7,7,19,36,36,36,36,36,42,53],"current_hp_per_floor":[29,28,20,20,35,36,36,22,22,21,21,33,33,31,31,29,37,24,34,41,45,43,21,21,21,24,24,24,24,24,39,39,48,48,48,48,48,48,48,48,48,48,48,48,48,48,48,48,48,48,48,48,48,48,19],"gold":330,"neow_bonus":"ONE_RANDOM_RARE_CARD","is_daily":false,"chose_seed":false,"campfire_upgraded":6,"win_rate":0.0,"timestamp":1607980639,"path_taken":["M","M","?","?","M","E","$","E","T","M","R","M","R","M","R","BOSS","M","$","M","M","M","E","R","E","T","?","?","?","?","E","R","BOSS","M","$","M","M","?","E","?","$","T","E","M","M","E","M","R","BOSS","R","$","E","BOSS"],"items_purchased_type":["Relic","Relic","Relic","Card","Relic","Relic","Relic","Relic","Card","Card","Relic","Relic"],"build_version":"2020-12-13","purchased_purges":3,"victory":true,"max_hp_per_floor":[40,40,40,40,40,40,40,40,40,40,40,40,40,40,40,40,40,40,45,45,45,45,45,45,45,48,48,48,48,48,48,48,48,48,48,48,48,48,48,48,48,48,48,48,48,48,48,48,48,48,48,48,48,48,48],"card_choices":[{"not_picked":["luka_mod:GuardTraining","luka_mod:BladeOfRagingFire"],"picked":"luka_mod:Request","floor":1.0},{"not_picked":["luka_mod:FlashKill","luka_mod:WaterSlash","luka_mod:SereneDemonSword"],"picked":"SKIP","floor":2.0},{"not_picked":["luka_mod:IliasesJudgement","luka_mod:VaporizingRebellionSword","luka_mod:BladeOfStillWater"],"picked":"SKIP","floor":5.0},{"not_picked":["luka_mod:SereneDemonSword","luka_mod:Struggle","luka_mod:PerfectTiming"],"picked":"SKIP","floor":6.0},{"not_picked":["luka_mod:GuardedStrike","luka_mod:StressRelief","luka_mod:EarthSlash"],"picked":"SKIP","floor":8.0},{"not_picked":["luka_mod:DemonSkullBeheading","luka_mod:GuardedStrike","luka_mod:EarthSlash"],"picked":"SKIP","floor":10.0},{"not_picked":["luka_mod:DemonSkullBeheading","luka_mod:HeroicStrike","luka_mod:GuardTraining"],"picked":"SKIP","floor":12.0},{"not_picked":["luka_mod:StressRelief","luka_mod:BladeOfSolidEarth","luka_mod:GuardTraining"],"picked":"SKIP","floor":14.0},{"not_picked":["luka_mod:Alice","luka_mod:SpoilerForm"],"picked":"luka_mod:AlmaElma","floor":16.0},{"not_picked":["luka_mod:AlicesGuard","luka_mod:Overexert+1"],"picked":"luka_mod:LightningSwordFlash","floor":18.0},{"not_picked":["luka_mod:StressRelief+1","luka_mod:Cutscene"],"picked":"luka_mod:PrayToIlias+1","floor":20.0},{"not_picked":["Bandage Up"],"picked":"SKIP","floor":20.0},{"not_picked":["Panacea"],"picked":"SKIP","floor":21.0},{"not_picked":["luka_mod:BladeOfStillWater","luka_mod:WaterSlash","luka_mod:HeroicStrike"],"picked":"SKIP","floor":21.0},{"not_picked":["luka_mod:Sara","luka_mod:Calm","luka_mod:FlashKill"],"picked":"SKIP","floor":22.0},{"not_picked":["luka_mod:Overexert","luka_mod:Sylph"],"picked":"luka_mod:SpoilerDance","floor":23.0},{"not_picked":["luka_mod:WaterSlash","luka_mod:FireSlash+1"],"picked":"luka_mod:Sylph+1","floor":25.0},{"not_picked":["luka_mod:EndlessGuard+1","luka_mod:AlicesGuard"],"picked":"luka_mod:PrayToIlias","floor":31.0},{"not_picked":["luka_mod:AlicesFist","luka_mod:Ora"],"picked":"luka_mod:Alice","floor":33.0},{"not_picked":["luka_mod:FireSlash","luka_mod:GuardTraining+1","luka_mod:FlashKill+1"],"picked":"SKIP","floor":35.0},{"not_picked":["luka_mod:GuardedStrike+1","luka_mod:EarthSlash"],"picked":"luka_mod:Calm+1","floor":37.0},{"not_picked":["luka_mod:Cutscene","luka_mod:BladeOfStillWater"],"picked":"luka_mod:Undine","floor":38.0},{"not_picked":["luka_mod:Calm","luka_mod:FlashKill+1"],"picked":"luka_mod:Feel+1","floor":40.0},{"not_picked":["luka_mod:OiAlice","luka_mod:PeacePreach"],"picked":"luka_mod:Gnome","floor":44.0},{"not_picked":["luka_mod:EarthSlash","luka_mod:Calm","luka_mod:HeroicStrike+1"],"picked":"SKIP","floor":45.0},{"not_picked":["luka_mod:StressRelief+1","luka_mod:Calm","luka_mod:LightningSwordFlash"],"picked":"SKIP","floor":46.0},{"not_picked":["luka_mod:DemonSkullBeheading","luka_mod:BladeOfSolidEarth+1"],"picked":"luka_mod:SpoilerDance","floor":47.0},{"not_picked":["luka_mod:FireSlash","luka_mod:StressRelief","luka_mod:DemonSkullBeheading"],"picked":"SKIP","floor":48.0},{"not_picked":["luka_mod:FireSlash","luka_mod:Determination","luka_mod:TouchFluffyTail+1"],"picked":"SKIP","floor":54}],"player_experience":982424,"relics_obtained":[{"floor":6.0,"key":"Torii"},{"floor":8.0,"key":"aspiration:FetidBarrel"},{"floor":19.0,"key":"qcfpunch:Duffel_Bag"},{"floor":22.0,"key":"Art of War"},{"floor":23.0,"key":"Dota2Spire:Vanguard"},{"floor":23.0,"key":"hubris:SlimyHat"},{"floor":25.0,"key":"Dota2Spire:Desolator"},{"floor":26.0,"key":"StuffTheSpire:Rhapsscallions"},{"floor":31.0,"key":"Replay:Accelerometer"},{"floor":40.0,"key":"vexMod:InvisibilityCloak"},{"floor":43.0,"key":"StuffTheSpire:Mouthbags"},{"floor":44.0,"key":"halation:AfternoonTea"},{"floor":47.0,"key":"Whetstone"},{"floor":54,"key":"Dota2Spire:ShadowBlade"}],"event_choices":[{"damage_healed":28.0,"max_hp_gain":0.0,"max_hp_loss":40.0,"gold_gain":0.0,"event_name":"betterThird:BetterShining","player_choice":"Upgrade","floor":3.0,"gold_loss":0.0,"damage_taken":8.0,"cards_upgraded":["luka_mod:StrikeLukaFive","luka_mod:StrikeLukaSix"]},{"cards_removed":["luka_mod:Wait"],"damage_healed":0.0,"max_hp_gain":0.0,"max_hp_loss":0.0,"gold_gain":0.0,"event_name":"Bonfire Elementals","player_choice":"Offered Basic","floor":4.0,"gold_loss":0.0,"damage_taken":0.0},{"damage_healed":0.0,"max_hp_gain":0.0,"max_hp_loss":0.0,"gold_gain":0.0,"event_name":"conspire:Investor","player_choice":"Leave","floor":29.0,"gold_loss":0.0,"damage_taken":0.0}],"is_beta":false,"boss_relics":[{"not_picked":["energizedSpire:NeverEndingSparkler","jedi:hotpepper"],"picked":"hubris:BlackHole"},{"not_picked":["energizedSpire:RedRose","aspiration:RitualDagger"],"picked":"REME_DuelDisc"}],"items_purged_floors":[7,19,36],"is_endless":false,"potions_floor_spawned":[1,5,8,10,21,22,31,37,45,47,54],"ascension_level":8}}