{"host":"l2821e3dgmq4sghh","time":1607979776,"event":{"mods":["BaseMod","Colored Powertips","Minty Spire (QoL Compilation)","StSLib"],"gold_per_floor":[116,96,108,119,44,70,70,70,93,93,18,38,38,68,68,141,141,157,157,157,65,36,65,65,65],"floor_reached":24,"playtime":2717,"items_purged":["Strike_G","Strike_G"],"score":433,"play_id":"bd5022e7-15ff-409f-bbb9-2470eec22b36","local_time":"20201214220256","is_ascension_mode":true,"campfire_choices":[{"data":"Bouncing Flask","floor":8.0,"key":"SMITH"},{"data":"Tactician","floor":10.0,"key":"SMITH"},{"floor":13.0,"key":"REST"},{"data":"Neutralize","floor":15.0,"key":"SMITH"}],"circlet_count":0,"master_deck":["AscendersBane","Strike_G","Defend_G","Defend_G","Defend_G","Defend_G","Defend_G","Survivor","Neutralize+1","Dagger Spray","Dagger Throw","Bouncing Flask+1","Tactician+1","Dagger Throw","Leg Sweep","Die Die Die","CurseOfTheBell","Underhanded Strike","Crippling Poison","Noxious Fumes+1","Noxious Fumes+1","Noxious Fumes+1"],"relics":["Ring of the Snake","Juzu Bracelet","Regal Pillow","Oddly Smooth Stone","Letter Opener","Calling Bell","Bag of Marbles","Frozen Egg 2","Turnip","SsserpentHead","Mummified Hand"],"acts_visited":["Exordium","TheCity"],"potions_floor_usage":[22,23,23,24],"damage_taken":[{"damage":2.0,"enemies":"Jaw Worm","floor":1.0,"turns":6.0},{"damage":1.0,"enemies":"Cultist","floor":3.0,"turns":4.0},{"damage":4.0,"enemies":"Small Slimes","floor":4.0,"turns":3.0},{"damage":24.0,"enemies":"Lagavulin","floor":6.0,"turns":7.0},{"damage":0.0,"enemies":"3 Louse","floor":12.0,"turns":3.0},{"damage":14.0,"enemies":"3 Sentries","floor":14.0,"turns":9.0},{"damage":27,"enemies":"The Guardian","floor":16,"turns":9},{"damage":10,"enemies":"Shell Parasite","floor":18,"turns":10},{"damage":18,"enemies":"2 Thieves","floor":22,"turns":5},{"damage":21,"enemies":"Book of Stabbing","floor":23,"turns":5},{"damage":15,"enemies":"Shelled Parasite and Fungi","floor":24,"turns":2}],"seed_played":"2661098233955885953","potions_obtained":[{"floor":2.0,"key":"GhostInAJar"},{"floor":6.0,"key":"GamblersBrew"},{"floor":12.0,"key":"SkillPotion"},{"floor":14.0,"key":"CunningPotion"},{"floor":22,"key":"Poison Potion"},{"floor":23,"key":"SkillPotion"}],"is_trial":false,"path_per_floor":["M","?","M","M","$","E","?","R","T","R","?","M","R","E","R","B",null,"M","?","?","$","M","E","M"],"character_chosen":"THE_SILENT","items_purchased":["Noxious Fumes+1"],"campfire_rested":1,"item_purchase_floors":[21],"current_hp_per_floor":[63,63,62,58,58,34,23,23,23,23,23,23,59,45,45,18,59,49,49,49,49,31,10,0,0],"gold":65,"neow_bonus":"TEN_PERCENT_HP_BONUS","is_daily":false,"chose_seed":false,"campfire_upgraded":3,"win_rate":0.0,"timestamp":1607979776,"path_taken":["M","?","M","?","$","E","?","R","T","R","?","M","R","E","R","BOSS","M","?","?","?","M","E","M"],"items_purchased_type":["Card"],"build_version":"2020-12-13","purchased_purges":2,"victory":false,"max_hp_per_floor":[72,72,72,72,72,72,72,72,72,72,72,72,72,72,72,72,72,72,72,72,72,72,72,72,72],"card_choices":[{"not_picked":["Acrobatics","Tactician"],"picked":"Dagger Spray","floor":1.0},{"not_picked":["Bane","Acrobatics"],"picked":"Dagger Throw","floor":3.0},{"not_picked":["Deflect","Underhanded Strike"],"picked":"Bouncing Flask","floor":4.0},{"not_picked":["Underhanded Strike","Slice"],"picked":"Tactician","floor":6.0},{"not_picked":["Cloak And Dagger","Prepared"],"picked":"Dagger Throw","floor":12.0},{"not_picked":["Riddle With Holes","Dash"],"picked":"Leg Sweep","floor":14.0},{"not_picked":["Venomology","Envenom"],"picked":"Die Die Die","floor":16},{"not_picked":["Slice","Dagger Throw"],"picked":"Underhanded Strike","floor":18},{"not_picked":["Flying Knee","Prepared"],"picked":"Noxious Fumes+1","floor":22},{"not_picked":["Crippling Poison","Leg Sweep"],"picked":"Noxious Fumes+1","floor":23}],"player_experience":5312247,"relics_obtained":[{"floor":6.0,"key":"Juzu Bracelet"},{"floor":9.0,"key":"Oddly Smooth Stone"},{"floor":14.0,"key":"Letter Opener"},{"floor":17,"key":"Bag of Marbles"},{"floor":17,"key":"Frozen Egg 2"},{"floor":17,"key":"Turnip"},{"floor":23,"key":"Mummified Hand"}],"event_choices":[{"damage_healed":0.0,"max_hp_gain":0.0,"max_hp_loss":0.0,"gold_gain":0.0,"event_name":"The Woman in Blue","player_choice":"Bought 1 Potion","floor":2.0,"gold_loss":0.0,"damage_taken":0.0},{"damage_healed":0.0,"max_hp_gain":0.0,"max_hp_loss":0.0,"gold_gain":0.0,"event_name":"Scrap Ooze","player_choice":"Success","floor":7.0,"gold_loss":0.0,"damage_taken":11.0,"relics_obtained":["Regal Pillow"]},{"cards_removed":["Strike_G"],"damage_healed":0.0,"max_hp_gain":0.0,"max_hp_loss":0.0,"gold_gain":0.0,"event_name":"The Cleric","player_choice":"Card Removal","floor":11.0,"gold_loss":75.0,"damage_taken":0.0},{"damage_healed":0,"gold_gain":0,"cards_transformed":["Strike_G"],"player_choice":"Transformed","damage_taken":0,"max_hp_gain":0,"max_hp_loss":0,"event_name":"Transmorgrifier","floor":19,"gold_loss":0,"cards_obtained":["Crippling Poison"]},{"damage_healed":0,"gold_gain":0,"player_choice":"Trade","damage_taken":0,"relics_obtained":["SsserpentHead"],"max_hp_gain":0,"max_hp_loss":0,"event_name":"FaceTrader","floor":20,"gold_loss":0}],"is_beta":false,"boss_relics":[{"not_picked":["Busted Crown","Ring of the Serpent"],"picked":"Calling Bell"}],"items_purged_floors":[5,21],"is_endless":false,"potions_floor_spawned":[6,12,14,16,22,23],"killed_by":"Shelled Parasite and Fungi","ascension_level":19}}