{"host":"naykp6d9ulahlwib","time":1607984514,"event":{"mods":["BaseMod","Highlight Path","Minty Spire (QoL Compilation)","StSLib"],"gold_per_floor":[363,313,313,188,200,200,200,216,270,292,292,305,133,153,153,255,255,274,274,274,288,122,122,132,132,132,132,132],"floor_reached":27,"playtime":3022,"items_purged":["Strike_G","Defend_G"],"score":261,"play_id":"e1ba7a82-1daf-4021-b170-a8a57d6916fa","local_time":"20201214162154","is_ascension_mode":true,"campfire_choices":[{"data":"Neutralize","floor":6.0,"key":"SMITH"},{"data":"Accuracy","floor":11.0,"key":"SMITH"},{"data":"Accuracy","floor":15.0,"key":"SMITH"},{"floor":23,"key":"REST"},{"floor":25,"key":"REST"}],"circlet_count":0,"master_deck":["Strike_G","Defend_G","Defend_G","Defend_G","Survivor","Neutralize+1","Accuracy+1","Cloak And Dagger","Dash","Infinite Blades","Accuracy+1","Night Terror","Blur","Accuracy","Setup","PiercingWail+1","Apotheosis"],"relics":["Ring of the Snake","Calipers","Boot","Odd Mushroom","WristBlade","Bottled Lightning"],"acts_visited":["Exordium","TheCity"],"potions_floor_usage":[21],"damage_taken":[{"damage":1.0,"enemies":"Jaw Worm","floor":1.0,"turns":6.0},{"damage":1.0,"enemies":"Small Slimes","floor":5.0,"turns":4.0},{"damage":0.0,"enemies":"Cultist","floor":8.0,"turns":5.0},{"damage":10.0,"enemies":"The Mushroom Lair","floor":10.0,"turns":5.0},{"damage":0.0,"enemies":"Looter","floor":12.0,"turns":4.0},{"damage":5.0,"enemies":"Exordium Thugs","floor":14.0,"turns":4.0},{"damage":10.0,"enemies":"Slime Boss","floor":16.0,"turns":8.0},{"damage":17.0,"enemies":"3 Byrds","floor":18.0,"turns":6.0},{"damage":4,"enemies":"Chosen","floor":21,"turns":4},{"damage":12,"enemies":"Snecko","floor":24,"turns":4},{"damage":58,"enemies":"Slavers","floor":27,"turns":5}],"seed_played":"-6751832166532355797","potions_obtained":[{"floor":1.0,"key":"DistilledChaos"},{"floor":8.0,"key":"EssenceOfSteel"},{"floor":16.0,"key":"FearPotion"},{"floor":18.0,"key":"Fruit Juice"},{"floor":21,"key":"SteroidPotion"}],"is_trial":false,"path_per_floor":["M","?","?","$","M","R","?","M","T","?","R","M","$","M","R","B",null,"M","?","?","M","$","R","M","R","T","E"],"character_chosen":"THE_SILENT","items_purchased":["Cloak And Dagger","Accuracy","Apotheosis"],"campfire_rested":2,"item_purchase_floors":[4,13,22],"current_hp_per_floor":[62,62,62,62,61,61,61,61,61,51,51,51,51,46,46,36,56,44,44,32,28,28,49,37,58,58,0,0],"gold":132,"neow_bonus":"TWO_FIFTY_GOLD","is_daily":false,"chose_seed":false,"campfire_upgraded":3,"win_rate":0.0,"timestamp":1607984514,"path_taken":["M","?","?","$","?","R","?","?","T","?","R","M","$","M","R","BOSS","M","?","?","M","$","R","M","R","T","E"],"items_purchased_type":["Card","Card","Card"],"build_version":"2020-12-13","purchased_purges":2,"victory":false,"max_hp_per_floor":[63,63,63,63,63,63,63,63,63,63,63,63,63,63,63,63,63,68,68,73,73,73,73,73,73,73,73,73],"card_choices":[{"not_picked":["Escape Plan","Catalyst"],"picked":"Accuracy","floor":1.0},{"not_picked":["Quick Slash","Poisoned Stab","Backflip"],"picked":"SKIP","floor":5.0},{"not_picked":["Poisoned Stab","Backstab"],"picked":"Infinite Blades","floor":8.0},{"not_picked":["Outmaneuver","Dagger Throw","Quick Slash"],"picked":"SKIP","floor":12.0},{"not_picked":["Slice","Outmaneuver","Underhanded Strike"],"picked":"SKIP","floor":14.0},{"not_picked":["Adrenaline","Venomology"],"picked":"Night Terror","floor":16.0},{"not_picked":["Deflect","Dash"],"picked":"Blur","floor":18.0},{"not_picked":["Backstab","Deadly Poison"],"picked":"PiercingWail+1","floor":21},{"not_picked":["Prepared","Bane","Quick Slash"],"picked":"SKIP","floor":24}],"player_experience":733118,"relics_obtained":[{"floor":9.0,"key":"Boot"},{"floor":10.0,"key":"Odd Mushroom"},{"floor":26,"key":"Bottled Lightning"}],"event_choices":[{"cards_removed":["Strike_G"],"damage_healed":0.0,"max_hp_gain":0.0,"max_hp_loss":0.0,"gold_gain":0.0,"event_name":"The Cleric","player_choice":"Card Removal","floor":2.0,"gold_loss":50.0,"damage_taken":0.0},{"damage_healed":0.0,"max_hp_gain":0.0,"max_hp_loss":0.0,"gold_gain":0.0,"event_name":"WeMeetAgain","player_choice":"Gave Potion","floor":3.0,"gold_loss":0.0,"damage_taken":0.0,"relics_obtained":["Calipers"]},{"damage_healed":0.0,"max_hp_gain":0.0,"max_hp_loss":0.0,"gold_gain":0.0,"cards_transformed":["Strike_G"],"event_name":"Transmorgrifier","player_choice":"Transformed","floor":7.0,"gold_loss":0.0,"damage_taken":0.0,"cards_obtained":["Dash"]},{"damage_healed":0.0,"max_hp_gain":0.0,"max_hp_loss":0.0,"gold_gain":0.0,"event_name":"Mushrooms","player_choice":"Fought Mushrooms","floor":10.0,"gold_loss":0.0,"damage_taken":0.0},{"damage_healed":0.0,"max_hp_gain":0.0,"max_hp_loss":0.0,"gold_gain":0.0,"cards_transformed":["Defend_G","Strike_G"],"event_name":"Drug Dealer","player_choice":"Became Test Subject","floor":19.0,"gold_loss":0.0,"damage_taken":0.0,"cards_obtained":["Accuracy","Setup"]},{"damage_healed":0.0,"max_hp_gain":5.0,"max_hp_loss":0.0,"gold_gain":0.0,"event_name":"Forgotten Altar","player_choice":"Shed Blood","floor":20.0,"gold_loss":0.0,"damage_taken":17.0}],"is_beta":false,"boss_relics":[{"not_picked":["Sozu","Runic Dome"],"picked":"WristBlade"}],"items_purged_floors":[4,13],"is_endless":false,"potions_floor_spawned":[1,8,16,18,21],"killed_by":"Slavers","ascension_level":6}}