{"host":"qrt7o4dq2qslzw13","time":1607940095,"event":{"mods":["AchievementEnabler","BaseMod","Colored Map","Colored Powertips","Minty Spire (QoL Compilation)","Quick Restart","Rare Cards Sparkle","StSLib","SuperFastMode"],"gold_per_floor":[115,115,129,44,59,59,209,209,209,237,237,237,58,75,75,152,152,165,181,199,26,26,26,38,13,13,13,27,27,27,52,52,52,52],"floor_reached":33,"playtime":712,"items_purged":[],"score":526,"play_id":"5d1782a7-3a94-4f88-9f1e-069fe8ed6515","local_time":"20201214050135","is_ascension_mode":true,"campfire_choices":[{"data":"Impervious","floor":6.0,"key":"SMITH"},{"data":"Pummel","floor":8.0,"key":"SMITH"},{"data":"Inflame","floor":11.0,"key":"SMITH"},{"floor":15.0,"key":"REST"},{"floor":23.0,"key":"REST"},{"data":"Fire Breathing","floor":27.0,"key":"SMITH"},{"floor":29.0,"key":"REST"},{"floor":32.0,"key":"REST"}],"circlet_count":0,"master_deck":["AscendersBane","Strike_R","Strike_R","Strike_R","Strike_R","Strike_R","Defend_R","Defend_R","Defend_R","Defend_R","Bash","Apotheosis+1","Flex","Sever Soul","Pummel+1","Impervious+1","Doubt","Inflame+1","Dark Embrace","Purity","Seeing Red","Offering","Dual Wield","Fire Breathing+1","Whirlwind","Shockwave","Armaments","Burning Pact","RitualDagger"],"relics":["Burning Blood","Meat on the Bone","Lantern","Mark of Pain","Medical Kit","MutagenicStrength","Pantograph","Boot"],"acts_visited":["Exordium","TheCity"],"potions_floor_usage":[33],"damage_taken":[{"damage":14.0,"enemies":"2 Louse","floor":1.0,"turns":3.0},{"damage":12.0,"enemies":"Small Slimes","floor":3.0,"turns":4.0},{"damage":2.0,"enemies":"Jaw Worm","floor":5.0,"turns":3.0},{"damage":30.0,"enemies":"Lagavulin","floor":10.0,"turns":10.0},{"damage":2.0,"enemies":"3 Louse","floor":14.0,"turns":5.0},{"damage":44.0,"enemies":"The Guardian","floor":16.0,"turns":10.0},{"damage":43.0,"enemies":"Chosen","floor":18.0,"turns":6.0},{"damage":22.0,"enemies":"Spheric Guardian","floor":19.0,"turns":5.0},{"damage":17.0,"enemies":"Centurion and Healer","floor":20.0,"turns":5.0},{"damage":20.0,"enemies":"Chosen and Byrds","floor":24.0,"turns":3.0},{"damage":11.0,"enemies":"Snecko","floor":28.0,"turns":5.0},{"damage":54.0,"enemies":"Book of Stabbing","floor":31.0,"turns":5.0},{"damage":73,"enemies":"Collector","floor":33,"turns":5}],"seed_played":"779867914121725176","potions_obtained":[{"floor":1.0,"key":"BloodPotion"},{"floor":10.0,"key":"BlessingOfTheForge"},{"floor":19.0,"key":"PowerPotion"},{"floor":24.0,"key":"Ancient Potion"},{"floor":28.0,"key":"Weak Potion"}],"is_trial":false,"path_per_floor":["M","?","M","$","M","R","?","R","T","E","R","?","$","M","R","B",null,"M","M","M","$","?","R","M","$","T","R","M","R","?","E","R","B"],"character_chosen":"IRONCLAD","items_purchased":["Pummel","Dark Embrace","Purity","Medical Kit","Armaments"],"campfire_rested":4,"item_purchase_floors":[4,13,13,21,25],"current_hp_per_floor":[60,60,67,67,68,68,68,68,68,44,44,44,44,48,68,42,62,37,33,34,34,34,54,52,52,52,52,47,67,61,25,45,0,0],"gold":52,"neow_bonus":"RANDOM_COLORLESS_2","is_daily":false,"chose_seed":false,"campfire_upgraded":4,"win_rate":0.0,"timestamp":1607940095,"path_taken":["M","?","M","$","M","R","?","R","T","E","R","?","$","M","R","BOSS","M","M","M","$","?","R","M","$","T","R","M","R","?","E","R","BOSS"],"items_purchased_type":["Card","Card","Card","Relic","Card"],"build_version":"2020-12-13","purchased_purges":0,"victory":false,"max_hp_per_floor":[68,68,68,68,68,68,68,68,68,68,68,68,68,68,68,68,68,68,68,68,68,68,68,68,68,68,68,68,68,68,68,68,68,68],"card_choices":[{"not_picked":["Master of Strategy","Metamorphosis"],"picked":"Apotheosis","floor":0.0},{"not_picked":["Warcry","Iron Wave"],"picked":"Flex","floor":1.0},{"not_picked":["True Grit","Flex"],"picked":"Sever Soul","floor":3.0},{"not_picked":["True Grit","Cleave"],"picked":"Impervious","floor":5.0},{"not_picked":["Searing Blow","Clothesline"],"picked":"Inflame","floor":10.0},{"not_picked":["Cleave","Body Slam"],"picked":"Seeing Red","floor":14.0},{"not_picked":["Reaper","Juggernaut"],"picked":"Offering","floor":16.0},{"not_picked":["Entrench","Rage"],"picked":"Dual Wield","floor":18.0},{"not_picked":["Thunderclap","Uppercut"],"picked":"Fire Breathing","floor":19.0},{"not_picked":["Clothesline","Pommel Strike"],"picked":"Whirlwind","floor":20.0},{"not_picked":["Seeing Red","Reckless Charge"],"picked":"Shockwave","floor":24.0},{"not_picked":["Cleave+1","Heavy Blade"],"picked":"Burning Pact","floor":28.0},{"not_picked":["Armaments","Dropkick","Brutality"],"picked":"SKIP","floor":31.0}],"player_experience":451182,"relics_obtained":[{"floor":9.0,"key":"Meat on the Bone"},{"floor":10.0,"key":"Lantern"},{"floor":26.0,"key":"Pantograph"},{"floor":31.0,"key":"Boot"}],"event_choices":[{"damage_healed":0.0,"max_hp_gain":0.0,"max_hp_loss":0.0,"gold_gain":0.0,"event_name":"Living Wall","player_choice":"Grow","floor":2.0,"gold_loss":0.0,"damage_taken":0.0,"cards_upgraded":["Apotheosis"]},{"damage_healed":0.0,"max_hp_gain":0.0,"max_hp_loss":0.0,"gold_gain":150.0,"event_name":"Liars Game","player_choice":"AGREE","floor":7.0,"gold_loss":0.0,"damage_taken":0.0,"cards_obtained":["Doubt"]},{"damage_healed":0.0,"max_hp_gain":0.0,"max_hp_loss":0.0,"gold_gain":0.0,"event_name":"Dead Adventurer","player_choice":"Searched \u00270\u0027 times","floor":12.0,"gold_loss":0.0,"damage_taken":0.0},{"damage_healed":0.0,"max_hp_gain":0.0,"max_hp_loss":0.0,"gold_gain":0.0,"event_name":"Drug Dealer","player_choice":"Inject Mutagens","floor":22.0,"gold_loss":0.0,"damage_taken":0.0,"relics_obtained":["MutagenicStrength"]},{"damage_healed":0.0,"max_hp_gain":0.0,"max_hp_loss":0.0,"gold_gain":0.0,"event_name":"Nest","player_choice":"Joined the Cult","floor":30.0,"gold_loss":0.0,"damage_taken":6.0,"cards_obtained":["RitualDagger"]}],"is_beta":false,"boss_relics":[{"not_picked":["Busted Crown","Cursed Key"],"picked":"Mark of Pain"}],"items_purged_floors":[],"is_endless":false,"potions_floor_spawned":[1,10,19,24,28],"killed_by":"Collector","ascension_level":20}}