{"host":"vyt5ne9ydo1z9gg1","time":1607946642,"event":{"mods":["BaseMod","DeckTracker","GifTheSpireLib","Minty Spire (QoL Compilation)","Prisma Mod","StSLib","The Hierophant"],"gold_per_floor":[109,119,294,244,259,259,293,309,390,390,403,421,421,440,440,563,563,582,595,445,445,470,470,470,470,470],"floor_reached":25,"playtime":2044,"items_purged":["PrismaMod:IllyaCommonAttack"],"score":205,"play_id":"7ed6f4d4-dfdd-4290-b7c2-3d5a9bd50e93","local_time":"20201214225042","is_ascension_mode":false,"campfire_choices":[{"data":"PrismaMod:IllyaCheapChannelAttack","floor":6,"key":"SMITH"},{"data":"PrismaMod:IllyaUncommonDefend","floor":10,"key":"SMITH"},{"data":"PrismaMod:IllyaBlindPoisonToss","floor":15,"key":"SMITH"},{"data":"PrismaMod:IllyaUberPoisonChannel","floor":23,"key":"SMITH"}],"circlet_count":0,"master_deck":["PrismaMod:IllyaCommonAttack","PrismaMod:IllyaCommonDefend","PrismaMod:IllyaCommonAttack","PrismaMod:IllyaCommonDefend","PrismaMod:IllyaCommonDefend","PrismaMod:IllyaCommonAttack","PrismaMod:IllyaCommonDefend","PrismaMod:IllyaCommonAttack","PrismaMod:IllyaCommonDefend","PrismaMod:IllyaUncommonAttack","PrismaMod:IllyaUncommonDefend+1","PrismaMod:IllyaCheapChannelAttack+1","PrismaMod:IllyaCommonEvoke","PrismaMod:IllyaBoysLove","PrismaMod:IllyaBlindPoisonToss+1","PrismaMod:IllyaInstallArcher","PrismaMod:IllyaFeed","PrismaMod:IllyaBerserCAR","PrismaMod:IllyaUberPoisonChannel+1","PrismaMod:IllyaBride+1","PrismaMod:IllyaPoisonTippedWeapons","PrismaMod:IllyaCheapChannelPoison","PrismaMod:IllyaGun"],"relics":["PrismaMod:PrismaRuby","NeowsBlessing","StoneCalendar","Bottled Lightning","Bloody Idol","SlaversCollar","Nilry\u0027s Codex"],"acts_visited":["Exordium","TheCity"],"potions_floor_usage":[16,19],"damage_taken":[{"damage":0,"enemies":"2 Louse","floor":1,"turns":1},{"damage":0,"enemies":"Jaw Worm","floor":2,"turns":1},{"damage":0,"enemies":"Small Slimes","floor":5,"turns":1},{"damage":36,"enemies":"Lagavulin","floor":7,"turns":6},{"damage":5,"enemies":"Exordium Thugs","floor":8,"turns":5},{"damage":6,"enemies":"2 Fungi Beasts","floor":11,"turns":4},{"damage":9,"enemies":"Red Slaver","floor":12,"turns":3},{"damage":0,"enemies":"Exordium Wildlife","floor":14,"turns":3},{"damage":49,"enemies":"Slime Boss","floor":16,"turns":7},{"damage":4,"enemies":"Chosen","floor":18,"turns":4},{"damage":2,"enemies":"Shell Parasite","floor":19,"turns":5},{"damage":14,"enemies":"Snecko","floor":22,"turns":5},{"damage":50,"enemies":"Slavers","floor":25,"turns":3}],"seed_played":"3222047675098464701","potions_obtained":[{"floor":5,"key":"Strength Potion"},{"floor":8,"key":"Swift Potion"},{"floor":11,"key":"Weak Potion"},{"floor":16,"key":"Weak Potion"}],"is_trial":false,"path_per_floor":["M","M","?","?","M","R","E","M","T","R","M","M","?","M","R","B",null,"M","M","$","?","M","R","?","E"],"character_chosen":"ILLYA","items_purchased":["PrismaMod:IllyaCheapChannelPoison","PrismaMod:IllyaGun"],"campfire_rested":0,"item_purchase_floors":[20,20],"current_hp_per_floor":[75,75,75,75,75,75,39,34,34,34,33,38,38,49,49,9,69,68,66,66,50,39,39,39,0,0],"gold":470,"neow_bonus":"THREE_ENEMY_KILL","is_daily":false,"chose_seed":false,"campfire_upgraded":4,"win_rate":0.0,"timestamp":1607946642,"path_taken":["M","M","?","?","M","R","E","M","T","R","M","M","?","M","R","BOSS","M","M","$","?","M","R","?","E"],"items_purchased_type":["Card","Card"],"build_version":"2020-12-13","purchased_purges":1,"victory":false,"max_hp_per_floor":[75,75,75,75,75,75,75,75,75,75,75,75,69,69,69,69,69,69,69,69,69,69,69,69,69,69],"card_choices":[{"not_picked":["PrismaMod:IllyaFriendMaker","PrismaMod:IllyaDevil"],"picked":"PrismaMod:IllyaCheapChannelAttack","floor":1},{"not_picked":["PrismaMod:IllyaFriendMaker","PrismaMod:IllyaFeed"],"picked":"PrismaMod:IllyaCommonEvoke","floor":2},{"not_picked":["PrismaMod:IllyaStunPoison","PrismaMod:IllyaCommonEvoke"],"picked":"PrismaMod:IllyaBoysLove","floor":5},{"not_picked":["PrismaMod:IllyaPoisoningPhantasm","PrismaMod:IllyaPartialInstallAssassin"],"picked":"PrismaMod:IllyaBlindPoisonToss","floor":7},{"not_picked":["PrismaMod:IllyaUncommonAttack","PrismaMod:IllyaCheapChannelPoison"],"picked":"PrismaMod:IllyaInstallArcher","floor":8},{"not_picked":["PrismaMod:IllyaBride","PrismaMod:IllyaSaphire"],"picked":"PrismaMod:IllyaFeed","floor":11},{"not_picked":["PrismaMod:IllyaSaphire","PrismaMod:IllyaGun"],"picked":"PrismaMod:IllyaBerserCAR","floor":12},{"not_picked":["PrismaMod:IllyaEvokeAll","PrismaMod:IllyaUberPoisonBlock","PrismaMod:IllyaTestament"],"picked":"SKIP","floor":14},{"not_picked":["PrismaMod:IllyaCarnivalOrbs","PrismaMod:IllyaInstallAssassin"],"picked":"PrismaMod:IllyaUberPoisonChannel","floor":16},{"not_picked":["PrismaMod:IllyaUpgradeOrbs","PrismaMod:IllyaDevil"],"picked":"PrismaMod:IllyaBride+1","floor":18},{"not_picked":["PrismaMod:IllyaUncommonDefend","PrismaMod:IllyaTestament+1"],"picked":"PrismaMod:IllyaPoisonTippedWeapons","floor":19},{"not_picked":["PrismaMod:IllyaUpgradeOrbs","PrismaMod:IllyaCommandSeal","PrismaMod:IllyaCheapChannelAttack+1"],"picked":"SKIP","floor":22}],"player_experience":6530,"relics_obtained":[{"floor":7,"key":"StoneCalendar"},{"floor":9,"key":"Bottled Lightning"},{"floor":21,"key":"Nilry\u0027s Codex"}],"event_choices":[{"damage_healed":0,"gold_gain":175,"player_choice":"AGREE","damage_taken":0,"max_hp_gain":0,"max_hp_loss":0,"event_name":"Liars Game","floor":3,"gold_loss":0,"cards_obtained":["Doubt"]},{"cards_removed":["Doubt"],"damage_healed":0,"gold_gain":0,"player_choice":"Card Removal","damage_taken":0,"max_hp_gain":0,"max_hp_loss":0,"event_name":"The Cleric","floor":4,"gold_loss":50},{"damage_healed":0,"gold_gain":0,"player_choice":"Lose Max HP","damage_taken":0,"relics_obtained":["Golden Idol"],"max_hp_gain":0,"max_hp_loss":6,"event_name":"Golden Idol","floor":13,"gold_loss":0},{"damage_healed":0,"gold_gain":0,"player_choice":"Obtained Book","damage_taken":16,"max_hp_gain":0,"max_hp_loss":0,"event_name":"Cursed Tome","floor":21,"gold_loss":0},{"damage_healed":0,"gold_gain":0,"player_choice":"Gave Idol","damage_taken":0,"relics_obtained":["Bloody Idol"],"max_hp_gain":0,"max_hp_loss":0,"event_name":"Forgotten Altar","floor":24,"relics_lost":["Golden Idol"],"gold_loss":0}],"is_beta":false,"boss_relics":[{"not_picked":["Snecko Eye","SacredBark"],"picked":"SlaversCollar"}],"items_purged_floors":[20],"is_endless":false,"potions_floor_spawned":[5,8,11,16],"killed_by":"Slavers","ascension_level":0}}