{"host":"e8qlq9m73szgw1mp","time":1607975611,"event":{"mods":["2.2 Compatiblity","AchievementEnabler","BaseMod","Colored Powertips","Downfall","Highlight Path","Minty Spire (QoL Compilation)","Quick Restart","StSLib"],"gold_per_floor":[99,99,549,549,649,660,660,417,417,417,417],"floor_reached":10,"playtime":418,"items_purged":["Slimebound:Icky"],"score":52,"play_id":"eaefeb47-775f-4e9d-a016-6e159084a18d","local_time":"20201214115331","is_ascension_mode":false,"campfire_choices":[{"data":"champ:Devastate","floor":1,"key":"SMITH"},{"data":"champ:Taunt","floor":4,"key":"SMITH"},{"data":"champ:ViciousMockery","floor":9,"key":"SMITH"}],"circlet_count":0,"master_deck":["champ:Strike","champ:Strike","champ:Strike","champ:Strike","champ:Defend","champ:Defend","champ:Defend","champ:Defend","champ:Execute","champ:Taunt+1","champ:Devastate+1","Slimebound:Icky","Slimebound:Icky","champ:GladiatorsShout","champ:ViciousMockery+1","champ:FanOfKnives"],"relics":["champ:ChampionCrown","Matryoshka","downfall:GremlinWheel","CeramicFish","Bag of Preparation","Omamori"],"acts_visited":["Exordium"],"potions_floor_usage":[],"damage_taken":[{"damage":65,"floor":5,"turns":7},{"damage":0,"enemies":"2 Louse","floor":6,"turns":3},{"damage":15,"enemies":"downfall:FleeingMerchant","floor":8,"turns":4},{"damage":115,"enemies":"Gremlin Nob","floor":10,"turns":6}],"seed_played":"3232551998366384634","potions_obtained":[{"floor":5,"key":"ColorlessPotion"}],"is_trial":false,"path_per_floor":["R","?","?","R","?","M","T","$","R","E"],"character_chosen":"THE_CHAMP","items_purchased":["champ:FanOfKnives","Omamori"],"campfire_rested":0,"item_purchase_floors":[8,8],"current_hp_per_floor":[90,87,87,87,32,32,32,22,90,0,0],"gold":417,"neow_bonus":"ONE_RANDOM_RARE_CARD","is_daily":false,"chose_seed":false,"campfire_upgraded":3,"win_rate":0.0,"timestamp":1607975611,"path_taken":["R","?","?","R","?","M","T","$","R","E"],"items_purchased_type":["Card","Relic"],"build_version":"2020-12-13","purchased_purges":1,"victory":false,"max_hp_per_floor":[90,90,90,90,90,90,90,90,90,90,90],"card_choices":[{"not_picked":["champ:DeathBlow","champ:FanOfKnives"],"picked":"champ:GladiatorsShout","floor":6},{"not_picked":["champ:FanOfKnives","champ:CrookedStrike"],"picked":"champ:ViciousMockery","floor":8}],"player_experience":1290858,"relics_obtained":[{"floor":5,"key":"downfall:GremlinWheel"},{"floor":7,"key":"CeramicFish"},{"floor":7,"key":"Bag of Preparation"}],"event_choices":[{"damage_healed":0,"gold_gain":0,"player_choice":"Success","damage_taken":3,"relics_obtained":["Matryoshka"],"max_hp_gain":0,"max_hp_loss":0,"event_name":"Scrap Ooze","floor":2,"gold_loss":0},{"damage_healed":68,"gold_gain":0,"player_choice":"Full Heal","damage_taken":0,"max_hp_gain":0,"max_hp_loss":0,"event_name":"Wheel of Change","floor":9,"gold_loss":0}],"is_beta":false,"boss_relics":[],"items_purged_floors":[8],"is_endless":false,"potions_floor_spawned":[5],"killed_by":"Gremlin Nob","ascension_level":0}}