{"host":"ln38befi3ugo1bsw","time":1607925818,"event":{"mods":["BaseMod","BetterRewards","Colored Map","Colored Powertips","Downfall","Hermit","Jorbs\u0027s Wanderer Trilogy","Lobotomy","Marisa????????","Minty Spire (QoL Compilation)","READ ME - Guardian Mod","READ ME - Snecko Mod","StSLib","SuperFastMode","The Cursed","The Servant 0.9.4"],"gold_per_floor":[111,111,41,5,20,49,49,63,63,63,79,79,113,128,128,228,228,240,19,118,130,149,149,149,149],"floor_reached":24,"playtime":2036,"items_purged":["Pain"],"score":243,"play_id":"01208110-246f-4876-9370-bcc15c1804e0","local_time":"20201214010338","is_ascension_mode":true,"campfire_choices":[{"data":"TheCursedMod:SoulReap","floor":7,"key":"SMITH"},{"data":"TheCursedMod:Stigma","floor":12,"key":"SMITH"},{"data":"TheCursedMod:WearCloak","floor":15,"key":"SMITH"},{"data":"TheCursedMod:ReleasedStrength","floor":23,"key":"SMITH"}],"circlet_count":0,"master_deck":["TheCursedMod:Strike_TheCursed","TheCursedMod:Strike_TheCursed","TheCursedMod:Strike_TheCursed","TheCursedMod:Strike_TheCursed","TheCursedMod:Defend_TheCursed","TheCursedMod:Defend_TheCursed","TheCursedMod:Defend_TheCursed","TheCursedMod:Defend_TheCursed","TheCursedMod:CursedWand","TheCursedMod:CleanUpWorkshop","TheCursedMod:Dregs","TheCursedMod:TacticalStrike","Pain","TheCursedMod:CursedBlade","TheCursedMod:CursedAmulet","TheCursedMod:SoulReap+1","TheCursedMod:CircleOfCorruption","TheCursedMod:Stigma+1","TheCursedMod:WearCloak+1","TheCursedMod:ManaBullet","TheCursedMod:DoubleShield","TheCursedMod:CursedShiv","TheCursedMod:OutForBlood","TheCursedMod:Stigma","TheCursedMod:Mangle+1","TheCursedMod:ReleasedStrength+1"],"relics":["Cursed Key","WarpedTongs","Dream Catcher","Letter Opener","TheCursedMod:BloodyHarpoon","Sozu","HandDrill"],"acts_visited":["Exordium","TheCity"],"potions_floor_usage":[16],"damage_taken":[{"damage":7,"enemies":"Small Slimes","floor":1,"turns":4},{"damage":1,"enemies":"Cultist","floor":5,"turns":3},{"damage":28,"enemies":"Gremlin Nob","floor":6,"turns":6},{"damage":1,"enemies":"Jaw Worm","floor":8,"turns":3},{"damage":4,"enemies":"Red Slaver","floor":11,"turns":3},{"damage":9,"enemies":"3 Sentries","floor":13,"turns":5},{"damage":4,"enemies":"Blue Slaver","floor":14,"turns":3},{"damage":51,"enemies":"The Guardian","floor":16,"turns":10},{"damage":6,"enemies":"Shell Parasite","floor":18,"turns":6},{"damage":20,"enemies":"3 Byrds","floor":21,"turns":6},{"damage":18,"enemies":"Snecko","floor":22,"turns":5},{"damage":45,"enemies":"Slavers","floor":24,"turns":2}],"seed_played":"-4890792062424144332","potions_obtained":[{"floor":1,"key":"Explosive Potion"},{"floor":8,"key":"sneckomod:MuddlingPotion"}],"is_trial":false,"path_per_floor":["M","?","$","$","M","E","R","M","T","$","M","R","E","M","R","B",null,"M","$","?","M","M","R","E"],"character_chosen":"THE_CURSED","items_purchased":["TheCursedMod:CursedBlade","TheCursedMod:CursedAmulet","TheCursedMod:SoulReap","HandDrill"],"campfire_rested":0,"item_purchase_floors":[3,3,4,19],"current_hp_per_floor":[68,68,68,68,74,53,53,52,52,52,55,55,53,54,54,10,75,69,69,69,56,41,41,0,0],"gold":149,"neow_bonus":"BOSS_RELIC","is_daily":false,"chose_seed":false,"campfire_upgraded":4,"win_rate":0.0,"timestamp":1607925818,"path_taken":["M","?","?","$","M","E","R","?","T","$","M","R","E","M","R","BOSS","M","$","?","M","M","R","E"],"items_purchased_type":["Card","Card","Card","Relic"],"build_version":"2020-12-13","purchased_purges":1,"victory":false,"max_hp_per_floor":[75,75,75,75,75,75,75,75,75,75,75,75,75,75,75,75,75,75,75,75,75,75,75,75,75],"card_choices":[{"not_picked":["TheCursedMod:ManaBullet","TheCursedMod:SpitefulStrike"],"picked":"TheCursedMod:TacticalStrike","floor":1},{"not_picked":["TheCursedMod:CircleOfBlood","TheCursedMod:SmokeScreen"],"picked":"TheCursedMod:CircleOfCorruption","floor":5},{"not_picked":["TheCursedMod:VitalStrike","TheCursedMod:ShockAndAwe"],"picked":"TheCursedMod:Stigma","floor":6},{"not_picked":["TheCursedMod:Mangle","TheCursedMod:Stretching"],"picked":"TheCursedMod:WearCloak","floor":8},{"not_picked":["TheCursedMod:CursedSpellbook","TheCursedMod:Grudge"],"picked":"TheCursedMod:ManaBullet","floor":11},{"not_picked":["TheCursedMod:CircleOfCorruption","TheCursedMod:CursedArmor"],"picked":"TheCursedMod:DoubleShield","floor":13},{"not_picked":["TheCursedMod:FleshFromBone","TheCursedMod:CircleOfFlame"],"picked":"TheCursedMod:CursedShiv","floor":14},{"not_picked":["TheCursedMod:ShockAndAwe","TheCursedMod:CircleOfAbyss"],"picked":"TheCursedMod:OutForBlood","floor":16},{"not_picked":["TheCursedMod:SoulCrush","TheCursedMod:CursedAmulet"],"picked":"TheCursedMod:Stigma","floor":18},{"not_picked":["TheCursedMod:Stretching","TheCursedMod:CircleOfFlame"],"picked":"TheCursedMod:Mangle+1","floor":21},{"not_picked":["TheCursedMod:RapidMovement+1","TheCursedMod:WearCloak"],"picked":"TheCursedMod:ReleasedStrength","floor":22}],"player_experience":25170,"relics_obtained":[{"floor":6,"key":"Dream Catcher"},{"floor":9,"key":"Letter Opener"},{"floor":13,"key":"TheCursedMod:BloodyHarpoon"}],"event_choices":[{"damage_healed":0,"gold_gain":0,"player_choice":"Rummage","damage_taken":0,"relics_obtained":["WarpedTongs"],"max_hp_gain":0,"max_hp_loss":0,"event_name":"Accursed Blacksmith","floor":2,"gold_loss":0,"cards_obtained":["Pain"]},{"damage_healed":0,"gold_gain":99,"player_choice":"Stole From Cult","damage_taken":0,"max_hp_gain":0,"max_hp_loss":0,"event_name":"Nest","floor":20,"gold_loss":0}],"is_beta":false,"boss_relics":[{"not_picked":["Runic Pyramid","Fusion Hammer"],"picked":"Sozu"}],"items_purged_floors":[19],"is_endless":false,"potions_floor_spawned":[1,8],"killed_by":"Slavers","ascension_level":1}}