{"host":"etmsduvleanb5j7c","time":1607955509,"event":{"mods":["2.2 Compatiblity","BaseMod","Downfall","Minty Spire (QoL Compilation)","StSLib"],"gold_per_floor":[99,113,113,113,113,130,153,167,182,182,192,204,220,240,259,354,354,279,295,315,150,160,189,189,45,45,78,92,112,131,131,147,249,249,174,190,210,229,239,239,239,284,173,173,191,203,1,15,33,33],"floor_reached":51,"playtime":2838,"items_purged":[],"score":643,"play_id":"26b402ec-4b45-4d13-8b36-dc50a7631950","local_time":"20201214151829","is_ascension_mode":false,"campfire_choices":[{"floor":1.0,"key":"RECALL"},{"data":"Guardian:TwinSlam","floor":3.0,"key":"SMITH"},{"data":"Guardian:SentryBeam","floor":10.0,"key":"SMITH"},{"data":"Guardian:TimeSifter","floor":18.0,"key":"SMITH"},{"floor":26.0,"key":"REST"},{"data":"Guardian:SpikerProtocol","floor":35.0,"key":"SMITH"},{"floor":40.0,"key":"REST"},{"floor":44,"key":"REST"}],"circlet_count":0,"master_deck":["Guardian:Strike_Guardian","Guardian:Strike_Guardian","Guardian:Strike_Guardian","Guardian:Defend_Guardian","Guardian:Defend_Guardian","Guardian:Defend_Guardian","Guardian:Defend_Guardian","Guardian:CurlUp","Guardian:TwinSlam+1","Guardian:Planning","Guardian:SpikerProtocol","Guardian:SentryBeam+1","Guardian:CrystalBeam","Guardian:SpikerProtocol+1","Guardian:RollAttack","Guardian:ChargeCore","Guardian:PiercingHide","Guardian:TimeSifter+1","Guardian:RollAttack+1","Guardian:EvasiveProtocol","Guardian:RollAttack","Guardian:PiercingHide","Guardian:ShieldCharger","Guardian:Incinerate","Guardian:SpikerProtocol","Guardian:ShieldSpikes+1","Guardian:TemporalStrike+1","Guardian:GuardianWhirl","Guardian:RevengeProtocol","CurseOfTheBell","Guardian:FloatingOrbs","Guardian:DecasProtection+1","Guardian:GuardianWhirl+1","Guardian:Incinerate+1","Guardian:Suspension+1","Guardian:RollAttack+1","Guardian:SentryBeam+1","Guardian:RollAttack+1","Guardian:SpikerProtocol","Guardian:Gem_Lightblue","Guardian:RollAttack+1","Guardian:BronzeArmor","Guardian:Harden","Guardian:SentryBeam+1","Master of Strategy","Guardian:ChargeUp","Guardian:Gem_Cyan"],"relics":["Guardian:ModeShifter","Tiny Chest","Runic Dome","downfall:HeartBlessingRed","Oddly Smooth Stone","Orichalcum","Nunchaku","Molten Egg 2","Calling Bell","Smiling Mask","Meat on the Bone","Shovel","downfall:HeartBlessingGreen","Strawberry","Peace Pipe","Bag of Marbles"],"acts_visited":[],"potions_floor_usage":[],"damage_taken":[{"damage":9.0,"enemies":"Jaw Worm","floor":2.0,"turns":5.0},{"damage":0.0,"enemies":"2 Louse","floor":6.0,"turns":3.0},{"damage":2.0,"enemies":"Cultist","floor":8.0,"turns":3.0},{"damage":5.0,"enemies":"Lots of Slimes","floor":9.0,"turns":3.0},{"damage":3.0,"enemies":"Red Slaver","floor":11.0,"turns":3.0},{"damage":10.0,"enemies":"Blue Slaver","floor":12.0,"turns":3.0},{"damage":0.0,"enemies":"2 Fungi Beasts","floor":13.0,"turns":4.0},{"damage":5.0,"enemies":"3 Louse","floor":14.0,"turns":3.0},{"damage":0.0,"enemies":"Lots of Slimes","floor":15.0,"turns":1.0},{"damage":19.0,"enemies":"downfall:CharBossDefect","floor":16.0,"turns":9.0},{"damage":0.0,"enemies":"3 Byrds","floor":19.0,"turns":3.0},{"damage":5.0,"enemies":"Chosen","floor":20.0,"turns":5.0},{"damage":0.0,"enemies":"downfall:FleeingMerchant","floor":21.0,"turns":4.0},{"damage":13.0,"enemies":"Shelled Parasite and Fungi","floor":22.0,"turns":5.0},{"damage":17.0,"enemies":"Gremlin Leader","floor":23.0,"turns":5.0},{"damage":0.0,"enemies":"downfall:FleeingMerchant","floor":25.0,"turns":4.0},{"damage":22.0,"enemies":"Book of Stabbing","floor":27.0,"turns":5.0},{"damage":13.0,"enemies":"Snake Plant","floor":28.0,"turns":3.0},{"damage":13.0,"enemies":"Sentry and Sphere","floor":29.0,"turns":5.0},{"damage":0.0,"enemies":"3 Cultists","floor":30.0,"turns":5.0},{"damage":6.0,"enemies":"Cultist and Chosen","floor":32.0,"turns":4.0},{"damage":21.0,"enemies":"downfall:CharBossSilent","floor":33.0,"turns":8.0},{"damage":11.0,"enemies":"3 Darklings","floor":36.0,"turns":4.0},{"damage":16.0,"enemies":"3 Shapes","floor":37.0,"turns":3.0},{"damage":30.0,"enemies":"Sphere and 2 Shapes","floor":38.0,"turns":5.0},{"damage":13.0,"enemies":"Writhing Mass","floor":39.0,"turns":4.0},{"damage":44.0,"enemies":"2 Orb Walkers","floor":42.0,"turns":6.0},{"damage":0,"enemies":"downfall:FleeingMerchant","floor":43,"turns":4},{"damage":33,"enemies":"Spire Growth","floor":45,"turns":7},{"damage":33,"enemies":"4 Shapes","floor":46,"turns":4},{"damage":0,"enemies":"downfall:FleeingMerchant","floor":47,"turns":2},{"damage":4,"enemies":"Maw","floor":48,"turns":7},{"damage":15,"enemies":"Spire Growth","floor":49,"turns":4},{"damage":0,"enemies":"downfall:CharBossWatcher","floor":50,"turns":1}],"seed_played":"-1813992050498689606","potions_obtained":[{"floor":2.0,"key":"Weak Potion"},{"floor":6.0,"key":"Dexterity Potion"},{"floor":11.0,"key":"SmokeBomb"},{"floor":15.0,"key":"Energy Potion"},{"floor":19.0,"key":"Guardian:AcceleratePotion"},{"floor":20.0,"key":"Fire Potion"},{"floor":37.0,"key":"Dexterity Potion"}],"is_trial":false,"path_per_floor":["R","M","R","?","?","M","T","M","M","R","M","M","M","M","M","B",null,"R","M","M","$","M","E","T","$","R","E","M","M","M","T","M","B",null,"R","M","M","M","M","R","T","?","$","R","M","M","$","M","M","B",null],"character_chosen":"GUARDIAN","items_purchased":["Guardian:EvasiveProtocol","Guardian:RollAttack","Guardian:PiercingHide","Guardian:Incinerate","Guardian:SpikerProtocol","Guardian:SentryBeam+1","Guardian:RollAttack+1","Bag of Marbles","Guardian:BronzeArmor","Guardian:Harden","Guardian:SentryBeam+1","Master of Strategy"],"campfire_rested":3,"item_purchase_floors":[21,21,21,25,25,43,43,47,47,47,47,47],"current_hp_per_floor":[88,79,79,79,79,79,79,77,72,72,69,59,59,54,54,35,88,88,88,83,83,70,53,53,53,79,57,44,31,31,31,25,4,88,88,77,61,43,42,68,75,43,55,83,50,29,41,49,46,58],"gold":33,"neow_bonus":"TEN_PERCENT_HP_BONUS","is_daily":false,"chose_seed":false,"campfire_upgraded":4,"win_rate":0.0,"timestamp":1607955509,"path_taken":["R","M","R","?","?","M","T","M","M","R","M","?","M","M","M","BOSS","R","M","M","?","M","E","T","$","R","E","M","M","?","?","M","BOSS","R","M","M","M","M","R","T","?","$","R","M","M","$","M","M","BOSS"],"items_purchased_type":["Card","Card","Card","Card","Card","Card","Card","Relic","Card","Card","Card","Card"],"build_version":"2020-12-13","purchased_purges":0,"victory":true,"max_hp_per_floor":[88,88,88,88,88,88,88,88,88,88,88,88,88,88,88,88,88,88,88,88,88,88,88,88,88,88,88,88,88,88,88,88,88,88,88,88,88,88,88,88,95,95,95,95,95,95,95,95,95,95],"card_choices":[{"not_picked":["Guardian:PrimingBeam","Guardian:Gem_Cyan"],"picked":"Guardian:Gem_Crimson","floor":2.0},{"not_picked":["Guardian:MultiBeam","Guardian:WalkerClaw"],"picked":"Guardian:SpikerProtocol","floor":6.0},{"not_picked":["Guardian:Gem_Green","Guardian:Emergency"],"picked":"Guardian:SentryBeam","floor":8.0},{"not_picked":["Guardian:Emergency","Guardian:TimeCapacitor"],"picked":"Guardian:Gem_Purple","floor":9.0},{"not_picked":["Guardian:Gem_Red","Guardian:ConstructionForm"],"picked":"Guardian:CrystalBeam","floor":11.0},{"not_picked":["Guardian:PrimingBeam","Guardian:Planning"],"picked":"Guardian:SpikerProtocol","floor":12.0},{"not_picked":["Guardian:Gem_Green","Guardian:TemporalStrike"],"picked":"Guardian:RollAttack","floor":13.0},{"not_picked":["Guardian:Harden","Guardian:RollAttack"],"picked":"Guardian:ChargeCore","floor":14.0},{"not_picked":["Guardian:Harden","Guardian:Suspension"],"picked":"Guardian:PiercingHide","floor":15.0},{"not_picked":["Guardian:FastForward","Guardian:BaubleBeam"],"picked":"Guardian:TimeSifter","floor":16.0},{"not_picked":["Guardian:CrystalBeam","Guardian:Reroute+1"],"picked":"Guardian:RollAttack+1","floor":19.0},{"not_picked":["Guardian:TemporalShield+1","Guardian:PrismaticBeam"],"picked":"Guardian:Gem_Orange","floor":20.0},{"not_picked":["Guardian:Reroute+1","Guardian:RollAttack"],"picked":"Guardian:ShieldCharger","floor":22.0},{"not_picked":["Guardian:Clone","Guardian:ChargeCore"],"picked":"Guardian:Gem_Fragmented","floor":23.0},{"not_picked":["Guardian:Gem_Purple","Guardian:RollAttack"],"picked":"Guardian:ShieldSpikes+1","floor":27.0},{"not_picked":["Guardian:FloatingOrbs","Guardian:Gem_Cyan"],"picked":"Guardian:Gem_Red","floor":28.0},{"not_picked":["Guardian:ShieldCharger","Guardian:Gem_Crimson"],"picked":"Guardian:TemporalStrike+1","floor":29.0},{"not_picked":["Guardian:WalkerClaw","Guardian:PiercingHide"],"picked":"Guardian:GuardianWhirl","floor":30.0},{"not_picked":["Guardian:PiercingHide","Guardian:Gem_Green"],"picked":"Guardian:Gem_Fragmented","floor":32.0},{"not_picked":["Guardian:TimeSifter","Guardian:Gem_Synthetic"],"picked":"Guardian:RevengeProtocol","floor":33.0},{"not_picked":["Guardian:RollAttack+1","Guardian:TemporalStrike+1"],"picked":"Guardian:FloatingOrbs","floor":36.0},{"not_picked":["Guardian:Gem_Fragmented","Guardian:PiercingHide+1"],"picked":"Guardian:DecasProtection+1","floor":37.0},{"not_picked":["Guardian:DecasProtection","Guardian:Incinerate+1"],"picked":"Guardian:GuardianWhirl+1","floor":38.0},{"not_picked":["Guardian:Gem_Green","Guardian:Gem_Purple"],"picked":"Guardian:Incinerate+1","floor":39.0},{"not_picked":["Guardian:DecasProtection","Guardian:Planning"],"picked":"Guardian:Suspension+1","floor":42.0},{"not_picked":["Guardian:TemporalShield+1","Guardian:PrimingBeam+1"],"picked":"Guardian:RollAttack+1","floor":43},{"not_picked":["Guardian:VentSteam+1","Guardian:ShieldSpikes+1"],"picked":"Guardian:SpikerProtocol","floor":45},{"not_picked":["Guardian:GuardianWhirl+1","Guardian:PrimingBeam+1"],"picked":"Guardian:Gem_Lightblue","floor":46},{"not_picked":["Guardian:Gem_Red","Guardian:ChargeCore+1"],"picked":"Guardian:RollAttack+1","floor":47},{"not_picked":["Guardian:Gem_Lightblue","Guardian:TemporalShield+1"],"picked":"Guardian:ChargeUp","floor":48},{"not_picked":["Guardian:Suspension+1","Guardian:FastForward"],"picked":"Guardian:Gem_Cyan","floor":49}],"player_experience":100778,"relics_obtained":[{"floor":7.0,"key":"Tiny Chest"},{"floor":23.0,"key":"Oddly Smooth Stone"},{"floor":24.0,"key":"Orichalcum"},{"floor":27.0,"key":"Nunchaku"},{"floor":31.0,"key":"Molten Egg 2"},{"floor":34.0,"key":"Smiling Mask"},{"floor":34.0,"key":"Meat on the Bone"},{"floor":34.0,"key":"Shovel"},{"floor":41.0,"key":"Strawberry"},{"floor":42.0,"key":"Peace Pipe"}],"event_choices":[{"damage_healed":0.0,"max_hp_gain":0.0,"max_hp_loss":0.0,"gold_gain":0.0,"event_name":"Mysterious Sphere","player_choice":"Fight","floor":42.0,"gold_loss":0.0,"damage_taken":0.0}],"is_beta":false,"boss_relics":[{"not_picked":["Guardian:StasisSlotReductionRelic","Sozu"],"picked":"Runic Dome"},{"not_picked":["SacredBark","Snecko Eye"],"picked":"Calling Bell"}],"items_purged_floors":[],"is_endless":false,"potions_floor_spawned":[2,6,11,15,19,20,22,37,39,46,48],"ascension_level":0}}