{"host":"0ojbcjhl22e0lupc","time":1607922840,"event":{"mods":["AchievementEnabler","BaseMod","Better Altar","Better Note","Better Sensory Stone","Better Skull","Better Third Choice","BetterRewards","Colored Map","Colored Powertips","Curses Come First","Custom Start","Friendly Minions","Gold Saver","Hermit","Highlight Path","Marked Mod","Minty Spire (QoL Compilation)","Permanent Neow","QueenMod","Random Character Button","Random Character Mod","Replay The Spire","Spicy Shops","StSLib","The Blue Laboratory","The Cursed","The Forsaken","The Hierophant","The Jungle","Transform Curses","Treasure Hunter"],"gold_per_floor":[149,178,215,224,233,38,38,69,78,121,86,134,161,193,193,315,315,343,343,352,65,95,148,157,157,166,15,15,57,107,136,136,249,258,281,302,68,99,127,127,4,4,13,72,125,105,166,209,218,218],"floor_reached":51,"playtime":4239,"items_purged":["Regret"],"score":1126,"play_id":"6b3c128f-0bcb-458d-98a8-ac37c5a677d2","local_time":"20201214001400","is_ascension_mode":false,"campfire_choices":[{"data":"Mind Blast","floor":7,"key":"SMITH"},{"data":"Midas Touch","floor":7,"key":"SMITH"},{"data":"theForsaken:DarkBarrier","floor":15,"key":"SMITH"},{"data":"theForsaken:DarkBargain","floor":15,"key":"SMITH"},{"data":"theForsaken:SacredOath","floor":25,"key":"SMITH"},{"data":"theForsaken:WordOfPower","floor":25,"key":"SMITH"},{"floor":32,"key":"REST"},{"floor":40,"key":"REST"},{"floor":42,"key":"REST"},{"floor":49,"key":"REST"}],"circlet_count":0,"master_deck":["theForsaken:TheForsaken_Strike","theForsaken:TheForsaken_Strike","theForsaken:TheForsaken_Strike","theForsaken:TheForsaken_Strike","theForsaken:TheForsaken_Defend","theForsaken:TheForsaken_Defend","theForsaken:TheForsaken_Defend","theForsaken:TheForsaken_Defend","theForsaken:Smite","theForsaken:Penitence","theForsaken:DarkBarrier+1","theForsaken:PreciseStrike+1","theForsaken:PreciseStrike","theForsaken:Bolster","theForsaken:FuryStrikes","theForsaken:Prudence","theForsaken:Eulogy","theForsaken:Eulogy","theForsaken:ShieldCharge","Mind Blast+1","Midas Touch+1","ReplayTheSpireMod:Brewmster","Sadistic Nature","theForsaken:MagicWeapon","theForsaken:DarkBargain+1","TH:CursedSword","TH:Mimic+1","theForsaken:SacredOath+1","TH:BikiniMail+1","theForsaken:WordOfPower","theForsaken:Eulogy","theForsaken:Bolster+1","theForsaken:CorruptedForm+1","TH:DeckOfManyThings","theForsaken:Prudence+1","theForsaken:StoreUp","theForsaken:HymnOfPatience+1","theForsaken:StoreUp","Sadistic Nature+1","theForsaken:Thunderbolt+1","theForsaken:WordOfPower+1","TH:EnergyPotion","theForsaken:ScorchingSunlight","TH:TreasureMap","Panache+1","TH:ArmorSpikes+1","theForsaken:DefensiveStance+1","theForsaken:FountainOfLife+1","TH:CursedSword","theForsaken:Prudence+1","CurseOfTheBell","theForsaken:BountifulSunlight+1","theForsaken:StoreUp","theForsaken:DarkBargain+1","theForsaken:Enfeeble","theForsaken:AncientWords+1","theForsaken:StoreUp+1","theForsaken:LightRoll","theForsaken:BlindFaith","TH:TreasureMap","theForsaken:Eulogy","TH:ArmorSpikes","theForsaken:SiphonStrike+1","theForsaken:QuickAttack+1","TH:EnergyPotion","theForsaken:BlindFaith+1","theForsaken:Eulogy"],"relics":["theForsaken:JudgementScales","Membership Card","Prayer Wheel","Anchor","Strange Spoon","CeramicFish","theForsaken:PlagueMask","Replay:Arrowhead","Blue Candle","ReplayTheSpireMod:ShopPack","Peace Pipe","Frozen Egg 2","Ice Cream","Runic Pyramid","Iron Hammer","Happy Flower","Replay:Bottled Flurry","theJungle:SneckoAutograph","Pet Ghost","PreservedInsect","Gremlin Food","Calling Bell","Orichalcum","Singing Bowl","Mango","Frozen Eye","ReplayTheSpireMod:Lightbulb","Juzu Bracelet","Blue Doll","Pondfish Scales","Bag of Marbles","Replay:PocketPolymizer","Regal Pillow"],"acts_visited":["Exordium","Exordium","TheBeyond"],"potions_floor_usage":[12,16,16,16,16,16,44,50],"damage_taken":[{"damage":0,"enemies":"Small Slimes","floor":1,"turns":4},{"damage":0,"enemies":"Jaw Worm","floor":2,"turns":4},{"damage":0,"enemies":"Cultist","floor":3,"turns":4},{"damage":6,"enemies":"3 Louse","floor":8,"turns":3},{"damage":0,"enemies":"Lagavulin","floor":10,"turns":4},{"damage":1,"enemies":"Replay:BlueRogue","floor":12,"turns":3},{"damage":0,"enemies":"Blue Slaver","floor":13,"turns":2},{"damage":7,"enemies":"Large Slime","floor":14,"turns":7},{"damage":5,"enemies":"The Guardian","floor":16,"turns":6},{"damage":3,"enemies":"theJungle:Flameango_and_Byrd","floor":18,"turns":3},{"damage":1,"enemies":"theJungle:MUSHROOMGANG","floor":22,"turns":4},{"damage":3,"enemies":"theJungle:2_Phrogs","floor":23,"turns":5},{"damage":0,"enemies":"theJungle:MamaSnecko","floor":29,"turns":2},{"damage":5,"enemies":"theJungle:SlimyTreeVines","floor":31,"turns":3},{"damage":5,"enemies":"theJungle:QueenSpyder","floor":33,"turns":7},{"damage":42,"enemies":"3 Darklings","floor":35,"turns":6},{"damage":0,"enemies":"3 Shapes","floor":36,"turns":4},{"damage":3,"enemies":"Transient","floor":38,"turns":5},{"damage":34,"enemies":"4 Shapes","floor":39,"turns":9},{"damage":16,"enemies":"Mind Bloom Boss Battle","floor":44,"turns":4},{"damage":2,"enemies":"Giant Head","floor":45,"turns":7},{"damage":6,"enemies":"2 Orb Walkers","floor":47,"turns":4},{"damage":8,"enemies":"Nemesis","floor":48,"turns":3},{"damage":39,"enemies":"Awakened One","floor":50,"turns":8}],"seed_played":"4972856352828004865","potions_obtained":[{"floor":1,"key":"Strength Potion"},{"floor":10,"key":"blueLaboratory:BottleOfRum"},{"floor":13,"key":"blueLaboratory:EnragingPotion"},{"floor":14,"key":"SteroidPotion"},{"floor":18,"key":"blueLaboratory:CorrosionFlask"},{"floor":31,"key":"blueLaboratory:PolymorphPotion"},{"floor":46,"key":"blueLaboratory:LouseDecoction"},{"floor":48,"key":"blueLaboratory:PyrophylliteBrew"}],"is_trial":false,"path_per_floor":["M","M","M","?","?","$","R","M","T","E","?","E","M","M","R","B",null,"M","?","?","$","M","E","?","R","T","$","$","E","?","M","R","B",null,"M","M","$","M","M","R","$","R","T","?","E","?","?","E","R","B",null],"character_chosen":"THE_FORSAKEN","items_purchased":["Membership Card","Anchor","theForsaken:DarkBarrier","theForsaken:PreciseStrike","Strange Spoon","CeramicFish","theForsaken:Bolster","Mind Blast","Blue Candle","ReplayTheSpireMod:ShopPack","Sadistic Nature+1","Iron Hammer","Happy Flower","PreservedInsect","Panache+1","theForsaken:DarkBargain+1","Frozen Eye","ReplayTheSpireMod:Lightbulb","theForsaken:Enfeeble","theForsaken:BlindFaith","Juzu Bracelet"],"campfire_rested":4,"item_purchase_floors":[0,0,0,0,0,0,0,6,6,6,21,21,21,27,27,37,37,37,37,41,41],"current_hp_per_floor":[65,65,65,65,65,65,65,59,59,59,65,64,64,57,57,52,65,62,62,62,62,61,58,58,58,58,58,58,58,49,47,65,63,82,45,49,49,49,46,74,74,94,94,86,84,84,78,75,97,63],"gold":218,"neow_bonus":"","is_daily":false,"chose_seed":false,"campfire_upgraded":6,"win_rate":0.0,"timestamp":1607922840,"path_taken":["M","M","M","?","?","?","R","?","T","E","?","E","M","M","R","BOSS","M","?","?","?","M","E","?","R","T","?","$","E","?","?","R","BOSS","M","M","$","?","M","R","$","R","T","?","E","?","?","E","R","BOSS"],"items_purchased_type":["Relic","Relic","Card","Card","Relic","Relic","Card","Card","Relic","Relic","Card","Relic","Relic","Relic","Card","Card","Relic","Relic","Card","Card","Relic"],"build_version":"2020-12-13","purchased_purges":1,"victory":true,"max_hp_per_floor":[65,65,65,65,65,65,65,65,65,65,65,65,65,65,65,65,65,65,65,65,65,65,65,65,65,65,65,65,65,65,65,65,68,82,87,89,89,92,94,94,94,94,94,97,97,97,97,97,97,97],"card_choices":[{"not_picked":["theForsaken:Eulogy","theForsaken:Parry"],"picked":"theForsaken:FuryStrikes","floor":1},{"not_picked":["theForsaken:RainingSunlight","theForsaken:Riposte","theForsaken:BlessedWeapon"],"picked":"SKIP","floor":1},{"not_picked":["theForsaken:HymnOfPatience","theForsaken:NobleSacrifice"],"picked":"theForsaken:Prudence","floor":2},{"not_picked":["theForsaken:CowardsBrand","theForsaken:HymnOfRest"],"picked":"theForsaken:Eulogy","floor":2},{"not_picked":["theForsaken:FuryStrikes","theForsaken:Thunderbolt"],"picked":"theForsaken:Eulogy","floor":3},{"not_picked":["theForsaken:BottledPlague","theForsaken:CowardsBrand"],"picked":"theForsaken:ShieldCharge","floor":3},{"not_picked":["TH:PixieDust","TH:DeckOfManyThings"],"picked":"Midas Touch","floor":6},{"not_picked":["Replay:Sssssssssshield","ReplayTheSpireMod:Private Reserves"],"picked":"ReplayTheSpireMod:Brewmster","floor":6},{"not_picked":["Replay:Sssssssssstrike","TH:PixieDust"],"picked":"Sadistic Nature","floor":6},{"not_picked":["theForsaken:Eulogy","theForsaken:WordsOfPestilence"],"picked":"theForsaken:MagicWeapon","floor":8},{"not_picked":["theForsaken:ShieldCharge","theForsaken:Parry"],"picked":"theForsaken:DarkBargain","floor":8},{"not_picked":["TH:DeckOfManyThings"],"picked":"TH:CursedSword","floor":9},{"not_picked":["TH:CursedSword"],"picked":"TH:Mimic","floor":10},{"not_picked":["theForsaken:CorruptedWord","theForsaken:PreciseStrike"],"picked":"theForsaken:SacredOath","floor":10},{"not_picked":["TH:CursedSword"],"picked":"TH:BikiniMail","floor":12},{"not_picked":["theForsaken:WordsOfPestilence","theForsaken:Terrorize"],"picked":"theForsaken:WordOfPower","floor":12},{"not_picked":["theForsaken:HymnOfPatience","theForsaken:FatRoll"],"picked":"theForsaken:Eulogy","floor":13},{"not_picked":["theForsaken:BlightOfFamine","theForsaken:BlessedWeapon","theForsaken:Preservation"],"picked":"SKIP","floor":13},{"not_picked":["theForsaken:Backlash","theForsaken:ShieldCharge"],"picked":"theForsaken:Bolster+1","floor":14},{"not_picked":["theForsaken:Bolster+1","theForsaken:PowerUp"],"picked":"theForsaken:CorruptedForm+1","floor":14},{"not_picked":["TH:BikiniMail"],"picked":"TH:DeckOfManyThings","floor":16},{"not_picked":["theForsaken:Temperance","theForsaken:Confusion"],"picked":"theForsaken:Prudence+1","floor":16},{"not_picked":["theForsaken:Backlash","theForsaken:BlightOfFamine"],"picked":"theForsaken:StoreUp","floor":18},{"not_picked":["theForsaken:BlindFaith","theForsaken:FatRoll+1"],"picked":"theForsaken:HymnOfPatience+1","floor":18},{"not_picked":["theForsaken:BlindFaith+1","theForsaken:PowerUp"],"picked":"theForsaken:Thunderbolt+1","floor":22},{"not_picked":["theForsaken:HorrifyingStrike","theForsaken:ShieldCharge"],"picked":"theForsaken:WordOfPower","floor":22},{"not_picked":["TH:ArmorSpikes"],"picked":"TH:EnergyPotion","floor":23},{"not_picked":["theForsaken:HorrifyingStrike","theForsaken:Parry+1"],"picked":"theForsaken:ScorchingSunlight","floor":23},{"not_picked":["TH:DeckOfManyThings"],"picked":"TH:TreasureMap","floor":26},{"not_picked":["TH:DeckOfManyThings"],"picked":"TH:ArmorSpikes","floor":29},{"not_picked":["theForsaken:Parry","theForsaken:AncientWords+1","theForsaken:CowardsBrand"],"picked":"SKIP","floor":29},{"not_picked":["theForsaken:QuickAttack","theForsaken:Preservation"],"picked":"theForsaken:DefensiveStance+1","floor":31},{"not_picked":["theForsaken:Devotion+1","theForsaken:AncientWords+1"],"picked":"theForsaken:FountainOfLife+1","floor":31},{"not_picked":["TH:TreasureMap"],"picked":"TH:CursedSword","floor":33},{"not_picked":["theForsaken:DivineGuidance","theForsaken:Mantra"],"picked":"theForsaken:Prudence+1","floor":33},{"not_picked":["theForsaken:Tranquility+1","theForsaken:Eulogy+1"],"picked":"theForsaken:BountifulSunlight+1","floor":35},{"not_picked":["theForsaken:Parry+1","theForsaken:HorrifyingStrike+1","theForsaken:Preservation"],"picked":"Singing Bowl","floor":35},{"not_picked":["theForsaken:FatRoll+1","theForsaken:Parry","theForsaken:Thunderbolt"],"picked":"Singing Bowl","floor":36},{"not_picked":["theForsaken:InspiringBlow","theForsaken:HymnOfRest"],"picked":"theForsaken:StoreUp","floor":36},{"not_picked":["theForsaken:RainingSunlight+1","theForsaken:Preservation"],"picked":"theForsaken:AncientWords+1","floor":38},{"not_picked":["theForsaken:Confusion","theForsaken:FatRoll"],"picked":"theForsaken:StoreUp+1","floor":38},{"not_picked":["theForsaken:WordsOfPestilence+1","theForsaken:ChargeAttack"],"picked":"theForsaken:LightRoll","floor":39},{"not_picked":["theForsaken:Terrorize+1","theForsaken:Tranquility+1","theForsaken:Parry"],"picked":"Singing Bowl","floor":39},{"not_picked":["TH:BikiniMail"],"picked":"TH:TreasureMap","floor":43},{"not_picked":["theForsaken:ShieldCharge+1","theForsaken:PowerUp"],"picked":"theForsaken:Eulogy","floor":44},{"not_picked":["TH:ElvenBoots"],"picked":"TH:ArmorSpikes","floor":45},{"not_picked":["theForsaken:Devotion","theForsaken:CowardsBrand+1"],"picked":"theForsaken:SiphonStrike+1","floor":45},{"not_picked":["theForsaken:Parry+1","theForsaken:WardingHymn"],"picked":"theForsaken:QuickAttack+1","floor":47},{"not_picked":["TH:ArmorSpikes"],"picked":"TH:EnergyPotion","floor":48},{"not_picked":["theForsaken:NobleSacrifice","theForsaken:Retribution"],"picked":"theForsaken:BlindFaith+1","floor":48}],"player_experience":299035,"relics_obtained":[{"floor":9,"key":"Peace Pipe"},{"floor":10,"key":"Frozen Egg 2"},{"floor":12,"key":"Ice Cream"},{"floor":23,"key":"Replay:Bottled Flurry"},{"floor":26,"key":"Pet Ghost"},{"floor":29,"key":"Gremlin Food"},{"floor":34,"key":"Orichalcum"},{"floor":34,"key":"Singing Bowl"},{"floor":34,"key":"Mango"},{"floor":43,"key":"Blue Doll"},{"floor":44,"key":"Pondfish Scales"},{"floor":45,"key":"Bag of Marbles"},{"floor":47,"key":"Replay:PocketPolymizer"},{"floor":48,"key":"Regal Pillow"}],"event_choices":[{"damage_healed":0,"gold_gain":0,"player_choice":"Obtain Plague Curse","damage_taken":0,"max_hp_gain":0,"max_hp_loss":0,"event_name":"Plague Doctor","floor":4,"gold_loss":0,"cards_obtained":["theForsaken:PlagueCurse"]},{"damage_healed":0,"gold_gain":0,"player_choice":"Box","damage_taken":0,"relics_obtained":["Replay:Arrowhead"],"max_hp_gain":0,"max_hp_loss":0,"event_name":"Big Fish","floor":5,"gold_loss":0,"cards_obtained":["Regret"]},{"damage_healed":16,"gold_gain":0,"player_choice":"Healed","damage_taken":0,"max_hp_gain":0,"max_hp_loss":0,"event_name":"The Cleric","floor":11,"gold_loss":35},{"cards_removed":["theForsaken:PlagueCurse"],"damage_healed":0,"gold_gain":0,"player_choice":"Purged","damage_taken":0,"max_hp_gain":0,"max_hp_loss":0,"event_name":"Purifier","floor":19,"gold_loss":0},{"cards_removed":["Mind Blast"],"damage_healed":0,"gold_gain":0,"player_choice":"Take \u0026 Give","damage_taken":0,"max_hp_gain":0,"max_hp_loss":0,"event_name":"betterNote:BetterNote","floor":20,"gold_loss":0,"cards_obtained":["theForsaken:StoreUp"]},{"damage_healed":0,"gold_gain":0,"player_choice":"Fight","damage_taken":0,"max_hp_gain":0,"max_hp_loss":0,"event_name":"MindBloom","floor":44,"gold_loss":0},{"damage_healed":0,"gold_gain":0,"player_choice":"Bought 1 Potion","damage_taken":0,"max_hp_gain":0,"max_hp_loss":0,"event_name":"The Woman in Blue","floor":46,"gold_loss":0},{"damage_healed":0,"gold_gain":0,"player_choice":"Fight","damage_taken":0,"max_hp_gain":0,"max_hp_loss":0,"event_name":"Mysterious Sphere","floor":47,"gold_loss":0}],"is_beta":false,"boss_relics":[{"not_picked":["Replay:Bronze Core","Replay:Ancient Bell"],"picked":"Runic Pyramid"},{"not_picked":["Astrolabe","Coffee Dripper"],"picked":"Calling Bell"}],"items_purged_floors":[6],"is_endless":false,"potions_floor_spawned":[1,10,13,14,18,31,39,47,48],"ascension_level":0}}