{"host":"coame8l8goqx0svj","time":1607967811,"event":{"mods":["BaseMod","Downfall","Minty Spire (QoL Compilation)","StSLib"],"gold_per_floor":[99,99,131,116,29,44,95,20,53,53,53,7,25,25,37,37,37],"floor_reached":16,"playtime":834,"items_purged":[],"score":127,"play_id":"fb65ce6a-153e-413e-b379-b96ee16c7d6e","local_time":"20201214184331","is_ascension_mode":true,"campfire_choices":[{"floor":1,"key":"RECALL"},{"floor":8,"key":"REST"},{"floor":10,"key":"REST"}],"circlet_count":0,"master_deck":["champ:Strike","champ:Strike","champ:Strike","champ:Strike","champ:Defend","champ:Defend","champ:Defend","champ:Defend","champ:Execute","champ:Taunt+1","champ:DancingMaster","champ:DefensiveShout","expansioncontent:AwakenDeath","champ:BerserkersShout","champ:FanOfKnives","champ:BerserkerStyle","champ:FaceSlap","champ:GutPunch"],"relics":["champ:ChampionCrown","Turnip","The Courier","downfall:HeartBlessingRed","Letter Opener"],"acts_visited":["Exordium"],"potions_floor_usage":[9,16,16,16],"damage_taken":[{"damage":54,"enemies":"Lagavulin","floor":3,"turns":8},{"damage":5,"enemies":"downfall:FleeingMerchant","floor":4,"turns":4},{"damage":15,"enemies":"downfall:FleeingMerchant","floor":5,"turns":4},{"damage":5,"enemies":"2 Louse","floor":6,"turns":2},{"damage":74,"enemies":"Gremlin Nob","floor":9,"turns":6},{"damage":25,"enemies":"downfall:FleeingMerchant","floor":12,"turns":4},{"damage":13,"enemies":"Cultist","floor":13,"turns":4},{"damage":2,"enemies":"Jaw Worm","floor":15,"turns":3},{"damage":33,"enemies":"downfall:Watcher","floor":16,"turns":4}],"seed_played":"4150399170027730354","potions_obtained":[{"floor":6,"key":"Fire Potion"},{"floor":13,"key":"Guardian:BlockOnCardUsePotion"},{"floor":14,"key":"LiquidMemories"},{"floor":14,"key":"champ:TechniquePotion"},{"floor":15,"key":"DuplicationPotion"}],"is_trial":false,"path_per_floor":["R","?","E","$","$","M","T","R","E","R","?","$","M","?","M","B"],"character_chosen":"THE_CHAMP","items_purchased":["expansioncontent:AwakenDeath","champ:BerserkerStyle"],"campfire_rested":2,"item_purchase_floors":[5,12],"current_hp_per_floor":[63,63,24,24,19,19,19,46,21,48,43,28,22,22,20,0,0],"gold":37,"neow_bonus":"ONE_RARE_RELIC","is_daily":false,"chose_seed":false,"campfire_upgraded":0,"win_rate":0.0,"timestamp":1607967811,"path_taken":["R","?","E","$","$","?","T","R","E","R","?","$","?","?","M","BOSS"],"items_purchased_type":["Card","Card"],"build_version":"2020-12-13","purchased_purges":0,"victory":false,"max_hp_per_floor":[90,90,90,90,90,90,90,90,90,90,90,90,90,90,90,90,90],"card_choices":[{"not_picked":["champ:EndlessRage","champ:FanOfKnives"],"picked":"champ:DancingMaster","floor":3},{"not_picked":["champ:FalseCounter","champ:BringItOn","champ:PerfectedStrike"],"picked":"SKIP","floor":4},{"not_picked":["champ:StanceDance","champ:GladiatorsShout"],"picked":"champ:DefensiveShout","floor":5},{"not_picked":["champ:PreciseThrust","champ:Backstep"],"picked":"champ:BerserkersShout","floor":6},{"not_picked":["champ:ShieldSigil","champ:FalseCounter"],"picked":"champ:FanOfKnives","floor":9},{"not_picked":["champ:HeartStrike","champ:PreciseThrust","champ:Haymaker"],"picked":"SKIP","floor":12},{"not_picked":["champ:BladeFlurry","champ:GladiatorsShout"],"picked":"champ:FaceSlap","floor":13},{"not_picked":["champ:BladeFlurry","champ:EnGarde"],"picked":"champ:GutPunch","floor":15}],"player_experience":1606906,"relics_obtained":[{"floor":3,"key":"The Courier"},{"floor":9,"key":"Letter Opener"}],"event_choices":[{"damage_healed":0,"gold_gain":0,"player_choice":"Upgraded","damage_taken":0,"max_hp_gain":0,"max_hp_loss":0,"event_name":"Upgrade Shrine","floor":2,"gold_loss":0,"cards_upgraded":["champ:Taunt"]},{"damage_healed":0,"gold_gain":0,"player_choice":"Got Potions","damage_taken":0,"max_hp_gain":0,"max_hp_loss":0,"event_name":"Lab","floor":14,"gold_loss":0}],"is_beta":false,"boss_relics":[],"items_purged_floors":[],"is_endless":false,"potions_floor_spawned":[6,13,15],"killed_by":"downfall:Watcher","ascension_level":4}}