{"host":"xt8a2gaayqxupton","time":1607936916,"event":{"mods":["2.2 Compatiblity","Abigail Mod","AchievementEnabler","Act Like it!","Arknights The Spire","BaseMod","CapriCore","Chen","Colored Map","Dota2Spire","Gensokyo","GungeonMod","Hallownest","Koishi","KomeijiMod","Lobotomy","Marisa£¨Ùöéë¡¡Øª×âÞÞ£©","Minty Spire (QoL Compilation)","Reimu£¨ÚÏ???£©","StSLib","The Administrix","The Animator","The Bug Knight","The Immortal","Yuyuko","¡¼?Û°ì£ó­?íÂ¡½ø¢éöí¹mod"],"gold_per_floor":[112,129,140,140,158,187,207,207,207,64,81,93,14,28,28,131,131,150,163,163,178,277,277,277,306,306,319,331,331,331],"floor_reached":29,"playtime":1101,"items_purged":["Strike_G"],"score":251,"play_id":"7683e8df-841d-455c-8d2e-c99f716739cc","local_time":"20201214180836","is_ascension_mode":false,"campfire_choices":[{"data":"A Thousand Cuts","floor":8,"key":"SMITH"},{"floor":15,"key":"REST"},{"data":"Footwork","floor":24,"key":"SMITH"}],"circlet_count":0,"master_deck":["Strike_G","Strike_G","Strike_G","Strike_G","Defend_G","Defend_G","Defend_G","Defend_G","Defend_G","Survivor","Neutralize","Backflip","Footwork","Dash","Dodge and Roll","A Thousand Cuts+1","Backstab","Footwork+1","Leg Sweep","After Image","After Image","Blur","Skewer+1","Escape Plan+1","Escape Plan+1"],"relics":["DemoMod:ChaffGrenade","DemoMod:SerJunkan","Philosopher\u0027s Stone","Nloth\u0027s Gift","DemoMod:Junk","Toxic Egg 2","DemoMod:GlassGuonStoneRelic"],"acts_visited":["Exordium","TheCity"],"potions_floor_usage":[6,6,16,16,16],"damage_taken":[{"damage":0,"enemies":"Small Slimes","floor":1,"turns":3},{"damage":1,"enemies":"Cultist","floor":2,"turns":4},{"damage":7,"enemies":"2 Louse","floor":3,"turns":5},{"damage":6,"enemies":"2 Fungi Beasts","floor":5,"turns":5},{"damage":22,"enemies":"Lagavulin","floor":6,"turns":9},{"damage":4,"enemies":"Red Slaver","floor":7,"turns":5},{"damage":8,"enemies":"3 Louse","floor":11,"turns":3},{"damage":1,"enemies":"Looter","floor":12,"turns":3},{"damage":0,"enemies":"2 Fungi Beasts","floor":14,"turns":5},{"damage":24,"enemies":"Hexaghost","floor":16,"turns":16},{"damage":6,"enemies":"Shell Parasite","floor":18,"turns":8},{"damage":2,"enemies":"Spheric Guardian","floor":19,"turns":7},{"damage":1,"enemies":"Cultist and Chosen","floor":21,"turns":10},{"damage":39,"enemies":"Slavers","floor":25,"turns":9},{"damage":4,"enemies":"Sentry and Sphere","floor":27,"turns":9},{"damage":23,"enemies":"Snake Plant","floor":28,"turns":6},{"damage":4,"enemies":"Snecko","floor":29,"turns":4}],"seed_played":"6132933688776835599","potions_obtained":[{"floor":2,"key":"Strength Potion"},{"floor":4,"key":"JyouchiReiPotion"},{"floor":4,"key":"UndeadPotion"},{"floor":4,"key":"SneckoOil"},{"floor":5,"key":"ColorlessPotion"},{"floor":7,"key":"Poison Potion"},{"floor":12,"key":"EssenceOfSteel"},{"floor":25,"key":"Dota2Spire:Clarity"},{"floor":28,"key":"EssenceOfSteel"}],"is_trial":false,"path_per_floor":["M","M","M","?","M","E","M","R","T","$","M","M","$","M","R","B",null,"M","M","?","M","?","?","R","E","T","M","M","M"],"character_chosen":"THE_SILENT","items_purchased":["Backstab","Leg Sweep"],"campfire_rested":1,"item_purchase_floors":[10,13],"current_hp_per_floor":[70,69,62,62,56,34,30,30,30,30,22,21,21,21,42,18,70,64,62,70,69,69,69,69,30,30,26,3,0,0],"gold":331,"neow_bonus":"THREE_CARDS","is_daily":false,"chose_seed":false,"campfire_upgraded":2,"win_rate":0.0,"timestamp":1607936916,"path_taken":["M","M","M","?","M","E","?","R","T","?","M","M","$","M","R","BOSS","M","M","?","M","?","?","R","E","T","M","M","M"],"items_purchased_type":["Card","Card"],"build_version":"2020-12-13","purchased_purges":1,"victory":false,"max_hp_per_floor":[70,70,70,70,70,70,70,70,70,70,70,70,70,70,70,70,70,70,70,70,70,70,70,70,70,70,70,70,70,70],"card_choices":[{"not_picked":["Riddle With Holes","Flying Knee"],"picked":"Backflip","floor":0},{"not_picked":["Prepared","Dagger Throw","Quick Slash"],"picked":"SKIP","floor":1},{"not_picked":["Dagger Throw","Dagger Spray"],"picked":"Footwork","floor":2},{"not_picked":["Dagger Spray","Poisoned Stab"],"picked":"Dash","floor":3},{"not_picked":["Flying Knee","Deadly Poison"],"picked":"Dodge and Roll","floor":5},{"not_picked":["Deadly Poison","Underhanded Strike"],"picked":"A Thousand Cuts","floor":6},{"not_picked":["Slice","Calculated Gamble","Dagger Throw"],"picked":"SKIP","floor":7},{"not_picked":["Deflect","Underhanded Strike","Quick Slash"],"picked":"SKIP","floor":11},{"not_picked":["Dodge and Roll","Quick Slash"],"picked":"Footwork","floor":12},{"not_picked":["Prepared","PiercingWail","Slice"],"picked":"SKIP","floor":14},{"not_picked":["Envenom","Night Terror"],"picked":"After Image","floor":16},{"not_picked":["Dagger Throw+1","Flying Knee","Backstab"],"picked":"SKIP","floor":18},{"not_picked":["Outmaneuver","Concentrate"],"picked":"After Image","floor":19},{"not_picked":["Acrobatics+1","Poisoned Stab"],"picked":"Blur","floor":21},{"not_picked":["Malaise","Die Die Die"],"picked":"Skewer+1","floor":25},{"not_picked":["Skewer","PiercingWail+1"],"picked":"Escape Plan+1","floor":27},{"not_picked":["Deflect+1","Quick Slash+1"],"picked":"Escape Plan+1","floor":28}],"player_experience":583033,"relics_obtained":[{"floor":6,"key":"DemoMod:ChaffGrenade"},{"floor":9,"key":"DemoMod:SerJunkan"},{"floor":25,"key":"DemoMod:Junk"},{"floor":26,"key":"Toxic Egg 2"}],"event_choices":[{"damage_healed":0,"gold_gain":0,"player_choice":"Got Potions","damage_taken":0,"max_hp_gain":0,"max_hp_loss":0,"event_name":"Lab","floor":4,"gold_loss":0},{"damage_healed":0,"gold_gain":99,"player_choice":"Stole From Cult","damage_taken":0,"max_hp_gain":0,"max_hp_loss":0,"event_name":"Nest","floor":22,"gold_loss":0},{"damage_healed":0,"gold_gain":0,"player_choice":"Traded Relic","damage_taken":0,"relics_obtained":["Nloth\u0027s Gift"],"max_hp_gain":0,"max_hp_loss":0,"event_name":"N\u0027loth","floor":23,"relics_lost":["Ring of the Snake"],"gold_loss":0}],"is_beta":false,"boss_relics":[{"not_picked":["Pandora\u0027s Box","Empty Cage"],"picked":"Philosopher\u0027s Stone"}],"items_purged_floors":[10],"is_endless":false,"potions_floor_spawned":[2,5,7,12,21,25,28],"killed_by":"Snecko","ascension_level":0}}