{"host":"egyxg9lnjq7g2hmw","time":1607928131,"event":{"mods":["AchievementEnabler","BaseMod","Block Reminder","Colored Map","Colored Powertips","Highlight Path","Minty Spire (QoL Compilation)","Rare Cards Sparkle","StSLib"],"gold_per_floor":[114,128,141,141,153,153,170,214,214,256,256,265,306,325,325,437,437,449,449,444,466,475,475,519,519,519,146,176,4,4,38,38,146,146,158,185,244,0,0,43,43,43,43,43,53,53,75,107,107,107,107,107,26,58,58,58],"floor_reached":55,"playtime":3242,"items_purged":["Writhe","Strike_G"],"score":1278,"play_id":"a8f5ca6e-7031-4f0d-b13b-99058945fa4b","local_time":"20201213224211","is_ascension_mode":true,"campfire_choices":[{"data":"Neutralize","floor":6.0,"key":"SMITH"},{"data":"Leg Sweep","floor":11.0,"key":"SMITH"},{"data":"Footwork","floor":15.0,"key":"SMITH"},{"data":"1","floor":23.0,"key":"LIFT"},{"data":"2","floor":25.0,"key":"LIFT"},{"data":"3","floor":32.0,"key":"LIFT"},{"floor":44.0,"key":"RECALL"},{"floor":46.0,"key":"REST"},{"floor":49.0,"key":"REST"},{"data":"Metamorphosis","floor":52.0,"key":"SMITH"}],"circlet_count":0,"master_deck":["AscendersBane","Strike_G+1","Strike_G","Defend_G","Defend_G","Defend_G","Defend_G","Defend_G","Survivor","Neutralize+1","Dodge and Roll","Noxious Fumes","Poisoned Stab","Deadly Poison","Leg Sweep+1","Dash","Footwork+1","Bullet Time","Tactician+1","Outmaneuver+1","Acrobatics+1","Glass Knife","Terror","Tools of the Trade","Secret Technique","Apotheosis","Metamorphosis+1","Expertise+1","Finisher+1","Crippling Poison+1","Choke"],"relics":["Ring of the Snake","CeramicFish","Letter Opener","Bottled Lightning","Kunai","Snecko Eye","MutagenicStrength","Girya","Vajra","Mummified Hand","MealTicket","Juzu Bracelet","Ornamental Fan","HoveringKite","The Specimen","Red Mask","Art of War","Toxic Egg 2","Happy Flower","Whetstone"],"acts_visited":["Exordium","TheCity","TheBeyond","TheEnding"],"potions_floor_usage":[55],"damage_taken":[{"damage":6.0,"enemies":"Small Slimes","floor":1.0,"turns":5.0},{"damage":3.0,"enemies":"Cultist","floor":2.0,"turns":5.0},{"damage":0.0,"enemies":"2 Louse","floor":3.0,"turns":2.0},{"damage":0.0,"enemies":"Exordium Wildlife","floor":5.0,"turns":4.0},{"damage":2.0,"enemies":"Blue Slaver","floor":7.0,"turns":4.0},{"damage":19.0,"enemies":"3 Sentries","floor":8.0,"turns":6.0},{"damage":14.0,"enemies":"Gremlin Nob","floor":10.0,"turns":4.0},{"damage":8.0,"enemies":"3 Sentries","floor":13.0,"turns":10.0},{"damage":0.0,"enemies":"Exordium Thugs","floor":14.0,"turns":5.0},{"damage":29.0,"enemies":"The Guardian","floor":16.0,"turns":11.0},{"damage":23.0,"enemies":"Chosen","floor":18.0,"turns":7.0},{"damage":4.0,"enemies":"2 Thieves","floor":20.0,"turns":4.0},{"damage":5.0,"enemies":"Chosen and Byrds","floor":21.0,"turns":7.0},{"damage":11.0,"enemies":"Book of Stabbing","floor":24.0,"turns":9.0},{"damage":0.0,"enemies":"Slavers","floor":28.0,"turns":4.0},{"damage":0.0,"enemies":"Gremlin Leader","floor":31.0,"turns":7.0},{"damage":21.0,"enemies":"Collector","floor":33.0,"turns":10.0},{"damage":0.0,"enemies":"3 Shapes","floor":35.0,"turns":3.0},{"damage":8.0,"enemies":"2 Orb Walkers","floor":37.0,"turns":4.0},{"damage":1.0,"enemies":"Reptomancer","floor":40.0,"turns":5.0},{"damage":16.0,"enemies":"3 Darklings","floor":45.0,"turns":4.0},{"damage":7.0,"enemies":"Transient","floor":47.0,"turns":5.0},{"damage":15.0,"enemies":"Nemesis","floor":48.0,"turns":5.0},{"damage":1.0,"enemies":"Awakened One","floor":50.0,"turns":12.0},{"damage":29.0,"enemies":"Shield and Spear","floor":54.0,"turns":5.0},{"damage":45,"enemies":"The Heart","floor":55,"turns":3}],"seed_played":"6313487660866157407","potions_obtained":[{"floor":3.0,"key":"Fire Potion"},{"floor":5.0,"key":"Strength Potion"},{"floor":7.0,"key":"Explosive Potion"},{"floor":10.0,"key":"SmokeBomb"},{"floor":21.0,"key":"BlessingOfTheForge"},{"floor":31.0,"key":"BlessingOfTheForge"},{"floor":33.0,"key":"SkillPotion"},{"floor":37.0,"key":"Explosive Potion"},{"floor":40.0,"key":"Energy Potion"},{"floor":48.0,"key":"DuplicationPotion"}],"is_trial":false,"path_per_floor":["M","M","M","?","M","R","M","E","T","E","R","?","E","M","R","B",null,"M","?","M","M","?","R","E","R","T","$","E","$","?","E","R","B",null,"M","?","?","?","?","E","?","T","T","R","M","R","M","E","R","B",null,"R","$","E","B"],"character_chosen":"THE_SILENT","items_purchased":["MealTicket","Glass Knife","Terror","Choke","FearPotion"],"campfire_rested":2,"item_purchase_floors":[27,27,29,53,53],"current_hp_per_floor":[64,61,61,77,77,77,75,56,56,42,42,42,34,34,34,5,59,36,36,32,27,27,27,16,16,16,16,16,31,31,31,31,10,60,60,50,42,42,42,41,41,41,41,41,25,46,39,24,45,44,66,66,73,44,0,0],"gold":58,"neow_bonus":"TEN_PERCENT_HP_BONUS","is_daily":false,"chose_seed":false,"campfire_upgraded":4,"win_rate":0.0,"timestamp":1607928131,"path_taken":["M","M","M","?","?","R","M","E","T","E","R","?","E","M","R","BOSS","M","?","M","M","?","R","E","R","T","?","E","$","?","E","R","BOSS","M","?","?","?","?","E","?","?","T","R","M","R","M","E","R","BOSS","R","$","E","BOSS"],"items_purchased_type":["Relic","Card","Card","Card","Potion"],"build_version":"2020-12-13","purchased_purges":2,"victory":false,"max_hp_per_floor":[77,77,77,77,77,77,77,77,77,77,77,77,77,77,77,77,77,77,77,77,77,77,77,77,77,77,77,77,77,77,77,77,77,77,77,77,77,77,77,77,73,73,73,73,73,73,73,73,73,73,73,73,73,73,73,73],"card_choices":[{"not_picked":["Catalyst","Riddle With Holes"],"picked":"Dodge and Roll","floor":1.0},{"not_picked":["Cloak And Dagger","Prepared"],"picked":"All Out Attack","floor":2.0},{"not_picked":["Quick Slash","Dodge and Roll"],"picked":"Dagger Spray","floor":3.0},{"not_picked":["Blade Dance","Cloak And Dagger"],"picked":"Noxious Fumes","floor":5.0},{"not_picked":["Acrobatics","Prepared"],"picked":"Poisoned Stab","floor":7.0},{"not_picked":["Masterful Stab","Bullet Time"],"picked":"Deadly Poison","floor":8.0},{"not_picked":["Noxious Fumes","Deflect"],"picked":"Leg Sweep","floor":10.0},{"not_picked":["Leg Sweep","Heel Hook"],"picked":"Footwork","floor":13.0},{"not_picked":["Underhanded Strike","PiercingWail","Deadly Poison"],"picked":"SKIP","floor":14.0},{"not_picked":["Unload","Phantasmal Killer"],"picked":"Bullet Time","floor":16.0},{"not_picked":["Well Laid Plans","Flying Knee","Dodge and Roll"],"picked":"SKIP","floor":18.0},{"not_picked":["All Out Attack","Skewer"],"picked":"Tactician+1","floor":20.0},{"not_picked":["Flying Knee","Underhanded Strike"],"picked":"Outmaneuver+1","floor":21.0},{"not_picked":["Blade Dance","Wraith Form v2"],"picked":"Acrobatics+1","floor":24.0},{"not_picked":["Outmaneuver","Dodge and Roll","Dash"],"picked":"SKIP","floor":28.0},{"not_picked":["Quick Slash","Deflect","Caltrops"],"picked":"SKIP","floor":31.0},{"not_picked":["After Image","Wraith Form v2"],"picked":"Tools of the Trade","floor":33.0},{"not_picked":["Cloak And Dagger","Flying Knee","Distraction"],"picked":"SKIP","floor":35.0},{"not_picked":["Apotheosis","Jack Of All Trades"],"picked":"Secret Technique","floor":36.0},{"not_picked":["PanicButton","Jack Of All Trades"],"picked":"Apotheosis","floor":36.0},{"not_picked":["Apotheosis","Trip"],"picked":"Metamorphosis","floor":36.0},{"not_picked":["Dash+1","Sucker Punch"],"picked":"Expertise+1","floor":37.0},{"not_picked":["Acrobatics+1","Prepared"],"picked":"Finisher","floor":40.0},{"not_picked":["Poisoned Stab","Heel Hook","Quick Slash"],"picked":"SKIP","floor":45.0},{"not_picked":["Backstab","Outmaneuver+1"],"picked":"Crippling Poison+1","floor":47.0},{"not_picked":["Flying Knee","Grand Finale","Masterful Stab"],"picked":"SKIP","floor":48.0},{"not_picked":["Poisoned Stab","Backstab","Backflip+1"],"picked":"SKIP","floor":54.0}],"player_experience":437952,"relics_obtained":[{"floor":8.0,"key":"CeramicFish"},{"floor":9.0,"key":"Letter Opener"},{"floor":10.0,"key":"Bottled Lightning"},{"floor":13.0,"key":"Kunai"},{"floor":24.0,"key":"Vajra"},{"floor":26.0,"key":"Mummified Hand"},{"floor":28.0,"key":"Juzu Bracelet"},{"floor":31.0,"key":"Ornamental Fan"},{"floor":37.0,"key":"The Specimen"},{"floor":40.0,"key":"Art of War"},{"floor":42.0,"key":"Toxic Egg 2"},{"floor":48.0,"key":"Happy Flower"},{"floor":54.0,"key":"Whetstone"}],"event_choices":[{"cards_removed":["All Out Attack"],"damage_healed":16.0,"max_hp_gain":0.0,"max_hp_loss":0.0,"gold_gain":0.0,"event_name":"Bonfire Elementals","player_choice":"Offered Uncommon","floor":4.0,"gold_loss":0.0,"damage_taken":0.0},{"damage_healed":0.0,"max_hp_gain":0.0,"max_hp_loss":0.0,"gold_gain":0.0,"cards_transformed":["Strike_G"],"event_name":"Living Wall","player_choice":"Change","floor":12.0,"gold_loss":0.0,"damage_taken":0.0,"cards_obtained":["Dash"]},{"damage_healed":0.0,"max_hp_gain":0.0,"max_hp_loss":0.0,"gold_gain":0.0,"event_name":"Drug Dealer","player_choice":"Inject Mutagens","floor":19.0,"gold_loss":0.0,"damage_taken":0.0,"relics_obtained":["MutagenicStrength"]},{"damage_healed":0.0,"max_hp_gain":0.0,"max_hp_loss":0.0,"gold_gain":0.0,"event_name":"The Mausoleum","player_choice":"Opened","floor":22.0,"gold_loss":0.0,"damage_taken":0.0,"relics_obtained":["Girya"],"cards_obtained":["Writhe"]},{"cards_removed":["Strike_G"],"damage_healed":0.0,"max_hp_gain":0.0,"max_hp_loss":0.0,"gold_gain":0.0,"event_name":"Purifier","player_choice":"Purged","floor":30.0,"gold_loss":0.0,"damage_taken":0.0},{"damage_healed":0.0,"max_hp_gain":0.0,"max_hp_loss":0.0,"gold_gain":0.0,"event_name":"SensoryStone","player_choice":"Memory 3","floor":36.0,"gold_loss":0.0,"damage_taken":10.0},{"damage_healed":0.0,"max_hp_gain":0.0,"max_hp_loss":0.0,"gold_gain":0.0,"event_name":"Mysterious Sphere","player_choice":"Fight","floor":37.0,"gold_loss":0.0,"damage_taken":0.0},{"damage_healed":0.0,"max_hp_gain":0.0,"max_hp_loss":0.0,"gold_gain":0.0,"event_name":"Tomb of Lord Red Mask","player_choice":"Paid","floor":38.0,"gold_loss":244.0,"damage_taken":0.0,"relics_obtained":["Red Mask"]},{"cards_removed":["Dagger Spray"],"damage_healed":0.0,"max_hp_gain":0.0,"max_hp_loss":0.0,"gold_gain":0.0,"event_name":"Falling","player_choice":"Removed Attack","floor":39.0,"gold_loss":0.0,"damage_taken":0.0},{"damage_healed":0.0,"max_hp_gain":0.0,"max_hp_loss":4.0,"gold_gain":0.0,"event_name":"Winding Halls","player_choice":"Max HP","floor":41.0,"gold_loss":0.0,"damage_taken":0.0}],"is_beta":false,"boss_relics":[{"not_picked":["WristBlade","Velvet Choker"],"picked":"Snecko Eye"},{"not_picked":["SacredBark","Ring of the Serpent"],"picked":"HoveringKite"}],"items_purged_floors":[27,29],"is_endless":false,"potions_floor_spawned":[3,5,7,10,21,31,33,37,40,48,54],"killed_by":"The Heart","ascension_level":12}}