{"host":"c5zi7xii2asw1e3y","time":1607987859,"event":{"mods":["AchievementEnabler","BaseMod","Block Reminder","Colored Powertips","Downfall","Highlight Path","Hubris","Infinite Spire","Jorbs\u0027s Wanderer Trilogy","Minty Spire (QoL Compilation)","Permanent Neow","Quick Restart","Random Character Button","Replay The Spire","StSLib","The Blue Laboratory","The Cursed","The Jungle"],"gold_per_floor":[116,116,131,142,1,26,47,47,99,99,116,116,135,135,135,241,241,259,283,300,300,314,351,58,58,105,155,155,191,199,235,235,365,365,412,412,414,414,314,379,456,5,85,85,10,90,178,257,257,257],"floor_reached":51,"playtime":13152,"items_purged":["TheCursedMod:Strike_TheCursed","TheCursedMod:Strike_TheCursed","infinitespire:Pacifist","hubris:Compulsion","TheCursedMod:Dregs"],"score":1097,"play_id":"3aa11074-4658-4c6b-b2c3-aeab1e34f8d5","local_time":"20201215001739","is_ascension_mode":false,"campfire_choices":[{"data":"ReplayTheSpireMod:Brewmster","floor":8.0,"key":"SMITH"},{"floor":10.0,"key":"REST"},{"data":"TheCursedMod:CircleOfCorruption","floor":15.0,"key":"SMITH"},{"data":"infinitespire:Punishment","floor":44.0,"key":"SMITH"},{"data":"Pot Of Greed","floor":49,"key":"SMITH"}],"circlet_count":0,"master_deck":["TheCursedMod:CursedWand","TheCursedMod:CleanUpWorkshop","Neutralize","ReplayTheSpireMod:Brewmster+1","TheCursedMod:FleshFromBone","TheCursedMod:WearCloak","TheCursedMod:HellfireBreathing+1","TheCursedMod:TroublousMinions+1","TheCursedMod:Wield","TheCursedMod:CursedAmulet","Iron Wave","TheCursedMod:CursedAmulet","TheCursedMod:VoidForm+1","TheCursedMod:RavingStaff+1","TheCursedMod:VoidForm+1","TheCursedMod:DoubleShield+1","infinitespire:Punishment+1","TheCursedMod:WearCloak+1","TheCursedMod:CursedBoomerang+1","TheCursedMod:ManaCirculation+1","TheCursedMod:SmokeScreen","TheCursedMod:SpitefulPlan+1","hubris:Greed","hubris:Greed","TheCursedMod:AshesToAshes","hubris:Greed","TheCursedMod:CircleOfAbyss+1","hubris:Greed","hubris:Greed","TheCursedMod:Neurasthenia+1","hubris:Greed","hubris:Greed","TheCursedMod:Grudge+1","hubris:Greed","hubris:Greed","hubris:Greed","hubris:Greed","hubris:Greed","TheCursedMod:CursedBlade+1","ReplayTheSpireMod:Brewmster+1","TheCursedMod:FleshFromBone+1","TheCursedMod:SpitefulStrike","Pot Of Greed+1","Pot Of Greed","Pot Of Greed","Pot Of Greed","TheCursedMod:SmokeScreen+1","TheCursedMod:SpitefulStrike","TheCursedMod:Stretching","TheCursedMod:SurpriseAttack","TheCursedMod:SurpriseAttack"],"relics":["TheCursedMod:BlackMagic101","Frozen Egg 2","infinitespire:Midas Blood","hubris:OldNail","hubris:Towel","Ring of Chaos","infinitespire:Satchel","Toy Ornithopter","Membership Card","Blue Doll","ReplayTheSpireMod:TigerMarble","Replay:WaspNest","Nilry\u0027s Codex","Kintsugi","Guide Book","hubris:EmptyBottle","hubris:PeanutButter","hubris:SphereOfDissonance","Grinning Jar","Shuriken","Guide Book","ReplayTheSpireMod:Shallot","Orrery","infinitespire:CheckeredPen"],"acts_visited":["Exordium","TheCity","TheBeyond"],"potions_floor_usage":[46,46,47,47,47,47,47,48,48,50,50,50,50,50,50,50],"damage_taken":[{"damage":8.0,"enemies":"Jaw Worm","floor":1.0,"turns":5.0},{"damage":1.0,"enemies":"Cultist","floor":3.0,"turns":4.0},{"damage":6.0,"enemies":"Small Slimes","floor":4.0,"turns":4.0},{"damage":2.0,"enemies":"Gremlin Nob","floor":6.0,"turns":4.0},{"damage":17.0,"enemies":"Gremlin Gang","floor":7.0,"turns":6.0},{"damage":0.0,"enemies":"2 Fungi Beasts","floor":11.0,"turns":4.0},{"damage":2.0,"enemies":"Blue Slaver","floor":13.0,"turns":4.0},{"damage":9.0,"enemies":"Slime Boss","floor":16.0,"turns":7.0},{"damage":12.0,"enemies":"Spheric Guardian","floor":18.0,"turns":5.0},{"damage":5.0,"enemies":"Shell Parasite","floor":19.0,"turns":10.0},{"damage":4.0,"enemies":"Snecko","floor":20.0,"turns":7.0},{"damage":0.0,"enemies":"Shelled Parasite and Fungi","floor":22.0,"turns":4.0},{"damage":23.0,"enemies":"Gremlin Leader","floor":23.0,"turns":4.0},{"damage":49.0,"enemies":"Slavers","floor":27.0,"turns":6.0},{"damage":19.0,"enemies":"Centurion and Healer","floor":29.0,"turns":24.0},{"damage":9.0,"enemies":"Snake Plant","floor":31.0,"turns":3.0},{"damage":0.0,"enemies":"Champ","floor":33.0,"turns":10.0},{"damage":7.0,"enemies":"3 Darklings","floor":35.0,"turns":7.0},{"damage":0.0,"enemies":"Reptomancer","floor":40.0,"turns":1.0},{"damage":0.0,"enemies":"3 Shapes","floor":41.0,"turns":2.0},{"damage":2,"enemies":"Jaw Worm Horde","floor":46,"turns":5},{"damage":0,"enemies":"Giant Head","floor":47,"turns":6},{"damage":0,"enemies":"Sphere and 2 Shapes","floor":48,"turns":2},{"damage":0,"enemies":"infinitespire:MassOfShapes","floor":50,"turns":5}],"seed_played":"2291446724437386048","potions_obtained":[{"floor":11.0,"key":"Regen Potion"},{"floor":18.0,"key":"BlessingOfTheForge"},{"floor":29.0,"key":"blueLaboratory:RecallPotion"},{"floor":31.0,"key":"blueLaboratory:StoneskinPotion"},{"floor":33.0,"key":"Strength Potion"},{"floor":35.0,"key":"blueLaboratory:FruitPunch"},{"floor":46,"key":"Venom Potion"},{"floor":47,"key":"Explosive Potion"}],"is_trial":false,"path_per_floor":["M","?","M","M","$","E","M","R","T","R","M","?","M","?","R","B",null,"M","M","M","AVR","M","E","$","?","T","E","?","M","?","M","R","B",null,"M","AVR","$","?","NS","E","M","$","T","R","$","M","E","M","R","B",null],"character_chosen":"THE_CURSED","items_purchased":["TheCursedMod:HellfireBreathing+1","TheCursedMod:TroublousMinions","Membership Card","Blue Doll","TheCursedMod:ManaCirculation+1","hubris:EmptyBottle","hubris:PeanutButter","ReplayTheSpireMod:Brewmster+1","TheCursedMod:FleshFromBone+1","TheCursedMod:SpitefulStrike","Grinning Jar","Shuriken","Guide Book","Orrery"],"campfire_rested":1,"item_purchase_floors":[5,5,24,24,24,37,37,42,42,42,42,42,42,45],"current_hp_per_floor":[67,67,66,60,60,58,41,41,41,63,63,63,73,73,73,64,75,63,58,69,69,69,46,46,46,46,22,22,75,59,59,59,75,75,75,75,44,75,75,79,79,79,79,79,79,79,79,79,79,79],"gold":257,"neow_bonus":"RANDOM_COLORLESS_2","is_daily":false,"chose_seed":false,"campfire_upgraded":4,"win_rate":0.0,"timestamp":1607987859,"path_taken":["M","?","?","M","$","E","M","R","T","R","M","?","?","?","R","BOSS","M","M","M","AVR","M","E","$","?","T","E","?","M","?","?","R","BOSS","M","AVR","?","?","NS","E","M","$","T","R","$","M","E","M","R","BOSS"],"items_purchased_type":["Card","Card","Relic","Relic","Card","Relic","Relic","Card","Card","Card","Relic","Relic","Relic","Relic"],"build_version":"2020-12-13","purchased_purges":5,"victory":true,"max_hp_per_floor":[75,75,75,75,75,75,75,75,75,75,75,75,75,75,75,75,75,75,75,75,75,75,75,75,75,75,75,75,75,75,75,75,75,75,75,75,75,75,75,79,79,79,79,79,79,79,79,79,79,79],"card_choices":[{"not_picked":["expansioncontent:QuickStudy","The Bomb"],"picked":"ReplayTheSpireMod:Brewmster","floor":0.0},{"not_picked":["TheCursedMod:FuryStrike","TheCursedMod:TacticalStrike"],"picked":"TheCursedMod:CircleOfCorruption","floor":1.0},{"not_picked":["TheCursedMod:CircleOfFlame","TheCursedMod:SmokeScreen"],"picked":"TheCursedMod:FleshFromBone","floor":3.0},{"not_picked":["TheCursedMod:VitalStrike","TheCursedMod:BloodBarrier"],"picked":"TheCursedMod:WearCloak","floor":4.0},{"not_picked":["TheCursedMod:CursedShiv","TheCursedMod:ParallelWorld"],"picked":"TheCursedMod:Wield","floor":6.0},{"not_picked":["TheCursedMod:CursedBlade","TheCursedMod:SmokeScreen"],"picked":"TheCursedMod:CursedAmulet","floor":7.0},{"not_picked":["TheCursedMod:CursedMace","TheCursedMod:CursedBlade"],"picked":"TheCursedMod:EmpowerCircles+1","floor":11.0},{"not_picked":["TheCursedMod:SurpriseAttack","TheCursedMod:FuryStrike"],"picked":"TheCursedMod:CursedAmulet","floor":13.0},{"not_picked":["TheCursedMod:ParallelWorld","TheCursedMod:StunningStrike"],"picked":"TheCursedMod:VoidForm+1","floor":16.0},{"not_picked":["TheCursedMod:FleshFromBone","TheCursedMod:CursedSpellbook"],"picked":"TheCursedMod:RavingStaff+1","floor":18.0},{"not_picked":["TheCursedMod:VitalStrike+1","TheCursedMod:SpitefulStrike+1"],"picked":"TheCursedMod:VoidForm+1","floor":19.0},{"not_picked":["TheCursedMod:ReleasedStrength+1","TheCursedMod:CircleOfWindfury+1"],"picked":"TheCursedMod:DoubleShield+1","floor":20.0},{"not_picked":["TheCursedMod:SurpriseAttack","TheCursedMod:ManaBullet+1"],"picked":"TheCursedMod:WearCloak+1","floor":22.0},{"not_picked":["TheCursedMod:DemonicPact+1","TheCursedMod:SaltUponWound"],"picked":"TheCursedMod:CursedBoomerang","floor":23.0},{"not_picked":["TheCursedMod:CursedMace+1","TheCursedMod:TacticalStrike+1"],"picked":"TheCursedMod:SmokeScreen","floor":27.0},{"not_picked":["TheCursedMod:CursedShiv","TheCursedMod:HellsGateOpen+1"],"picked":"TheCursedMod:AshesToAshes","floor":29.0},{"not_picked":["TheCursedMod:Stigma","TheCursedMod:CursedAmulet"],"picked":"TheCursedMod:AbyssShockwave","floor":31.0},{"not_picked":["TheCursedMod:CircleOfAbyss","TheCursedMod:DemonSword"],"picked":"TheCursedMod:Neurasthenia","floor":33.0},{"not_picked":["TheCursedMod:SmokeScreen","TheCursedMod:CircleOfCorruption+1"],"picked":"TheCursedMod:Grudge+1","floor":35.0},{"not_picked":["TheCursedMod:CursedMace+1","TheCursedMod:CircleOfFlame","TheCursedMod:Stigma"],"picked":"SKIP","floor":40.0},{"not_picked":["TheCursedMod:ManaBullet","TheCursedMod:CircleOfFocus"],"picked":"TheCursedMod:CursedBlade+1","floor":41.0},{"not_picked":["TheCursedMod:StingEye","TheCursedMod:CursedAmulet"],"picked":"TheCursedMod:SmokeScreen+1","floor":45},{"not_picked":["TheCursedMod:CursedBoomerang+1","TheCursedMod:CursedBlade"],"picked":"TheCursedMod:SpitefulStrike","floor":45},{"not_picked":["TheCursedMod:CircleOfFlame","TheCursedMod:Neurasthenia"],"picked":"TheCursedMod:Stretching","floor":45},{"not_picked":["TheCursedMod:SpreadPlague+1","TheCursedMod:Stretching"],"picked":"TheCursedMod:SurpriseAttack","floor":46},{"not_picked":["TheCursedMod:DemonSword","TheCursedMod:FleshFromBone+1"],"picked":"TheCursedMod:SurpriseAttack","floor":47},{"not_picked":["TheCursedMod:SaltUponWound+1","TheCursedMod:SurpriseAttack","TheCursedMod:Obscuration"],"picked":"SKIP","floor":48}],"player_experience":24543,"relics_obtained":[{"floor":6.0,"key":"infinitespire:Midas Blood"},{"floor":9.0,"key":"hubris:OldNail"},{"floor":23.0,"key":"Toy Ornithopter"},{"floor":26.0,"key":"ReplayTheSpireMod:TigerMarble"},{"floor":27.0,"key":"Replay:WaspNest"},{"floor":30.0,"key":"Nilry\u0027s Codex"},{"floor":40.0,"key":"hubris:SphereOfDissonance"},{"floor":43.0,"key":"ReplayTheSpireMod:Shallot"},{"floor":47,"key":"infinitespire:CheckeredPen"}],"event_choices":[{"damage_healed":0.0,"max_hp_gain":0.0,"max_hp_loss":0.0,"gold_gain":0.0,"event_name":"WeMeetAgain","player_choice":"Gave Potion","floor":2.0,"gold_loss":0.0,"damage_taken":0.0,"relics_obtained":["Frozen Egg 2"]},{"cards_removed":["TheCursedMod:Strike_TheCursed"],"damage_healed":0.0,"max_hp_gain":0.0,"max_hp_loss":0.0,"gold_gain":0.0,"event_name":"NoteForYourself","player_choice":"Took Card","floor":12.0,"gold_loss":0.0,"damage_taken":0.0,"cards_obtained":["Iron Wave"]},{"damage_healed":0.0,"max_hp_gain":0.0,"max_hp_loss":0.0,"gold_gain":0.0,"event_name":"Ghosts","player_choice":"Ignored","floor":25.0,"gold_loss":0.0,"damage_taken":0.0},{"damage_healed":0.0,"max_hp_gain":0.0,"max_hp_loss":0.0,"gold_gain":0.0,"event_name":"The Library","player_choice":"Read","floor":28.0,"gold_loss":0.0,"damage_taken":0.0,"cards_obtained":["TheCursedMod:SpitefulPlan"]},{"damage_healed":0.0,"max_hp_gain":0.0,"max_hp_loss":0.0,"gold_gain":0.0,"event_name":"Cursed Tome","player_choice":"Obtained Book","floor":30.0,"gold_loss":0.0,"damage_taken":16.0},{"cards_removed":["TheCursedMod:AbyssShockwave"],"damage_healed":31.0,"max_hp_gain":0.0,"max_hp_loss":0.0,"gold_gain":0.0,"event_name":"Bonfire Elementals","player_choice":"Offered Uncommon","floor":38.0,"gold_loss":0.0,"damage_taken":0.0}],"is_beta":false,"boss_relics":[{"not_picked":["Runic Dome","hubris:Stopwatch"],"picked":"Ring of Chaos"},{"not_picked":["ChewingGum","hubris:TerracottaHorce"],"picked":"Kintsugi"}],"items_purged_floors":[21,24,36,37,42],"is_endless":false,"potions_floor_spawned":[11,18,29,31,33,35,46,47],"ascension_level":0}}