{"host":"awiss","time":1607921439,"event":{"mods":["Aspiration","BaseMod","Better Vampires","Colored Powertips","Friendly Minions","GungeonMod","Highlight Path","Kiyohime£®«Âºß£©","Marisa£®ÏF”Í°°ƒß¿Ì…≥£©","Minty Spire (QoL Compilation)","Quick Restart","Remilia£®¿Ÿ√◊¿Ú—«£©","Replay The Spire","StSLib","Td1madao Mod","The Bug Knight","The Cursed","The Senshi","The Servant 0.9.4","Youmu£®ªÍ∆«—˝√Œ£©"],"gold_per_floor":[111,111,125,136,148,148,33,33,33,45,45,57,5,24,24,123,123,136,236,351,386,473,473,489,489],"floor_reached":24,"playtime":1703,"items_purged":[],"score":188,"play_id":"d1381b5c-c8fc-4281-b2c2-6da1b2071679","local_time":"20201214125039","is_ascension_mode":false,"campfire_choices":[{"data":"StrangeHalfBody","floor":6,"key":"SMITH"},{"data":"HumanGodSword","floor":8,"key":"SMITH"},{"data":"IrresoluteSoul","floor":23,"key":"SMITH"}],"circlet_count":0,"master_deck":["Strike_YM","Strike_YM","Strike_YM","Strike_YM","Defend_YM","Defend_YM","Defend_YM","Defend_YM","SlashOfPresentWorld","WheelOfPainOfLivingAndDead","LifeCuttingSword+1","ThreeKonsSevenHakus","StrangeHalfBody+1","HumanGodSword+1","CherryBlossomFlashing","CherryBlossomFlashing","SwordOfBindingDesires","FiveSignsOfTheDyingDeva","SanzenSekai","HesitationCuttingSword","IrresoluteSoul+1","TransmigrationSlash+1","Sickly","ReplayTheSpireMod:Splinters","Doubt","FlashingScatteredFlowers+1","HeavenlyHaloSlash+1","HellRealmSword","Greed_TH"],"relics":["HalfPhantom","NeowsBlessing","Toy Ornithopter","Bronze Scales","SsserpentHead","SacredBark","Ring of Greed","Ring of Misfortune","Golden Idol","The Courier","Replay:Bandana"],"acts_visited":["Exordium","TheCity"],"potions_floor_usage":[14,16,16,22,22,22],"damage_taken":[{"damage":0,"enemies":"2 Louse","floor":1,"turns":1},{"damage":0,"enemies":"Cultist","floor":3,"turns":1},{"damage":0,"enemies":"Small Slimes","floor":4,"turns":2},{"damage":3,"enemies":"2 Fungi Beasts","floor":5,"turns":4},{"damage":9,"enemies":"Large Slime","floor":10,"turns":7},{"damage":13,"enemies":"Red Slaver","floor":14,"turns":3},{"damage":11,"enemies":"Hexaghost","floor":16,"turns":9},{"damage":20,"enemies":"Shell Parasite","floor":18,"turns":5},{"damage":6,"enemies":"Chosen","floor":21,"turns":4},{"damage":37,"enemies":"Sentry and Sphere","floor":22,"turns":7},{"damage":50,"enemies":"Slavers","floor":24,"turns":3}],"seed_played":"261494209972024247","potions_obtained":[{"floor":1,"key":"SkillPotion"},{"floor":4,"key":"SkillPotion"},{"floor":10,"key":"Fire Potion"},{"floor":16,"key":"Reflective Coating"},{"floor":18,"key":"SteroidPotion"},{"floor":20,"key":"Toxic Potion"},{"floor":20,"key":"SpeedPotion"}],"is_trial":false,"path_per_floor":["M","?","M","M","M","R","$","R","T","M","?","$","$","M","R","B",null,"M","?","?","M","M","R","E"],"character_chosen":"YOUMU","items_purchased":["HumanGodSword","CherryBlossomFlashing","FiveSignsOfTheDyingDeva","SanzenSekai"],"campfire_rested":0,"item_purchase_floors":[7,7,12,13],"current_hp_per_floor":[75,75,75,75,72,72,72,72,72,63,63,63,63,55,75,64,75,55,55,55,49,49,49,0,0],"gold":489,"neow_bonus":"THREE_ENEMY_KILL","is_daily":false,"chose_seed":false,"campfire_upgraded":3,"win_rate":0.0,"timestamp":1607921439,"path_taken":["M","?","M","?","M","R","$","R","T","M","?","?","$","M","R","BOSS","M","?","?","M","?","R","E"],"items_purchased_type":["Card","Card","Card","Card"],"build_version":"2020-12-07","purchased_purges":0,"victory":false,"max_hp_per_floor":[75,75,75,75,75,75,75,75,75,75,75,75,75,75,75,75,75,75,75,75,75,75,75,75,75],"card_choices":[{"not_picked":["ThreeKonsSevenHakus","PhosphoricSlash"],"picked":"FantasyOfEnteringEnlightenment","floor":1},{"not_picked":["ConstancyOfTheConventionalTruth","CherryBlossomFlashing"],"picked":"LifeCuttingSword","floor":3},{"not_picked":["SwordExtraction","LightFlashOfTheNetherworld"],"picked":"ThreeKonsSevenHakus","floor":4},{"not_picked":["CherryBlossomFlashing","LifeCuttingSword"],"picked":"StrangeHalfBody","floor":5},{"not_picked":["CherryBlossomFlashing","TwoHundredYojanaInOneSlash"],"picked":"SwordOfBindingDesires","floor":10},{"not_picked":["TenKingsRetributionOnThePreta","SwordOfBindingDesires"],"picked":"HesitationCuttingSword","floor":14},{"not_picked":["VoidnessSword","CherryBlossomSword"],"picked":"IrresoluteSoul","floor":16},{"not_picked":["HellGodSword","HiganSword"],"picked":"TransmigrationSlash+1","floor":18},{"not_picked":["HellGodSword","ThreeKonsSevenHakus"],"picked":"FlashingScatteredFlowers+1","floor":20},{"not_picked":["SwordExtraction","SlashOfMeditation"],"picked":"HeavenlyHaloSlash+1","floor":21},{"not_picked":["AsTheSilentNirvana","ObsessionWithThePresentWorld"],"picked":"HellRealmSword","floor":22}],"player_experience":160959,"relics_obtained":[{"floor":9,"key":"Bronze Scales"},{"floor":19,"key":"Ring of Greed"},{"floor":19,"key":"Ring of Misfortune"},{"floor":19,"key":"Golden Idol"},{"floor":19,"key":"The Courier"},{"floor":20,"key":"Replay:Bandana"}],"event_choices":[{"cards_removed":["FantasyOfEnteringEnlightenment"],"damage_healed":0,"gold_gain":0,"player_choice":"Gave Card","damage_taken":0,"relics_obtained":["Toy Ornithopter"],"max_hp_gain":0,"max_hp_loss":0,"event_name":"WeMeetAgain","floor":2,"gold_loss":0},{"damage_healed":0,"gold_gain":0,"player_choice":"Trade","damage_taken":0,"relics_obtained":["SsserpentHead"],"max_hp_gain":0,"max_hp_loss":0,"event_name":"FaceTrader","floor":11,"gold_loss":0}],"is_beta":true,"boss_relics":[{"not_picked":["Snecko Eye","Kintsugi"],"picked":"SacredBark"}],"items_purged_floors":[],"is_endless":false,"potions_floor_spawned":[1,4,10,16,18],"killed_by":"Slavers","ascension_level":0}}