{"host":"91tsl82bt69efn37","time":1607983482,"event":{"mods":["2.2 Compatiblity","BaseMod","Colored Map","DeckTracker","Highlight Path","Keyboard Shortcuts","Minty Spire (QoL Compilation)","Permanent Neow","Quick Restart","SuperFastMode","everything is the same but u backflip on backflip"],"gold_per_floor":[115,2,2,2,21,21,40,40,116,135,152,168,168,188,188,288,338,351,365,365,384,261,261,261,186,186,196,39,39,59,78,78,177,177,194,69,84,84,103,103,53,53,53,72,83,83,83],"floor_reached":46,"playtime":2120,"items_purged":["Strike_P","Strike_P","Strike_P"],"score":462,"play_id":"1389dccb-ebc4-4aff-a12f-1e5c443901b1","local_time":"20201215070442","is_ascension_mode":true,"campfire_choices":[{"data":"Eruption","floor":6.0,"key":"SMITH"},{"data":"ClearTheMind","floor":8.0,"key":"SMITH"},{"data":"Vengeance","floor":15.0,"key":"SMITH"},{"data":"Judgement","floor":23.0,"key":"SMITH"},{"floor":29.0,"key":"REST"},{"floor":32.0,"key":"REST"},{"data":"DevaForm","floor":40.0,"key":"SMITH"},{"floor":42.0,"key":"REST"}],"circlet_count":0,"master_deck":["Strike_P","Defend_P","Defend_P","Eruption+1","Vigilance+1","Dramatic Entrance","ClearTheMind+1","Vengeance+1","Evaluate","Consecrate+1","Judgement+1","EmptyFist+1","EmptyBody","WindmillStrike+1","Evaluate","DevaForm","DevaForm+1","Parasite"],"relics":["PureWater","Molten Egg 2","Meat on the Bone","Nunchaku","Tiny House","Mango","Lantern","SacredBark","Bottled Flame"],"acts_visited":["TheBeyond"],"potions_floor_usage":[46,46,46],"damage_taken":[{"damage":5.0,"enemies":"Small Slimes","floor":1.0,"turns":4.0},{"damage":1.0,"enemies":"2 Louse","floor":5.0,"turns":3.0},{"damage":7.0,"enemies":"Jaw Worm","floor":7.0,"turns":3.0},{"damage":0.0,"enemies":"3 Louse","floor":10.0,"turns":2.0},{"damage":0.0,"enemies":"Looter","floor":11.0,"turns":4.0},{"damage":5.0,"enemies":"Blue Slaver","floor":12.0,"turns":3.0},{"damage":0.0,"enemies":"Gremlin Gang","floor":14.0,"turns":1.0},{"damage":19.0,"enemies":"Slime Boss","floor":16.0,"turns":8.0},{"damage":14.0,"enemies":"Chosen","floor":18.0,"turns":4.0},{"damage":0.0,"enemies":"3 Byrds","floor":19.0,"turns":4.0},{"damage":17.0,"enemies":"3 Cultists","floor":21.0,"turns":5.0},{"damage":1.0,"enemies":"Centurion and Healer","floor":27.0,"turns":3.0},{"damage":50.0,"enemies":"Snecko","floor":30.0,"turns":7.0},{"damage":3.0,"enemies":"Chosen and Byrds","floor":31.0,"turns":4.0},{"damage":69.0,"enemies":"Champ","floor":33.0,"turns":13.0},{"damage":19.0,"enemies":"3 Shapes","floor":35.0,"turns":4.0},{"damage":6.0,"enemies":"3 Darklings","floor":37.0,"turns":3.0},{"damage":40.0,"enemies":"Jaw Worm Horde","floor":39.0,"turns":5.0},{"damage":22.0,"enemies":"Transient","floor":44.0,"turns":5.0},{"damage":3.0,"enemies":"Sphere and 2 Shapes","floor":45.0,"turns":3.0},{"damage":47,"enemies":"Writhing Mass","floor":46,"turns":9}],"seed_played":"5071240007359523036","potions_obtained":[{"floor":5.0,"key":"Block Potion"},{"floor":10.0,"key":"BottledMiracle"},{"floor":16.0,"key":"Weak Potion"},{"floor":17.0,"key":"Swift Potion"},{"floor":37.0,"key":"Energy Potion"},{"floor":45.0,"key":"ColorlessPotion"}],"is_trial":false,"path_per_floor":["M","$","?","?","M","R","M","R","T","M","M","M","?","M","R","B",null,"M","M","?","M","$","R","?","?","T","M","$","R","M","M","R","B",null,"M","$","M","?","M","R","$","R","T","M","M","M"],"character_chosen":"WATCHER","items_purchased":["Vengeance","Evaluate","Lantern","Fire Potion"],"campfire_rested":3,"item_purchase_floors":[2,22,28,41],"current_hp_per_floor":[67,67,67,64,63,63,56,56,56,56,56,51,51,51,51,44,77,63,63,63,46,46,46,46,46,60,59,59,86,48,57,84,27,91,72,72,66,66,38,38,38,65,65,55,52,5,5],"gold":83,"neow_bonus":"RANDOM_COLORLESS","is_daily":false,"chose_seed":false,"campfire_upgraded":5,"win_rate":0.0,"timestamp":1607983482,"path_taken":["M","$","?","?","M","R","M","R","T","M","M","M","?","M","R","BOSS","M","M","?","M","$","R","?","?","T","M","?","R","?","M","R","BOSS","M","$","M","?","M","R","?","R","T","?","M","M"],"items_purchased_type":["Card","Card","Relic","Potion"],"build_version":"2020-12-13","purchased_purges":3,"victory":false,"max_hp_per_floor":[72,72,72,72,72,72,72,72,72,72,72,72,72,72,72,72,77,77,77,77,77,77,77,77,77,91,91,91,91,91,91,91,91,91,91,91,91,91,91,91,91,91,91,91,91,91,91],"card_choices":[{"not_picked":["Forethought","Dark Shackles"],"picked":"Dramatic Entrance","floor":0.0},{"not_picked":["PathToVictory","ThirdEye"],"picked":"ClearTheMind","floor":1.0},{"not_picked":["Weave+1","JustLucky+1","Vengeance"],"picked":"SKIP","floor":5.0},{"not_picked":["BattleHymn","WaveOfTheHand"],"picked":"Evaluate","floor":7.0},{"not_picked":["Evaluate","FollowUp+1"],"picked":"Consecrate+1","floor":10.0},{"not_picked":["WaveOfTheHand","SignatureMove+1","Protect"],"picked":"SKIP","floor":11.0},{"not_picked":["LikeWater","WaveOfTheHand","Protect"],"picked":"SKIP","floor":12.0},{"not_picked":["JustLucky+1","FlyingSleeves+1","Sanctity"],"picked":"SKIP","floor":14.0},{"not_picked":["Brilliance+1","ConjureBlade"],"picked":"Judgement","floor":16.0},{"not_picked":["Consecrate+1","PathToVictory"],"picked":"EmptyFist+1","floor":17.0},{"not_picked":["FlurryOfBlows+1","Fasting2+1"],"picked":"EmptyBody","floor":18.0},{"not_picked":["Protect","PathToVictory","JustLucky+1"],"picked":"SKIP","floor":19.0},{"not_picked":["InnerPeace","WreathOfFlame","Sanctity"],"picked":"SKIP","floor":21.0},{"not_picked":["SashWhip+1","CarveReality+1","WheelKick+1"],"picked":"SKIP","floor":27.0},{"not_picked":["SignatureMove+1","EmptyMind","Pray"],"picked":"SKIP","floor":30.0},{"not_picked":["Establishment","ClearTheMind","SashWhip+1"],"picked":"SKIP","floor":31.0},{"not_picked":["ConjureBlade","LessonLearned+1"],"picked":"DevaForm","floor":33.0},{"not_picked":["Consecrate+1","Halt+1","Crescendo+1"],"picked":"SKIP","floor":35.0},{"not_picked":["Tantrum+1","CutThroughFate+1","WindmillStrike+1"],"picked":"SKIP","floor":37.0},{"not_picked":["BowlingBash+1","EmptyBody+1","FlyingSleeves+1"],"picked":"SKIP","floor":39.0},{"not_picked":["WaveOfTheHand","Wallop+1","EmptyFist+1"],"picked":"SKIP","floor":44.0},{"not_picked":["Consecrate+1","TalkToTheHand+1","FearNoEvil+1"],"picked":"SKIP","floor":45.0}],"player_experience":67253,"relics_obtained":[{"floor":9.0,"key":"Meat on the Bone"},{"floor":26.0,"key":"Mango"},{"floor":43.0,"key":"Bottled Flame"}],"event_choices":[{"cards_removed":["Defend_P"],"damage_healed":0.0,"max_hp_gain":0.0,"max_hp_loss":0.0,"gold_gain":0.0,"event_name":"Living Wall","player_choice":"Forget","floor":3.0,"gold_loss":0.0,"damage_taken":0.0},{"damage_healed":0.0,"max_hp_gain":0.0,"max_hp_loss":0.0,"gold_gain":0.0,"event_name":"Scrap Ooze","player_choice":"Success","floor":4.0,"gold_loss":0.0,"damage_taken":3.0,"relics_obtained":["Molten Egg 2"]},{"damage_healed":0.0,"max_hp_gain":0.0,"max_hp_loss":0.0,"gold_gain":0.0,"event_name":"Dead Adventurer","player_choice":"Searched \u00271\u0027 times","floor":13.0,"gold_loss":0.0,"damage_taken":0.0,"relics_obtained":["Nunchaku"]},{"damage_healed":0.0,"max_hp_gain":0.0,"max_hp_loss":0.0,"gold_gain":0.0,"event_name":"The Library","player_choice":"Read","floor":20.0,"gold_loss":0.0,"damage_taken":0.0,"cards_obtained":["WindmillStrike"]},{"damage_healed":0.0,"max_hp_gain":0.0,"max_hp_loss":0.0,"gold_gain":0.0,"event_name":"The Mausoleum","player_choice":"Ignored","floor":24.0,"gold_loss":0.0,"damage_taken":0.0},{"cards_removed":["Defend_P"],"damage_healed":0.0,"max_hp_gain":0.0,"max_hp_loss":0.0,"gold_gain":0.0,"event_name":"Beggar","player_choice":"Gave Gold","floor":25.0,"gold_loss":75.0,"damage_taken":0.0},{"damage_healed":0.0,"max_hp_gain":0.0,"max_hp_loss":0.0,"gold_gain":0.0,"event_name":"Duplicator","player_choice":"Copied","floor":38.0,"gold_loss":0.0,"damage_taken":0.0,"cards_obtained":["DevaForm"]}],"is_beta":false,"boss_relics":[{"not_picked":["Fusion Hammer","Velvet Choker"],"picked":"Tiny House"},{"not_picked":["Cursed Key","Calling Bell"],"picked":"SacredBark"}],"items_purged_floors":[2,22,36],"is_endless":false,"potions_floor_spawned":[5,10,16,21,30,31,33,37,45],"killed_by":"Writhing Mass","ascension_level":1}}