{"host":"3z9xbwjeimmg738z","time":1607926945,"event":{"mods":["2.2 Compatiblity","Act Like it!","AlwaysNeverKeys","Aspiration","Bard","Bartender","BaseMod","Beaked The Cultist","Better Altar","Better Match","Better Note","Better Sensory Stone","Better Skull","Better Third Choice","CapriCore","ChefMod","Colored Powertips","Defuse TimeMaze Blight","Dio Mod","Displayed Cursed Tome","Emptier Cage","Faster Ascension Climbing","Gensokyo","GifTheSpireLib","Hallownest","Hubris","Koishi","Marisa????????","Minty Spire (QoL Compilation)","Pale of the Ancients","Permanent Neow","Replay The Spire","Robot Space Explorer","Shop Mod","StSLib","Stuff the Spire","The Animator","The Immortal","The Mystic","The Servant 0.9.4","TheArtist","Uncapped","Wandering Minibosses","vexMod"],"gold_per_floor":[116,41,54,165,179,212,212,239,308,308,308,308,321,77,77,182,182,194,41,41,41],"floor_reached":20,"playtime":921,"items_purged":["RobotSpaceExplorer:Strike"],"score":188,"play_id":"b7f84ae7-6492-44fb-95a5-b22f4a7eede6","local_time":"20201213222225","daily_mods":["ControlledChaos"],"is_ascension_mode":true,"campfire_choices":[{"floor":7,"key":"REST"},{"data":"RobotSpaceExplorer:ShockMissile","floor":10,"key":"SMITH"},{"floor":12,"key":"REST"},{"floor":15,"key":"REST"}],"circlet_count":0,"master_deck":["RobotSpaceExplorer:Strike","RobotSpaceExplorer:Strike","RobotSpaceExplorer:Defend","RobotSpaceExplorer:Defend+1","RobotSpaceExplorer:Defend","RobotSpaceExplorer:Defend","RobotSpaceExplorer:Scan","RobotSpaceExplorer:MiniLasers","RobotSpaceExplorer:ShockMissile+1","RobotSpaceExplorer:Comet","RobotSpaceExplorer:MiniBoosters+1"],"relics":["RobotSpaceExplorer:RoboCore","Frozen Eye","StuffTheSpire:Mouthbags","StuffTheSpire:CocoNut","RobotSpaceExplorer:ToughPlating","Quantum Egg","Replay:Grab Bag","Busted Crown","ChewingGum","aspiration:SilentSkillbook","RobotSpaceExplorer:SearchSpecs","Membership Card"],"acts_visited":["Gensokyo:Gensokyo","Gensokyo:Gensokyoer"],"potions_floor_usage":[3,6],"damage_taken":[{"damage":0,"enemies":"Gensokyo:2_Kodama","floor":1,"turns":4},{"damage":0,"enemies":"Gensokyo:Gryphon","floor":3,"turns":3},{"damage":0,"enemies":"Gensokyo:Python","floor":5,"turns":2},{"damage":29,"enemies":"Gensokyo:Cirno","floor":6,"turns":8},{"damage":13,"enemies":"Gensokyo:Mamizou","floor":8,"turns":9},{"damage":5,"enemies":"Gensokyo:3_Kodama","floor":13,"turns":3},{"damage":32,"enemies":"Gensokyo:Yukari","floor":16,"turns":10},{"damage":0,"enemies":"Gensokyo:CosmicMonolith","floor":18,"turns":3},{"damage":0,"enemies":"Gensokyo:2_Gloops","floor":20,"turns":2}],"seed_played":"5143744516717170647","potions_obtained":[{"floor":5,"key":"FearPotion"},{"floor":6,"key":"Fire Potion"},{"floor":13,"key":"RobotSpaceExplorer:RecyclePotion"}],"is_trial":true,"path_per_floor":["M","$","M","?","M","E","R","E","T","R","?","R","M","$","R","B",null,"M","$","M"],"character_chosen":"RobotSpaceExplorer","items_purchased":["Quantum Egg","Membership Card"],"campfire_rested":3,"item_purchase_floors":[14,19],"current_hp_per_floor":[75,75,75,41,41,19,43,30,30,30,30,54,49,49,73,41,82,82,82,82,82],"gold":41,"neow_bonus":"","is_daily":false,"chose_seed":false,"campfire_upgraded":1,"win_rate":0.0,"timestamp":1607926945,"path_taken":["M","$","M","?","?","E","R","E","T","R","?","R","M","$","R","BOSS","M","$","M"],"items_purchased_type":["Relic","Relic"],"build_version":"2020-12-13","purchased_purges":1,"victory":false,"max_hp_per_floor":[75,75,75,75,75,82,82,82,82,82,82,82,82,82,82,82,82,82,82,82,82],"card_choices":[{"not_picked":["RobotSpaceExplorer:Counterblock","RobotSpaceExplorer:SurgingShield","RobotSpaceExplorer:ShockKick"],"picked":"SKIP","floor":1},{"not_picked":["RobotSpaceExplorer:FranticSearch","RobotSpaceExplorer:ShovelStrike","RobotSpaceExplorer:FreezingShield"],"picked":"SKIP","floor":3},{"not_picked":["RobotSpaceExplorer:MetalStrike","RobotSpaceExplorer:SurgingStrike","RobotSpaceExplorer:Probe"],"picked":"SKIP","floor":5},{"not_picked":["RobotSpaceExplorer:BigMissile","RobotSpaceExplorer:ImprovisedAttack"],"picked":"RobotSpaceExplorer:ShockMissile","floor":6},{"not_picked":["RobotSpaceExplorer:Reload","RobotSpaceExplorer:Arsenal","RobotSpaceExplorer:IronShell"],"picked":"SKIP","floor":8},{"not_picked":["RobotSpaceExplorer:ScrapMissile","RobotSpaceExplorer:ShockKick","RobotSpaceExplorer:SlimeMissile"],"picked":"SKIP","floor":13},{"not_picked":["RobotSpaceExplorer:Scanner","RobotSpaceExplorer:Arsenal"],"picked":"RobotSpaceExplorer:Comet","floor":16},{"not_picked":["RobotSpaceExplorer:MiniDrones"],"picked":"RobotSpaceExplorer:MiniBoosters+1","floor":18}],"player_experience":330917,"relics_obtained":[{"floor":6,"key":"StuffTheSpire:CocoNut"},{"floor":8,"key":"RobotSpaceExplorer:ToughPlating"}],"event_choices":[{"damage_healed":0,"gold_gain":111,"player_choice":"RE UP GO ","damage_taken":39,"relics_obtained":["StuffTheSpire:Mouthbags"],"max_hp_gain":0,"max_hp_loss":0,"event_name":"betterSkull:BetterSkull","floor":4,"gold_loss":0,"cards_upgraded":["RobotSpaceExplorer:Defend"]}],"is_beta":false,"boss_relics":[{"not_picked":["vexMod:EndlessSickness","Tiny House"],"picked":"Replay:Grab Bag"},{"not_picked":["Abe\u0027s Treasure","Fusion Hammer"],"picked":"Busted Crown"},{"not_picked":["aspiration:FutureDiary","aspiration:RandomNobGenerator"],"picked":"ChewingGum"},{"not_picked":["vexMod:MegatonBomb","Snecko Heart"],"picked":"aspiration:SilentSkillbook"},{"not_picked":["hubris:Stopwatch","hubris:HollowSoul"],"picked":"RobotSpaceExplorer:SearchSpecs"}],"items_purged_floors":[2],"is_endless":false,"potions_floor_spawned":[5,6,13,18],"killed_by":"Gensokyo:2_Gloops","ascension_level":1}}