{"host":"ks12kfi5c4d9hdxy","time":1607985869,"event":{"mods":["BaseMod","Conspire","GifTheSpireLib","Koishi","LagranYue(拉格朗・月)","Marisa（F雨　魔理沙）","Minty Spire (QoL Compilation)","Reimu（博丽灵梦）","Remilia（蕾米莉亚）","Replay The Spire","RumiaBox-露米娅的神秘盒子","StSLib","SuperFastMode","The Administrix","The Servant 0.9.4","Youmu（魂魄妖梦）","Yuyuko","【功能Mod】混沌之环修复补丁","【功能Mod】聪明的最终Boss","篝火指南"],"gold_per_floor":[112,122,139,139,150,183,193,193,193,193,193],"floor_reached":10,"playtime":191,"items_purged":[],"score":133,"play_id":"a6e7b5f8-b644-4e16-93cf-20168faf64e8","local_time":"20201215064429","is_ascension_mode":true,"campfire_choices":[{"data":"BlazeAway","floor":8.0,"key":"SMITH"}],"circlet_count":0,"master_deck":["AscendersBane","Strike_MRS","Strike_MRS","Strike_MRS","Strike_MRS","Defend_MRS","Defend_MRS","Defend_MRS","Defend_MRS","MasterSpark","UpSweep","GrandCross","FairyDestructionRay","Doubt","BlazeAway+1","StarBarrage","GrandCross","GrandCross"],"relics":["MiniHakkero","LagranYue:RandomDrawCardRelic","NeowsBlessing","Baka2","Snack Pack","Toy Ornithopter","Tiny Chest"],"acts_visited":["Exordium"],"potions_floor_usage":[],"damage_taken":[{"damage":0.0,"enemies":"Small Slimes","floor":1.0,"turns":1.0},{"damage":0.0,"enemies":"Cultist","floor":2.0,"turns":1.0},{"damage":0.0,"enemies":"2 Louse","floor":3.0,"turns":1.0},{"damage":2.0,"enemies":"2 Fungi Beasts","floor":5.0,"turns":2.0},{"damage":30.0,"enemies":"Lagavulin","floor":6.0,"turns":6.0},{"damage":15.0,"enemies":"Exordium Thugs","floor":7.0,"turns":2.0},{"damage":64,"enemies":"3 Sentries","floor":10,"turns":4}],"seed_played":"-582536837178780067","potions_obtained":[{"floor":2.0,"key":"Block Potion"}],"is_trial":false,"path_per_floor":["M","M","M","?","M","E","M","R","T","E"],"character_chosen":"MARISA","items_purchased":[],"campfire_rested":0,"item_purchase_floors":[],"current_hp_per_floor":[63,63,63,63,68,46,44,44,44,0,0],"gold":193,"neow_bonus":"THREE_ENEMY_KILL","is_daily":false,"chose_seed":false,"campfire_upgraded":1,"win_rate":0.0,"timestamp":1607985869,"path_taken":["M","M","M","?","M","E","M","R","T","E"],"items_purchased_type":[],"build_version":"2020-12-13","purchased_purges":0,"victory":false,"max_hp_per_floor":[70,70,70,70,70,70,70,70,70,70,70],"card_choices":[{"not_picked":["WitchLeyline","NonDirectionalLaser"],"picked":"GrandCross","floor":1.0},{"not_picked":["GalacticHalo","PowerUp"],"picked":"FairyDestructionRay","floor":2.0},{"not_picked":["DarkSpark","DeepEcoloBomb"],"picked":"BlazeAway","floor":3.0},{"not_picked":["FairyDestructionRay","Acceleration"],"picked":"StarBarrage","floor":5.0},{"not_picked":["Orbital","GravityBeat"],"picked":"GrandCross","floor":6.0},{"not_picked":["BlazeAway","WitchOfGreed"],"picked":"GrandCross","floor":7.0},{"not_picked":["WitchOfGreed","DragonMeteor","MeteoricShower"],"picked":"SKIP","floor":7.0},{"not_picked":["DoubleSpark","OneTimeOff","NonDirectionalLaser"],"picked":"SKIP","floor":7.0},{"not_picked":["NonDirectionalLaser","GravityBeat","FairyDestructionRay"],"picked":"SKIP","floor":7.0}],"player_experience":496023,"relics_obtained":[{"floor":1.0,"key":"Baka"},{"floor":2.0,"key":"Baka2"},{"floor":5.0,"key":"Snack Pack"},{"floor":6.0,"key":"Toy Ornithopter"},{"floor":9.0,"key":"Tiny Chest"}],"event_choices":[{"cards_removed":["Regret"],"damage_healed":0.0,"max_hp_gain":0.0,"max_hp_loss":0.0,"gold_gain":0.0,"event_name":"Purifier","player_choice":"Purged","floor":4.0,"gold_loss":0.0,"damage_taken":0.0}],"is_beta":false,"boss_relics":[],"items_purged_floors":[],"is_endless":false,"potions_floor_spawned":[2],"killed_by":"3 Sentries","ascension_level":18}}