{"host":"7tvb1em0d2fx72q7","time":1607968037,"event":{"mods":["BaseMod","Challenge The Spire","Minty Spire (QoL Compilation)","StSLib","everything is the same but u backflip on backflip"],"gold_per_floor":[115,134,144,161,174,174,224,241,318,28,38,58,68,99,99,170,170,181,154,154,170,170,170,170],"floor_reached":23,"playtime":1903,"items_purged":[],"score":398,"play_id":"5bd0acde-f028-4bbf-84a8-f2dfd1a4c15d","local_time":"20201214124717","is_ascension_mode":true,"campfire_choices":[{"data":"Hemokinesis","floor":6.0,"key":"SMITH"},{"data":"Havoc","floor":15.0,"key":"SMITH"}],"circlet_count":0,"master_deck":["AscendersBane","Strike_R","Strike_R","Strike_R","Strike_R","Strike_R","Defend_R","Defend_R","Defend_R","Defend_R","Bash","Armaments","Clothesline","Rampage","Iron Wave","Hemokinesis+1","Heavy Blade","Sword Boomerang","Dark Embrace","Spot Weakness","Havoc+1","Second Wind","Corruption","Ghostly","Ghostly","Ghostly","Shrug It Off"],"relics":["Burning Blood","Dream Catcher","The Courier","Pen Nib","Oddly Smooth Stone","Pear","Runic Pyramid","Orichalcum"],"acts_visited":["Exordium","TheCity"],"potions_floor_usage":[16,19,23,23],"damage_taken":[{"damage":12.0,"enemies":"Cultist","floor":1.0,"turns":4.0},{"damage":7.0,"enemies":"Jaw Worm","floor":2.0,"turns":4.0},{"damage":3.0,"enemies":"Small Slimes","floor":3.0,"turns":4.0},{"damage":4.0,"enemies":"Exordium Wildlife","floor":4.0,"turns":4.0},{"damage":5.0,"enemies":"Blue Slaver","floor":5.0,"turns":4.0},{"damage":23.0,"enemies":"Large Slime","floor":8.0,"turns":3.0},{"damage":8.0,"enemies":"Exordium Thugs","floor":11.0,"turns":5.0},{"damage":11.0,"enemies":"Looter","floor":12.0,"turns":2.0},{"damage":4.0,"enemies":"Blue Slaver","floor":13.0,"turns":5.0},{"damage":26.0,"enemies":"3 Sentries","floor":14.0,"turns":6.0},{"damage":16,"enemies":"Slime Boss","floor":16,"turns":7},{"damage":20,"enemies":"Spheric Guardian","floor":18,"turns":5},{"damage":18,"enemies":"2 Thieves","floor":19,"turns":4},{"damage":37,"enemies":"Shelled Parasite and Fungi","floor":21,"turns":8},{"damage":20,"enemies":"Book of Stabbing","floor":23,"turns":6}],"seed_played":"-1244997755595162466","potions_obtained":[{"floor":1.0,"key":"Fire Potion"},{"floor":2.0,"key":"EssenceOfSteel"},{"floor":5.0,"key":"ElixirPotion"},{"floor":11.0,"key":"SmokeBomb"},{"floor":13.0,"key":"Fire Potion"},{"floor":14.0,"key":"Explosive Potion"},{"floor":16,"key":"PowerPotion"},{"floor":18,"key":"BloodPotion"},{"floor":21,"key":"LiquidMemories"}],"is_trial":false,"path_per_floor":["M","M","M","M","M","R","?","M","T","$","M","M","M","E","R","B",null,"M","M","?","M","T","E"],"character_chosen":"IRONCLAD","items_purchased":["Pen Nib","Oddly Smooth Stone","Sword Boomerang"],"campfire_rested":0,"item_purchase_floors":[10,10,10],"current_hp_per_floor":[62,61,64,66,67,67,67,50,50,50,48,43,45,35,35,25,70,56,44,42,11,11,0,0],"gold":170,"neow_bonus":"RANDOM_COMMON_RELIC","is_daily":false,"chose_seed":false,"campfire_upgraded":2,"win_rate":0.0,"timestamp":1607968037,"path_taken":["M","M","M","M","?","R","?","M","T","$","M","M","M","E","R","BOSS","M","?","?","M","?","E"],"items_purchased_type":["Relic","Relic","Card"],"build_version":"2020-12-13","purchased_purges":0,"victory":false,"max_hp_per_floor":[75,75,75,75,75,75,75,75,75,75,75,75,75,85,85,85,85,85,85,42,42,42,42,42],"card_choices":[{"not_picked":["Rupture","Dark Embrace"],"picked":"Armaments","floor":1.0},{"not_picked":["Rupture","Armaments"],"picked":"Clothesline","floor":2.0},{"not_picked":["Clash","Anger"],"picked":"Rampage","floor":3.0},{"not_picked":["Flex","Power Through"],"picked":"Iron Wave","floor":4.0},{"not_picked":["Seeing Red","Intimidate"],"picked":"Hemokinesis","floor":5.0},{"not_picked":["Armaments","Bloodletting"],"picked":"Heavy Blade","floor":8.0},{"not_picked":["Anger","Thunderclap"],"picked":"Dark Embrace","floor":11.0},{"not_picked":["Searing Blow","Dark Embrace"],"picked":"Spot Weakness","floor":12.0},{"not_picked":["Metallicize","Intimidate"],"picked":"Havoc","floor":13.0},{"not_picked":["Heavy Blade","Cleave"],"picked":"Second Wind","floor":14.0},{"not_picked":["Exhume","Brutality"],"picked":"Corruption","floor":16},{"not_picked":["Twin Strike","Thunderclap","Clothesline"],"picked":"SKIP","floor":18},{"not_picked":["Headbutt","Blood for Blood","Flex"],"picked":"SKIP","floor":19},{"not_picked":["Searing Blow","Clothesline"],"picked":"Shrug It Off","floor":21}],"player_experience":1839892,"relics_obtained":[{"floor":9.0,"key":"The Courier"},{"floor":14.0,"key":"Pear"},{"floor":22,"key":"Orichalcum"}],"event_choices":[{"damage_healed":0.0,"max_hp_gain":0.0,"max_hp_loss":0.0,"gold_gain":50.0,"event_name":"Golden Shrine","player_choice":"Pray","floor":7.0,"gold_loss":0.0,"damage_taken":0.0},{"damage_healed":0,"gold_gain":0,"player_choice":"Became a Ghost","damage_taken":0,"max_hp_gain":0,"max_hp_loss":43,"event_name":"Ghosts","floor":20,"gold_loss":0,"cards_obtained":["Ghostly","Ghostly","Ghostly"]}],"is_beta":false,"boss_relics":[{"not_picked":["Pandora\u0027s Box","Velvet Choker"],"picked":"Runic Pyramid"}],"items_purged_floors":[],"is_endless":false,"potions_floor_spawned":[1,2,5,11,13,14,16,18,21],"killed_by":"Book of Stabbing","ascension_level":20}}