{"host":"5dk97cf2ubw2v967","time":1607907902,"event":{"mods":["AlwaysNeverKeys","BaseMod","Better Altar","Better Vampires","Block Reminder","Colored Powertips","Downfall","Googly Eyes","Highlight Path","Minty Spire (QoL Compilation)","Permanent Neow","Potion Indicator Mod","Quick Restart","Relic Filter","Relic Stats","Say the Spire","Spicy Shops","StSLib","Waifu the Spire","everything is the same but u backflip on backflip"],"gold_per_floor":[39,77,117,173,212,212,266,293,293,293,334,360,360,398,398,547,547,589,504,18,49,49,49,112,165,165,165,201,235,20,102,102,102,102],"floor_reached":33,"playtime":1556,"items_purged":["Strike_G","Defend_G"],"score":780,"play_id":"dd61a448-886e-45d2-984b-e8174e3f37fd","local_time":"20201214010502","is_ascension_mode":true,"campfire_choices":[{"data":"HandOfGreed","floor":6,"key":"SMITH"},{"data":"Footwork","floor":10,"key":"SMITH"},{"data":"Terror","floor":15,"key":"SMITH"},{"data":"Neutralize","floor":23,"key":"SMITH"},{"data":"Dagger Spray","floor":27,"key":"SMITH"},{"data":"Die Die Die","floor":32,"key":"SMITH"}],"circlet_count":0,"master_deck":["AscendersBane","Strike_G","Strike_G","Strike_G","Strike_G","Defend_G","Defend_G","Defend_G","Defend_G","Survivor","Neutralize+1","HandOfGreed+1","Backstab","Backstab","Footwork+1","Endless Agony","Dash","Dagger Spray+1","Terror+1","Endless Agony","Adrenaline","expansioncontent:PrepareCrush","Infinite Blades","Endless Agony","Dodge and Roll+1","Blur","Die Die Die+1","Noxious Fumes+1"],"relics":["Ring of the Snake","Art of War","Dream Catcher","HornCleat","White Beast Statue","Runic Pyramid","Regal Pillow","Sling","Akabeko","Red Mask","CultistMask","Smiling Mask","Sundial","Frozen Egg 2","OrangePellets","Toy Ornithopter"],"acts_visited":["Exordium","TheCity"],"potions_floor_usage":[7,7,12,16,28,29,33,33],"damage_taken":[{"damage":0,"enemies":"Cultist","floor":1,"turns":3},{"damage":2,"enemies":"Jaw Worm","floor":2,"turns":4},{"damage":0,"enemies":"Small Slimes","floor":3,"turns":2},{"damage":2,"enemies":"Exordium Thugs","floor":4,"turns":5},{"damage":3,"enemies":"Blue Slaver","floor":5,"turns":3},{"damage":6,"enemies":"Lagavulin","floor":7,"turns":5},{"damage":0,"enemies":"Gremlin Gang","floor":11,"turns":4},{"damage":0,"enemies":"Gremlin Nob","floor":12,"turns":3},{"damage":0,"enemies":"Looter","floor":14,"turns":4},{"damage":39,"enemies":"Slime Boss","floor":16,"turns":13},{"damage":0,"enemies":"Chosen","floor":18,"turns":3},{"damage":0,"enemies":"Masked Bandits","floor":21,"turns":3},{"damage":0,"enemies":"3 Byrds","floor":24,"turns":7},{"damage":0,"enemies":"Slavers","floor":25,"turns":4},{"damage":9,"enemies":"3 Cultists","floor":28,"turns":6},{"damage":0,"enemies":"Book of Stabbing","floor":29,"turns":5},{"damage":5,"enemies":"Slavers","floor":31,"turns":6},{"damage":48,"enemies":"Collector","floor":33,"turns":8}],"seed_played":"-604391906267653714","potions_obtained":[{"floor":1,"key":"GhostInAJar"},{"floor":4,"key":"FearPotion"},{"floor":11,"key":"Energy Potion"},{"floor":12,"key":"sneckomod:MuddlingPotion"},{"floor":14,"key":"SpeedPotion"},{"floor":16,"key":"Dexterity Potion"},{"floor":25,"key":"Slimebound:ThreeZeroPotion"},{"floor":28,"key":"champ:CounterPotion"},{"floor":29,"key":"Block Potion"}],"is_trial":false,"path_per_floor":["M","M","M","M","M","R","E","T","T","R","M","E","?","M","R","B",null,"M","?","$","?","?","R","M","E","T","R","M","E","$","E","R","B"],"character_chosen":"THE_SILENT","items_purchased":["Sling","Akabeko","expansioncontent:PrepareCrush","OrangePellets"],"campfire_rested":0,"item_purchase_floors":[20,20,20,30],"current_hp_per_floor":[59,57,57,55,52,52,46,46,46,46,46,46,46,46,46,7,51,51,51,51,51,51,51,51,51,51,51,42,42,42,37,37,0,0],"gold":102,"neow_bonus":"RANDOM_COLORLESS_2","is_daily":false,"chose_seed":false,"campfire_upgraded":6,"win_rate":0.0,"timestamp":1607907902,"path_taken":["M","M","M","M","M","R","E","?","T","R","M","E","?","M","R","BOSS","M","?","$","?","?","R","M","E","T","R","M","E","$","E","R","BOSS"],"items_purchased_type":["Relic","Relic","Card","Relic"],"build_version":"2020-12-13","purchased_purges":2,"victory":false,"max_hp_per_floor":[66,66,66,66,66,66,66,66,66,66,66,66,66,66,66,66,66,66,66,66,66,66,66,66,66,66,66,66,66,66,66,66,66,66],"relic_stats":{"OrangePellets":[0],"Dream Catcher":0,"Regal Pillow":0,"counters":[18,88],"Sundial":[2],"Art of War":[8],"Smiling Mask":50,"obtain_stats":[{"Regal Pillow":19,"Frozen Egg 2":29,"Sling":20,"Smiling Mask":25,"White Beast Statue":12,"Akabeko":20,"OrangePellets":30,"Dream Catcher":8,"HornCleat":9,"Sundial":26,"CultistMask":22,"Art of War":7,"Red Mask":21,"Toy Ornithopter":31,"Ring of the Snake":0,"Runic Pyramid":17},{"Regal Pillow":11,"Frozen Egg 2":16,"Sling":11,"Smiling Mask":14,"White Beast Statue":8,"Akabeko":11,"OrangePellets":16,"Dream Catcher":6,"HornCleat":6,"Sundial":14,"CultistMask":12,"Art of War":6,"Red Mask":12,"Toy Ornithopter":17,"Ring of the Snake":0,"Runic Pyramid":10},{"Regal Pillow":49,"Frozen Egg 2":74,"Sling":49,"Smiling Mask":63,"White Beast Statue":29,"Akabeko":49,"OrangePellets":74,"Dream Catcher":22,"HornCleat":22,"Sundial":63,"CultistMask":52,"Art of War":22,"Red Mask":52,"Toy Ornithopter":80,"Ring of the Snake":0,"Runic Pyramid":46}],"Toy Ornithopter":10,"Ring of the Snake":[38]},"card_choices":[{"not_picked":["Violence","Master of Strategy"],"picked":"HandOfGreed","floor":0},{"not_picked":["PiercingWail","Dodge and Roll"],"picked":"Backstab","floor":1},{"not_picked":["Backflip","Acrobatics"],"picked":"Backstab","floor":2},{"not_picked":["Dash","Endless Agony"],"picked":"Footwork","floor":3},{"not_picked":["Acrobatics","Predator"],"picked":"Endless Agony","floor":4},{"not_picked":["Eviscerate","Bane","Outmaneuver"],"picked":"SKIP","floor":5},{"not_picked":["Phantasmal Killer","Calculated Gamble"],"picked":"Dash","floor":7},{"not_picked":["Outmaneuver","Cloak And Dagger"],"picked":"Dagger Spray","floor":11},{"not_picked":["Dagger Throw","Finisher"],"picked":"Terror","floor":12},{"not_picked":["Deadly Poison","Bane"],"picked":"Endless Agony","floor":14},{"not_picked":["Malaise","Burst"],"picked":"Adrenaline","floor":16},{"not_picked":["Outmaneuver","Noxious Fumes","Sucker Punch"],"picked":"SKIP","floor":18},{"not_picked":["Deflect","A Thousand Cuts"],"picked":"Infinite Blades","floor":21},{"not_picked":["Calculated Gamble","Dagger Throw"],"picked":"Endless Agony","floor":24},{"not_picked":["Prepared","Acrobatics"],"picked":"Dodge and Roll+1","floor":25},{"not_picked":["Flying Knee","Poisoned Stab"],"picked":"Blur","floor":28},{"not_picked":["Predator","Expertise+1"],"picked":"Die Die Die","floor":29},{"not_picked":["Poisoned Stab+1","Sucker Punch+1"],"picked":"Noxious Fumes+1","floor":31}],"player_experience":1237437,"relics_obtained":[{"floor":7,"key":"Art of War"},{"floor":8,"key":"Dream Catcher"},{"floor":9,"key":"HornCleat"},{"floor":12,"key":"White Beast Statue"},{"floor":21,"key":"Red Mask"},{"floor":25,"key":"Smiling Mask"},{"floor":26,"key":"Sundial"},{"floor":29,"key":"Frozen Egg 2"},{"floor":31,"key":"Toy Ornithopter"}],"event_choices":[{"damage_healed":0,"gold_gain":0,"player_choice":"Ignored","damage_taken":0,"max_hp_gain":0,"max_hp_loss":0,"event_name":"Liars Game","floor":13,"gold_loss":0},{"damage_healed":0,"gold_gain":0,"player_choice":"Obtained Relic","damage_taken":0,"relics_obtained":["Regal Pillow"],"max_hp_gain":0,"max_hp_loss":0,"event_name":"Addict","floor":19,"gold_loss":85},{"damage_healed":0,"gold_gain":0,"player_choice":"Fought Bandits","damage_taken":0,"max_hp_gain":0,"max_hp_loss":0,"event_name":"Masked Bandits","floor":21,"gold_loss":0},{"damage_healed":0,"gold_gain":0,"player_choice":"Trade","damage_taken":0,"relics_obtained":["CultistMask"],"max_hp_gain":0,"max_hp_loss":0,"event_name":"FaceTrader","floor":22,"gold_loss":0}],"is_beta":false,"boss_relics":[{"not_picked":["SlaversCollar","Fusion Hammer"],"picked":"Runic Pyramid"}],"items_purged_floors":[20,30],"is_endless":false,"potions_floor_spawned":[1,4,5,11,12,14,16,18,21,24,25,28,29,31],"killed_by":"Collector","ascension_level":20}}