{"host":"wukocnei7dgudpva","time":1607940862,"event":{"mods":["AchievementEnabler","BaseMod","Colored Map","Minty Spire (QoL Compilation)","StSLib","SuperFastMode"],"gold_per_floor":[111,126,73,90,105,132,132,132,210,210,224,224,238,256,256,256,256],"floor_reached":16,"playtime":944,"items_purged":[],"score":129,"play_id":"7c882114-b1ec-4242-ab34-7c482c0947c6","local_time":"20201214191422","is_ascension_mode":false,"campfire_choices":[{"floor":10.0,"key":"REST"},{"floor":15.0,"key":"REST"}],"circlet_count":0,"master_deck":["Strike_B","Strike_B","Strike_B","Defend_B","Defend_B","Defend_B","Defend_B","Zap","Dualcast","Fusion","Redo","Turbo","Capacitor","Redo","Chaos","Melter"],"relics":["Cracked Core","StoneCalendar","Singing Bowl"],"acts_visited":["Exordium"],"potions_floor_usage":[],"damage_taken":[{"damage":3.0,"enemies":"Small Slimes","floor":1.0,"turns":4.0},{"damage":5.0,"enemies":"2 Louse","floor":2.0,"turns":2.0},{"damage":1.0,"enemies":"Cultist","floor":4.0,"turns":3.0},{"damage":7.0,"enemies":"2 Fungi Beasts","floor":5.0,"turns":4.0},{"damage":54.0,"enemies":"Lagavulin","floor":6.0,"turns":8.0},{"damage":0.0,"enemies":"3 Louse","floor":11.0,"turns":3.0},{"damage":3.0,"enemies":"Large Slime","floor":13.0,"turns":7.0},{"damage":19.0,"enemies":"2 Fungi Beasts","floor":14.0,"turns":5.0},{"damage":59,"enemies":"Hexaghost","floor":16,"turns":9}],"seed_played":"335391521878374102","potions_obtained":[{"floor":1.0,"key":"EssenceOfDarkness"},{"floor":4.0,"key":"Dexterity Potion"},{"floor":14.0,"key":"Fruit Juice"}],"is_trial":false,"path_per_floor":["M","M","$","M","M","E","?","?","T","R","M","?","M","M","R","B"],"character_chosen":"DEFECT","items_purchased":["Turbo"],"campfire_rested":2,"item_purchase_floors":[3],"current_hp_per_floor":[79,74,74,73,66,12,12,17,17,43,43,43,40,28,56,0,0],"gold":256,"neow_bonus":"TEN_PERCENT_HP_BONUS","is_daily":false,"chose_seed":false,"campfire_upgraded":0,"win_rate":0.0,"timestamp":1607940862,"path_taken":["M","M","$","M","M","E","?","?","T","R","M","?","M","M","R","BOSS"],"items_purchased_type":["Card"],"build_version":"2020-12-13","purchased_purges":0,"victory":false,"max_hp_per_floor":[82,82,82,82,82,82,82,87,87,87,87,87,87,94,94,94,94],"card_choices":[{"not_picked":["Hello World","Turbo"],"picked":"Fusion","floor":1.0},{"not_picked":["Sunder","Beam Cell"],"picked":"Redo","floor":2.0},{"not_picked":["Beam Cell","Turbo"],"picked":"Capacitor","floor":4.0},{"not_picked":["Steam","Hello World"],"picked":"Redo","floor":5.0},{"not_picked":["Beam Cell","Go for the Eyes","Turbo"],"picked":"SKIP","floor":6.0},{"not_picked":["Consume","Gash"],"picked":"Chaos","floor":11.0},{"not_picked":["Glacier","Sweeping Beam"],"picked":"Melter","floor":13.0},{"not_picked":["Tempest","Streamline","Sweeping Beam"],"picked":"Singing Bowl","floor":14.0}],"player_experience":219097,"relics_obtained":[{"floor":6.0,"key":"StoneCalendar"},{"floor":9.0,"key":"Singing Bowl"}],"event_choices":[{"cards_removed":["Strike_B"],"damage_healed":0.0,"max_hp_gain":0.0,"max_hp_loss":0.0,"gold_gain":0.0,"event_name":"Living Wall","player_choice":"Forget","floor":7.0,"gold_loss":0.0,"damage_taken":0.0},{"damage_healed":0.0,"max_hp_gain":5.0,"max_hp_loss":0.0,"gold_gain":0.0,"event_name":"Big Fish","player_choice":"Donut","floor":8.0,"gold_loss":0.0,"damage_taken":0.0},{"damage_healed":0.0,"max_hp_gain":0.0,"max_hp_loss":0.0,"gold_gain":0.0,"event_name":"Liars Game","player_choice":"Ignored","floor":12.0,"gold_loss":0.0,"damage_taken":0.0}],"is_beta":false,"boss_relics":[],"items_purged_floors":[],"is_endless":false,"potions_floor_spawned":[1,4,14],"killed_by":"Hexaghost","ascension_level":0}}