{"host":"p7j7o00jacnw7qzt","time":1607986282,"event":{"mods":["BaseMod","Colored Map","Colored Powertips","DeckTracker","Highlight Path","Minty Spire (QoL Compilation)","Relic Stats"],"gold_per_floor":[110,35,52,64,74,74,102,102,102,102,128,128,28,71,71,71,71],"floor_reached":16,"playtime":836,"items_purged":["Strike_R","Strike_R"],"score":236,"play_id":"32084d05-e232-4d48-ac0b-82d82a956cfb","local_time":"20201214175122","is_ascension_mode":true,"campfire_choices":[{"data":"Armaments","floor":6.0,"key":"SMITH"},{"data":"Rupture","floor":8,"key":"SMITH"},{"data":"Battle Trance","floor":10,"key":"SMITH"},{"data":"Evolve","floor":15,"key":"SMITH"}],"circlet_count":0,"master_deck":["AscendersBane","Strike_R","Strike_R","Strike_R","Defend_R","Defend_R","Defend_R","Defend_R","Bash","Armaments+1","Hemokinesis","Evolve+1","Battle Trance+1","Rupture+1","Shrug It Off","Power Through"],"relics":["Burning Blood","Pocketwatch","Shuriken","Frozen Egg 2","Self Forming Clay","Golden Idol","Ancient Tea Set"],"acts_visited":["Exordium"],"potions_floor_usage":[7,11],"damage_taken":[{"damage":2.0,"enemies":"Cultist","floor":1.0,"turns":4.0},{"damage":3.0,"enemies":"Small Slimes","floor":3.0,"turns":7.0},{"damage":9.0,"enemies":"Jaw Worm","floor":4.0,"turns":3.0},{"damage":19.0,"enemies":"Lots of Slimes","floor":5.0,"turns":5.0},{"damage":16,"enemies":"3 Sentries","floor":7,"turns":10},{"damage":12,"enemies":"Gremlin Nob","floor":11,"turns":3},{"damage":8,"enemies":"Lagavulin","floor":14,"turns":6},{"damage":35,"enemies":"Hexaghost","floor":16,"turns":11}],"seed_played":"5956278990844924947","potions_obtained":[{"floor":3.0,"key":"DuplicationPotion"},{"floor":7,"key":"SkillPotion"}],"is_trial":false,"path_per_floor":["M","$","M","M","M","R","E","R","T","R","E","?","$","E","R","B"],"character_chosen":"IRONCLAD","items_purchased":[],"campfire_rested":0,"item_purchase_floors":[],"current_hp_per_floor":[68,68,68,65,52,52,42,42,42,42,36,36,36,34,34,0,0],"gold":71,"neow_bonus":"ONE_RARE_RELIC","is_daily":false,"chose_seed":false,"campfire_upgraded":4,"win_rate":0.0,"timestamp":1607986282,"path_taken":["M","?","?","M","M","R","E","R","T","R","E","?","$","E","R","BOSS"],"items_purchased_type":[],"build_version":"2020-12-13","purchased_purges":2,"victory":false,"max_hp_per_floor":[68,68,68,68,68,68,68,68,68,68,68,62,62,62,62,62,62],"relic_stats":{"counters":[8,49],"Shuriken":[2],"Self Forming Clay":[48],"Golden Idol":9,"obtain_stats":[{"Shuriken":7,"Self Forming Clay":11,"Golden Idol":12,"Frozen Egg 2":9,"Ancient Tea Set":14,"Burning Blood":0,"Pocketwatch":0},{"Shuriken":5,"Self Forming Clay":6,"Golden Idol":6,"Frozen Egg 2":5,"Ancient Tea Set":7,"Burning Blood":0,"Pocketwatch":0},{"Shuriken":29,"Self Forming Clay":32,"Golden Idol":32,"Frozen Egg 2":29,"Ancient Tea Set":38,"Burning Blood":0,"Pocketwatch":0}],"Burning Blood":35,"Pocketwatch":[108]},"card_choices":[{"not_picked":["Wild Strike","Perfected Strike"],"picked":"Armaments","floor":1.0},{"not_picked":["Flex","Fire Breathing"],"picked":"Hemokinesis","floor":3.0},{"not_picked":["Ghostly Armor","Wild Strike"],"picked":"Evolve","floor":4.0},{"not_picked":["Seeing Red","Evolve"],"picked":"Battle Trance","floor":5.0},{"not_picked":["Sword Boomerang","Thunderclap"],"picked":"Rupture","floor":7},{"not_picked":["Dual Wield","Anger"],"picked":"Shrug It Off","floor":11},{"not_picked":["Flex","Wild Strike"],"picked":"Power Through","floor":14}],"player_experience":859034,"relics_obtained":[{"floor":7,"key":"Shuriken"},{"floor":9,"key":"Frozen Egg 2"},{"floor":11,"key":"Self Forming Clay"},{"floor":14,"key":"Ancient Tea Set"}],"event_choices":[{"damage_healed":0,"gold_gain":0,"player_choice":"Lose Max HP","damage_taken":0,"relics_obtained":["Golden Idol"],"max_hp_gain":0,"max_hp_loss":6,"event_name":"Golden Idol","floor":12,"gold_loss":0}],"is_beta":false,"boss_relics":[],"items_purged_floors":[2,13],"is_endless":false,"potions_floor_spawned":[3,7],"killed_by":"Hexaghost","ascension_level":20}}