{"host":"vh33hu3wddwn6yt6","time":1607968186,"event":{"mods":["AchievementEnabler","Act Like it!","Aspiration","BaseMod","Better Altar","Better Match","Better Note","Better Sensory Stone","Better Skull","Better Third Choice","BetterRewards","Downfall","Hubris","Minty Spire (QoL Compilation)","Permanent Neow","Replay The Spire","Shade Mod","Shop Mod","Spicy Shops","StSLib","SuperFastMode","The Blackbeard","The Necromancer","The Poker Player","The Servant 0.9.4","Wandering Minibosses"],"gold_per_floor":[99,99,111,111,111,145,145,245,170,205,223,243,283,104,124,214,214,139,163,163,163,143,143,143,143,68,93,104,158,970,287,303,404,404,404,433,433,433,459,459,459,459,459,525,285,18,51,79,109,129,129,167,22,22,38],"floor_reached":56,"playtime":1858,"items_purged":[],"score":1653,"play_id":"4c9da5c7-99f3-4ae3-9706-2278f5bd75e3","local_time":"20201214184946","is_ascension_mode":true,"campfire_choices":[{"floor":1.0,"key":"RECALL"},{"floor":9.0,"key":"REST"},{"data":"Inflame","floor":18,"key":"SMITH"},{"data":"MurderousAura","floor":18,"key":"SMITH"},{"data":"SoulSculpture","floor":23,"key":"SMITH"},{"data":"Gouge","floor":23,"key":"SMITH"},{"data":"InstantArmor","floor":26,"key":"SMITH"},{"data":"GearUp","floor":26,"key":"SMITH"},{"data":"Crow Ritual","floor":35,"key":"SMITH"},{"data":"KidneyShot","floor":35,"key":"SMITH"},{"data":"MoonPhase","floor":38,"key":"SMITH"},{"data":"Strike_S","floor":38,"key":"SMITH"},{"data":"Defend_S","floor":40,"key":"SMITH"},{"data":"Defend_S","floor":40,"key":"SMITH"},{"data":"Defend_S","floor":43,"key":"SMITH"},{"data":"Defend_S","floor":43,"key":"SMITH"},{"data":"expansioncontent:Collect","floor":54,"key":"SMITH"},{"data":"Strike_S","floor":54,"key":"SMITH"}],"circlet_count":0,"master_deck":["Strike_S","Strike_S+1","Strike_S+1","Defend_S+1","Defend_S+1","Defend_S+1","Defend_S+1","KidneyShot+1","Exchange","SoulSculpture+1","Gouge+1","GearUp+1","InstantArmor+1","Writhe","MoonPhase+1","Crow Ritual+1","expansioncontent:Collect+1","expansioncontent:QuickStudy+1","hubris:DuctTapeCard"],"relics":["m_ScarletBlood","Pocketwatch","aspiration:SeaSaltIceCream","StoneMask","downfall:HeartBlessingRed","Orichalcum","White Beast Statue","Replay:Arrowhead","Replay:Grab Bag","Runic Dome","Busted Crown","aspiration:IroncladSkillbook","hubris:Stopwatch","downfall:HeartBlessingGreen","Letter Opener","Replay:Bottled Flurry","downfall:HeartBlessingBlue","Centennial Puzzle","aspiration:Lifesprig","wanderingMiniBosses:MasterThiefsPresence","ReplayFunnel","Counterbalance","Black Star","hubris:SphereOfDissonance","Broom","Replay:Bandana","Shuriken","ReplayTheSpireMod:Shallot","hubris:Towel","Lantern","Blue Doll","aspiration:ChemicalBlood","Pan","Membership Card","Anchor","hubris:DuctTape","hubris:Zylophone"],"acts_visited":["Exordium","TheCity","TheBeyond","TheEnding"],"potions_floor_usage":[13,16,19,19,22,27,39,44,50,50,50,50,50,55,55],"damage_taken":[{"damage":0.0,"enemies":"Small Slimes","floor":3.0,"turns":3.0},{"damage":18.0,"enemies":"Gremlin Nob","floor":6.0,"turns":4.0},{"damage":11,"enemies":"Lagavulin","floor":10,"turns":4},{"damage":0,"enemies":"2 Louse","floor":11,"turns":2},{"damage":0,"enemies":"Cultist","floor":12,"turns":2},{"damage":28,"enemies":"3 Sentries","floor":13,"turns":12},{"damage":0,"enemies":"downfall:FleeingMerchant","floor":14,"turns":6},{"damage":0,"enemies":"2 Fungi Beasts","floor":15,"turns":3},{"damage":8,"enemies":"downfall:Ironclad","floor":16,"turns":7},{"damage":1,"enemies":"Gremlin Leader","floor":19,"turns":5},{"damage":0,"enemies":"downfall:FleeingMerchant","floor":22,"turns":4},{"damage":0,"enemies":"Book of Stabbing","floor":27,"turns":3},{"damage":0,"enemies":"Spheric Guardian","floor":28,"turns":3},{"damage":5,"enemies":"Centurion and Healer","floor":30,"turns":5},{"damage":0,"enemies":"downfall:FleeingMerchant","floor":31,"turns":3},{"damage":0,"enemies":"Cultist and Chosen","floor":32,"turns":3},{"damage":1,"enemies":"downfall:Defect","floor":33,"turns":4},{"damage":3,"enemies":"R_Hoarder","floor":36,"turns":5},{"damage":6,"enemies":"Reptomancer","floor":39,"turns":4},{"damage":0,"enemies":"Nemesis","floor":44,"turns":3},{"damage":0,"enemies":"3 Shapes","floor":47,"turns":3},{"damage":0,"enemies":"Orb Walker","floor":48,"turns":3},{"damage":4,"enemies":"Sphere and 2 Shapes","floor":49,"turns":4},{"damage":116,"enemies":"downfall:Silent","floor":50,"turns":8},{"damage":19,"enemies":"downfall:CharBossMerchant","floor":52,"turns":8},{"damage":0,"enemies":"downfall:NeowBoss","floor":55,"turns":21}],"seed_played":"263570030230524719","potions_obtained":[{"floor":6.0,"key":"SpeedPotion"},{"floor":12,"key":"GamblersBrew"},{"floor":13,"key":"Block Potion"},{"floor":14,"key":"LiquidBronze"},{"floor":16,"key":"PowerPotion"},{"floor":19,"key":"Regen Potion"},{"floor":21,"key":"CultistPotion"},{"floor":22,"key":"Strength Potion"},{"floor":27,"key":"BlessingOfTheForge"},{"floor":39,"key":"Adrenaline Potion"},{"floor":44,"key":"SpeedPotion"},{"floor":48,"key":"Fire Potion"}],"is_trial":false,"path_per_floor":["R","?","M","?","?","E","T","?","R","E","M","M","?","$","M","B",null,"R","E","?","?","$","R","T","?","R","E","M","T","M","$","M","B",null,"R","E","?","R","E","R","T","?","R","E","$","$","M","M","M","B",null,"E","$","R","B",null],"character_chosen":"THE_SERVANT","items_purchased":["Replay:Arrowhead","InstantArmor","ReplayFunnel","Crow Ritual","Counterbalance","expansioncontent:Collect","aspiration:ChemicalBlood","Pan","expansioncontent:QuickStudy+1","hubris:Zylophone"],"campfire_rested":1,"item_purchase_floors":[14,14,31,31,31,45,45,46,46,53],"current_hp_per_floor":[47,47,47,50,57,39,39,39,59,51,57,60,41,41,47,42,78,78,79,79,79,79,79,79,79,89,90,91,91,94,95,97,98,98,98,99,99,99,100,100,100,100,100,101,101,101,104,105,108,14,109,97,97,97,104],"gold":38,"neow_bonus":"THREE_RARE_CARDS","is_daily":false,"chose_seed":false,"campfire_upgraded":16,"win_rate":0.0,"timestamp":1607968186,"path_taken":["R","?","M","?","?","E","T","?","R","E","M","M","?","$","M","BOSS","R","E","?","?","$","R","T","?","R","E","M","?","M","$","M","BOSS","R","E","?","R","E","R","T","?","R","E","$","$","M","?","M","BOSS","E","$","R","BOSS"],"items_purchased_type":["Relic","Card","Relic","Card","Relic","Card","Relic","Relic","Card","Relic"],"build_version":"2020-12-13","purchased_purges":0,"victory":true,"max_hp_per_floor":[65,65,65,68,68,68,68,68,68,69,71,72,75,75,77,78,78,78,79,79,79,79,79,79,79,89,90,91,91,94,95,97,98,98,98,99,99,99,100,100,100,100,100,101,101,101,104,105,108,109,109,110,110,110,111],"card_choices":[{"not_picked":["KillingDoll","FloweringNight"],"picked":"SoulSculpture","floor":0.0},{"not_picked":["Flex","FastForward","SurpressingFire"],"picked":"SKIP","floor":3.0},{"not_picked":["Alleviate","Unruled"],"picked":"Gouge","floor":6.0},{"not_picked":["Potential","ReplayTheSpireMod:Muscle Training"],"picked":"GearUp","floor":10},{"not_picked":["Spin","RealityMarble","Alleviate"],"picked":"SKIP","floor":11},{"not_picked":["FastForward","Heavy Blade","Revamp"],"picked":"SKIP","floor":12},{"not_picked":["Defy","DancingSilver","Ricochet"],"picked":"SKIP","floor":14},{"not_picked":["Ricochet","Orbit","Moonlight"],"picked":"SKIP","floor":15},{"not_picked":["SilverMatrix","Dilation"],"picked":"MurderousAura","floor":16},{"not_picked":["Eclipse","Body Slam"],"picked":"SKIP","floor":19},{"not_picked":["Ricochet","Dilation"],"picked":"SKIP","floor":22},{"not_picked":["Thunderclap","Flame Barrier"],"picked":"SKIP","floor":27},{"not_picked":["Run Through","Spin"],"picked":"SKIP","floor":28},{"not_picked":["ReplayTheSpireMod:Corrosion Curse"],"picked":"MoonPhase","floor":30},{"not_picked":["Body Slam","Carnage"],"picked":"SKIP","floor":31},{"not_picked":["Ricochet","Body Slam+1"],"picked":"SKIP","floor":32},{"not_picked":["Sword Boomerang+1","Dark Embrace+1"],"picked":"SKIP","floor":36},{"not_picked":["Pommel Strike","Replace"],"picked":"SKIP","floor":39},{"not_picked":["Starlight","Contraction+1"],"picked":"SKIP","floor":44},{"not_picked":["Shuttle+1","Anger+1"],"picked":"SKIP","floor":47},{"not_picked":["Spin","RealityMarble+1"],"picked":"SKIP","floor":48},{"not_picked":["SurpressingFire","Ricochet"],"picked":"SKIP","floor":49},{"not_picked":["Read+1","Clash"],"picked":"SKIP","floor":52}],"player_experience":514197,"relics_obtained":[{"floor":6.0,"key":"Pocketwatch"},{"floor":7.0,"key":"aspiration:SeaSaltIceCream"},{"floor":10,"key":"Orichalcum"},{"floor":19,"key":"Letter Opener"},{"floor":27,"key":"Centennial Puzzle"},{"floor":29,"key":"aspiration:Lifesprig"},{"floor":30,"key":"wanderingMiniBosses:MasterThiefsPresence"},{"floor":36,"key":"hubris:SphereOfDissonance"},{"floor":36,"key":"Broom"},{"floor":39,"key":"Replay:Bandana"},{"floor":39,"key":"Shuriken"},{"floor":41,"key":"ReplayTheSpireMod:Shallot"},{"floor":44,"key":"Lantern"},{"floor":44,"key":"Blue Doll"},{"floor":52,"key":"Membership Card"},{"floor":52,"key":"Anchor"},{"floor":52,"key":"hubris:DuctTape"}],"event_choices":[{"cards_removed":["Defend_S"],"damage_healed":0,"gold_gain":0,"player_choice":"Give","damage_taken":0,"max_hp_gain":0,"max_hp_loss":0,"event_name":"betterNote:BetterNote","floor":20,"gold_loss":0,"cards_obtained":["None"]},{"cards_removed":["Strike_S"],"damage_healed":0,"gold_gain":0,"player_choice":"Removed Attack","damage_taken":0,"max_hp_gain":0,"max_hp_loss":0,"event_name":"Falling","floor":37,"gold_loss":0}],"is_beta":false,"boss_relics":[{"not_picked":["SlaversCollar","aspiration:FutureDiary"],"picked":"Replay:Grab Bag"},{"not_picked":["ReplayTheSpireMod:Onyx Gauntlets","hubris:VirtuousBlindfold"],"picked":"Runic Dome"},{"not_picked":["Honey Jar","Replay:Wanted Poster"],"picked":"Busted Crown"},{"not_picked":["SacredBark","Kintsugi"],"picked":"aspiration:IroncladSkillbook"},{"not_picked":["Pandora\u0027s Box","Runic Pyramid"],"picked":"hubris:Stopwatch"},{"not_picked":["hubris:HollowSoul","Empty Cage"],"picked":"Black Star"}],"items_purged_floors":[],"is_endless":false,"potions_floor_spawned":[6,12,13,14,15,16,19,22,27,28,30,31,32,33,36,39,44,47,48,49],"ascension_level":1}}