{"host":"f5n4tidiz2n5sooh","time":1607935195,"event":{"mods":["BaseMod","Colored Map","Minty Spire (QoL Compilation)","Relic Stats","StSLib"],"gold_per_floor":[116,134,134,284,359,389,389,422,447,447,482,482,496,508,508,508,508],"floor_reached":16,"playtime":519,"items_purged":[],"score":286,"play_id":"36928c5c-7538-4454-a0bb-5c1d8d7dc6fc","local_time":"20201214023955","is_ascension_mode":true,"campfire_choices":[{"data":"Wraith Form v2","floor":7.0,"key":"SMITH"},{"floor":12,"key":"REST"},{"data":"Neutralize","floor":15,"key":"SMITH"}],"circlet_count":0,"master_deck":["AscendersBane","Strike_G","Strike_G","Strike_G","Strike_G","Strike_G","Defend_G","Defend_G","Defend_G","Defend_G","Defend_G","Survivor","Neutralize+1","Sucker Punch","Blade Dance","Doubt","Wraith Form v2+1","Dodge and Roll","Terror","Finisher"],"relics":["Ring of the Snake","NeowsBlessing","Strawberry","Pear","Torii","Boot","Mummified Hand"],"acts_visited":["Exordium"],"potions_floor_usage":[8,11],"damage_taken":[{"damage":0.0,"enemies":"2 Louse","floor":1.0,"turns":1.0},{"damage":0.0,"enemies":"Small Slimes","floor":2.0,"turns":1.0},{"damage":0.0,"enemies":"Gremlin Nob","floor":6.0,"turns":1.0},{"damage":34,"enemies":"3 Sentries","floor":8,"turns":12},{"damage":43,"enemies":"Lagavulin","floor":11,"turns":11},{"damage":1,"enemies":"Cultist","floor":13,"turns":4},{"damage":10,"enemies":"Exordium Wildlife","floor":14,"turns":6},{"damage":22,"enemies":"Hexaghost","floor":16,"turns":11}],"seed_played":"-4186366356434730231","potions_obtained":[{"floor":1.0,"key":"SteroidPotion"},{"floor":6.0,"key":"Weak Potion"},{"floor":13,"key":"FearPotion"}],"is_trial":false,"path_per_floor":["M","M","?","?","?","E","R","E","T","?","E","R","M","M","R","B"],"character_chosen":"THE_SILENT","items_purchased":[],"campfire_rested":1,"item_purchase_floors":[],"current_hp_per_floor":[59,59,55,55,44,54,54,20,20,47,4,28,27,17,17,0,0],"gold":508,"neow_bonus":"THREE_ENEMY_KILL","is_daily":false,"chose_seed":false,"campfire_upgraded":2,"win_rate":0.0,"timestamp":1607935195,"path_taken":["M","M","?","?","?","E","R","E","T","?","E","R","M","M","R","BOSS"],"items_purchased_type":[],"build_version":"2020-12-13","purchased_purges":0,"victory":false,"max_hp_per_floor":[66,66,73,73,73,83,83,83,83,83,83,83,83,83,83,83,83],"relic_stats":{"Torii":24,"counters":[8,47],"Mummified Hand":[0],"Boot":[59],"obtain_stats":[{"Pear":6,"NeowsBlessing":0,"Torii":8,"Mummified Hand":11,"Strawberry":3,"Boot":9,"Ring of the Snake":0},{"Pear":3,"NeowsBlessing":0,"Torii":4,"Mummified Hand":5,"Strawberry":2,"Boot":4,"Ring of the Snake":0},{"Pear":3,"NeowsBlessing":0,"Torii":15,"Mummified Hand":26,"Strawberry":2,"Boot":15,"Ring of the Snake":0}],"Ring of the Snake":[16]},"card_choices":[{"not_picked":["Setup","Expertise"],"picked":"Sucker Punch","floor":1.0},{"not_picked":["Flying Knee","Skewer"],"picked":"Blade Dance","floor":2.0},{"not_picked":["Quick Slash","Underhanded Strike"],"picked":"Wraith Form v2","floor":6.0},{"not_picked":["Cloak And Dagger","Heel Hook"],"picked":"Dodge and Roll","floor":8},{"not_picked":["Dagger Spray","Catalyst","Sucker Punch"],"picked":"SKIP","floor":11},{"not_picked":["Catalyst","Flying Knee"],"picked":"Terror","floor":13},{"not_picked":["Eviscerate","Predator"],"picked":"Finisher","floor":14}],"player_experience":1880786,"relics_obtained":[{"floor":6.0,"key":"Pear"},{"floor":8,"key":"Torii"},{"floor":9,"key":"Boot"},{"floor":11,"key":"Mummified Hand"}],"event_choices":[{"damage_healed":0.0,"max_hp_gain":0.0,"max_hp_loss":0.0,"gold_gain":0.0,"event_name":"Scrap Ooze","player_choice":"Success","floor":3.0,"gold_loss":0.0,"damage_taken":11.0,"relics_obtained":["Strawberry"]},{"damage_healed":0.0,"max_hp_gain":0.0,"max_hp_loss":0.0,"gold_gain":150.0,"event_name":"Liars Game","player_choice":"AGREE","floor":4.0,"gold_loss":0.0,"damage_taken":0.0,"cards_obtained":["Doubt"]},{"damage_healed":0.0,"max_hp_gain":0.0,"max_hp_loss":0.0,"gold_gain":75.0,"event_name":"World of Goop","player_choice":"Gather Gold","floor":5.0,"gold_loss":0.0,"damage_taken":11.0},{"damage_healed":27,"gold_gain":0,"player_choice":"Banana","damage_taken":0,"max_hp_gain":0,"max_hp_loss":0,"event_name":"Big Fish","floor":10,"gold_loss":0}],"is_beta":false,"boss_relics":[],"items_purged_floors":[],"is_endless":false,"potions_floor_spawned":[1,6,13],"killed_by":"Hexaghost","ascension_level":20}}