{"host":"0vd2boh2oi7jm085","time":1607915353,"event":{"mods":["BaseMod","Colored Map","Colored Powertips","Highlight Path","Minty Spire (QoL Compilation)","Quick Restart","StSLib","The IronCluck"],"gold_per_floor":[117,129,32,32,107,138,138,138,163,6,6,18,33,62,62,140,140,151,151,163,163,174,174,174],"floor_reached":23,"playtime":487,"items_purged":[],"score":322,"play_id":"93e82daf-befd-4909-904e-e44de3b0622c","local_time":"20201213190913","is_ascension_mode":true,"campfire_choices":[{"data":"Perfected Strike","floor":8.0,"key":"SMITH"},{"data":"Seeing Red","floor":11.0,"key":"SMITH"},{"data":"Perfected Strike","floor":15.0,"key":"SMITH"}],"circlet_count":0,"master_deck":["AscendersBane","Strike_R","Strike_R","Strike_R","Strike_R","Strike_R","Defend_R","Defend_R","Defend_R","Defend_R","Bash","Seeing Red+1","Perfected Strike+1","Swift Strike","Perfected Strike+1","Demon Form+1","Reaper","Pommel Strike+1","Twin Strike"],"relics":["Burning Blood","NeowsBlessing","Ancient Tea Set","Red Skull","Bag of Marbles","Shuriken","SacredBark"],"acts_visited":["Exordium","TheCity"],"potions_floor_usage":[23],"damage_taken":[{"damage":0.0,"enemies":"Cultist","floor":1.0,"turns":1.0},{"damage":0.0,"enemies":"Jaw Worm","floor":2.0,"turns":1.0},{"damage":0.0,"enemies":"Lagavulin","floor":6.0,"turns":1.0},{"damage":0.0,"enemies":"2 Louse","floor":12.0,"turns":2.0},{"damage":12.0,"enemies":"Looter","floor":13.0,"turns":3.0},{"damage":15.0,"enemies":"Gremlin Nob","floor":14.0,"turns":3.0},{"damage":21.0,"enemies":"Slime Boss","floor":16.0,"turns":6.0},{"damage":27.0,"enemies":"Shell Parasite","floor":18.0,"turns":3.0},{"damage":24.0,"enemies":"3 Byrds","floor":20.0,"turns":5.0},{"damage":36.0,"enemies":"Shelled Parasite and Fungi","floor":22.0,"turns":4.0},{"damage":0,"enemies":"Snake Plant","floor":23,"turns":1}],"seed_played":"-7734324408024000163","potions_obtained":[{"floor":6.0,"key":"Swift Potion"},{"floor":12.0,"key":"SkillPotion"},{"floor":20.0,"key":"Swift Potion"}],"is_trial":false,"path_per_floor":["M","M","$","?","?","E","?","R","T","$","R","M","M","E","R","B",null,"M","?","M","$","M","M"],"character_chosen":"IRONCLAD","items_purchased":["Swift Strike","Bag of Marbles"],"campfire_rested":0,"item_purchase_floors":[3,10],"current_hp_per_floor":[74,75,75,75,64,70,70,70,70,70,70,75,69,60,60,45,68,53,53,35,35,12,12,12],"gold":174,"neow_bonus":"THREE_ENEMY_KILL","is_daily":false,"chose_seed":false,"campfire_upgraded":3,"win_rate":0.0,"timestamp":1607915353,"path_taken":["M","M","$","?","?","E","?","R","T","$","R","M","M","E","R","BOSS","M","?","M","$","M","?"],"items_purchased_type":["Card","Relic"],"build_version":"2020-12-13","purchased_purges":0,"victory":false,"max_hp_per_floor":[75,75,75,75,75,75,75,75,75,75,75,75,75,75,75,75,75,75,75,75,75,75,75,75],"card_choices":[{"not_picked":["Flex","Dropkick"],"picked":"Seeing Red","floor":1.0},{"not_picked":["Body Slam","Flame Barrier"],"picked":"Perfected Strike","floor":2.0},{"not_picked":["Metallicize","Havoc","Disarm"],"picked":"SKIP","floor":6.0},{"not_picked":["Flex","Anger"],"picked":"Perfected Strike","floor":12.0},{"not_picked":["Sword Boomerang","Anger","Rage"],"picked":"SKIP","floor":13.0},{"not_picked":["Bloodletting","Havoc"],"picked":"Demon Form","floor":14.0},{"not_picked":["Exhume","Corruption"],"picked":"Reaper","floor":16.0},{"not_picked":["Clash","Shrug It Off"],"picked":"Pommel Strike+1","floor":18.0},{"not_picked":["Warcry","Body Slam","Searing Blow"],"picked":"SKIP","floor":20.0},{"not_picked":["Armaments","Iron Wave"],"picked":"Twin Strike","floor":22.0}],"player_experience":80788,"relics_obtained":[{"floor":6.0,"key":"Ancient Tea Set"},{"floor":9.0,"key":"Red Skull"},{"floor":14.0,"key":"Shuriken"}],"event_choices":[{"damage_healed":0.0,"max_hp_gain":0.0,"max_hp_loss":0.0,"gold_gain":0.0,"event_name":"Golden Wing","player_choice":"Ignored","floor":4.0,"gold_loss":0.0,"damage_taken":0.0},{"damage_healed":0.0,"max_hp_gain":0.0,"max_hp_loss":0.0,"gold_gain":75.0,"event_name":"World of Goop","player_choice":"Gather Gold","floor":5.0,"gold_loss":0.0,"damage_taken":11.0},{"damage_healed":0.0,"max_hp_gain":0.0,"max_hp_loss":0.0,"gold_gain":0.0,"event_name":"Shining Light","player_choice":"Ignored","floor":7.0,"gold_loss":0.0,"damage_taken":0.0},{"damage_healed":0.0,"max_hp_gain":0.0,"max_hp_loss":0.0,"gold_gain":0.0,"event_name":"Upgrade Shrine","player_choice":"Upgraded","floor":19.0,"gold_loss":0.0,"damage_taken":0.0,"cards_upgraded":["Demon Form"]}],"is_beta":false,"boss_relics":[{"not_picked":["Runic Cube","Astrolabe"],"picked":"SacredBark"}],"items_purged_floors":[],"is_endless":false,"potions_floor_spawned":[6,12,13,20],"killed_by":"Snake Plant","ascension_level":17}}