{"host":"7gewg82ormp6yt4e","time":1607949567,"event":{"mods":["BaseMod","Block Reminder","Colored Map","Colored Powertips","DeckTracker","Highlight Path","Minty Spire (QoL Compilation)","Relic Stats","StSLib"],"gold_per_floor":[116,191,204,204,29,62,62,72,125,160,170,204,204,222,222,312,312,330,255,278,278,278,278,278],"floor_reached":23,"playtime":861,"items_purged":[],"score":568,"play_id":"0dc26370-7a45-4a0b-a42b-17b3852d43ac","local_time":"20201214213927","is_ascension_mode":true,"campfire_choices":[{"data":"A Thousand Cuts","floor":7,"key":"SMITH"},{"data":"Bouncing Flask","floor":15,"key":"SMITH"}],"circlet_count":0,"master_deck":["AscendersBane","Strike_G","Strike_G+1","Strike_G","Defend_G","Defend_G","Defend_G","Defend_G","Defend_G","Survivor","Neutralize","Underhanded Strike+1","Setup","Predator","A Thousand Cuts+1","Die Die Die","Blade Dance","Storm of Steel","Bouncing Flask+1","Acrobatics","Acrobatics","Die Die Die","Backflip","Envenom","Slice","Poisoned Stab+1"],"relics":["Ring of the Snake","NeowsBlessing","Whetstone","Smiling Mask","Blood Vial","Ancient Tea Set","Golden Idol","Snecko Eye"],"acts_visited":["Exordium","TheCity"],"potions_floor_usage":[10,12,12,16],"damage_taken":[{"damage":0,"enemies":"2 Louse","floor":1,"turns":1},{"damage":0,"enemies":"Small Slimes","floor":3,"turns":1},{"damage":0,"enemies":"Gremlin Nob","floor":6,"turns":1},{"damage":0,"enemies":"Cultist","floor":8,"turns":3},{"damage":10,"enemies":"3 Sentries","floor":10,"turns":4},{"damage":7,"enemies":"3 Louse","floor":11,"turns":3},{"damage":3,"enemies":"Gremlin Nob","floor":12,"turns":3},{"damage":2,"enemies":"Exordium Thugs","floor":14,"turns":4},{"damage":0,"enemies":"Slime Boss","floor":16,"turns":4},{"damage":0,"enemies":"3 Byrds","floor":18,"turns":2},{"damage":10,"enemies":"Spheric Guardian","floor":20,"turns":4},{"damage":45,"enemies":"Book of Stabbing","floor":23,"turns":4}],"seed_played":"1304548174440819562","potions_obtained":[{"floor":3,"key":"Poison Potion"},{"floor":6,"key":"Fire Potion"},{"floor":10,"key":"ColorlessPotion"},{"floor":12,"key":"LiquidMemories"}],"is_trial":false,"path_per_floor":["M","?","M","?","$","E","R","M","T","E","M","E","?","M","R","B",null,"M","?","M","?","?","E"],"character_chosen":"THE_SILENT","items_purchased":["Die Die Die"],"campfire_rested":0,"item_purchase_floors":[5],"current_hp_per_floor":[59,48,48,48,48,48,48,48,48,38,33,32,32,32,32,34,54,56,56,48,48,42,0,0],"gold":278,"neow_bonus":"THREE_ENEMY_KILL","is_daily":false,"chose_seed":false,"campfire_upgraded":2,"win_rate":0.0,"timestamp":1607949567,"path_taken":["M","?","M","?","$","E","R","?","T","E","M","E","?","M","R","BOSS","M","?","?","?","?","E"],"items_purchased_type":["Card"],"build_version":"2020-12-13","purchased_purges":0,"victory":false,"max_hp_per_floor":[66,66,66,66,66,66,66,66,66,66,66,66,60,60,60,60,60,60,60,60,60,60,60,60],"relic_stats":{"Blood Vial":14,"counters":[12,34],"Golden Idol":31,"Snecko Eye":[21,21,22,19],"Whetstone":["Underhanded Strike","Strike_G"],"Smiling Mask":0,"obtain_stats":[{"Blood Vial":10,"NeowsBlessing":0,"Golden Idol":13,"Snecko Eye":17,"Whetstone":6,"Smiling Mask":9,"Ancient Tea Set":12,"Ring of the Snake":0},{"Blood Vial":5,"NeowsBlessing":0,"Golden Idol":7,"Snecko Eye":9,"Whetstone":3,"Smiling Mask":4,"Ancient Tea Set":7,"Ring of the Snake":0},{"Blood Vial":10,"NeowsBlessing":0,"Golden Idol":16,"Snecko Eye":24,"Whetstone":3,"Smiling Mask":6,"Ancient Tea Set":16,"Ring of the Snake":0}],"Ring of the Snake":[24]},"card_choices":[{"not_picked":["Cloak And Dagger","Sucker Punch"],"picked":"Underhanded Strike","floor":1},{"not_picked":["Bane","Infinite Blades"],"picked":"Setup","floor":3},{"not_picked":["Underhanded Strike","Deadly Poison"],"picked":"Blade Dance","floor":6},{"not_picked":["Cloak And Dagger","Underhanded Strike"],"picked":"Storm of Steel","floor":8},{"not_picked":["Quick Slash","Flechettes","Finisher"],"picked":"SKIP","floor":10},{"not_picked":["Cloak And Dagger","Expertise"],"picked":"Bouncing Flask","floor":11},{"not_picked":["Underhanded Strike","Dagger Spray"],"picked":"Acrobatics","floor":12},{"not_picked":["Flying Knee","Sucker Punch"],"picked":"Acrobatics","floor":14},{"not_picked":["Doppelganger","Glass Knife"],"picked":"Die Die Die","floor":16},{"not_picked":["Underhanded Strike","PiercingWail"],"picked":"Backflip","floor":18},{"not_picked":["Prepared","Dagger Throw"],"picked":"Poisoned Stab+1","floor":20}],"player_experience":2351760,"relics_obtained":[{"floor":6,"key":"Whetstone"},{"floor":9,"key":"Smiling Mask"},{"floor":10,"key":"Blood Vial"},{"floor":12,"key":"Ancient Tea Set"}],"event_choices":[{"damage_healed":0,"gold_gain":75,"player_choice":"Gather Gold","damage_taken":11,"max_hp_gain":0,"max_hp_loss":0,"event_name":"World of Goop","floor":2,"gold_loss":0},{"damage_healed":0,"gold_gain":0,"player_choice":"2 cards matched","damage_taken":0,"max_hp_gain":0,"max_hp_loss":0,"event_name":"Match and Keep!","floor":4,"gold_loss":0,"cards_obtained":["Predator","A Thousand Cuts"]},{"damage_healed":0,"gold_gain":0,"player_choice":"Lose Max HP","damage_taken":0,"relics_obtained":["Golden Idol"],"max_hp_gain":0,"max_hp_loss":6,"event_name":"Golden Idol","floor":13,"gold_loss":0},{"damage_healed":0,"gold_gain":0,"cards_transformed":["Strike_G","Strike_G"],"player_choice":"Transformed Cards","damage_taken":0,"max_hp_gain":0,"max_hp_loss":0,"event_name":"Designer","floor":19,"gold_loss":75,"cards_obtained":["Envenom","Slice"]},{"damage_healed":0,"gold_gain":0,"player_choice":"Ignored","damage_taken":0,"max_hp_gain":0,"max_hp_loss":0,"event_name":"The Mausoleum","floor":21,"gold_loss":0},{"damage_healed":0,"gold_gain":0,"player_choice":"","damage_taken":6,"max_hp_gain":0,"max_hp_loss":0,"event_name":"Knowing Skull","floor":22,"potions_obtained":[],"gold_loss":0,"cards_obtained":[]}],"is_beta":false,"boss_relics":[{"not_picked":["Velvet Choker","Black Star"],"picked":"Snecko Eye"}],"items_purged_floors":[],"is_endless":false,"potions_floor_spawned":[3,6,8,10,12],"killed_by":"Book of Stabbing","ascension_level":20}}