{"host":"e5vsl4ezcfxwu44d","time":1607957954,"event":{"mods":["BaseMod","Better Note","Colored Powertips","Downfall","Highlight Path","Minty Spire (QoL Compilation)","Spikes Relics","StSLib","Unceasing Turn Reminder"],"gold_per_floor":[0,25,25,41,66,66,66,84,84,113,132,147,158,21,34,132,132,132,37,37,48,58,86,112,112,140,140,140,278,290,390,408,509,509,284,304,304,333,347,347,370,370,370],"floor_reached":42,"playtime":4950,"items_purged":["Slimebound:Strike_Slimebound"],"score":559,"play_id":"ad7c9052-0a0e-4e9a-b818-42f627581779","local_time":"20201214095914","is_ascension_mode":false,"campfire_choices":[{"data":"Slimebound:Split","floor":1.0,"key":"SMITH"},{"floor":3.0,"key":"REST"},{"data":"Slimebound:CorrosiveSpit","floor":6.0,"key":"SMITH"},{"data":"Slimebound:SplitBruiser","floor":9.0,"key":"SMITH"},{"data":"Slimebound:SelfFormingGoo","floor":18.0,"key":"SMITH"},{"data":"Slimebound:DouseInSlime","floor":20.0,"key":"SMITH"},{"data":"Slimebound:SlimeSlap","floor":25,"key":"SMITH"},{"floor":27,"key":"RECALL"},{"data":"Slimebound:WasteNot","floor":35,"key":"SMITH"},{"data":"Slimebound:OneTwoCombo","floor":40,"key":"SMITH"}],"circlet_count":0,"master_deck":["Slimebound:Strike_Slimebound","Slimebound:Tackle","Slimebound:Defend_Slimebound","Slimebound:Defend_Slimebound","Slimebound:Defend_Slimebound","Slimebound:Defend_Slimebound","Slimebound:Split+1","Slimebound:CorrosiveSpit+1","Slimebound:OneTwoCombo+1","Slimebound:LeechEnergy","Slimebound:GoopSpray+1","Slimebound:SplitBruiser+1","Slimebound:SplitLeeching","Slimebound:SplitLeeching","Slimebound:SplitMire","Slimebound:HauntingLick","Slimebound:RollThrough","Slimebound:SelfFormingGoo+1","Slimebound:SplitMire","Slimebound:PressTheAttack","Slimebound:ViciousTackle","Slimebound:HauntingLick","Slimebound:DouseInSlime+1","Slimebound:ItLooksTasty","Slimebound:ProtectTheBoss","Slimebound:SplitBruiser","Slimebound:SlimeTap","Slimebound:SlimeSlap+1","Slimebound:Equalize","Slimebound:LivingWall","Slimebound:SplitAcid+1","Slimebound:Gluttony","Slimebound:LeechEnergy+1","Slimebound:ItLooksTasty","Slimebound:LeadByExample","Slimebound:WasteNot+1","Slimebound:SplitAcid","Slimebound:PressTheAttack+1"],"relics":["Slimebound:AbsorbEndCombatUpgraded","CrustySpines","Blood Vial","Letter Opener","SnailShell","Coffee Dripper","MealTicket","Mercury Hourglass","Meat on the Bone","Pocketwatch","downfall:HeartBlessingRed","downfall:HeartBlessingGreen","downfall:HeartBlessingBlue","Vajra","War Paint"],"acts_visited":["Exordium","TheCity","TheBeyond"],"potions_floor_usage":[23,30,31,33,38,42],"damage_taken":[{"damage":29.0,"enemies":"3 Sentries","floor":2.0,"turns":8.0},{"damage":9.0,"enemies":"Cultist","floor":4.0,"turns":3.0},{"damage":15.0,"enemies":"Gremlin Nob","floor":5.0,"turns":3.0},{"damage":12.0,"enemies":"2 Louse","floor":8.0,"turns":2.0},{"damage":36.0,"enemies":"3 Sentries","floor":10.0,"turns":5.0},{"damage":4.0,"enemies":"Small Slimes","floor":11.0,"turns":2.0},{"damage":16.0,"enemies":"Exordium Thugs","floor":12.0,"turns":3.0},{"damage":16.0,"enemies":"Exordium Wildlife","floor":13.0,"turns":2.0},{"damage":24.0,"enemies":"downfall:FleeingMerchant","floor":14.0,"turns":4.0},{"damage":20.0,"enemies":"Large Slime","floor":15.0,"turns":4.0},{"damage":37.0,"enemies":"downfall:Ironclad","floor":16.0,"turns":5.0},{"damage":28.0,"enemies":"downfall:FleeingMerchant","floor":19.0,"turns":4.0},{"damage":12.0,"enemies":"Spheric Guardian","floor":21.0,"turns":3.0},{"damage":21,"enemies":"Chosen","floor":22,"turns":2},{"damage":37,"enemies":"Gremlin Leader","floor":23,"turns":4},{"damage":43,"enemies":"Slavers","floor":26,"turns":3},{"damage":0,"enemies":"downfall:FleeingMerchant","floor":29,"turns":1},{"damage":23,"enemies":"Sentry and Sphere","floor":30,"turns":3},{"damage":16,"enemies":"Colosseum Nobs","floor":31,"turns":3},{"damage":20,"enemies":"Chosen and Byrds","floor":32,"turns":3},{"damage":29,"enemies":"downfall:Defect","floor":33,"turns":6},{"damage":12,"enemies":"Orb Walker","floor":36,"turns":2},{"damage":57,"enemies":"Giant Head","floor":38,"turns":6},{"damage":39,"enemies":"3 Shapes","floor":39,"turns":2},{"damage":75,"enemies":"Nemesis","floor":42,"turns":4}],"seed_played":"-2477329931425931858","potions_obtained":[{"floor":5.0,"key":"Fruit Juice"},{"floor":8.0,"key":"Explosive Potion"},{"floor":11.0,"key":"Slimebound:SlimedPotion"},{"floor":16.0,"key":"DistilledChaos"},{"floor":22,"key":"sneckomod:MuddlingPotion"},{"floor":23,"key":"Swift Potion"},{"floor":30,"key":"Dexterity Potion"},{"floor":31,"key":"Slimebound:SpawnSlimePotion"},{"floor":32,"key":"BlessingOfTheForge"},{"floor":36,"key":"Weak Potion"}],"is_trial":false,"path_per_floor":["R","E","R","M","E","R","T","M","R","E","M","M","M","$","M","B",null,"R","$","R","M","M","E","T","R","E","R","?","$","M","?","M","B",null,"R","M","?","E","M","R","T","E"],"character_chosen":"SLIMEBOUND","items_purchased":["Slimebound:SplitMire","Slimebound:PressTheAttack","Slimebound:ViciousTackle","Slimebound:ProtectTheBoss","Slimebound:SplitAcid","Slimebound:Gluttony"],"campfire_rested":1,"item_purchase_floors":[14,14,14,19,29,29],"current_hp_per_floor":[60,39,57,60,58,58,58,62,62,44,48,50,52,65,65,56,65,65,65,65,65,63,54,54,54,43,43,43,60,63,65,65,63,65,75,75,75,66,57,57,57,0,0],"gold":370,"neow_bonus":"THREE_RARE_CARDS","is_daily":false,"chose_seed":false,"campfire_upgraded":8,"win_rate":0.0,"timestamp":1607957954,"path_taken":["R","E","R","M","E","R","T","M","R","E","M","M","M","$","M","BOSS","R","?","R","M","M","E","T","R","E","R","?","$","M","?","M","BOSS","R","M","?","E","M","R","T","E"],"items_purchased_type":["Card","Card","Card","Card","Card","Card"],"build_version":"2020-12-13","purchased_purges":1,"victory":false,"max_hp_per_floor":[60,60,60,60,65,65,65,65,65,65,65,65,65,65,65,65,65,65,65,65,65,65,65,65,65,65,65,65,65,65,65,65,65,65,75,75,75,75,75,75,75,75,75],"card_choices":[{"not_picked":["Slimebound:DuplicatedForm","Slimebound:WasteNot"],"picked":"Slimebound:OneTwoCombo","floor":0.0},{"not_picked":["Slimebound:ViciousTackle","Slimebound:MegaLick"],"picked":"Slimebound:LeechEnergy","floor":2.0},{"not_picked":["Slimebound:Schlurp","Slimebound:ForwardTackle"],"picked":"Slimebound:GoopSpray","floor":4.0},{"not_picked":["Slimebound:LeechingTouch","Slimebound:GoopSpray"],"picked":"Slimebound:SplitBruiser","floor":5.0},{"not_picked":["Slimebound:GoopSpray","Slimebound:LeechingTouch"],"picked":"Slimebound:SplitLeeching","floor":8.0},{"not_picked":["Slimebound:TongueLash","Slimebound:MassRepurpose"],"picked":"Slimebound:SplitLeeching","floor":10.0},{"not_picked":["Slimebound:ViciousTackle","Slimebound:FinishingTackle"],"picked":"Slimebound:SplitMire","floor":11.0},{"not_picked":["Slimebound:FormOfPuddle","Slimebound:GoopSpray"],"picked":"Slimebound:HauntingLick","floor":12.0},{"not_picked":["Slimebound:GoopSpray","Slimebound:LeechingTouch"],"picked":"Slimebound:RollThrough","floor":13.0},{"not_picked":["Slimebound:SlimeSpikes","Slimebound:Dissolve"],"picked":"Slimebound:SelfFormingGoo","floor":14.0},{"not_picked":["Slimebound:LeechEnergy","Slimebound:RollThrough"],"picked":"Slimebound:HauntingLick","floor":15.0},{"not_picked":["Slimebound:MassRepurpose","Slimebound:RallyTheTroops"],"picked":"Slimebound:DouseInSlime","floor":16.0},{"not_picked":["Slimebound:FormOfPuddle","Slimebound:FinishingTackle"],"picked":"Slimebound:ItLooksTasty","floor":19.0},{"not_picked":["Slimebound:LeechingTouch","Slimebound:Grow"],"picked":"Slimebound:SplitBruiser","floor":21.0},{"not_picked":["Slimebound:Replication","Slimebound:ComboTackle"],"picked":"Slimebound:SlimeTap","floor":22},{"not_picked":["Slimebound:ComboTackle","Slimebound:SamplingLick"],"picked":"Slimebound:SlimeSlap","floor":23},{"not_picked":["Slimebound:PressTheAttack","Slimebound:SpikyOuterGoop"],"picked":"Slimebound:Equalize","floor":26},{"not_picked":["Slimebound:Schlurp+1","Slimebound:SlimeSpikes"],"picked":"Slimebound:LivingWall","floor":29},{"not_picked":["Slimebound:LivingWall","Slimebound:SplitBruiser"],"picked":"Slimebound:LeechEnergy+1","floor":30},{"not_picked":["Slimebound:Grow","Slimebound:LeechingTouch"],"picked":"Slimebound:ItLooksTasty","floor":31},{"not_picked":["Slimebound:LeechingTouch","Slimebound:ForwardTackle"],"picked":"Slimebound:LeadByExample","floor":32},{"not_picked":["Slimebound:DouseInSlime","Slimebound:MassFeed"],"picked":"Slimebound:WasteNot","floor":33},{"not_picked":["Slimebound:LeechingTouch","Slimebound:ViciousTackle"],"picked":"Slimebound:SplitAcid","floor":36},{"not_picked":["Slimebound:Schlurp","Slimebound:ProtectTheBoss+1","Slimebound:SlimeSpikes"],"picked":"SKIP","floor":38},{"not_picked":["Slimebound:SlimeSpikes","Slimebound:Schlurp+1"],"picked":"Slimebound:PressTheAttack+1","floor":39}],"player_experience":163289,"relics_obtained":[{"floor":2.0,"key":"CrustySpines"},{"floor":5.0,"key":"Blood Vial"},{"floor":7.0,"key":"Letter Opener"},{"floor":10.0,"key":"SnailShell"},{"floor":23,"key":"MealTicket"},{"floor":26,"key":"Mercury Hourglass"},{"floor":31,"key":"Meat on the Bone"},{"floor":31,"key":"Pocketwatch"},{"floor":38,"key":"Vajra"},{"floor":41,"key":"War Paint"}],"event_choices":[{"cards_removed":["Slimebound:Strike_Slimebound"],"damage_healed":0,"gold_gain":0,"player_choice":"Give","damage_taken":0,"max_hp_gain":0,"max_hp_loss":0,"event_name":"betterNote:BetterNote","floor":28,"gold_loss":0,"cards_obtained":["None"]},{"cards_removed":["Slimebound:Strike_Slimebound"],"damage_healed":0,"gold_gain":0,"player_choice":"Removed Attack","damage_taken":0,"max_hp_gain":0,"max_hp_loss":0,"event_name":"Falling","floor":37,"gold_loss":0}],"is_beta":false,"boss_relics":[{"not_picked":["SlaversCollar","Snecko Eye"],"picked":"Coffee Dripper"},{"not_picked":["Astrolabe","Cursed Key"],"picked":"Slimebound:AbsorbEndCombatUpgraded"}],"items_purged_floors":[29],"is_endless":false,"potions_floor_spawned":[5,8,11,16,22,23,30,31,32,36],"killed_by":"Nemesis","ascension_level":0}}