{"host":"4nqeo0vu1vuav7gg","time":1607961520,"event":{"mods":["AchievementEnabler","BaseMod","Block Reminder","Colored Map","Colored Powertips","Highlight Path","Minty Spire (QoL Compilation)","Quick Restart","Rare Cards Sparkle","Relic Relevance Reorder","StSLib"],"gold_per_floor":[117,192,37,56,73,104,121,121,121,134,134,134,13,44,44,146,146,86,112,112,125,136,136,167,30,30,58,69,104,119,148,148,249,249,263,313,329,44,55,55,85,85,85,85,85],"floor_reached":44,"playtime":3358,"items_purged":["Strike_B","Strike_B","Strike_B"],"score":849,"play_id":"dba9d597-588d-4daa-bb47-7055e6d68ddb","local_time":"20201214165840","is_ascension_mode":true,"campfire_choices":[{"floor":8.0,"key":"REST"},{"data":"Fission","floor":11.0,"key":"SMITH"},{"floor":15.0,"key":"REST"},{"data":"Capacitor","floor":23.0,"key":"SMITH"},{"floor":32.0,"key":"REST"},{"data":"Seek","floor":40.0,"key":"SMITH"}],"circlet_count":0,"master_deck":["AscendersBane","Strike_B","Defend_B","Defend_B","Defend_B","Defend_B","Zap","Dualcast","Defragment+1","Capacitor+1","Fission+1","White Noise","Static Discharge","Genetic Algorithm","Coolheaded","Cold Snap","Conserve Battery","Reboot","Rip and Tear+1","Glacier","Hyperbeam","Zap","Streamline","Rebound","Consume","Defragment","Melter","Barrage+1","Redo","Multi-Cast","Fusion","CurseOfTheBell","Redo+1","Double Energy+1","Sweeping Beam","Seek+1","White Noise"],"relics":["FrozenCore","Pen Nib","CaptainsWheel","HornCleat","Ginger","Sundial","Anchor","Red Mask","Bag of Marbles","Symbiotic Virus","White Beast Statue","Ancient Tea Set","Tiny Chest","Omamori","Pear","Calling Bell","TungstenRod"],"acts_visited":["Exordium","TheCity","TheBeyond"],"potions_floor_usage":[44,44],"damage_taken":[{"damage":5.0,"enemies":"Small Slimes","floor":1.0,"turns":3.0},{"damage":0.0,"enemies":"Cultist","floor":4.0,"turns":2.0},{"damage":0.0,"enemies":"Jaw Worm","floor":5.0,"turns":3.0},{"damage":35.0,"enemies":"Gremlin Nob","floor":6.0,"turns":5.0},{"damage":4.0,"enemies":"2 Fungi Beasts","floor":7.0,"turns":4.0},{"damage":6.0,"enemies":"Blue Slaver","floor":10.0,"turns":5.0},{"damage":23.0,"enemies":"3 Sentries","floor":14.0,"turns":7.0},{"damage":14.0,"enemies":"The Guardian","floor":16.0,"turns":12.0},{"damage":4.0,"enemies":"2 Thieves","floor":18.0,"turns":4.0},{"damage":6.0,"enemies":"Masked Bandits","floor":19.0,"turns":8.0},{"damage":1.0,"enemies":"Shell Parasite","floor":21.0,"turns":6.0},{"damage":5.0,"enemies":"Snake Plant","floor":22.0,"turns":6.0},{"damage":17.0,"enemies":"Slavers","floor":24.0,"turns":7.0},{"damage":0.0,"enemies":"Book of Stabbing","floor":27.0,"turns":10.0},{"damage":9.0,"enemies":"3 Cultists","floor":28.0,"turns":5.0},{"damage":12.0,"enemies":"Slavers","floor":29.0,"turns":6.0},{"damage":0.0,"enemies":"Shelled Parasite and Fungi","floor":30.0,"turns":7.0},{"damage":14.0,"enemies":"Gremlin Leader","floor":31.0,"turns":7.0},{"damage":34.0,"enemies":"Automaton","floor":33.0,"turns":16.0},{"damage":0.0,"enemies":"Orb Walker","floor":35.0,"turns":4.0},{"damage":4.0,"enemies":"Mind Bloom Boss Battle","floor":36.0,"turns":10.0},{"damage":9.0,"enemies":"3 Darklings","floor":37.0,"turns":6.0},{"damage":0.0,"enemies":"Writhing Mass","floor":39.0,"turns":9.0},{"damage":19.0,"enemies":"Reptomancer","floor":41.0,"turns":6.0},{"damage":81,"enemies":"Giant Head","floor":44,"turns":11}],"seed_played":"3743229887361893292","potions_obtained":[{"floor":1.0,"key":"SteroidPotion"},{"floor":4.0,"key":"Weak Potion"},{"floor":14.0,"key":"SkillPotion"},{"floor":21.0,"key":"Fire Potion"},{"floor":22.0,"key":"Dexterity Potion"},{"floor":24.0,"key":"Regen Potion"},{"floor":30.0,"key":"LiquidMemories"},{"floor":33.0,"key":"BlessingOfTheForge"},{"floor":35.0,"key":"SpeedPotion"},{"floor":36.0,"key":"FearPotion"},{"floor":39.0,"key":"Energy Potion"},{"floor":41.0,"key":"Fire Potion"}],"is_trial":false,"path_per_floor":["M","?","$","M","M","E","M","R","T","M","R","?","$","E","R","B",null,"M","?","?","M","M","R","E","$","T","E","M","E","M","E","R","B",null,"M","?","M","$","M","R","E","?","T","E"],"character_chosen":"DEFECT","items_purchased":["Capacitor","Fission","Conserve Battery","Defragment","Seek"],"campfire_rested":3,"item_purchase_floors":[3,3,13,25,38],"current_hp_per_floor":[63,56,56,56,56,21,17,39,49,43,43,43,43,20,45,31,72,68,62,62,61,56,56,39,39,39,54,45,33,33,19,44,10,66,66,62,53,53,53,53,34,74,74,0,0],"gold":85,"neow_bonus":"RANDOM_COMMON_RELIC","is_daily":false,"chose_seed":false,"campfire_upgraded":3,"win_rate":0.0,"timestamp":1607961520,"path_taken":["M","?","$","M","?","E","M","R","T","M","R","?","$","E","R","BOSS","M","?","?","M","M","R","E","$","T","E","M","E","?","E","R","BOSS","M","?","M","$","M","R","E","?","T","E"],"items_purchased_type":["Card","Card","Card","Card","Card"],"build_version":"2020-12-13","purchased_purges":3,"victory":false,"max_hp_per_floor":[75,75,75,75,75,75,75,75,85,85,85,85,85,85,85,85,85,85,85,85,85,85,85,85,85,85,85,85,85,85,85,85,85,85,85,85,85,85,85,85,85,74,74,74,74],"card_choices":[{"not_picked":["Cold Snap","Ball Lightning"],"picked":"Defragment","floor":1.0},{"not_picked":["Stack","Sweeping Beam"],"picked":"White Noise","floor":4.0},{"not_picked":["Rip and Tear","Auto Shields"],"picked":"Static Discharge","floor":5.0},{"not_picked":["Gash","Barrage"],"picked":"Genetic Algorithm","floor":6.0},{"not_picked":["All For One","Redo"],"picked":"Coolheaded","floor":7.0},{"not_picked":["Go for the Eyes","Blizzard"],"picked":"Cold Snap","floor":10.0},{"not_picked":["Gash","Recycle","Auto Shields"],"picked":"SKIP","floor":14.0},{"not_picked":["Fission","Buffer"],"picked":"Reboot","floor":16.0},{"not_picked":["Gash+1","Cold Snap"],"picked":"Rip and Tear+1","floor":18.0},{"not_picked":["Sweeping Beam","Recycle"],"picked":"Glacier","floor":19.0},{"not_picked":["Auto Shields","Stack"],"picked":"Streamline","floor":21.0},{"not_picked":["Beam Cell","Rip and Tear"],"picked":"Rebound","floor":22.0},{"not_picked":["Conserve Battery","Core Surge"],"picked":"Consume","floor":24.0},{"not_picked":["Streamline","FTL"],"picked":"Melter","floor":27.0},{"not_picked":["Doom and Gloom","Turbo"],"picked":"Barrage+1","floor":28.0},{"not_picked":["Conserve Battery","Melter+1"],"picked":"Redo","floor":29.0},{"not_picked":["Sweeping Beam","Undo"],"picked":"Multi-Cast","floor":30.0},{"not_picked":["Compile Driver","Hello World"],"picked":"Fusion","floor":31.0},{"not_picked":["Melter+1","Cold Snap"],"picked":"Redo+1","floor":35.0},{"not_picked":["Barrage","Turbo+1"],"picked":"Double Energy+1","floor":36.0},{"not_picked":["Rebound","Reinforced Body"],"picked":"Sweeping Beam","floor":37.0},{"not_picked":["Cold Snap","Barrage"],"picked":"White Noise","floor":39.0},{"not_picked":["Steam+1","Coolheaded+1","Machine Learning"],"picked":"SKIP","floor":41.0}],"player_experience":881726,"relics_obtained":[{"floor":6.0,"key":"CaptainsWheel"},{"floor":9.0,"key":"Pear"},{"floor":14.0,"key":"HornCleat"},{"floor":19.0,"key":"Red Mask"},{"floor":24.0,"key":"Tiny Chest"},{"floor":26.0,"key":"Sundial"},{"floor":27.0,"key":"Symbiotic Virus"},{"floor":29.0,"key":"Bag of Marbles"},{"floor":31.0,"key":"Ancient Tea Set"},{"floor":34.0,"key":"Omamori"},{"floor":34.0,"key":"White Beast Statue"},{"floor":34.0,"key":"Ginger"},{"floor":36.0,"key":"TungstenRod"},{"floor":41.0,"key":"Pen Nib"}],"event_choices":[{"damage_healed":0.0,"max_hp_gain":0.0,"max_hp_loss":0.0,"gold_gain":75.0,"event_name":"FaceTrader","player_choice":"Touch","floor":2.0,"gold_loss":0.0,"damage_taken":7.0},{"damage_healed":0.0,"max_hp_gain":0.0,"max_hp_loss":0.0,"gold_gain":0.0,"event_name":"Living Wall","player_choice":"Grow","floor":12.0,"gold_loss":0.0,"damage_taken":0.0,"cards_upgraded":["Defragment"]},{"damage_healed":0.0,"max_hp_gain":0.0,"max_hp_loss":0.0,"gold_gain":0.0,"event_name":"Masked Bandits","player_choice":"Fought Bandits","floor":19.0,"gold_loss":0.0,"damage_taken":0.0},{"damage_healed":0.0,"max_hp_gain":0.0,"max_hp_loss":0.0,"gold_gain":0.0,"event_name":"Match and Keep!","player_choice":"2 cards matched","floor":20.0,"gold_loss":0.0,"damage_taken":0.0,"cards_obtained":["Hyperbeam","Zap"]},{"damage_healed":0.0,"max_hp_gain":0.0,"max_hp_loss":0.0,"gold_gain":0.0,"event_name":"MindBloom","player_choice":"Fight","floor":36.0,"gold_loss":0.0,"damage_taken":0.0},{"damage_healed":74.0,"max_hp_gain":0.0,"max_hp_loss":11.0,"gold_gain":0.0,"event_name":"The Moai Head","player_choice":"Heal","floor":42.0,"gold_loss":0.0,"damage_taken":0.0}],"is_beta":false,"boss_relics":[{"not_picked":["Pandora\u0027s Box","Coffee Dripper"],"picked":"FrozenCore"},{"not_picked":["Cursed Key","Busted Crown"],"picked":"Calling Bell"}],"items_purged_floors":[13,25,38],"is_endless":false,"potions_floor_spawned":[1,4,14,21,22,24,30,33,35,36,37,39,41],"killed_by":"Giant Head","ascension_level":10}}