{"host":"m6aaltr68g9tvoay","time":1607976537,"event":{"mods":["AchievementEnabler","BaseMod","Colored Map","Minty Spire (QoL Compilation)","StSLib"],"gold_per_floor":[109,109,127,145,19,19,45,45,114,114,28,43,56,75,75,154,154,173,49,49,69,69,104,104,104,128,157,157,168,168,178,178,255,255,268,283,20,20,20,20],"floor_reached":39,"playtime":1673,"items_purged":["Pain"],"score":817,"play_id":"0ceb7ec5-b6d8-4e3b-9bd1-7bd40087cc6e","local_time":"20201214120857","is_ascension_mode":true,"campfire_choices":[{"floor":6.0,"key":"REST"},{"floor":8.0,"key":"REST"},{"data":"Accuracy","floor":10.0,"key":"SMITH"},{"floor":15.0,"key":"REST"},{"floor":25.0,"key":"REST"},{"floor":28.0,"key":"REST"},{"floor":30.0,"key":"REST"},{"floor":32.0,"key":"REST"}],"circlet_count":0,"master_deck":["AscendersBane","Strike_G+1","Strike_G+1","Strike_G+1","Strike_G+1","Defend_G+1","Defend_G+1","Defend_G+1","Defend_G+1","Defend_G+1","Survivor","Neutralize","Quick Slash","Dodge and Roll","Cloak And Dagger","Accuracy+1","Swift Strike","Blade Dance","Dagger Throw","Adrenaline","Slice+1","Infinite Blades","Footwork","Bouncing Flask","PiercingWail","PiercingWail","Accuracy","Die Die Die","Bouncing Flask+1","Flying Knee+1","Adrenaline+1","Outmaneuver","Noxious Fumes"],"relics":["Ring of the Serpent","Lantern","WarpedTongs","Orichalcum","The Courier","Toy Ornithopter","Bronze Scales","Tingsha","Astrolabe","Membership Card","Eternal Feather"],"acts_visited":["Exordium","TheCity","TheBeyond"],"potions_floor_usage":[39],"damage_taken":[{"damage":1.0,"enemies":"2 Louse","floor":1.0,"turns":3.0},{"damage":14.0,"enemies":"Cultist","floor":3.0,"turns":4.0},{"damage":5.0,"enemies":"Jaw Worm","floor":4.0,"turns":4.0},{"damage":22.0,"enemies":"3 Sentries","floor":7.0,"turns":10.0},{"damage":9.0,"enemies":"Large Slime","floor":12.0,"turns":6.0},{"damage":5.0,"enemies":"Exordium Thugs","floor":13.0,"turns":3.0},{"damage":0.0,"enemies":"Red Slaver","floor":14.0,"turns":2.0},{"damage":38.0,"enemies":"The Guardian","floor":16.0,"turns":9.0},{"damage":17.0,"enemies":"Shell Parasite","floor":18.0,"turns":6.0},{"damage":12.0,"enemies":"Spheric Guardian","floor":21.0,"turns":4.0},{"damage":15.0,"enemies":"Gremlin Leader","floor":23.0,"turns":6.0},{"damage":8.0,"enemies":"Book of Stabbing","floor":27.0,"turns":5.0},{"damage":21.0,"enemies":"Centurion and Healer","floor":29.0,"turns":5.0},{"damage":31.0,"enemies":"Shelled Parasite and Fungi","floor":31.0,"turns":5.0},{"damage":48.0,"enemies":"Champ","floor":33.0,"turns":11.0},{"damage":21.0,"enemies":"3 Shapes","floor":35.0,"turns":3.0},{"damage":16.0,"enemies":"3 Darklings","floor":36.0,"turns":5.0},{"damage":27,"enemies":"Transient","floor":39,"turns":3}],"seed_played":"442690431438366714","potions_obtained":[{"floor":3.0,"key":"Energy Potion"},{"floor":7.0,"key":"Strength Potion"},{"floor":16.0,"key":"GamblersBrew"},{"floor":21.0,"key":"CultistPotion"},{"floor":23.0,"key":"Fruit Juice"},{"floor":35.0,"key":"Strength Potion"}],"is_trial":false,"path_per_floor":["M","?","M","M","$","R","E","R","T","R","$","M","M","M","R","B",null,"M","$","?","M","?","E","?","R","T","E","R","M","R","M","R","B",null,"M","M","$","?","M"],"character_chosen":"THE_SILENT","items_purchased":["Cloak And Dagger","Swift Strike","Infinite Blades","Footwork","Membership Card","Eternal Feather","Noxious Fumes"],"campfire_rested":7,"item_purchase_floors":[5,11,19,19,37,37,37],"current_hp_per_floor":[58,58,44,39,39,58,36,55,55,55,55,46,41,41,60,22,55,38,38,38,26,26,21,21,42,42,39,60,39,60,29,50,2,54,33,17,17,17,0,0],"gold":20,"neow_bonus":"RANDOM_COMMON_RELIC","is_daily":false,"chose_seed":false,"campfire_upgraded":1,"win_rate":0.0,"timestamp":1607976537,"path_taken":["M","?","?","M","$","R","E","R","T","R","$","M","M","M","R","BOSS","M","$","?","M","?","E","?","R","T","E","R","M","R","?","R","BOSS","M","M","?","?","M"],"items_purchased_type":["Card","Card","Card","Card","Relic","Relic","Card"],"build_version":"2020-12-13","purchased_purges":1,"victory":false,"max_hp_per_floor":[66,66,66,66,66,66,66,66,66,66,66,66,66,66,66,66,66,66,66,66,66,66,71,71,71,71,71,71,71,71,71,71,71,71,71,71,71,71,71,71],"card_choices":[{"not_picked":["Deflect","Underhanded Strike"],"picked":"Quick Slash","floor":1.0},{"not_picked":["Dagger Throw","Predator"],"picked":"Dodge and Roll","floor":3.0},{"not_picked":["Setup","Deadly Poison"],"picked":"Concentrate","floor":4.0},{"not_picked":["Quick Slash","Infinite Blades"],"picked":"Accuracy","floor":7.0},{"not_picked":["Deflect","All Out Attack"],"picked":"Blade Dance","floor":12.0},{"not_picked":["Acrobatics","Deadly Poison"],"picked":"Dagger Throw","floor":13.0},{"not_picked":["Underhanded Strike","Dagger Throw"],"picked":"Eviscerate","floor":14.0},{"not_picked":["Die Die Die","Grand Finale"],"picked":"Adrenaline","floor":16.0},{"not_picked":["Expertise","Quick Slash"],"picked":"Slice+1","floor":18.0},{"not_picked":["Well Laid Plans","Reflex"],"picked":"Bouncing Flask","floor":21.0},{"not_picked":["Outmaneuver","Deflect"],"picked":"PiercingWail","floor":23.0},{"not_picked":["Phantasmal Killer","Reflex+1"],"picked":"PiercingWail","floor":27.0},{"not_picked":["Deadly Poison","Catalyst"],"picked":"Accuracy","floor":29.0},{"not_picked":["Skewer","Dodge and Roll","Acrobatics"],"picked":"SKIP","floor":31.0},{"not_picked":["Night Terror","Wraith Form v2"],"picked":"Die Die Die","floor":33.0},{"not_picked":["Dagger Spray","Deadly Poison+1","Dodge and Roll+1"],"picked":"SKIP","floor":35.0},{"not_picked":["Slice","Dodge and Roll"],"picked":"Outmaneuver","floor":36.0}],"player_experience":1231301,"relics_obtained":[{"floor":7.0,"key":"Orichalcum"},{"floor":9.0,"key":"The Courier"},{"floor":23.0,"key":"Toy Ornithopter"},{"floor":26.0,"key":"Bronze Scales"},{"floor":27.0,"key":"Tingsha"}],"event_choices":[{"damage_healed":0.0,"max_hp_gain":0.0,"max_hp_loss":0.0,"gold_gain":0.0,"event_name":"Accursed Blacksmith","player_choice":"Rummage","floor":2.0,"gold_loss":0.0,"damage_taken":0.0,"relics_obtained":["WarpedTongs"],"cards_obtained":["Pain"]},{"damage_healed":0.0,"max_hp_gain":0.0,"max_hp_loss":0.0,"gold_gain":0.0,"event_name":"Ghosts","player_choice":"Ignored","floor":20.0,"gold_loss":0.0,"damage_taken":0.0},{"damage_healed":0.0,"max_hp_gain":0.0,"max_hp_loss":0.0,"gold_gain":0.0,"event_name":"Back to Basics","player_choice":"Simplicity","floor":22.0,"gold_loss":0.0,"damage_taken":0.0,"cards_upgraded":["Strike_G","Strike_G","Strike_G","Strike_G","Strike_G","Defend_G","Defend_G","Defend_G","Defend_G","Defend_G"]},{"damage_healed":0.0,"max_hp_gain":0.0,"max_hp_loss":0.0,"gold_gain":0.0,"event_name":"Cursed Tome","player_choice":"Ignored","floor":24.0,"gold_loss":0.0,"damage_taken":0.0},{"damage_healed":0.0,"max_hp_gain":0.0,"max_hp_loss":0.0,"gold_gain":0.0,"event_name":"The Moai Head","player_choice":"Ignored","floor":38.0,"gold_loss":0.0,"damage_taken":0.0}],"is_beta":false,"boss_relics":[{"not_picked":["Black Star","HoveringKite"],"picked":"Ring of the Serpent"},{"not_picked":["Snecko Eye","Cursed Key"],"picked":"Astrolabe"}],"items_purged_floors":[5],"is_endless":false,"potions_floor_spawned":[3,7,16,21,23,35],"killed_by":"Transient","ascension_level":19}}