{"host":"agga6lej02o7kt08","time":1607941096,"event":{"mods":["Aspiration","BaseMod","Colored Map","Colored Powertips","Downfall","Hubris","Minty Spire (QoL Compilation)","Replay The Spire","Spicy Shops","StSLib"],"gold_per_floor":[199,57,77,77,104,104,104,117,146,146,165,165,165,165,182,283,283,208,218,248,248,260,292,342,371,442,367,381,393,25,25,37,139,139,139,158,185,195,225,241,241,266,266,191,202,202,284,300,311,311,311,346,21,21,21,21],"floor_reached":55,"playtime":4533,"items_purged":["champ:Defend","champ:Defend","champ:Strike","champ:Strike","champ:Taunt","champ:Defend","champ:Defend"],"score":1050,"play_id":"4d2e76eb-f573-4cec-a8a8-cecf50557a74","local_time":"20201214191816","is_ascension_mode":false,"campfire_choices":[{"data":"champ:Execute","floor":1,"key":"SMITH"},{"data":"champ:AdrenalArmor","floor":4,"key":"SMITH"},{"data":"champ:Encircle","floor":10,"key":"SMITH"},{"data":"champ:Improvising","floor":18,"key":"SMITH"},{"data":"champ:EnragedBash","floor":27,"key":"SMITH"},{"floor":35,"key":"RECALL"},{"data":"champ:BerserkerStyle","floor":44,"key":"SMITH"},{"data":"champ:CheapShot","floor":54,"key":"SMITH"}],"circlet_count":0,"master_deck":["champ:Execute+1","champ:AdrenalArmor+1","champ:BerserkerStyle+1","champ:EnragedBash+1","champ:Improvising+1","champ:EndlessRage","champ:Encircle+1","champ:CheapShot+1","champ:StanceDance+1","champ:Improvising+1","champ:AdrenalArmor+1","champ:EndlessRage+1"],"relics":["champ:ChampionCrown","PreservedInsect","Bottled Lightning","hubris:PeanutButter","Sling","hubris:MedicalManual","downfall:HeartBlessingBlue","Frozen Egg 2","Orichalcum","Boot","Gremlin Horn","Lantern","downfall:HeartBlessingGreen","Singing Bowl","Busted Crown","champ:DefensiveTrainingManual","Strawberry","Pantograph","aspiration:AnachronicSnailShell","downfall:HeartBlessingRed","Shuriken","ReplayTheSpireMod:EnergyBall","ReplayTheSpireMod:TigerMarble"],"acts_visited":["Exordium","TheCity","TheBeyond","TheEnding"],"potions_floor_usage":[37,45,55],"damage_taken":[{"damage":13,"enemies":"downfall:FleeingMerchant","floor":2,"turns":4},{"damage":3,"enemies":"2 Louse","floor":3,"turns":2},{"damage":49,"enemies":"3 Sentries","floor":5,"turns":8},{"damage":32,"enemies":"Cultist","floor":8,"turns":3},{"damage":28,"enemies":"Gremlin Nob","floor":9,"turns":3},{"damage":16,"enemies":"Jaw Worm","floor":11,"turns":3},{"damage":27,"enemies":"2 Fungi Beasts","floor":15,"turns":2},{"damage":88,"enemies":"downfall:Silent","floor":16,"turns":10},{"damage":73,"enemies":"3 Byrds","floor":19,"turns":4},{"damage":51,"enemies":"Book of Stabbing","floor":20,"turns":4},{"damage":25,"enemies":"Chosen","floor":22,"turns":3},{"damage":35,"enemies":"Replay:Snechameleon","floor":23,"turns":3},{"damage":101,"enemies":"Slavers","floor":25,"turns":5},{"damage":70,"enemies":"downfall:FleeingMerchant","floor":26,"turns":5},{"damage":39,"enemies":"Centurion and Healer","floor":28,"turns":3},{"damage":60,"enemies":"3 Cultists","floor":29,"turns":4},{"damage":66,"enemies":"Snecko","floor":32,"turns":5},{"damage":82,"enemies":"downfall:Watcher","floor":33,"turns":3},{"damage":77,"enemies":"3 Darklings","floor":36,"turns":3},{"damage":70,"enemies":"Reptomancer","floor":37,"turns":5},{"damage":34,"enemies":"Orb Walker","floor":38,"turns":3},{"damage":70,"enemies":"R_Hoarder","floor":39,"turns":7},{"damage":75,"enemies":"Jaw Worm Horde","floor":40,"turns":3},{"damage":136,"enemies":"Nemesis","floor":42,"turns":7},{"damage":71,"enemies":"4 Shapes","floor":45,"turns":3},{"damage":100,"enemies":"Maw","floor":48,"turns":5},{"damage":83,"enemies":"Writhing Mass","floor":49,"turns":4},{"damage":110,"enemies":"downfall:Defect","floor":50,"turns":4},{"damage":104,"enemies":"downfall:CharBossMerchant","floor":52,"turns":4},{"damage":171,"enemies":"downfall:NeowBoss","floor":55,"turns":7}],"seed_played":"2834758289512950542","potions_obtained":[{"floor":5,"key":"SteroidPotion"},{"floor":9,"key":"FairyPotion"},{"floor":11,"key":"champ:CounterPotion"},{"floor":19,"key":"Weak Potion"},{"floor":21,"key":"champ:UltimateStancePotion"},{"floor":22,"key":"Block Potion"},{"floor":23,"key":"champ:OpenerPotion"},{"floor":37,"key":"Adrenaline Potion"},{"floor":49,"key":"Swift Potion"}],"is_trial":false,"path_per_floor":["R","$","M","R","E","?","T","M","E","R","M","?","?","$","M","B",null,"R","M","E","?","M","E","T","E","$","R","M","M","$","$","M","B",null,"R","M","E","M","E","M","T","E","?","R","M","?","T","M","M","B",null,"E","$","R","B"],"character_chosen":"THE_CHAMP","items_purchased":["champ:AdrenalArmor","hubris:PeanutButter","Sling","hubris:MedicalManual","Lantern","Singing Bowl"],"campfire_rested":0,"item_purchase_floors":[2,14,14,14,26,30],"current_hp_per_floor":[90,90,87,87,64,64,64,63,74,74,78,78,87,29,37,73,95,105,105,105,105,105,105,105,88,105,105,105,105,105,105,107,109,109,109,110,102,110,121,107,107,125,125,125,122,122,122,130,132,132,132,132,132,132,0,0],"gold":21,"neow_bonus":"HUNDRED_GOLD","is_daily":false,"chose_seed":false,"campfire_upgraded":7,"win_rate":0.0,"timestamp":1607941096,"path_taken":["R","$","M","R","E","?","T","?","E","R","M","?","?","?","M","BOSS","R","M","E","?","M","E","T","E","$","R","M","M","?","$","M","BOSS","R","M","E","M","E","M","T","E","?","R","M","?","?","M","M","BOSS","E","$","R","BOSS"],"items_purchased_type":["Card","Relic","Relic","Relic","Relic","Relic"],"build_version":"2020-12-13","purchased_purges":7,"victory":false,"max_hp_per_floor":[90,90,90,90,90,90,90,90,90,90,90,90,90,90,90,95,95,105,105,105,105,105,105,105,105,105,105,105,105,105,105,107,109,109,109,111,113,115,124,124,124,126,126,126,128,128,128,130,132,132,132,132,132,132,132,132],"card_choices":[{"not_picked":["champ:GutPunch","champ:Haymaker","champ:PerfectedStrike"],"picked":"SKIP","floor":2},{"not_picked":["champ:TornadoPunch","champ:PerfectedStrike"],"picked":"champ:BerserkerStyle","floor":3},{"not_picked":["champ:FanOfKnives","champ:GladiatorsShout"],"picked":"champ:EnragedBash","floor":5},{"not_picked":["champ:Duel","champ:HeartStrike"],"picked":"champ:EndlessRage","floor":8},{"not_picked":["champ:DefensiveStyle","champ:FightOn"],"picked":"champ:Encircle","floor":9},{"not_picked":["champ:RisingSlash","champ:ArenaPreparation"],"picked":"champ:FightOn","floor":11},{"not_picked":["champ:FightOn","champ:EnGarde","champ:FocusedDefense"],"picked":"SKIP","floor":15},{"not_picked":["champ:StrikeOfGenius","champ:LastStand"],"picked":"champ:CheapShot","floor":16},{"not_picked":["champ:Haymaker+1","champ:Encircle"],"picked":"champ:StanceDance+1","floor":19},{"not_picked":["champ:Haymaker","champ:FaceSlap"],"picked":"champ:Improvising+1","floor":20},{"not_picked":["champ:GladiatorsShout+1","champ:CalledShot+1","champ:DefensiveShout"],"picked":"SKIP","floor":22},{"not_picked":["champ:ShieldWall+1","champ:BringItOn","champ:DefensiveStyle+1"],"picked":"SKIP","floor":23},{"not_picked":["champ:FlashCut","champ:Backstep"],"picked":"champ:EnragedBash+1","floor":25},{"not_picked":["champ:FanOfKnives","champ:Haymaker","champ:PreciseThrust"],"picked":"SKIP","floor":26},{"not_picked":["champ:DefensiveShout","champ:PerfectedStrike","champ:Backstep+1"],"picked":"SKIP","floor":28},{"not_picked":["champ:ViciousMockery","champ:EnGarde","champ:Backstep"],"picked":"SKIP","floor":29},{"not_picked":["champ:BladeFlurry","champ:Riposte","champ:RisingSlash"],"picked":"Singing Bowl","floor":32},{"not_picked":["champ:VampiricStrike","champ:HoldFirm","champ:PerfectForm+1"],"picked":"Singing Bowl","floor":33},{"not_picked":["champ:RisingSlash+1"],"picked":"Singing Bowl","floor":36},{"not_picked":["champ:GladiatorsShout"],"picked":"Singing Bowl","floor":37},{"not_picked":["champ:EndlessRage+1"],"picked":"Singing Bowl","floor":38},{"not_picked":["champ:FalseCounter+1"],"picked":"Singing Bowl","floor":39},{"not_picked":[],"picked":"champ:AdrenalArmor","floor":40},{"not_picked":["champ:BladeFlurry+1"],"picked":"Singing Bowl","floor":42},{"not_picked":["champ:Backstep+1"],"picked":"Singing Bowl","floor":45},{"not_picked":["champ:Lariat+1"],"picked":"Singing Bowl","floor":48},{"not_picked":["champ:PerfectedStrike+1"],"picked":"Singing Bowl","floor":49},{"not_picked":[],"picked":"champ:EndlessRage+1","floor":52}],"player_experience":725680,"relics_obtained":[{"floor":5,"key":"PreservedInsect"},{"floor":9,"key":"Bottled Lightning"},{"floor":20,"key":"Frozen Egg 2"},{"floor":23,"key":"Orichalcum"},{"floor":24,"key":"Boot"},{"floor":25,"key":"Gremlin Horn"},{"floor":37,"key":"champ:DefensiveTrainingManual"},{"floor":39,"key":"Strawberry"},{"floor":41,"key":"Pantograph"},{"floor":42,"key":"aspiration:AnachronicSnailShell"},{"floor":47,"key":"Shuriken"},{"floor":52,"key":"ReplayTheSpireMod:EnergyBall"},{"floor":52,"key":"ReplayTheSpireMod:TigerMarble"}],"event_choices":[{"damage_healed":0,"gold_gain":0,"cards_transformed":["champ:Strike"],"player_choice":"Transformed","damage_taken":0,"max_hp_gain":0,"max_hp_loss":0,"event_name":"Transmorgrifier","floor":6,"gold_loss":0,"cards_obtained":["champ:Improvising"]},{"damage_healed":0,"gold_gain":0,"player_choice":"Got Potions","damage_taken":0,"max_hp_gain":0,"max_hp_loss":0,"event_name":"Lab","floor":21,"gold_loss":0},{"cards_removed":["champ:EnragedBash"],"damage_healed":0,"gold_gain":0,"player_choice":"Removed Attack","damage_taken":0,"max_hp_gain":0,"max_hp_loss":0,"event_name":"Falling","floor":46,"gold_loss":0}],"is_beta":false,"boss_relics":[{"not_picked":["Astrolabe","ReplayTheSpireMod:DimensionalGlitch","Kintsugi"]},{"not_picked":["aspiration:PoetsPen_weak","ChewingGum"],"picked":"Busted Crown"}],"items_purged_floors":[2,14,14,26,30,53,53],"is_endless":false,"potions_floor_spawned":[5,9,11,19,22,23,28,32,33,37,38,40,49],"killed_by":"downfall:NeowBoss","ascension_level":0}}