{"host":"mvw7i28zi3kj0eu9","time":1607923219,"event":{"mods":["AchievementEnabler","BaseMod","Better Third Choice","BetterRewards","Block Reminder","Conspire","Custom Start","Downfall","Energized Spire","Halation","Hermit","Hubris","Infinite Spire","Jorbs\u0027s Wanderer Trilogy","Minty Spire (QoL Compilation)","Replay The Spire","Shop Mod","Small Relic Pack","Spikes Relics","StSLib","The Blue Laboratory","The Necromancer","The Servant 0.9.4","Virulent Crown"],"gold_per_floor":[116,116,116,126,136,136,169,169,169,182,209,225,422,450,450,551,551,571,586,486,486,486,516,516,516],"floor_reached":24,"playtime":589,"items_purged":["Defend_B","Strike_B","Defend_B"],"score":224,"play_id":"ec243802-035c-4a01-8a76-30c6a8477103","local_time":"20201214062019","is_ascension_mode":false,"campfire_choices":[{"data":"Self Repair","floor":6,"key":"SMITH"},{"floor":8,"key":"REST"},{"floor":15,"key":"REST"}],"circlet_count":0,"master_deck":["Strike_B","Strike_B","Strike_B","Defend_B","Defend_B+1","Zap+1","Dualcast","FIFO Queue+1","Cold Snap","Self Repair+1","Barrage","Fusion","Cold Snap","Mirror Shield"],"relics":["Cracked Core","Runic Capacitor","Replay:Baseball","relicPack:DSword","ReplayTheSpireMod:Ninjato","Symbiotic Virus","Odd Mushroom","Mango","Inserter","BargainBundle","ReplayTheSpireMod:Lightbulb"],"acts_visited":["Exordium","TheCity"],"potions_floor_usage":[12],"damage_taken":[{"damage":1,"enemies":"Jaw Worm","floor":1,"turns":3},{"damage":3,"enemies":"Small Slimes","floor":4,"turns":3},{"damage":0,"enemies":"Cultist","floor":5,"turns":3},{"damage":25,"enemies":"Gremlin Nob","floor":7,"turns":4},{"damage":7,"enemies":"Gremlin Gang","floor":10,"turns":3},{"damage":17,"enemies":"The Mushroom Lair","floor":11,"turns":3},{"damage":8,"enemies":"Blue Slaver","floor":12,"turns":3},{"damage":14,"enemies":"3 Sentries","floor":14,"turns":5},{"damage":12,"enemies":"Slime Boss","floor":16,"turns":4},{"damage":23,"enemies":"2 Thieves","floor":18,"turns":4},{"damage":36,"enemies":"conspire:FuzzyDice","floor":19,"turns":5},{"damage":41,"enemies":"Slavers","floor":23,"turns":6},{"damage":20,"enemies":"Snake Plant","floor":24,"turns":3}],"seed_played":"-7678857267666217743","potions_obtained":[{"floor":1,"key":"Doom Potion"},{"floor":11,"key":"EssenceOfSteel"},{"floor":16,"key":"blueLaboratory:RememoryPotion"},{"floor":19,"key":"blueLaboratory:HeartbeatPotion"}],"is_trial":false,"path_per_floor":["M","?","?","M","M","R","E","R","T","M","?","M","?","E","R","B",null,"M","M","$","?","AVR","E","M"],"character_chosen":"DEFECT","items_purchased":["FIFO Queue+1","Cold Snap","Runic Capacitor","Replay:Baseball"],"campfire_rested":2,"item_purchase_floors":[0,0,0,0],"current_hp_per_floor":[74,39,24,21,28,28,13,35,35,38,31,33,15,25,51,49,89,76,50,50,50,50,19,0,0],"gold":516,"neow_bonus":"","is_daily":false,"chose_seed":false,"campfire_upgraded":1,"win_rate":0.0,"timestamp":1607923219,"path_taken":["M","?","?","?","M","R","E","R","T","M","?","M","?","E","R","BOSS","M","M","$","?","AVR","E","?"],"items_purchased_type":["Card","Card","Relic","Relic"],"build_version":"2020-12-13","purchased_purges":3,"victory":false,"max_hp_per_floor":[75,75,75,75,75,75,75,75,75,75,75,75,75,89,89,89,89,89,89,89,89,89,89,89,89],"card_choices":[{"not_picked":["Panic Button","conspire:Rain","Gash"],"picked":"SKIP","floor":1},{"not_picked":["Fusion","ReplayTheSpireMod:Repulse"],"picked":"Self Repair","floor":4},{"not_picked":["Compile Driver","Steam","Chill"],"picked":"SKIP","floor":5},{"not_picked":["FTL","Hologram"],"picked":"Barrage","floor":7},{"not_picked":["Panic Button","Sunder"],"picked":"Fusion","floor":10},{"not_picked":["Panic Button","Compile Driver"],"picked":"Cold Snap","floor":11},{"not_picked":["Compile Driver","conspire:Rain","hubris:SpecializedCircuitry"],"picked":"SKIP","floor":12},{"not_picked":["Conserve Battery","Sweeping Beam"],"picked":"Mirror Shield","floor":14},{"not_picked":["Conserve Battery+1","BasicCrystalCard","Gash"],"picked":"SKIP","floor":18},{"not_picked":["hubris:Ukulele+1","Hologram","ReplaySolidLightProjector"],"picked":"SKIP","floor":19},{"not_picked":["Leap","Redo","hubris:Prefetch"],"picked":"SKIP","floor":23}],"player_experience":834275,"relics_obtained":[{"floor":7,"key":"ReplayTheSpireMod:Ninjato"},{"floor":9,"key":"Symbiotic Virus"},{"floor":11,"key":"Odd Mushroom"},{"floor":14,"key":"Mango"},{"floor":23,"key":"ReplayTheSpireMod:Lightbulb"}],"event_choices":[{"damage_healed":39,"gold_gain":0,"player_choice":"Upgrade","damage_taken":15,"max_hp_gain":0,"max_hp_loss":75,"event_name":"betterThird:BetterShining","floor":3,"gold_loss":0,"cards_upgraded":["Zap","Defend_B"]},{"damage_healed":0,"gold_gain":0,"player_choice":"Fought Mushrooms","damage_taken":0,"max_hp_gain":0,"max_hp_loss":0,"event_name":"Mushrooms","floor":11,"gold_loss":0},{"damage_healed":0,"gold_gain":0,"player_choice":"Ignored","damage_taken":0,"max_hp_gain":0,"max_hp_loss":0,"event_name":"Transmorgrifier","floor":21,"gold_loss":0}],"is_beta":false,"boss_relics":[{"not_picked":["halation:CatFaceCupcake","halation:PlatinumPhoenix"],"picked":"Inserter"}],"items_purged_floors":[0,20,22],"is_endless":false,"potions_floor_spawned":[1,11,16,19],"killed_by":"Snake Plant","ascension_level":0}}