{"host":"lhth1efayex2023z","time":1607905652,"event":{"mods":["BaseMod","Colored Map","Googly Eyes","Minty Spire (QoL Compilation)","StSLib"],"gold_per_floor":[113,113,132,147,147,174,194,226,271,306,306,323,323,353,353,448,448,462,52,72,88,98,126,145,180,180,105,132,145,171,189,189,290,290,306,317,370,387,403,437,456,488,512,522,522,522,522,554,554,554],"floor_reached":51,"playtime":2576,"items_purged":["Chaos"],"score":1408,"play_id":"ca1fda9b-96a1-481e-9c82-a06daf1c5971","local_time":"20201213172732","is_ascension_mode":true,"campfire_choices":[{"floor":11.0,"key":"REST"},{"data":"Buffer","floor":13.0,"key":"SMITH"},{"data":"Seek","floor":15.0,"key":"SMITH"},{"data":"Fission","floor":32,"key":"SMITH"},{"floor":49,"key":"RECALL"}],"circlet_count":0,"master_deck":["AscendersBane","Zap+1","Dualcast+1","Biased Cognition+1","Storm+1","Coolheaded+1","Buffer+1","Self Repair+1","Static Discharge+1","Seek+1","Defragment+1","Auto Shields+1","Electrodynamics+1","Core Surge+1","Conserve Battery+1","Fission+1","Static Discharge+1","FTL+1","Electrodynamics+1","Static Discharge+1","White Noise+1","Defragment+1","Lockon+1","Force Field+1","Self Repair+1","Defragment+1","Buffer+1","Force Field+1","Madness+1","Madness+1"],"relics":["Cracked Core","PreservedInsect","Sundial","Oddly Smooth Stone","Art of War","Ancient Tea Set","Pandora\u0027s Box","Centennial Puzzle","Toy Ornithopter","Thread and Needle","Blood Vial","Lizard Tail","Nunchaku","Anchor","Runic Pyramid","Gambling Chip","Singing Bowl","Calipers","DataDisk","Mark of the Bloom","Ginger"],"acts_visited":["Exordium","TheCity","TheBeyond"],"potions_floor_usage":[33,40],"damage_taken":[{"damage":7.0,"enemies":"Jaw Worm","floor":1.0,"turns":3.0},{"damage":4.0,"enemies":"2 Louse","floor":3.0,"turns":3.0},{"damage":0.0,"enemies":"Cultist","floor":4.0,"turns":3.0},{"damage":9.0,"enemies":"Lagavulin","floor":6.0,"turns":7.0},{"damage":0.0,"enemies":"Exordium Wildlife","floor":7.0,"turns":4.0},{"damage":14.0,"enemies":"3 Sentries","floor":8.0,"turns":6.0},{"damage":3.0,"enemies":"Lagavulin","floor":10.0,"turns":5.0},{"damage":0.0,"enemies":"Large Slime","floor":12.0,"turns":4.0},{"damage":2.0,"enemies":"3 Sentries","floor":14.0,"turns":4.0},{"damage":24.0,"enemies":"The Guardian","floor":16.0,"turns":10.0},{"damage":6.0,"enemies":"Shell Parasite","floor":18.0,"turns":6.0},{"damage":4.0,"enemies":"Chosen","floor":20.0,"turns":3.0},{"damage":20.0,"enemies":"Snake Plant","floor":21.0,"turns":3.0},{"damage":0.0,"enemies":"Snecko","floor":22.0,"turns":3.0},{"damage":26.0,"enemies":"Slavers","floor":23.0,"turns":2.0},{"damage":14.0,"enemies":"Chosen and Byrds","floor":24.0,"turns":3.0},{"damage":12.0,"enemies":"Gremlin Leader","floor":25.0,"turns":3.0},{"damage":30.0,"enemies":"Slavers","floor":28.0,"turns":2.0},{"damage":12.0,"enemies":"Snake Plant","floor":29.0,"turns":2.0},{"damage":0,"enemies":"Gremlin Leader","floor":30,"turns":3},{"damage":7,"enemies":"Centurion and Healer","floor":31,"turns":5},{"damage":18,"enemies":"Automaton","floor":33,"turns":5},{"damage":0,"enemies":"3 Shapes","floor":35,"turns":2},{"damage":0,"enemies":"Orb Walker","floor":36,"turns":3},{"damage":27,"enemies":"2 Orb Walkers","floor":37,"turns":3},{"damage":0,"enemies":"Transient","floor":38,"turns":5},{"damage":21,"enemies":"4 Shapes","floor":39,"turns":2},{"damage":18,"enemies":"Reptomancer","floor":40,"turns":4},{"damage":1,"enemies":"Sphere and 2 Shapes","floor":41,"turns":5},{"damage":0,"enemies":"Giant Head","floor":42,"turns":5},{"damage":0,"enemies":"Transient","floor":44,"turns":5},{"damage":0,"enemies":"Nemesis","floor":48,"turns":3},{"damage":1,"enemies":"Time Eater","floor":50,"turns":4}],"seed_played":"-2398199615240315854","potions_obtained":[{"floor":3.0,"key":"Fire Potion"},{"floor":6.0,"key":"Fire Potion"},{"floor":7.0,"key":"Weak Potion"},{"floor":16.0,"key":"EssenceOfDarkness"},{"floor":18.0,"key":"FairyPotion"},{"floor":28.0,"key":"LiquidBronze"},{"floor":30,"key":"PowerPotion"},{"floor":33,"key":"Ancient Potion"},{"floor":35,"key":"PowerPotion"},{"floor":38,"key":"Regen Potion"},{"floor":41,"key":"SpeedPotion"}],"is_trial":false,"path_per_floor":["M","?","M","M","?","E","M","E","T","E","R","M","R","E","R","B",null,"M","$","M","M","M","E","M","E","T","?","E","M","E","M","R","B",null,"M","M","?","M","M","E","M","E","T","M","?","?","?","E","R","B",null],"character_chosen":"DEFECT","items_purchased":["Static Discharge","Centennial Puzzle","Toy Ornithopter"],"campfire_rested":1,"item_purchase_floors":[19,19,19],"current_hp_per_floor":[43,36,32,32,32,23,23,9,9,13,35,42,42,47,47,30,64,65,65,68,55,60,34,27,15,15,15,22,19,28,37,37,40,66,68,70,52,61,49,52,69,81,81,83,73,73,73,73,73,72],"gold":554,"neow_bonus":"THREE_RARE_CARDS","is_daily":false,"chose_seed":false,"campfire_upgraded":3,"win_rate":0.0,"timestamp":1607905652,"path_taken":["M","?","M","M","?","E","M","E","T","E","R","?","R","E","R","BOSS","M","$","M","M","M","E","M","E","T","?","E","M","E","M","R","BOSS","M","M","?","M","M","E","M","E","T","M","?","?","?","E","R","BOSS"],"items_purchased_type":["Card","Relic","Relic"],"build_version":"2020-11-30","purchased_purges":1,"victory":true,"max_hp_per_floor":[75,75,75,75,75,75,75,75,75,75,75,75,75,75,75,75,75,75,75,75,75,75,75,75,75,75,75,75,75,75,75,75,75,75,75,75,75,75,75,77,79,81,81,83,83,83,83,85,85,85],"card_choices":[{"not_picked":["Rainbow","Buffer"],"picked":"Biased Cognition","floor":0.0},{"not_picked":["Go for the Eyes","Ball Lightning"],"picked":"Storm","floor":1.0},{"not_picked":["Compile Driver","Scrape"],"picked":"Coolheaded","floor":3.0},{"not_picked":["Fusion","Beam Cell"],"picked":"Chaos","floor":4.0},{"not_picked":["Chill","All For One"],"picked":"Self Repair","floor":6.0},{"not_picked":["Leap","Conserve Battery","Beam Cell"],"picked":"SKIP","floor":7.0},{"not_picked":["Leap","Scrape"],"picked":"Static Discharge","floor":8.0},{"not_picked":["Beam Cell","Conserve Battery"],"picked":"Seek","floor":10.0},{"not_picked":["Leap","Ball Lightning"],"picked":"Defragment","floor":12.0},{"not_picked":["Beam Cell","FTL"],"picked":"Auto Shields","floor":14.0},{"not_picked":["Multi-Cast","Reboot"],"picked":"Electrodynamics","floor":16.0},{"not_picked":["Barrage+1","Coolheaded","Go for the Eyes"],"picked":"SKIP","floor":18.0},{"not_picked":["Leap+1","Turbo+1","White Noise"],"picked":"SKIP","floor":20.0},{"not_picked":["Leap+1","Turbo+1"],"picked":"White Noise","floor":20.0},{"not_picked":["Darkness","Doom and Gloom+1"],"picked":"Defragment+1","floor":21.0},{"not_picked":["Rebound+1","Compile Driver"],"picked":"Lockon+1","floor":22.0},{"not_picked":["Undo","Turbo","Redo"],"picked":"SKIP","floor":23.0},{"not_picked":["Undo","Turbo","Redo"],"picked":"SKIP","floor":23.0},{"not_picked":["Gash","Scrape","Ball Lightning"],"picked":"SKIP","floor":24.0},{"not_picked":["Streamline","Compile Driver+1"],"picked":"Force Field+1","floor":25.0},{"not_picked":["Barrage+1","Steam","Scrape"],"picked":"SKIP","floor":28.0},{"not_picked":["BootSequence+1","Stack"],"picked":"Self Repair","floor":29.0},{"not_picked":["Leap","Streamline"],"picked":"Defragment","floor":30},{"not_picked":["Ball Lightning","Go for the Eyes+1","Sweeping Beam+1"],"picked":"SKIP","floor":31},{"not_picked":["Reboot","Hyperbeam"],"picked":"Buffer","floor":33},{"not_picked":["Streamline+1","Hello World","Turbo"],"picked":"SKIP","floor":35},{"not_picked":["Leap+1","Rip and Tear","Go for the Eyes+1"],"picked":"SKIP","floor":36},{"not_picked":["Sweeping Beam","Compile Driver","Hologram"],"picked":"SKIP","floor":38},{"not_picked":["Force Field","Rebound+1","Lockon+1"],"picked":"SKIP","floor":39},{"not_picked":["Rebound+1","Lockon+1"],"picked":"Force Field","floor":39},{"not_picked":["Redo+1","Undo+1","Melter+1"],"picked":"Singing Bowl","floor":40},{"not_picked":["Force Field","Hologram","Beam Cell"],"picked":"Singing Bowl","floor":41},{"not_picked":["Sweeping Beam","Steam Power","Sunder+1"],"picked":"Singing Bowl","floor":42},{"not_picked":["Fusion","Rebound+1","Cold Snap+1"],"picked":"Singing Bowl","floor":44},{"not_picked":["Steam","Auto Shields+1","Reinforced Body"],"picked":"Singing Bowl","floor":48}],"player_experience":355625,"relics_obtained":[{"floor":6.0,"key":"PreservedInsect"},{"floor":8.0,"key":"Sundial"},{"floor":9.0,"key":"Oddly Smooth Stone"},{"floor":10.0,"key":"Art of War"},{"floor":14.0,"key":"Ancient Tea Set"},{"floor":23.0,"key":"Thread and Needle"},{"floor":25.0,"key":"Blood Vial"},{"floor":26.0,"key":"Lizard Tail"},{"floor":28.0,"key":"Nunchaku"},{"floor":30,"key":"Anchor"},{"floor":37,"key":"Gambling Chip"},{"floor":40,"key":"Singing Bowl"},{"floor":42,"key":"Calipers"},{"floor":43,"key":"DataDisk"},{"floor":48,"key":"Ginger"}],"event_choices":[{"cards_removed":["Strike_B"],"damage_healed":0.0,"max_hp_gain":0.0,"max_hp_loss":0.0,"gold_gain":0.0,"event_name":"Golden Wing","player_choice":"Card Removal","floor":2.0,"gold_loss":0.0,"damage_taken":7.0},{"damage_healed":0.0,"max_hp_gain":0.0,"max_hp_loss":0.0,"gold_gain":0.0,"event_name":"Match and Keep!","player_choice":"1 cards matched","floor":5.0,"gold_loss":0.0,"damage_taken":0.0,"cards_obtained":["Buffer"]},{"cards_removed":["Tempest"],"damage_healed":0.0,"max_hp_gain":0.0,"max_hp_loss":0.0,"gold_gain":0.0,"event_name":"Beggar","player_choice":"Gave Gold","floor":27.0,"gold_loss":75.0,"damage_taken":0.0},{"damage_healed":0,"gold_gain":0,"player_choice":"Fight","damage_taken":0,"max_hp_gain":0,"max_hp_loss":0,"event_name":"Mysterious Sphere","floor":37,"gold_loss":0},{"damage_healed":0,"gold_gain":0,"player_choice":"Embrace Madness","damage_taken":10,"max_hp_gain":0,"max_hp_loss":0,"event_name":"Winding Halls","floor":45,"gold_loss":0,"cards_obtained":["Madness","Madness"]},{"damage_healed":0,"gold_gain":0,"player_choice":"Upgrade","damage_taken":0,"relics_obtained":["Mark of the Bloom"],"max_hp_gain":0,"max_hp_loss":0,"event_name":"MindBloom","floor":46,"gold_loss":0,"cards_upgraded":["Zap","Dualcast","Biased Cognition","Storm","Coolheaded","Self Repair","Static Discharge","Defragment","Auto Shields","Electrodynamics","Core Surge","Conserve Battery","Static Discharge","FTL","Electrodynamics","Static Discharge","White Noise","Self Repair","Defragment","Buffer","Force Field","Madness","Madness"]},{"damage_healed":0,"gold_gain":0,"player_choice":"Ignored","damage_taken":0,"max_hp_gain":0,"max_hp_loss":0,"event_name":"Accursed Blacksmith","floor":47,"gold_loss":0}],"is_beta":false,"boss_relics":[{"not_picked":["Snecko Eye","Busted Crown"],"picked":"Pandora\u0027s Box"},{"not_picked":["FrozenCore","Fusion Hammer"],"picked":"Runic Pyramid"}],"items_purged_floors":[19],"is_endless":false,"potions_floor_spawned":[3,6,7,16,18,21,28,30,33,35,38,39,41],"ascension_level":11}}