{"host":"ks12kfi5c4d9hdxy","time":1607951837,"event":{"mods":["BaseMod","Conspire","GifTheSpireLib","HololiveMod","Koishi","LagranYue(拉格朗・月)","Marisa（F雨　魔理沙）","Minty Spire (QoL Compilation)","Reimu（博丽灵梦）","Remilia（蕾米莉亚）","Replay The Spire","RumiaBox-露米娅的神秘盒子","StSLib","SuperFastMode","The Administrix","The Servant 0.9.4","Youmu（魂魄妖梦）","Yuyuko","【功能Mod】混沌之环修复补丁","【功能Mod】聪明的最终Boss","篝火指南"],"gold_per_floor":[15,15,15,15,35,35,60,60,114,144,144,169,189,208,208,279,279,291,291,303,303,24,53,53,69,69,102,52,70,97,112,112,112,112],"floor_reached":33,"playtime":3184,"items_purged":[],"score":626,"play_id":"29fa8933-d759-4c15-91c1-0811d03de933","local_time":"20201214211717","is_ascension_mode":true,"campfire_choices":[{"data":"UltimateShortwave","floor":6.0,"key":"SMITH"},{"data":"Replay:Light Bash","floor":8.0,"key":"SMITH"},{"data":"Pot Of Greed","floor":11.0,"key":"SMITH"},{"floor":15.0,"key":"DIG"},{"floor":24,"key":"REST"},{"data":"Pot Of Greed","floor":32,"key":"SMITH"}],"circlet_count":0,"master_deck":["AscendersBane","Strike_MRS","Strike_MRS+1","Strike_MRS","Strike_MRS","Defend_MRS","Defend_MRS","Defend_MRS","Defend_MRS","MasterSpark+1","UltimateShortwave+1","Replay:Light Bash+1","EarthLightRay","Parasite","Parasite","Pot Of Greed+1","Pot Of Greed+1","MilkyWay+1","EarthLightRay","TreasureHunter","MilkyWay+1","MillisecondPulsars","MilkyWay"],"relics":["MiniHakkero","LagranYue:RandomDrawCardRelic","ShroomBag","ZombieArmy","Grinning Jar","MealTicket","Ice Cream","Busted Crown","Replay:Bottled Steam","Anchor","ReplayFunnel","Strawberry","Replay:Bottled Snecko","LastBattle"],"acts_visited":["Exordium","TheCity"],"potions_floor_usage":[23,23,30,30],"damage_taken":[{"damage":0.0,"enemies":"2 Louse","floor":1.0,"turns":2.0},{"damage":7.0,"enemies":"Small Slimes","floor":5.0,"turns":4.0},{"damage":9.0,"enemies":"Lagavulin","floor":7.0,"turns":6.0},{"damage":9.0,"enemies":"Replay:BlueRogue","floor":10.0,"turns":4.0},{"damage":20.0,"enemies":"Lagavulin","floor":12.0,"turns":4.0},{"damage":2.0,"enemies":"Jaw Worm","floor":13.0,"turns":2.0},{"damage":4.0,"enemies":"2 Fungi Beasts","floor":14.0,"turns":4.0},{"damage":23.0,"enemies":"Slime Boss","floor":16.0,"turns":7.0},{"damage":21.0,"enemies":"3 Byrds","floor":18.0,"turns":5.0},{"damage":24,"enemies":"2 Thieves","floor":20,"turns":4},{"damage":46,"enemies":"Book of Stabbing","floor":23,"turns":5},{"damage":9,"enemies":"Centurion and Healer","floor":25,"turns":4},{"damage":26,"enemies":"conspire:SneckoGhost","floor":27,"turns":8},{"damage":13,"enemies":"Snecko","floor":29,"turns":4},{"damage":11,"enemies":"Book of Stabbing","floor":30,"turns":5},{"damage":4,"enemies":"Snake Plant","floor":31,"turns":3},{"damage":58,"enemies":"Collector","floor":33,"turns":6}],"seed_played":"6040617326497875307","potions_obtained":[{"floor":1.0,"key":"ColorlessPotion"},{"floor":5.0,"key":"Weak Potion"},{"floor":12.0,"key":"DuplicationPotion"},{"floor":13.0,"key":"Toxic Potion"},{"floor":20,"key":"PowerPotion"},{"floor":23,"key":"CultistPotion"},{"floor":29,"key":"Block Potion"}],"is_trial":false,"path_per_floor":["M","?","?","?","M","R","E","R","T","E","R","E","M","M","R","B",null,"M","?","M","?","$","E","R","M","T","E","?","M","E","M","R","B"],"character_chosen":"MARISA","items_purchased":["Replay:Bottled Steam"],"campfire_rested":1,"item_purchase_floors":[22],"current_hp_per_floor":[63,63,63,70,63,63,58,58,58,57,57,45,45,53,53,42,63,54,54,42,42,57,23,44,47,47,40,40,35,36,44,44,0,0],"gold":112,"neow_bonus":"THREE_RARE_CARDS","is_daily":false,"chose_seed":false,"campfire_upgraded":4,"win_rate":0.0,"timestamp":1607951837,"path_taken":["M","?","?","?","M","R","E","R","T","E","R","E","M","?","R","BOSS","M","?","M","?","$","E","R","M","T","E","?","M","E","M","R","BOSS"],"items_purchased_type":["Relic"],"build_version":"2020-12-13","purchased_purges":0,"victory":false,"max_hp_per_floor":[70,70,70,70,70,70,70,70,70,70,70,70,70,70,70,70,70,70,70,70,70,70,70,70,70,70,77,77,77,77,77,77,77,77],"card_choices":[{"not_picked":["CollectingQuirk","SuperNova"],"picked":"UltimateShortwave","floor":0.0},{"not_picked":["EnergyFlow","DC","AlicesGift"],"picked":"SKIP","floor":1.0},{"not_picked":["LuminesStrike","DragonMeteor"],"picked":"EarthLightRay","floor":5.0},{"not_picked":["DragonMeteor","UnstableBomb","AsteroidBelt"],"picked":"SKIP","floor":7.0},{"not_picked":["MagicChant","WitchOfGreed","MachineGunSpark"],"picked":"SKIP","floor":10.0},{"not_picked":["DC","WitchOfGreed"],"picked":"MilkyWay","floor":12.0},{"not_picked":["DarkSpark","NonDirectionalLaser"],"picked":"EarthLightRay","floor":13.0},{"not_picked":["DarkMatter","ChargingUp","PulseMagic"],"picked":"SKIP","floor":14.0},{"not_picked":["JA","BlazingStar"],"picked":"TreasureHunter","floor":16.0},{"not_picked":["DC"],"picked":"SKIP","floor":18.0},{"not_picked":[],"picked":"MilkyWay+1","floor":20},{"not_picked":[],"picked":"MillisecondPulsars","floor":23},{"not_picked":["RefractionSpark"],"picked":"SKIP","floor":25},{"not_picked":["IllusionStar"],"picked":"SKIP","floor":27},{"not_picked":["SuperPerseids"],"picked":"SKIP","floor":29},{"not_picked":["ShootingEcho"],"picked":"SKIP","floor":30},{"not_picked":[],"picked":"MilkyWay","floor":31}],"player_experience":465273,"relics_obtained":[{"floor":7.0,"key":"ShroomBag"},{"floor":9.0,"key":"ZombieArmy"},{"floor":10.0,"key":"Grinning Jar"},{"floor":12.0,"key":"MealTicket"},{"floor":15.0,"key":"Ice Cream"},{"floor":23,"key":"Anchor"},{"floor":26,"key":"ReplayFunnel"},{"floor":27,"key":"Strawberry"},{"floor":30,"key":"Replay:Bottled Snecko"},{"floor":30,"key":"LastBattle"}],"event_choices":[{"damage_healed":23.0,"max_hp_gain":0.0,"max_hp_loss":0.0,"gold_gain":0.0,"event_name":"Big Fish","player_choice":"Banana","floor":4.0,"gold_loss":0.0,"damage_taken":0.0},{"damage_healed":0,"gold_gain":0,"player_choice":"Ignored","damage_taken":0,"max_hp_gain":0,"max_hp_loss":0,"event_name":"Ghosts","floor":21,"gold_loss":0},{"damage_healed":0,"gold_gain":0,"player_choice":"Upgraded Two","damage_taken":0,"max_hp_gain":0,"max_hp_loss":0,"event_name":"Designer","floor":28,"gold_loss":50,"cards_upgraded":["MilkyWay","Strike_MRS"]}],"is_beta":false,"boss_relics":[{"not_picked":["Astrolabe","Hololive_TopUpMoneyS"],"picked":"Busted Crown"}],"items_purged_floors":[],"is_endless":false,"potions_floor_spawned":[1,5,12,13,14,20,23,29],"killed_by":"Collector","ascension_level":16}}