{"host":"exlsoi54q6pc3sri","time":1607904850,"event":{"mods":["2.2 Compatiblity","AchievementEnabler","Act Like it!","Aspiration","BaseMod","Beaked The Cultist","Better Altar","Better Match","Better Note","Better Sensory Stone","Better Skull","Better Third Choice","BetterRewards","CCEM","Colored Map","Colored Powertips","Conspire","Downfall","Friendly Minions","GifTheSpireLib","Halation","Highlight Path","Hubris","Infinite Spire","Jedi Mod","Jorbs\u0027s Wanderer Trilogy","Marisa????????","Mimic Mod","Minty Spire (QoL Compilation)","Permanent Neow","Rare Cards Sparkle","Replay The Spire","Shop Mod","Spicy Shops","StSLib","Stuff the Spire","Unceasing Turn Reminder"],"gold_per_floor":[99,124,124,152,166,166,213,138,172,97,108,127,127,143,161,259,259,259,16,34,34,59,75,99,114,114,140,151,151,166,166,186,285,285,285,295,295,295],"floor_reached":37,"playtime":3672,"items_purged":[],"score":479,"play_id":"1176b6f3-bdfd-4d1f-8fa8-17d69e70d964","local_time":"20201214001410","is_ascension_mode":false,"campfire_choices":[{"floor":1,"key":"REST"},{"data":"hexamod:GhostOfSpirePresent","floor":6,"key":"SMITH"},{"floor":8,"key":"RECALL"},{"data":"hexamod:GhostflameInferno","floor":10,"key":"SMITH"},{"data":"hexamod:EtherealExpedition","floor":18,"key":"SMITH"},{"data":"hexamod:Again","floor":21,"key":"SMITH"},{"data":"Dramatic Entrance","floor":26,"key":"SMITH"},{"data":"hexamod:RecurringNightmare","floor":35,"key":"SMITH"}],"circlet_count":0,"master_deck":["hexamod:Strike","hexamod:Strike","hexamod:Strike","hexamod:Defend","hexamod:Defend","hexamod:Defend","hexamod:Sear","hexamod:Float","hexamod:SwordOfDarkness","hexamod:HexaLevel","hexamod:GhostOfSpirePresent+1","hexamod:GhostflameInferno+1","hexamod:GhostLash","hexamod:Again+1","Dramatic Entrance+1","hexamod:EtherealExpedition+1","hexamod:SwordOfDarkness","hexamod:ParanormalForm","hexamod:HauntingEcho","hexamod:SpectersWail+1","hexamod:GhostShield+1","Replay:SS_fish_1+1","hexamod:Rewind","Impatience+1","hexamod:Haunt+1","Replay:Sssssssssshield+1","hexamod:SpectersWail","hexamod:GhostShield+1","Guardian:Defend_Guardian","hexamod:RecurringNightmare+1","hexamod:GhostflameBarrier+1","hexamod:SixthSeal","stsjorbsmod:TickingCurse","stsjorbsmod:Possession","hexamod:HeatMetal+1"],"relics":["hexamod:SpiritBrand","CCEMRelics:DerglesHeadphones","Strawberry","ReplayTheSpireMod:Lightbulb","downfall:HeartBlessingBlue","jedi:shrinkray","downfall:HeartBlessingRed","StuffTheSpire:RunicHypercube","Boot","aspiration:Nostalgia","stsjorbsmod:BookOfTrialsRelic","CCEMRelics:FestiveHat","Regal Pillow","Darkstone Periapt","downfall:KnowingSkull"],"acts_visited":["Exordium","TheCity","TheBeyond"],"potions_floor_usage":[9,16,16,16,33,33],"damage_taken":[{"damage":38,"enemies":"3 Sentries","floor":2,"turns":11},{"damage":3,"enemies":"Replay:BlueRogue","floor":4,"turns":6},{"damage":0,"enemies":"2 Louse","floor":5,"turns":2},{"damage":23,"enemies":"Lagavulin","floor":9,"turns":7},{"damage":0,"enemies":"Small Slimes","floor":11,"turns":3},{"damage":5,"enemies":"Jaw Worm","floor":12,"turns":3},{"damage":1,"enemies":"Blue Slaver","floor":14,"turns":3},{"damage":4,"enemies":"Exordium Thugs","floor":15,"turns":3},{"damage":29,"enemies":"downfall:Ironclad","floor":16,"turns":5},{"damage":0,"enemies":"downfall:FleeingMerchant","floor":19,"turns":4},{"damage":5,"enemies":"3 Byrds","floor":20,"turns":3},{"damage":27,"enemies":"Slavers","floor":22,"turns":3},{"damage":0,"enemies":"Spheric Guardian","floor":23,"turns":2},{"damage":0,"enemies":"Chosen and Byrds","floor":25,"turns":3},{"damage":2,"enemies":"Gremlin Leader","floor":27,"turns":4},{"damage":1,"enemies":"3 Cultists","floor":28,"turns":3},{"damage":14,"enemies":"Snake Plant","floor":30,"turns":3},{"damage":20,"enemies":"Shelled Parasite and Fungi","floor":32,"turns":3},{"damage":19,"enemies":"downfall:Defect","floor":33,"turns":7},{"damage":31,"enemies":"3 Shapes","floor":36,"turns":4},{"damage":2,"enemies":"downfall:FleeingMerchant","floor":37,"turns":3}],"seed_played":"-2670842132034809945","potions_obtained":[{"floor":4,"key":"hexamod:EctoCoolerPotion"},{"floor":5,"key":"jedi:tentaclejuice"},{"floor":9,"key":"Toxic Potion"},{"floor":11,"key":"Strength Potion"},{"floor":16,"key":"champ:CounterPotion"},{"floor":22,"key":"FairyPotion"},{"floor":23,"key":"Swift Potion"},{"floor":27,"key":"AttackPotion"},{"floor":33,"key":"SkillPotion"},{"floor":36,"key":"Regen Potion"}],"is_trial":false,"path_per_floor":["R","E","?","E","M","R","T","R","E","R","M","M","?","M","M","B",null,"R","$","M","R","E","M","T","M","R","E","M","?","M","?","M","B",null,"R","M","$"],"character_chosen":"THE_SPIRIT","items_purchased":["Boot","aspiration:Nostalgia"],"campfire_rested":1,"item_purchase_floors":[19,19],"current_hp_per_floor":[70,32,36,33,33,45,45,55,32,44,44,39,39,38,34,5,87,87,87,82,87,60,60,60,60,72,70,69,69,55,48,28,9,87,87,56,54,54],"gold":295,"neow_bonus":"REMOVE_TWO","is_daily":false,"chose_seed":false,"campfire_upgraded":6,"win_rate":0.0,"timestamp":1607904850,"path_taken":["R","E","?","E","M","R","T","R","E","R","M","M","?","?","M","BOSS","R","$","M","R","E","M","T","M","R","E","M","?","M","?","M","BOSS","R","M","$"],"items_purchased_type":["Relic","Relic"],"build_version":"2020-11-30","purchased_purges":0,"victory":false,"max_hp_per_floor":[70,70,77,77,77,77,77,87,87,87,87,87,87,87,87,87,87,87,87,87,87,87,87,87,87,87,87,87,87,87,87,87,87,87,87,87,87,87],"card_choices":[{"not_picked":["hexamod:HauntingEcho","hexamod:Firestarter"],"picked":"hexamod:SwordOfDarkness","floor":2},{"not_picked":["hexamod:FastForward","hexamod:ThermalTransfer"],"picked":"hexamod:HexaLevel","floor":4},{"not_picked":["hexamod:HauntingEcho","hexamod:Firestarter"],"picked":"hexamod:GhostOfSpirePresent","floor":5},{"not_picked":["hexamod:Rewind","hexamod:NecessarySacrifice"],"picked":"hexamod:GhostflameInferno","floor":9},{"not_picked":["hexamod:GhostOfSpirePresent","hexamod:Incineration"],"picked":"hexamod:GhostLash","floor":11},{"not_picked":["hexamod:GhostLash","hexamod:NightmareStrike"],"picked":"hexamod:Again","floor":12},{"not_picked":["Survey Options","Replay:Bootleg Shield Generator"],"picked":"Dramatic Entrance","floor":13},{"not_picked":["hexamod:ThermalTransfer","hexamod:GhostOfSpireFuture"],"picked":"hexamod:EtherealExpedition","floor":14},{"not_picked":["hexamod:GhostOfSpireFuture","hexamod:NightmareStrike"],"picked":"hexamod:SwordOfDarkness","floor":15},{"not_picked":["hexamod:WildfireWeapon","hexamod:SearingWound"],"picked":"hexamod:ParanormalForm","floor":16},{"not_picked":["hexamod:CatchUp","hexamod:Hexaguard+1"],"picked":"hexamod:HauntingEcho","floor":19},{"not_picked":["hexamod:Hexaguard","hexamod:RainOfEmbers+1"],"picked":"hexamod:SpectersWail+1","floor":20},{"not_picked":["hexamod:AdvancingGuard","hexamod:SearingWound"],"picked":"hexamod:GhostShield+1","floor":22},{"not_picked":["expansioncontent:QuickStudy+1","expansioncontent:Corrupt+1"],"picked":"Replay:SS_fish_1+1","floor":23},{"not_picked":["hexamod:InspiringFlames","hexamod:NightmareGuise+1"],"picked":"hexamod:Rewind","floor":23},{"not_picked":["Replay:Sssssssssstrike+1","expansioncontent:DashGenerateEvil+1"],"picked":"Impatience+1","floor":25},{"not_picked":["hexamod:SpectersWail","hexamod:ChargedBarrage+1"],"picked":"hexamod:Haunt+1","floor":25},{"not_picked":["expansioncontent:SlimeTackle+1","expansioncontent:DashGenerateEvil+1"],"picked":"Replay:Sssssssssshield+1","floor":27},{"not_picked":["hexamod:ChargedBarrage","hexamod:HauntingEcho"],"picked":"hexamod:SpectersWail","floor":27},{"not_picked":["hexamod:Firestarter","hexamod:NightmareGuise+1"],"picked":"hexamod:GhostShield+1","floor":28},{"not_picked":["hexamod:Incineration+1","hexamod:FastForward"],"picked":"hexamod:RecurringNightmare","floor":30},{"not_picked":["hexamod:NecessarySacrifice","hexamod:DynamicBlow"],"picked":"hexamod:GhostflameBarrier+1","floor":32},{"not_picked":["hexamod:HexaLevel","hexamod:ParanormalForm"],"picked":"hexamod:SixthSeal","floor":33},{"not_picked":["hexamod:ThermalTransfer+1","hexamod:RainOfEmbers+1"],"picked":"hexamod:HeatMetal+1","floor":36}],"player_experience":67078,"relics_obtained":[{"floor":2,"key":"CCEMRelics:DerglesHeadphones"},{"floor":4,"key":"ReplayTheSpireMod:Lightbulb"},{"floor":9,"key":"jedi:shrinkray"},{"floor":22,"key":"CCEMRelics:FestiveHat"},{"floor":24,"key":"Regal Pillow"},{"floor":27,"key":"Darkstone Periapt"}],"event_choices":[{"damage_healed":0,"gold_gain":0,"player_choice":"Relic ","damage_taken":3,"max_hp_gain":0,"max_hp_loss":0,"event_name":"betterThird:BetterScrap","floor":3,"gold_loss":0,"cards_obtained":["Predator"]},{"damage_healed":0,"gold_gain":1,"player_choice":"1","damage_taken":0,"max_hp_gain":0,"max_hp_loss":0,"event_name":"betterStone:BetterStone","floor":13,"gold_loss":0},{"cards_removed":["Impatience"],"damage_healed":0,"gold_gain":0,"player_choice":"Take \u0026 Give","damage_taken":0,"max_hp_gain":0,"max_hp_loss":0,"event_name":"betterNote:BetterNote","floor":29,"gold_loss":0,"cards_obtained":["Guardian:Defend_Guardian"]}],"is_beta":false,"boss_relics":[{"not_picked":["aspiration:RunicSpoon","aspiration:SecretTechniqueScroll"],"picked":"StuffTheSpire:RunicHypercube"},{"not_picked":["Replay:Bronze Core","Coffee Dripper","halation:SmartPhone"]}],"items_purged_floors":[],"is_endless":false,"potions_floor_spawned":[4,5,9,11,16,22,23,27,33,36],"killed_by":"downfall:FleeingMerchant","ascension_level":0}}