{"host":"m6aaltr68g9tvoay","time":1607986350,"event":{"mods":["AchievementEnabler","BaseMod","Colored Map","Minty Spire (QoL Compilation)","StSLib"],"gold_per_floor":[115,133,149,69,69,69,69,69,69,69,69,69],"floor_reached":11,"playtime":659,"items_purged":[],"score":119,"play_id":"dcc2b7b5-1b54-49d0-a9ef-3f09866b7279","local_time":"20201214145230","is_ascension_mode":true,"campfire_choices":[{"data":"Distraction","floor":6,"key":"SMITH"},{"floor":8,"key":"REST"}],"circlet_count":0,"master_deck":["AscendersBane","Strike_G","Strike_G","Strike_G","Strike_G","Strike_G","Defend_G","Defend_G","Defend_G","Defend_G","Defend_G","Survivor","Neutralize+1","Backflip","Distraction+1","Flying Knee","Backstab"],"relics":["Sozu","Kunai"],"acts_visited":["Exordium"],"potions_floor_usage":[],"damage_taken":[{"damage":0,"enemies":"2 Louse","floor":1,"turns":2},{"damage":4,"enemies":"Jaw Worm","floor":2,"turns":5},{"damage":7,"enemies":"Small Slimes","floor":3,"turns":5},{"damage":69,"enemies":"Lagavulin","floor":11,"turns":14}],"seed_played":"-7375357284062956981","potions_obtained":[],"is_trial":false,"path_per_floor":["M","M","M","$","?","R","?","R","T","?","E"],"character_chosen":"THE_SILENT","items_purchased":["Backstab"],"campfire_rested":1,"item_purchase_floors":[4],"current_hp_per_floor":[59,55,48,48,48,48,48,66,66,66,0,0],"gold":69,"neow_bonus":"BOSS_RELIC","is_daily":false,"chose_seed":false,"campfire_upgraded":1,"win_rate":0.0,"timestamp":1607986350,"path_taken":["M","M","M","$","?","R","?","R","T","?","E"],"items_purchased_type":["Card"],"build_version":"2020-12-13","purchased_purges":0,"victory":false,"max_hp_per_floor":[66,66,66,66,66,66,66,66,66,66,66,66],"card_choices":[{"not_picked":["Setup","Dodge and Roll"],"picked":"Backflip","floor":1},{"not_picked":["Deflect","Calculated Gamble"],"picked":"Distraction","floor":2},{"not_picked":["Leg Sweep","Prepared"],"picked":"Flying Knee","floor":3}],"player_experience":1233499,"relics_obtained":[{"floor":9,"key":"Kunai"}],"event_choices":[{"damage_healed":0,"gold_gain":0,"player_choice":"Ignored","damage_taken":0,"max_hp_gain":0,"max_hp_loss":0,"event_name":"Liars Game","floor":5,"gold_loss":0},{"damage_healed":0,"gold_gain":0,"player_choice":"Ignored","damage_taken":0,"max_hp_gain":0,"max_hp_loss":0,"event_name":"Shining Light","floor":7,"gold_loss":0},{"damage_healed":0,"gold_gain":0,"player_choice":"Forge","damage_taken":0,"max_hp_gain":0,"max_hp_loss":0,"event_name":"Accursed Blacksmith","floor":10,"gold_loss":0,"cards_upgraded":["Neutralize"]}],"is_beta":false,"boss_relics":[],"items_purged_floors":[],"is_endless":false,"potions_floor_spawned":[1,2],"killed_by":"Lagavulin","ascension_level":19}}