{"host":"jm9833yuloeli2yd","time":1607978241,"event":{"mods":["AchievementEnabler","BaseMod","Better Altar","Better Match","Better Note","Better Sensory Stone","Better Skull","Better Vampires","Colored Map","Colored Powertips","DeckTracker","Minty Spire (QoL Compilation)","Permanent Neow","Quick Restart","Replay The Spire","StSLib","SuperFastMode"],"gold_per_floor":[109,119,138,28,28,60,72,104,142,154,193,217,229,251,263,351,363,388,59,89,139,139,182,214,236,236,74,117,137,160,174,174],"floor_reached":31,"playtime":956,"items_purged":[],"score":628,"play_id":"37a5b3e0-53b0-4ace-8824-16f2cbd47b57","local_time":"20201214153721","is_ascension_mode":true,"campfire_choices":[{"data":"Go for the Eyes","floor":7.0,"key":"SMITH"},{"floor":10.0,"key":"REST"},{"floor":13.0,"key":"REST"},{"data":"Mirror Shield","floor":15.0,"key":"SMITH"}],"circlet_count":0,"master_deck":["AscendersBane","Defend_B","Defend_B","Defend_B","Defend_B","Zap","Dualcast","Gash","Go for the Eyes+1","Ball Lightning","BootSequence+1","Mirror Shield+1","Leap","Lockon","Gash","Mirror Shield","Go for the Eyes+1","Genetic Algorithm","Finesse","Turbo","Steam","Coolheaded","Glacier","Blizzard"],"relics":["Cracked Core","MawBank","Omamori","Replay:Baseball","Replay:Drink Me","Replay:Bandana","WarpedTongs","Girya","Replay:WaspNest","Strange Spoon","Vajra"],"acts_visited":["Exordium","TheCity"],"potions_floor_usage":[23,28],"damage_taken":[{"damage":1.0,"enemies":"Cultist","floor":1.0,"turns":3.0},{"damage":2.0,"enemies":"2 Louse","floor":2.0,"turns":3.0},{"damage":0.0,"enemies":"Jaw Worm","floor":3.0,"turns":3.0},{"damage":22.0,"enemies":"Lagavulin","floor":6.0,"turns":6.0},{"damage":20.0,"enemies":"Gremlin Gang","floor":8.0,"turns":5.0},{"damage":15.0,"enemies":"3 Sentries","floor":11.0,"turns":7.0},{"damage":10.0,"enemies":"Exordium Wildlife","floor":12.0,"turns":5.0},{"damage":4.0,"enemies":"Blue Slaver","floor":14.0,"turns":4.0},{"damage":21.0,"enemies":"Hexaghost","floor":16.0,"turns":11.0},{"damage":0.0,"enemies":"Chosen","floor":18.0,"turns":3.0},{"damage":0.0,"enemies":"3 Byrds","floor":20.0,"turns":5.0},{"damage":0,"enemies":"Gremlin Leader","floor":23,"turns":10},{"damage":0,"enemies":"Snake Plant","floor":24,"turns":4},{"damage":0,"enemies":"Centurion and Healer","floor":25,"turns":8},{"damage":37,"enemies":"Slavers","floor":28,"turns":5},{"damage":0,"enemies":"Shelled Parasite and Fungi","floor":29,"turns":6},{"damage":4,"enemies":"3 Cultists","floor":30,"turns":6},{"damage":1,"enemies":"Sentry and Sphere","floor":31,"turns":2}],"seed_played":"-3938594373415721857","potions_obtained":[{"floor":8.0,"key":"EntropicBrew"},{"floor":12.0,"key":"Weak Potion"},{"floor":14.0,"key":"EssenceOfSteel"},{"floor":16.0,"key":"LiquidMemories"},{"floor":18.0,"key":"Weak Potion"},{"floor":20.0,"key":"DuplicationPotion"},{"floor":25,"key":"Strength Potion"}],"is_trial":false,"path_per_floor":["M","M","M","$","?","E","R","M","T","R","E","M","R","M","R","B",null,"M","$","M","?","?","E","M","M","T","$","E","M","M","M"],"character_chosen":"DEFECT","items_purchased":["BootSequence+1","Adrenaline Potion","Genetic Algorithm","Replay:Bandana","Finesse","Strange Spoon"],"campfire_rested":2,"item_purchase_floors":[4,4,19,19,19,27],"current_hp_per_floor":[63,61,61,61,54,32,32,12,12,33,18,8,29,25,25,4,42,42,42,42,42,42,42,42,42,42,42,5,5,1,0,0],"gold":174,"neow_bonus":"THREE_CARDS","is_daily":false,"chose_seed":false,"campfire_upgraded":2,"win_rate":0.0,"timestamp":1607978241,"path_taken":["M","M","M","$","?","E","R","M","T","R","E","M","R","M","R","BOSS","M","$","M","?","?","E","M","M","T","$","E","M","M","M"],"items_purchased_type":["Card","Potion","Card","Relic","Card","Relic"],"build_version":"2020-12-13","purchased_purges":0,"victory":false,"max_hp_per_floor":[71,71,71,71,71,71,71,71,71,71,71,71,71,71,71,71,54,54,54,54,54,54,54,54,54,54,54,54,54,54,54,54],"card_choices":[{"not_picked":["Redo","Sweeping Beam"],"picked":"Gash","floor":0.0},{"not_picked":["Stack","Leap","ReplaySolidLightProjector"],"picked":"SKIP","floor":1.0},{"not_picked":["Sweeping Beam","Barrage"],"picked":"Go for the Eyes","floor":2.0},{"not_picked":["Beam Cell","Cold Snap"],"picked":"Ball Lightning","floor":3.0},{"not_picked":["Coolheaded","Go for the Eyes"],"picked":"Mirror Shield","floor":6.0},{"not_picked":["ReplaySort","Barrage"],"picked":"Leap","floor":8.0},{"not_picked":["ReplayTheSpireMod:Repulse","Go for the Eyes"],"picked":"Lockon","floor":11.0},{"not_picked":["Leap","Self Repair"],"picked":"Gash","floor":12.0},{"not_picked":["Sweeping Beam","ReplaySort","Go for the Eyes"],"picked":"SKIP","floor":14.0},{"not_picked":["Thunder Strike","ReplayRNGCard"],"picked":"Mirror Shield","floor":16.0},{"not_picked":["Sweeping Beam","Rebound+1"],"picked":"Go for the Eyes+1","floor":18.0},{"not_picked":["Doom and Gloom","BasicCrystalCard"],"picked":"Turbo","floor":20.0},{"not_picked":["Redo","Streamline","Sweeping Beam+1"],"picked":"SKIP","floor":23},{"not_picked":["Sweeping Beam","Turbo"],"picked":"Steam","floor":24},{"not_picked":["Turbo","Scrape"],"picked":"Coolheaded","floor":25},{"not_picked":["Sweeping Beam","Leap","FIFO Queue"],"picked":"SKIP","floor":28},{"not_picked":["Streamline+1","Crystallizer"],"picked":"Glacier","floor":29},{"not_picked":["Leap","Blizzard","Chaos"],"picked":"SKIP","floor":30},{"not_picked":["Leap","Chaos"],"picked":"Blizzard","floor":30}],"player_experience":1057534,"relics_obtained":[{"floor":6.0,"key":"MawBank"},{"floor":9.0,"key":"Omamori"},{"floor":11.0,"key":"Replay:Baseball"},{"floor":23,"key":"Girya"},{"floor":26,"key":"Replay:WaspNest"},{"floor":28,"key":"Vajra"}],"event_choices":[{"cards_removed":["Strike_B"],"damage_healed":0.0,"max_hp_gain":0.0,"max_hp_loss":0.0,"gold_gain":0.0,"event_name":"Golden Wing","player_choice":"Card Removal","floor":5.0,"gold_loss":0.0,"damage_taken":7.0},{"damage_healed":0.0,"max_hp_gain":0.0,"max_hp_loss":0.0,"gold_gain":50.0,"event_name":"Nest","player_choice":"Stole From Cult","floor":21.0,"gold_loss":0.0,"damage_taken":0.0},{"damage_healed":0.0,"max_hp_gain":0.0,"max_hp_loss":0.0,"gold_gain":0.0,"event_name":"Accursed Blacksmith","player_choice":"Rummage","floor":22.0,"gold_loss":0.0,"damage_taken":0.0,"relics_obtained":["WarpedTongs"],"cards_obtained":["Pain"]}],"is_beta":false,"boss_relics":[{"not_picked":["Kintsugi","ReplayTheSpireMod:DimensionalGlitch"],"picked":"Replay:Drink Me"}],"items_purged_floors":[],"is_endless":false,"potions_floor_spawned":[8,12,14,16,18,20,25],"killed_by":"Sentry and Sphere","ascension_level":20}}