{"host":"bux1pdxjwq4dkad9","time":1607927621,"event":{"mods":["BaseMod","Colored Map","Minty Spire (QoL Compilation)","Quick Restart","Robot Space Explorer","Shop Mod","Spicy Shops","StSLib","SuperFastMode","The Alterego","Thieving Mod","Uncapped","【人物mod】游戏王New YuGiOh mod","【遗物Mod】简单游戏"],"gold_per_floor":[109,121,139,314,325,325,358,378,378,404,404,404,418,430,430,532,532,547,547,561,571,582,582,610,610,610,632,647,647,264,264,264,360,360,384,409,409,389,197,234,258,274,301,351,386,386,386,41,41,46,46,46,22,53,58],"floor_reached":56,"playtime":2618,"items_purged":["RobotSpaceExplorer:Strike","RobotSpaceExplorer:Strike","RobotSpaceExplorer:Defend"],"score":1614,"play_id":"6b1fea7a-450d-42b2-8912-0df9cebfe087","local_time":"20201214143341","is_ascension_mode":false,"campfire_choices":[{"data":"Doubt","floor":6.0,"key":"PURGE"},{"data":"RobotSpaceExplorer:Strike","floor":11.0,"key":"PURGE"},{"data":"RobotSpaceExplorer:FranticSearch","floor":15.0,"key":"SMITH"},{"data":"Pain","floor":23.0,"key":"PURGE"},{"data":"RobotSpaceExplorer:Strike","floor":25.0,"key":"PURGE"},{"data":"RobotSpaceExplorer:FranticSearch","floor":29.0,"key":"SMITH"},{"data":"RobotSpaceExplorer:Defend","floor":32.0,"key":"PURGE"},{"floor":46,"key":"RECALL"},{"data":"Apotheosis","floor":49,"key":"SMITH"},{"data":"RobotSpaceExplorer:Autoloader","floor":52,"key":"SMITH"}],"circlet_count":0,"master_deck":["RobotSpaceExplorer:Defend","RobotSpaceExplorer:Scan","RobotSpaceExplorer:MiniLasers+1","RobotSpaceExplorer:LuckyStrike","RobotSpaceExplorer:Counterblock","RobotSpaceExplorer:FreezeRay","RobotSpaceExplorer:FranticSearch+1","RobotSpaceExplorer:FranticSearch+1","RobotSpaceExplorer:StarLightning","RobotSpaceExplorer:MetalStrike+1","RobotSpaceExplorer:Autoloader+1","RobotSpaceExplorer:SwiftStep","RobotSpaceExplorer:SelfCleaning","Finesse","Apotheosis+1","Deep Breath","RobotSpaceExplorer:MiniBoosters+1"],"relics":["RobotSpaceExplorer:RoboCore","TimeKeys","NeowsBlessing","Dream Catcher","Singing Bowl","Vajra","SlaversCollar","WarpedTongs","Thread and Needle","Juzu Bracelet","Membership Card","Omamori","Art of War","MutagenicStrength","Cursed Key","RobotSpaceExplorer:BottledGravity","Gambling Chip","Ancient Tea Set","Torii","Blood Vial","Shuriken","HornCleat","Whetstone"],"acts_visited":["Exordium","TheCity","TheBeyond","TheEnding"],"potions_floor_usage":[55,55,55],"damage_taken":[{"damage":0.0,"enemies":"Cultist","floor":1.0,"turns":1.0},{"damage":0.0,"enemies":"Small Slimes","floor":2.0,"turns":1.0},{"damage":0.0,"enemies":"2 Louse","floor":3.0,"turns":1.0},{"damage":0.0,"enemies":"Exordium Thugs","floor":5.0,"turns":1.0},{"damage":9.0,"enemies":"Gremlin Nob","floor":7.0,"turns":3.0},{"damage":0.0,"enemies":"Red Slaver","floor":8.0,"turns":4.0},{"damage":0.0,"enemies":"Lagavulin","floor":10.0,"turns":7.0},{"damage":0.0,"enemies":"Exordium Wildlife","floor":13.0,"turns":4.0},{"damage":0.0,"enemies":"3 Louse","floor":14.0,"turns":4.0},{"damage":0.0,"enemies":"The Guardian","floor":16.0,"turns":14.0},{"damage":0.0,"enemies":"Spheric Guardian","floor":18.0,"turns":3.0},{"damage":12.0,"enemies":"Shell Parasite","floor":20.0,"turns":5.0},{"damage":5.0,"enemies":"Shelled Parasite and Fungi","floor":21.0,"turns":2.0},{"damage":39.0,"enemies":"Chosen and Byrds","floor":22.0,"turns":6.0},{"damage":0.0,"enemies":"Slavers","floor":24.0,"turns":1.0},{"damage":7.0,"enemies":"3 Cultists","floor":27.0,"turns":3.0},{"damage":6.0,"enemies":"Centurion and Healer","floor":28.0,"turns":8.0},{"damage":0.0,"enemies":"Champ","floor":33.0,"turns":9.0},{"damage":0.0,"enemies":"Orb Walker","floor":35.0,"turns":2.0},{"damage":1.0,"enemies":"3 Darklings","floor":36.0,"turns":6.0},{"damage":0.0,"enemies":"Giant Head","floor":40.0,"turns":3.0},{"damage":0.0,"enemies":"Transient","floor":41.0,"turns":5.0},{"damage":26.0,"enemies":"4 Shapes","floor":42.0,"turns":6.0},{"damage":0,"enemies":"Mind Bloom Boss Battle","floor":44,"turns":3},{"damage":0,"enemies":"Nemesis","floor":45,"turns":3},{"damage":0,"enemies":"Donu and Deca","floor":50,"turns":2},{"damage":0,"enemies":"Shield and Spear","floor":54,"turns":2},{"damage":0,"enemies":"The Heart","floor":55,"turns":6}],"seed_played":"-9028006673069705920","potions_obtained":[{"floor":1.0,"key":"Ancient Potion"},{"floor":2.0,"key":"PowerPotion"},{"floor":5.0,"key":"Energy Potion"},{"floor":14.0,"key":"Ancient Potion"},{"floor":16.0,"key":"SneckoOil"},{"floor":18.0,"key":"BlessingOfTheForge"},{"floor":21.0,"key":"DistilledChaos"},{"floor":36.0,"key":"Weak Potion"},{"floor":54,"key":"SkillPotion"}],"is_trial":false,"path_per_floor":["M","M","M","?","M","R","E","M","T","E","R","?","M","M","R","B",null,"M","?","M","M","M","R","E","R","T","M","M","R","$","?","R","B",null,"M","M","?","?","$","E","M","M","T","?","E","R","?","$","R","B",null,"R","$","E","B",null],"character_chosen":"RobotSpaceExplorer","items_purchased":["Membership Card","Omamori","Art of War","RobotSpaceExplorer:BottledGravity","Shuriken","HornCleat","RobotSpaceExplorer:Wormhole","Dexterity Potion"],"campfire_rested":0,"item_purchase_floors":[30,30,30,39,48,48,48,53],"current_hp_per_floor":[75,75,75,75,75,75,66,67,67,68,68,85,87,87,87,87,87,89,89,79,78,41,41,43,43,43,38,32,32,32,32,32,32,95,97,98,88,88,88,92,94,72,72,74,78,78,78,78,78,82,107,107,107,109,109],"gold":58,"neow_bonus":"THREE_ENEMY_KILL","is_daily":false,"chose_seed":false,"campfire_upgraded":4,"win_rate":0.0,"timestamp":1607927621,"path_taken":["M","?","M","?","M","R","E","M","T","E","R","?","M","M","R","BOSS","M","?","?","M","M","R","E","R","T","M","M","R","$","?","R","BOSS","M","M","?","?","$","E","M","M","T","?","E","R","?","$","R","BOSS","R","$","E","BOSS"],"items_purchased_type":["Relic","Relic","Relic","Relic","Relic","Relic","Card","Potion"],"build_version":"2020-12-13","purchased_purges":3,"victory":true,"max_hp_per_floor":[75,75,75,75,75,75,75,75,75,75,75,85,87,87,87,87,87,89,89,91,93,93,93,93,93,93,95,95,95,95,95,95,95,95,97,99,99,99,99,101,101,103,103,105,107,107,107,107,107,107,107,107,107,109,109],"card_choices":[{"not_picked":["RobotSpaceExplorer:SurgingShield","RobotSpaceExplorer:PlasmaMissile"],"picked":"RobotSpaceExplorer:LuckyStrike","floor":1.0},{"not_picked":["RobotSpaceExplorer:Calculate","RobotSpaceExplorer:ScrapMissile"],"picked":"RobotSpaceExplorer:Counterblock","floor":2.0},{"not_picked":["RobotSpaceExplorer:MakeshiftVolley","RobotSpaceExplorer:Reload"],"picked":"RobotSpaceExplorer:FreezeRay","floor":3.0},{"not_picked":["RobotSpaceExplorer:ShockKick","RobotSpaceExplorer:Probe"],"picked":"RobotSpaceExplorer:FranticSearch","floor":5.0},{"not_picked":["RobotSpaceExplorer:JunkDive","RobotSpaceExplorer:Counterblock"],"picked":"RobotSpaceExplorer:FranticSearch","floor":7.0},{"not_picked":["RobotSpaceExplorer:FrostMissile","RobotSpaceExplorer:GlueShot"],"picked":"RobotSpaceExplorer:Accelerator","floor":8.0},{"not_picked":["RobotSpaceExplorer:ImprovisedAttack","RobotSpaceExplorer:Electropulse"],"picked":"RobotSpaceExplorer:StarLightning","floor":10.0},{"not_picked":["RobotSpaceExplorer:SurgingShield","RobotSpaceExplorer:ImprovisedAttack","RobotSpaceExplorer:SurgingStrike"],"picked":"Singing Bowl","floor":13.0},{"not_picked":["RobotSpaceExplorer:Counterblock","RobotSpaceExplorer:ShockKick"],"picked":"RobotSpaceExplorer:MetalStrike","floor":14.0},{"not_picked":["RobotSpaceExplorer:Scanner","RobotSpaceExplorer:ChargingLaser"],"picked":"RobotSpaceExplorer:Autoloader","floor":16.0},{"not_picked":["RobotSpaceExplorer:FranticSearch","RobotSpaceExplorer:LaserBurst","RobotSpaceExplorer:PlasmaMissile"],"picked":"Singing Bowl","floor":18.0},{"not_picked":["RobotSpaceExplorer:DoubleFind","RobotSpaceExplorer:GlueShot","RobotSpaceExplorer:Reload"],"picked":"Singing Bowl","floor":20.0},{"not_picked":["RobotSpaceExplorer:MiniDrones","RobotSpaceExplorer:SlimeMissile","RobotSpaceExplorer:StunGrenade+1"],"picked":"Singing Bowl","floor":21.0},{"not_picked":["RobotSpaceExplorer:SlimeMissile","RobotSpaceExplorer:Probe"],"picked":"RobotSpaceExplorer:JunkDive","floor":22.0},{"not_picked":["RobotSpaceExplorer:Smokescreen","RobotSpaceExplorer:FranticSearch"],"picked":"RobotSpaceExplorer:SwiftStep","floor":24.0},{"not_picked":["RobotSpaceExplorer:IronShell+1","RobotSpaceExplorer:StarDust+1","RobotSpaceExplorer:DualCore"],"picked":"Singing Bowl","floor":27.0},{"not_picked":["RobotSpaceExplorer:StunGrenade","RobotSpaceExplorer:GlueShot+1"],"picked":"RobotSpaceExplorer:SelfCleaning","floor":28.0},{"not_picked":["RobotSpaceExplorer:DroneSwarm","RobotSpaceExplorer:Autoloader"],"picked":"RobotSpaceExplorer:Exploration","floor":33.0},{"not_picked":["RobotSpaceExplorer:ShovelStrike","RobotSpaceExplorer:LaserBurst+1","RobotSpaceExplorer:Ammunition+1"],"picked":"Singing Bowl","floor":35.0},{"not_picked":["RobotSpaceExplorer:ScrapMissile+1","RobotSpaceExplorer:StarLightning+1","RobotSpaceExplorer:GlueSpray+1"],"picked":"Singing Bowl","floor":36.0},{"not_picked":["Good Instincts","Impatience"],"picked":"Finesse","floor":37.0},{"not_picked":["Forethought","Panacea"],"picked":"Apotheosis","floor":37.0},{"not_picked":["Mind Blast","PanicButton"],"picked":"Deep Breath","floor":37.0},{"not_picked":["RobotSpaceExplorer:LuckyStrike+1","RobotSpaceExplorer:Ammunition+1","RobotSpaceExplorer:Counterblock"],"picked":"Singing Bowl","floor":40.0},{"not_picked":["RobotSpaceExplorer:StunGrenade","RobotSpaceExplorer:FrostMissile"],"picked":"RobotSpaceExplorer:MiniBoosters+1","floor":41.0},{"not_picked":["RobotSpaceExplorer:SurgingShield","RobotSpaceExplorer:Pulsar","RobotSpaceExplorer:SelfCleaning+1"],"picked":"Singing Bowl","floor":42.0},{"not_picked":["RobotSpaceExplorer:Pulsar","RobotSpaceExplorer:ImprovisedAttack","RobotSpaceExplorer:ToxicBomb+1"],"picked":"Singing Bowl","floor":44},{"not_picked":["RobotSpaceExplorer:Explosion","RobotSpaceExplorer:LuckyStrike+1","RobotSpaceExplorer:Pulsar"],"picked":"Singing Bowl","floor":45},{"not_picked":["RobotSpaceExplorer:BigMissile","RobotSpaceExplorer:Counterblock","RobotSpaceExplorer:FreezeRay+1"],"picked":"Singing Bowl","floor":54}],"player_experience":2357123,"relics_obtained":[{"floor":7.0,"key":"Dream Catcher"},{"floor":9.0,"key":"Singing Bowl"},{"floor":10.0,"key":"Vajra"},{"floor":24.0,"key":"Thread and Needle"},{"floor":26.0,"key":"Juzu Bracelet"},{"floor":40.0,"key":"Gambling Chip"},{"floor":40.0,"key":"Ancient Tea Set"},{"floor":44,"key":"Torii"},{"floor":45,"key":"Blood Vial"},{"floor":54,"key":"Whetstone"}],"event_choices":[{"damage_healed":0.0,"max_hp_gain":0.0,"max_hp_loss":0.0,"gold_gain":175.0,"event_name":"Liars Game","player_choice":"AGREE","floor":4.0,"gold_loss":0.0,"damage_taken":0.0,"cards_obtained":["Doubt"]},{"cards_removed":["RobotSpaceExplorer:Accelerator"],"damage_healed":7.0,"max_hp_gain":10.0,"max_hp_loss":0.0,"gold_gain":0.0,"event_name":"Bonfire Elementals","player_choice":"Offered Rare","floor":12.0,"gold_loss":0.0,"damage_taken":0.0},{"damage_healed":0.0,"max_hp_gain":0.0,"max_hp_loss":0.0,"gold_gain":0.0,"event_name":"Accursed Blacksmith","player_choice":"Rummage","floor":19.0,"gold_loss":0.0,"damage_taken":0.0,"relics_obtained":["WarpedTongs"],"cards_obtained":["Pain"]},{"damage_healed":0.0,"max_hp_gain":0.0,"max_hp_loss":0.0,"gold_gain":0.0,"event_name":"Drug Dealer","player_choice":"Inject Mutagens","floor":31.0,"gold_loss":0.0,"damage_taken":0.0,"relics_obtained":["MutagenicStrength"]},{"damage_healed":0.0,"max_hp_gain":0.0,"max_hp_loss":0.0,"gold_gain":0.0,"event_name":"SensoryStone","player_choice":"Memory 3","floor":37.0,"gold_loss":0.0,"damage_taken":10.0},{"damage_healed":0.0,"max_hp_gain":0.0,"max_hp_loss":0.0,"gold_gain":0.0,"event_name":"The Woman in Blue","player_choice":"Bought 1 Potion","floor":38.0,"gold_loss":0.0,"damage_taken":0.0},{"damage_healed":0,"gold_gain":0,"player_choice":"Fight","damage_taken":0,"max_hp_gain":0,"max_hp_loss":0,"event_name":"MindBloom","floor":44,"gold_loss":0},{"cards_removed":["RobotSpaceExplorer:JunkDive"],"damage_healed":0,"gold_gain":0,"player_choice":"Removed Skill","damage_taken":0,"max_hp_gain":0,"max_hp_loss":0,"event_name":"Falling","floor":47,"gold_loss":0}],"is_beta":false,"boss_relics":[{"not_picked":["Empty Cage","RobotSpaceExplorer:Reprocessor"],"picked":"SlaversCollar"},{"not_picked":["Pandora\u0027s Box","Philosopher\u0027s Stone"],"picked":"Cursed Key"}],"items_purged_floors":[30,30,39],"is_endless":false,"potions_floor_spawned":[1,2,5,14,16,18,21,27,28,36,54],"ascension_level":0}}