{"host":"ku7h2vk4czvj6teb","time":1607975314,"event":{"mods":["2.2 Compatiblity","AchievementEnabler","Aspiration","BaseMod","Better Altar","Better Match","Better Note","Better Sensory Stone","Better Skull","Better Third Choice","Better Vampires","BetterRewards","Block Reminder","Colored Map","Colored Powertips","Conspire","Curses Come First","Downfall","Filter the Spire","Highlight Path","Hubris","Minty Spire (QoL Compilation)","Permanent Neow","Quick Restart","Rare Cards Sparkle","Relic Stats","Replay The Spire","Say the Spire","Shop Mod","Spicy Shops","StSLib","SuperFastMode","Swap Starting Deck Mod","Thieving Mod","Transform Curses","UnlockEverythingMod"],"gold_per_floor":[119,137,137,154,154,154,154,154,204,235,235,265,285,315,315,416,416,427,477,489,503,553,585,598,628,628,690,740,817,867,877,877,976,976,993,1043,1111,1180,1452,1452,1469,1628,1628,1628,1689,1689,196,246,246,246,246,246,46,74,74,74],"floor_reached":55,"playtime":2711,"items_purged":["ReplayTheSpireMod:Splinters"],"score":1075,"play_id":"5fa6fcbd-6124-41a2-9195-313c89d45fe6","local_time":"20201214194834","is_ascension_mode":false,"campfire_choices":[{"floor":6,"key":"RECALL"},{"floor":8,"key":"REST"},{"floor":11,"key":"REST"},{"data":"ReplayTheSpireMod:Muscle Training","floor":15,"key":"SMITH"},{"data":"Limit Break","floor":40,"key":"SMITH"},{"floor":44,"key":"REST"},{"floor":46,"key":"REST"},{"data":"expansioncontent:Corrupt","floor":49,"key":"SMITH"}],"circlet_count":0,"master_deck":["Strike_R","Strike_R","Strike_R","Strike_R+1","Strike_R","Defend_R","Defend_R","Defend_R","Defend_R","Bash","Fire Breathing","True Grit","Disarm","Searing Blow","Pommel Strike","ReplayTheSpireMod:Uncanny Aura","Iron Wave","Metallicize","ReplayTheSpireMod:Necrosis","ReplayTheSpireMod:Muscle Training+1","Replay:Many Hands","Metallicize","ReplayTheSpireMod:Limb From Limb","conspire:Charge+1","Reaper","conspire:Charge","Juggernaut","conspire:ExplosiveBarrier","Body Slam+1","Cleave+1","Disarm","Flex","Life Link","Burning Pact+1","J.A.X.","Limit Break+1","Replay:Undeath\u0027s Touch+1","conspire:Charge+1","Spot Weakness+1","Whirlwind+1","Feel No Pain+1","Infernal Blade+1","Pot Of Greed","Pot Of Greed","Pot Of Greed","Pot Of Greed","Demon Form","expansioncontent:Corrupt+1","Replay:Parry","Impervious","Uppercut","Pot Of Greed","Rupture","Chrysalis","Replay:SS_hec_2","Replay:SS_forest_2","expansioncontent:AwakenDeath","expansioncontent:AwakenDeath","Thunderclap+1","conspire:HitWhereItHurts"],"relics":["Burning Blood","Lizard Tail","TheAbacus","Pen Nib","BargainBundle","Omamori","hubris:Icosahedron","SsserpentHead","aspiration:FrozenJewel","Chameleon Ring","CaptainsWheel","hubris:ScarierMask","Shuriken","Red Skull","Boot","WarpedTongs","Red Mask","HornCleat","hubris:HollowSoul","Blood Vial","Grinning Jar","ReplayTheSpireMod:ShopPack","ClockworkSouvenir","Anchor","Blue Doll","Mercury Hourglass","Charon\u0027s Ashes","Whetstone"],"acts_visited":["Exordium","TheCity","TheBeyond","TheEnding"],"potions_floor_usage":[12,12,12,14,16,21,25,25,25,33,36,45,50,50,50,55],"damage_taken":[{"damage":5,"enemies":"Small Slimes","floor":1,"turns":4},{"damage":0,"enemies":"Jaw Worm","floor":2,"turns":4},{"damage":7,"enemies":"2 Louse","floor":4,"turns":4},{"damage":25,"enemies":"3 Sentries","floor":10,"turns":8},{"damage":21,"enemies":"Lagavulin","floor":12,"turns":9},{"damage":2,"enemies":"Exordium Thugs","floor":13,"turns":6},{"damage":11,"enemies":"Gremlin Nob","floor":14,"turns":1},{"damage":12,"enemies":"Slime Boss","floor":16,"turns":10},{"damage":8,"enemies":"3 Byrds","floor":18,"turns":7},{"damage":18,"enemies":"Shell Parasite","floor":20,"turns":6},{"damage":10,"enemies":"Snake Plant","floor":21,"turns":4},{"damage":10,"enemies":"Replay:Snechameleon","floor":23,"turns":6},{"damage":0,"enemies":"3 Cultists","floor":24,"turns":4},{"damage":7,"enemies":"conspire:Head Lice","floor":25,"turns":9},{"damage":1,"enemies":"Shelled Parasite and Fungi","floor":27,"turns":6},{"damage":3,"enemies":"Masked Bandits","floor":29,"turns":3},{"damage":0,"enemies":"Sentry and Sphere","floor":31,"turns":4},{"damage":52,"enemies":"hubris:MusketHawk","floor":33,"turns":9},{"damage":16,"enemies":"3 Shapes","floor":35,"turns":4},{"damage":10,"enemies":"Orb Walker","floor":37,"turns":5},{"damage":12,"enemies":"Jaw Worm Horde","floor":38,"turns":5},{"damage":50,"enemies":"Transient","floor":41,"turns":5},{"damage":20,"enemies":"Writhing Mass","floor":45,"turns":4},{"damage":104,"enemies":"Donu and Deca","floor":50,"turns":10},{"damage":39,"enemies":"Shield and Spear","floor":54,"turns":7},{"damage":43,"enemies":"The Heart","floor":55,"turns":5}],"seed_played":"919710581037913051","potions_obtained":[{"floor":13,"key":"Death Potion"},{"floor":14,"key":"champ:CounterPotion"},{"floor":16,"key":"Weak Potion"},{"floor":20,"key":"Fire Potion"},{"floor":21,"key":"Regen Potion"},{"floor":25,"key":"Reflective Coating"},{"floor":27,"key":"Block Potion"},{"floor":36,"key":"Fruit Juice"},{"floor":36,"key":"Dexterity Potion"},{"floor":36,"key":"LifebloodPotion"},{"floor":41,"key":"Regen Potion"},{"floor":52,"key":"SmokeBomb"},{"floor":52,"key":"ColorlessPotion"}],"is_trial":false,"path_per_floor":["M","M","?","M","?","R","?","R","T","E","R","E","M","E","R","B",null,"M","?","M","M","?","E","M","E","T","M","?","?","T","M","R_BF","B",null,"M","?","M","M","?","R","M","?","T","R","M","R","$","?","R","B",null,"R","$","E","B"],"character_chosen":"IRONCLAD","items_purchased":["Lizard Tail","TheAbacus","Pen Nib","BargainBundle","Fire Breathing","True Grit","Disarm","Searing Blow","Pommel Strike","ReplayTheSpireMod:Uncanny Aura","BlessingOfTheForge","Languid Potion","Dexterity Potion","ReplayTheSpireMod:ShopPack","ClockworkSouvenir","Anchor","Blue Doll","Mercury Hourglass","BloodPotion","expansioncontent:Corrupt","Replay:Parry","Impervious","Uppercut","Rupture","expansioncontent:AwakenDeath","Thunderclap+1","Charon\u0027s Ashes"],"campfire_rested":4,"item_purchase_floors":[0,0,0,0,0,0,0,0,0,0,0,0,0,47,47,47,47,47,47,47,47,47,47,47,53,53,53],"current_hp_per_floor":[80,80,53,52,52,52,52,76,76,57,80,65,69,64,64,58,80,80,80,68,64,64,64,70,80,80,80,80,80,80,80,80,56,80,70,77,79,73,73,73,29,29,29,55,50,76,76,85,85,15,87,87,87,54,0,0],"gold":74,"neow_bonus":"","is_daily":false,"chose_seed":false,"campfire_upgraded":3,"win_rate":0.0,"timestamp":1607975314,"path_taken":["M","M","?","M","?","R","?","R","T","E","R","E","M","E","R","BOSS","M","?","M","M","?","E","M","E","T","?","?","?","?","M","R_BF","BOSS","M","?","?","?","?","R","M","?","T","R","?","R","$","?","R","BOSS","R","$","E","BOSS"],"items_purchased_type":["Relic","Relic","Relic","Relic","Card","Card","Card","Card","Card","Card","Potion","Potion","Potion","Relic","Relic","Relic","Relic","Relic","Potion","Card","Card","Card","Card","Card","Card","Card","Relic"],"build_version":"2020-12-13","purchased_purges":1,"victory":false,"max_hp_per_floor":[80,80,80,80,80,80,80,80,80,80,80,80,80,80,80,80,80,80,80,80,80,80,80,80,80,80,80,80,80,80,80,80,80,80,80,87,87,87,87,87,87,87,87,87,87,87,87,87,87,87,87,87,87,87,87,87],"relic_stats":{"counters":[127,762],"Pen Nib":[22],"Charon\u0027s Ashes":[48],"Whetstone":["conspire:Charge","Strike_R"],"Boot":[77],"Burning Blood":613,"WarpedTongs":[69],"Mercury Hourglass":[93],"Blood Vial":6,"SsserpentHead":650,"Lizard Tail":43,"TheAbacus":[96],"Shuriken":[9],"obtain_stats":[{"hubris:CrystalStatue":19,"CeramicFish":28,"Vajra":22,"Ginger":4,"Whetstone":54,"Boot":26,"Blood Vial":6,"Sozu":17,"Lizard Tail":24,"HornCleat":30,"Strawberry":45,"MealTicket":9,"Philosopher\u0027s Stone":17,"HandDrill":0,"Kunai":0,"Replay:Wax Seal":47,"conspire:Dentures":3,"MerchantsRug":12,"conspire:TreasureMap":0,"ReplayTheSpireMod:CursedCoin":10,"Oddly Smooth Stone":8,"Pen Nib":0,"hubris:HollowSoul":34,"Charon\u0027s Ashes":53,"Akabeko":7,"aspiration:FrozenJewel":10,"WarpedTongs":3,"Replay:Baseball":26,"Bottled Flame":15,"Shuriken":23,"Bird Faced Urn":0,"Pandora\u0027s Box":17,"Simple Rune":47,"CultistMask":2,"Mark of Pain":34,"hubris:TenFootPole":7,"ReplayTheSpireMod:TigerMarble":30,"conspire:BottledYoYo":9,"Grinning Jar":43,"aspiration:Lifesprig":24,"Torii":49,"SacredBark":34,"Blue Doll":0,"conspire:SpecialSausage":34,"Mango":47,"King of Hearts":43,"Burning Blood":0,"ClockworkSouvenir":0,"conspire:InfiniteJournal":0,"aspiration:StickyExplosives_weak":6,"SsserpentHead":7,"Shovel":14,"TheAbacus":0,"hubris:Icosahedron":5,"Chameleon Ring":12,"Gambling Chip":28,"hubris:ScarierMask":17,"hubris:CuriousFeather":46,"Red Mask":29,"Chemical X":8,"hubris:ChampionShield":11,"Red Skull":14,"Lee\u0027s Waffle":8,"BargainBundle":0,"ReplayTheSpireMod:Ninjato":54,"aspiration:FetidBarrel":0,"Golden Idol":3,"The Courier":26,"Omamori":3,"Frozen Egg 2":4,"hubris:Towel":11,"Orichalcum":26,"White Beast Statue":10,"Mercury Hourglass":47,"Strange Spoon":47,"CaptainsWheel":0,"Anchor":2,"Bloody Idol":21,"betterThird:SlimedRelic":10,"aspiration:WatcherSkillbook":17,"Membership Card":28,"ReplayTheSpireMod:ShopPack":8,"hubris:BottledRain":32},{"hubris:CrystalStatue":20,"CeramicFish":45,"Vajra":87,"Ginger":2,"Whetstone":126,"Boot":115,"Blood Vial":7,"Sozu":86,"Lizard Tail":24,"HornCleat":117,"Strawberry":52,"MealTicket":4,"Philosopher\u0027s Stone":61,"HandDrill":33,"Kunai":56,"Replay:Wax Seal":97,"conspire:Dentures":81,"MerchantsRug":74,"conspire:TreasureMap":56,"ReplayTheSpireMod:CursedCoin":60,"Oddly Smooth Stone":17,"Pen Nib":101,"hubris:HollowSoul":119,"Charon\u0027s Ashes":125,"Akabeko":37,"aspiration:FrozenJewel":105,"WarpedTongs":70,"Replay:Baseball":25,"Bottled Flame":40,"Shuriken":113,"Bird Faced Urn":32,"Pandora\u0027s Box":19,"Simple Rune":97,"CultistMask":1,"Mark of Pain":47,"hubris:TenFootPole":60,"ReplayTheSpireMod:TigerMarble":68,"conspire:BottledYoYo":84,"Grinning Jar":123,"aspiration:Lifesprig":44,"Torii":55,"SacredBark":28,"Blue Doll":80,"conspire:SpecialSausage":92,"Mango":97,"King of Hearts":95,"Burning Blood":0,"ClockworkSouvenir":33,"conspire:InfiniteJournal":33,"aspiration:StickyExplosives_weak":83,"SsserpentHead":104,"Shovel":40,"TheAbacus":101,"hubris:Icosahedron":104,"Chameleon Ring":106,"Gambling Chip":45,"hubris:ScarierMask":109,"hubris:CuriousFeather":52,"Red Mask":117,"Chemical X":17,"hubris:ChampionShield":38,"Red Skull":60,"Lee\u0027s Waffle":60,"BargainBundle":101,"ReplayTheSpireMod:Ninjato":100,"aspiration:FetidBarrel":33,"Golden Idol":34,"The Courier":65,"Omamori":103,"Frozen Egg 2":6,"hubris:Towel":18,"Orichalcum":44,"White Beast Statue":74,"Mercury Hourglass":124,"Strange Spoon":97,"CaptainsWheel":32,"Anchor":70,"Bloody Idol":43,"betterThird:SlimedRelic":84,"aspiration:WatcherSkillbook":41,"Membership Card":45,"ReplayTheSpireMod:ShopPack":17,"hubris:BottledRain":46},{"hubris:CrystalStatue":108,"CeramicFish":251,"Vajra":512,"Ginger":9,"Whetstone":749,"Boot":687,"Blood Vial":36,"Sozu":506,"Lizard Tail":128,"HornCleat":696,"Strawberry":306,"MealTicket":19,"Philosopher\u0027s Stone":382,"HandDrill":182,"Kunai":334,"Replay:Wax Seal":568,"conspire:Dentures":477,"MerchantsRug":441,"conspire:TreasureMap":334,"ReplayTheSpireMod:CursedCoin":363,"Oddly Smooth Stone":90,"Pen Nib":605,"hubris:HollowSoul":709,"Charon\u0027s Ashes":742,"Akabeko":196,"aspiration:FrozenJewel":625,"WarpedTongs":426,"Replay:Baseball":134,"Bottled Flame":216,"Shuriken":674,"Bird Faced Urn":176,"Pandora\u0027s Box":104,"Simple Rune":568,"CultistMask":4,"Mark of Pain":269,"hubris:TenFootPole":363,"ReplayTheSpireMod:TigerMarble":419,"conspire:BottledYoYo":486,"Grinning Jar":728,"aspiration:Lifesprig":245,"Torii":323,"SacredBark":157,"Blue Doll":474,"conspire:SpecialSausage":546,"Mango":568,"King of Hearts":560,"Burning Blood":0,"ClockworkSouvenir":182,"conspire:InfiniteJournal":182,"aspiration:StickyExplosives_weak":483,"SsserpentHead":617,"Shovel":216,"TheAbacus":605,"hubris:Icosahedron":617,"Chameleon Ring":634,"Gambling Chip":251,"hubris:ScarierMask":651,"hubris:CuriousFeather":306,"Red Mask":696,"Chemical X":90,"hubris:ChampionShield":206,"Red Skull":363,"Lee\u0027s Waffle":363,"BargainBundle":605,"ReplayTheSpireMod:Ninjato":601,"aspiration:FetidBarrel":182,"Golden Idol":184,"The Courier":403,"Omamori":613,"Frozen Egg 2":25,"hubris:Towel":96,"Orichalcum":245,"White Beast Statue":441,"Mercury Hourglass":732,"Strange Spoon":568,"CaptainsWheel":176,"Anchor":426,"Bloody Idol":240,"betterThird:SlimedRelic":486,"aspiration:WatcherSkillbook":228,"Membership Card":251,"ReplayTheSpireMod:ShopPack":90,"hubris:BottledRain":258}]},"card_choices":[{"not_picked":["ReplayTheSpireMod:Strike From Hell","Rupture"],"picked":"Iron Wave","floor":1},{"not_picked":["True Grit","Heavy Blade"],"picked":"Metallicize","floor":2},{"not_picked":["Iron Wave","Thunderclap"],"picked":"ReplayTheSpireMod:Muscle Training","floor":4},{"not_picked":["Dark Embrace","Havoc"],"picked":"Replay:Many Hands","floor":10},{"not_picked":["Clash","ReplayTheSpireMod:Stacked"],"picked":"Metallicize","floor":12},{"not_picked":["Iron Wave","Wild Strike"],"picked":"ReplayTheSpireMod:Limb From Limb","floor":13},{"not_picked":["Warcry","Perfected Strike"],"picked":"conspire:Charge","floor":14},{"not_picked":["Exhume","Hemogenesis"],"picked":"Reaper","floor":16},{"not_picked":["Anger+1","Pummel"],"picked":"conspire:Charge","floor":18},{"not_picked":["Heavy Blade","hubris:ReadiedAction"],"picked":"Juggernaut","floor":20},{"not_picked":["Massacre+1","Shrug It Off"],"picked":"conspire:ExplosiveBarrier","floor":21},{"not_picked":["Havoc+1","Sword Boomerang"],"picked":"Body Slam+1","floor":23},{"not_picked":["Intimidate","ReplayTheSpireMod:LeadingStrike+1"],"picked":"Cleave+1","floor":24},{"not_picked":["Evolve","Clash"],"picked":"Disarm","floor":25},{"not_picked":["Wild Strike","ReplayTheSpireMod:LeadingStrike"],"picked":"Flex","floor":27},{"not_picked":["Heavy Blade","Shockwave+1"],"picked":"Life Link","floor":29},{"not_picked":["Warcry","Fiend Fire"],"picked":"Burning Pact+1","floor":31},{"not_picked":["Feed","Hemogenesis"],"picked":"Limit Break","floor":33},{"not_picked":["Dual Wield+1","True Grit"],"picked":"Replay:Undeath\u0027s Touch+1","floor":35},{"not_picked":["Wild Strike","Replay:Undeath\u0027s Touch"],"picked":"conspire:Charge+1","floor":37},{"not_picked":["Perfected Strike","hubris:ReadiedAction"],"picked":"Spot Weakness+1","floor":38},{"not_picked":["Feed","Heavy Blade"],"picked":"Whirlwind+1","floor":41},{"not_picked":["Dual Wield","Headbutt"],"picked":"Feel No Pain+1","floor":42},{"not_picked":["Clothesline","Pummel+1"],"picked":"Infernal Blade+1","floor":42},{"not_picked":["ReplayReversal+1","Clothesline"],"picked":"Demon Form","floor":45},{"not_picked":["Secret Weapon","hubris:EnhanceAbility"],"picked":"Chrysalis","floor":47},{"not_picked":["Impatience","hubris:EnhanceAbility"],"picked":"Replay:SS_hec_2","floor":47},{"not_picked":["Purity","hubris:Ssssneak"],"picked":"Replay:SS_forest_2","floor":47},{"not_picked":["Wild Strike","True Grit"],"picked":"conspire:HitWhereItHurts","floor":54}],"player_experience":206768,"relics_obtained":[{"floor":10,"key":"aspiration:FrozenJewel"},{"floor":12,"key":"Chameleon Ring"},{"floor":14,"key":"CaptainsWheel"},{"floor":23,"key":"Shuriken"},{"floor":25,"key":"Red Skull"},{"floor":26,"key":"Boot"},{"floor":29,"key":"Red Mask"},{"floor":30,"key":"HornCleat"},{"floor":42,"key":"Blood Vial"},{"floor":43,"key":"Grinning Jar"},{"floor":54,"key":"Whetstone"}],"event_choices":[{"damage_healed":0,"gold_gain":0,"player_choice":"Trade","damage_taken":0,"relics_obtained":["SsserpentHead"],"max_hp_gain":0,"max_hp_loss":0,"event_name":"FaceTrader","floor":7,"gold_loss":0},{"damage_healed":0,"gold_gain":0,"player_choice":"Cursed","damage_taken":0,"max_hp_gain":0,"max_hp_loss":0,"event_name":"Wheel of Change","floor":19,"gold_loss":0,"cards_obtained":["Decay"]},{"cards_removed":["Clumsy"],"damage_healed":0,"gold_gain":0,"player_choice":"Removed Curses","damage_taken":0,"max_hp_gain":0,"max_hp_loss":0,"event_name":"Fountain of Cleansing","floor":22,"gold_loss":0},{"damage_healed":0,"gold_gain":0,"player_choice":"Rummage","damage_taken":0,"relics_obtained":["WarpedTongs"],"max_hp_gain":0,"max_hp_loss":0,"event_name":"Accursed Blacksmith","floor":28,"gold_loss":0,"cards_obtained":["Pain"]},{"damage_healed":0,"gold_gain":0,"player_choice":"Fought Bandits","damage_taken":0,"max_hp_gain":0,"max_hp_loss":0,"event_name":"Masked Bandits","floor":29,"gold_loss":0},{"damage_healed":0,"gold_gain":0,"player_choice":"Obtain J.A.X.","damage_taken":0,"max_hp_gain":0,"max_hp_loss":0,"event_name":"Drug Dealer","floor":32,"gold_loss":0,"cards_obtained":["J.A.X."]},{"damage_healed":0,"gold_gain":0,"player_choice":"Got Potions","damage_taken":0,"max_hp_gain":0,"max_hp_loss":0,"event_name":"Lab","floor":36,"gold_loss":0},{"damage_healed":0,"gold_gain":222,"player_choice":"Wore Mask","damage_taken":0,"max_hp_gain":0,"max_hp_loss":0,"event_name":"Tomb of Lord Red Mask","floor":39,"gold_loss":0}],"is_beta":false,"boss_relics":[{"not_picked":["Replay:Drink Me","conspire:RoyalGoblet"],"picked":"hubris:ScarierMask"},{"not_picked":["Black Star","Cursed Key"],"picked":"hubris:HollowSoul"}],"items_purged_floors":[47],"is_endless":false,"potions_floor_spawned":[13,14,16,20,21,25,27,41],"killed_by":"The Heart","ascension_level":0}}