{"host":"ul103bh19qas5vs8","time":1607909839,"event":{"mods":["BaseMod","Downfall","Googly Eyes","Minty Spire (QoL Compilation)","Replay The Spire","Shop Mod","StSLib"],"gold_per_floor":[0,11,11,26,42,76,76,1,15,15,15],"floor_reached":10,"playtime":505,"items_purged":["Writhe"],"score":69,"play_id":"aacfb12b-1f92-4136-bab3-a3b5825225ac","local_time":"20201214093719","is_ascension_mode":true,"campfire_choices":[{"data":"Slimebound:Split","floor":1.0,"key":"SMITH"},{"floor":3.0,"key":"RECALL"},{"data":"Slimebound:Replication","floor":8.0,"key":"SMITH"}],"circlet_count":0,"master_deck":["Slimebound:Strike_Slimebound","Slimebound:Tackle","Slimebound:Defend_Slimebound","Slimebound:Defend_Slimebound","Slimebound:Defend_Slimebound","Slimebound:Defend_Slimebound","Slimebound:Split+1","Slimebound:CorrosiveSpit","Slimebound:Replication+1","Slimebound:ProtectTheBoss","Slimebound:Prepare","Slimebound:WasteNot","Slimebound:LeadByExample+1"],"relics":["Slimebound:AbsorbEndCombat","Replay:WaspNest","Golden Egg","downfall:HeartBlessingRed","ReplayTheSpireMod:CursedCoin"],"acts_visited":["Exordium"],"potions_floor_usage":[],"damage_taken":[{"damage":15.0,"enemies":"Cultist","floor":2.0,"turns":3.0},{"damage":16.0,"enemies":"Small Slimes","floor":4.0,"turns":4.0},{"damage":11.0,"enemies":"Jaw Worm","floor":5.0,"turns":6.0},{"damage":43.0,"enemies":"Lagavulin","floor":6.0,"turns":8.0},{"damage":48.0,"enemies":"downfall:FleeingMerchant","floor":9.0,"turns":4.0},{"damage":35,"enemies":"3 Sentries","floor":10,"turns":4}],"seed_played":"-6560102423157162936","potions_obtained":[{"floor":2.0,"key":"LiquidMemories"}],"is_trial":false,"path_per_floor":["R","M","R","M","M","E","T","R","$","E"],"character_chosen":"SLIMEBOUND","items_purchased":["ReplayTheSpireMod:CursedCoin","Slimebound:LeadByExample+1"],"campfire_rested":0,"item_purchase_floors":[9,9],"current_hp_per_floor":[60,60,60,60,60,29,29,29,29,0,0],"gold":15,"neow_bonus":"REMOVE_TWO","is_daily":false,"chose_seed":false,"campfire_upgraded":2,"win_rate":0.0,"timestamp":1607909839,"path_taken":["R","M","R","M","?","E","T","R","?","E"],"items_purchased_type":["Relic","Card"],"build_version":"2020-12-13","purchased_purges":1,"victory":false,"max_hp_per_floor":[60,60,60,60,60,60,60,60,60,60,60],"card_choices":[{"not_picked":["Slimebound:FinishingTackle","Slimebound:ViciousTackle"],"picked":"Slimebound:Replication","floor":2.0},{"not_picked":["Slimebound:PressTheAttack","Slimebound:MegaLick"],"picked":"Slimebound:ProtectTheBoss","floor":4.0},{"not_picked":["Slimebound:LeechingTouch","Slimebound:SplitBruiser"],"picked":"Slimebound:Prepare","floor":5.0},{"not_picked":["Slimebound:Replication","Slimebound:SplitLeeching"],"picked":"Slimebound:WasteNot","floor":6.0},{"not_picked":["Slimebound:ViciousTackle","Slimebound:Grow","Slimebound:RainOfGoop"],"picked":"SKIP","floor":9.0}],"player_experience":99980,"relics_obtained":[{"floor":6.0,"key":"Replay:WaspNest"},{"floor":7.0,"key":"Golden Egg"}],"event_choices":[],"is_beta":false,"boss_relics":[],"items_purged_floors":[9],"is_endless":false,"potions_floor_spawned":[2],"killed_by":"3 Sentries","ascension_level":1}}