{"host":"g86tzja0f4rljy89","time":1607957658,"event":{"mods":["Bard","BaseMod","Conspire","Hermit","Infinite Spire","Jorbs\u0027s Wanderer Trilogy","Marisa????????","Minty Spire (QoL Compilation)","Remilia??????","Replay The Spire","StSLib","Td1madao Mod","The Cursed","The Hierophant","The Necromancer","The Runesmith","The Servant 0.9.4"],"gold_per_floor":[109,124,124,124,139,172,172,190,214,249,249,275,285,303,303,404,404,421,421,437,437,457,488,488,587,587,512,512,512,529,548,548,647,647,666,666,666],"floor_reached":36,"playtime":1492,"items_purged":["Strike_R","Defend_R"],"score":444,"play_id":"03c009e2-2fee-4aca-b598-5814595d1f95","local_time":"20201214215418","is_ascension_mode":true,"campfire_choices":[{"data":"Strike_R+1","floor":7.0,"key":"SMITH"},{"floor":15.0,"key":"REST"},{"floor":24.0,"key":"REST"},{"floor":29.0,"key":"REST"},{"data":"Strike_R+3","floor":32.0,"key":"SMITH"}],"circlet_count":0,"master_deck":["Strike_R+1","Strike_R+4","Defend_R+1","Defend_R","Bash+1","Inflame","ReplayTheSpireMod:Muscle Training","Inflame","Demon Form","ReplayTheSpireMod:Stacked","True Grit","Offering","Inflame","infinitespire:Starlight","infinitespire:Collect","infinitespire:Menacing","Shrug It Off","True Grit","Whirlwind+1","Reaper","Reckless Charge+1","Hemogenesis+1","Demon Form+1","Whirlwind+1"],"relics":["Burning Blood","NeowsBlessing","CultistMask","Simple Rune","Whetstone","PreservedInsect","infinitespire:Beetle Shell","infinitespire:Burning Sword","Ginger","Black Star","Kunai","Lantern","Onion Ring","Bag of Marbles","Astrolabe"],"acts_visited":["Exordium","TheCity","TheBeyond"],"potions_floor_usage":[36,36],"damage_taken":[{"damage":3.0,"enemies":"conspire:RoseBush","floor":1.0,"turns":1.0},{"damage":0.0,"enemies":"Jaw Worm","floor":2.0,"turns":1.0},{"damage":0.0,"enemies":"Small Slimes","floor":5.0,"turns":1.0},{"damage":28.0,"enemies":"Lagavulin","floor":6.0,"turns":6.0},{"damage":28.0,"enemies":"Exordium Thugs","floor":8.0,"turns":4.0},{"damage":26.0,"enemies":"Gremlin Nob","floor":10.0,"turns":4.0},{"damage":14.0,"enemies":"Replay:BlueRogue","floor":12.0,"turns":5.0},{"damage":1.0,"enemies":"Blue Slaver","floor":13.0,"turns":2.0},{"damage":6.0,"enemies":"3 Louse","floor":14.0,"turns":3.0},{"damage":36.0,"enemies":"Slime Boss","floor":16.0,"turns":6.0},{"damage":15.0,"enemies":"Spheric Guardian","floor":18.0,"turns":3.0},{"damage":42.0,"enemies":"2 Thieves","floor":20.0,"turns":3.0},{"damage":42.0,"enemies":"3 Cultists","floor":22.0,"turns":5.0},{"damage":9.0,"enemies":"Book of Stabbing","floor":23.0,"turns":5.0},{"damage":7.0,"enemies":"Snake Plant","floor":30.0,"turns":2.0},{"damage":0.0,"enemies":"Snecko","floor":31.0,"turns":1.0},{"damage":50,"enemies":"Pondfish","floor":33,"turns":7},{"damage":0,"enemies":"Orb Walker","floor":35,"turns":1},{"damage":18,"enemies":"infinitespire:Three Voidlings","floor":36,"turns":3},{"damage":87,"enemies":"Nightmare_Alpha","floor":36,"turns":5}],"seed_played":"1534287887275627195","potions_obtained":[{"floor":1.0,"key":"DistilledChaos"},{"floor":5.0,"key":"AttackPotion"},{"floor":12.0,"key":"Explosive Potion"},{"floor":16.0,"key":"LiquidMemories"},{"floor":18.0,"key":"Swift Potion"},{"floor":23.0,"key":"SkillPotion"},{"floor":31.0,"key":"FearPotion"},{"floor":33,"key":"Regen Potion"}],"is_trial":false,"path_per_floor":["M","M","?","?","M","E","R","M","T","E","?","E","M","M","R","B",null,"M","AVR","M","?","M","E","R","?","T","$","T","R","M","M","R","B",null,"M","?"],"character_chosen":"IRONCLAD","items_purchased":[],"campfire_rested":3,"item_purchase_floors":[],"current_hp_per_floor":[80,80,80,80,80,58,58,36,36,16,16,8,13,13,37,7,80,71,71,35,35,9,21,45,45,45,45,45,69,68,74,74,36,80,80,0,0],"gold":666,"neow_bonus":"THREE_ENEMY_KILL","is_daily":false,"chose_seed":false,"campfire_upgraded":2,"win_rate":0.0,"timestamp":1607957658,"path_taken":["M","M","?","?","M","E","R","?","T","E","?","E","?","M","R","BOSS","M","AVR","M","?","M","E","R","?","T","?","?","R","M","M","R","BOSS","M","?"],"items_purchased_type":[],"build_version":"2020-11-29","purchased_purges":2,"victory":false,"max_hp_per_floor":[80,80,80,80,80,80,80,80,80,80,80,80,80,80,80,80,80,80,80,80,80,80,80,80,80,80,80,80,80,80,80,80,80,80,80,80,80],"card_choices":[{"not_picked":["Shrug It Off","Anger"],"picked":"Inflame","floor":1.0},{"not_picked":["Reckless Charge","Dark Embrace","Wild Strike"],"picked":"SKIP","floor":2.0},{"not_picked":["True Grit","Entrench"],"picked":"ReplayTheSpireMod:Muscle Training","floor":5.0},{"not_picked":["Headbutt","Flex"],"picked":"Inflame","floor":6.0},{"not_picked":["Cleave","infinitespire:OneForAll","Armaments"],"picked":"SKIP","floor":8.0},{"not_picked":["Massacre","Sword Boomerang"],"picked":"Demon Form","floor":10.0},{"not_picked":["Armaments","Double Tap"],"picked":"ReplayTheSpireMod:Stacked","floor":12.0},{"not_picked":["Carnage","Power Through","Clothesline"],"picked":"SKIP","floor":13.0},{"not_picked":["Perfected Strike","Reckless Charge"],"picked":"True Grit","floor":14.0},{"not_picked":["Impervious","Fiend Fire"],"picked":"Offering","floor":16.0},{"not_picked":["ReplayTheSpireMod:Corrosion Curse","Body Slam+1"],"picked":"Inflame","floor":18.0},{"not_picked":["Entrench","Perfected Strike+1"],"picked":"Shrug It Off","floor":20.0},{"not_picked":["Twin Strike","Headbutt+1"],"picked":"True Grit","floor":22.0},{"not_picked":["Juggernaut","Body Slam"],"picked":"Whirlwind+1","floor":23.0},{"not_picked":["Cleave","Run Through","Anger"],"picked":"SKIP","floor":30.0},{"not_picked":["Body Slam","Combust","ReplayTheSpireMod:Strike From Hell"],"picked":"SKIP","floor":31.0},{"not_picked":["Immolate","Demon Form"],"picked":"Reaper","floor":33},{"not_picked":["Sever Soul","Shrug It Off+1"],"picked":"Whirlwind+1","floor":35}],"player_experience":212328,"relics_obtained":[{"floor":6.0,"key":"Simple Rune"},{"floor":9.0,"key":"Whetstone"},{"floor":10.0,"key":"PreservedInsect"},{"floor":12.0,"key":"infinitespire:Beetle Shell"},{"floor":23.0,"key":"Kunai"},{"floor":23.0,"key":"Lantern"},{"floor":26.0,"key":"Onion Ring"},{"floor":28.0,"key":"Bag of Marbles"}],"event_choices":[{"damage_healed":0.0,"max_hp_gain":0.0,"max_hp_loss":0.0,"gold_gain":0.0,"event_name":"FaceTrader","player_choice":"Trade","floor":4.0,"gold_loss":0.0,"damage_taken":0.0,"relics_obtained":["CultistMask"]},{"damage_healed":0.0,"max_hp_gain":0.0,"max_hp_loss":0.0,"gold_gain":0.0,"event_name":"Upgrade Shrine","player_choice":"Upgraded","floor":11.0,"gold_loss":0.0,"damage_taken":0.0,"cards_upgraded":["Strike_R"]},{"damage_healed":0.0,"max_hp_gain":0.0,"max_hp_loss":0.0,"gold_gain":0.0,"event_name":"Ghosts","player_choice":"Ignored","floor":21.0,"gold_loss":0.0,"damage_taken":0.0},{"damage_healed":0.0,"max_hp_gain":0.0,"max_hp_loss":0.0,"gold_gain":99.0,"event_name":"Nest","player_choice":"Stole From Cult","floor":25.0,"gold_loss":0.0,"damage_taken":0.0}],"is_beta":false,"boss_relics":[{"not_picked":["Fusion Hammer","Tiny House"],"picked":"infinitespire:Burning Sword"},{"not_picked":["Calling Bell","Runic Dome"],"picked":"Astrolabe"}],"items_purged_floors":[19,27],"is_endless":false,"potions_floor_spawned":[1,5,12,16,18,23,31,33,36],"killed_by":"Nightmare_Alpha","ascension_level":2}}