{"host":"l2821e3dgmq4sghh","time":1607976235,"event":{"mods":["BaseMod","Colored Powertips","Minty Spire (QoL Compilation)","StSLib"],"gold_per_floor":[214,264,278,294,294,320,320,353,353,363,363,363,394,0,0,79,79,93,18,32,51,81,81,81,81],"floor_reached":24,"playtime":3357,"items_purged":["Strike_G"],"score":466,"play_id":"d4b6e0f8-684a-4a6f-a5a6-1e48ffd53f4e","local_time":"20201214210355","is_ascension_mode":true,"campfire_choices":[{"floor":7.0,"key":"REST"},{"data":"Predator","floor":11.0,"key":"SMITH"},{"data":"After Image","floor":15.0,"key":"SMITH"},{"data":"Bullet Time","floor":23,"key":"SMITH"}],"circlet_count":0,"master_deck":["AscendersBane","Survivor","Neutralize","Flying Knee","Dash","Corpse Explosion","Predator+1","PiercingWail","After Image+1","Footwork","Malaise","Footwork","Corpse Explosion","Night Terror","Bullet Time+1","A Thousand Cuts","Masterful Stab","PiercingWail","Acrobatics","Reflex","Well Laid Plans","Leg Sweep","Catalyst+1"],"relics":["Ring of the Snake","Nunchaku","Bottled Lightning","Akabeko","Oddly Smooth Stone","Shuriken","Pandora\u0027s Box","Red Mask"],"acts_visited":["Exordium","TheCity"],"potions_floor_usage":[22,24,24],"damage_taken":[{"damage":4.0,"enemies":"Small Slimes","floor":1.0,"turns":4.0},{"damage":1.0,"enemies":"Cultist","floor":3.0,"turns":4.0},{"damage":0.0,"enemies":"2 Louse","floor":4.0,"turns":3.0},{"damage":31.0,"enemies":"Gremlin Nob","floor":6.0,"turns":5.0},{"damage":22.0,"enemies":"3 Sentries","floor":8.0,"turns":8.0},{"damage":3.0,"enemies":"Looter","floor":10.0,"turns":3.0},{"damage":0.0,"enemies":"Lagavulin","floor":13.0,"turns":4.0},{"damage":22.0,"enemies":"The Guardian","floor":16.0,"turns":17.0},{"damage":2.0,"enemies":"Chosen","floor":18.0,"turns":5.0},{"damage":16,"enemies":"2 Thieves","floor":20,"turns":4},{"damage":0,"enemies":"3 Cultists","floor":21,"turns":2},{"damage":0,"enemies":"Masked Bandits","floor":22,"turns":1},{"damage":41,"enemies":"Gremlin Leader","floor":24,"turns":2}],"seed_played":"8234006619423270777","potions_obtained":[{"floor":4.0,"key":"Regen Potion"},{"floor":8.0,"key":"LiquidMemories"},{"floor":10.0,"key":"Block Potion"},{"floor":13.0,"key":"Fire Potion"},{"floor":21,"key":"PowerPotion"},{"floor":22,"key":"AttackPotion"}],"is_trial":false,"path_per_floor":["M","?","M","M","?","E","R","E","T","M","R","?","E","$","R","B",null,"M","?","M","M","?","R","E"],"character_chosen":"THE_SILENT","items_purchased":["Shuriken","Footwork"],"campfire_rested":1,"item_purchase_floors":[14,14],"current_hp_per_floor":[55,55,54,54,47,16,35,28,28,25,25,30,30,30,30,8,55,53,53,37,37,37,37,0,0],"gold":81,"neow_bonus":"HUNDRED_GOLD","is_daily":false,"chose_seed":false,"campfire_upgraded":3,"win_rate":0.0,"timestamp":1607976235,"path_taken":["M","?","?","M","?","E","R","E","T","M","R","?","E","$","R","BOSS","M","?","M","?","?","R","E"],"items_purchased_type":["Relic","Card"],"build_version":"2020-12-13","purchased_purges":1,"victory":false,"max_hp_per_floor":[66,66,66,66,66,66,66,66,66,66,66,71,71,71,71,71,71,71,71,71,71,71,71,71,71],"card_choices":[{"not_picked":["Bane","Calculated Gamble"],"picked":"Flying Knee","floor":1.0},{"not_picked":["Flying Knee","Tactician"],"picked":"Dash","floor":3.0},{"not_picked":["Dodge and Roll","Bane","Flechettes"],"picked":"SKIP","floor":4.0},{"not_picked":["Underhanded Strike","Dodge and Roll"],"picked":"Corpse Explosion","floor":6.0},{"not_picked":["Blade Dance","Eviscerate"],"picked":"Predator","floor":8.0},{"not_picked":["Sucker Punch","Deadly Poison"],"picked":"PiercingWail","floor":10.0},{"not_picked":["Skewer","Finisher"],"picked":"After Image","floor":13.0},{"not_picked":["After Image","Adrenaline"],"picked":"Malaise","floor":16.0},{"not_picked":["Deadly Poison","Eviscerate"],"picked":"PiercingWail","floor":18.0},{"not_picked":["Quick Slash","Tactician"],"picked":"Well Laid Plans","floor":20},{"not_picked":["Setup","Quick Slash"],"picked":"Leg Sweep","floor":21},{"not_picked":["Sucker Punch","Corpse Explosion"],"picked":"Catalyst+1","floor":22}],"player_experience":5308169,"relics_obtained":[{"floor":6.0,"key":"Nunchaku"},{"floor":8.0,"key":"Bottled Lightning"},{"floor":9.0,"key":"Akabeko"},{"floor":13.0,"key":"Oddly Smooth Stone"},{"floor":22,"key":"Red Mask"}],"event_choices":[{"damage_healed":0.0,"max_hp_gain":0.0,"max_hp_loss":0.0,"gold_gain":50.0,"event_name":"Golden Shrine","player_choice":"Pray","floor":2.0,"gold_loss":0.0,"damage_taken":0.0},{"cards_removed":["Strike_G"],"damage_healed":0.0,"max_hp_gain":0.0,"max_hp_loss":0.0,"gold_gain":0.0,"event_name":"Golden Wing","player_choice":"Card Removal","floor":5.0,"gold_loss":0.0,"damage_taken":7.0},{"damage_healed":0.0,"max_hp_gain":5.0,"max_hp_loss":0.0,"gold_gain":0.0,"event_name":"Big Fish","player_choice":"Donut","floor":12.0,"gold_loss":0.0,"damage_taken":0.0},{"damage_healed":0.0,"max_hp_gain":0.0,"max_hp_loss":0.0,"gold_gain":0.0,"cards_transformed":["Tactician","Grand Finale"],"event_name":"Designer","player_choice":"Transformed Cards","floor":19.0,"gold_loss":75.0,"damage_taken":0.0,"cards_obtained":["Acrobatics","Reflex"]},{"damage_healed":0,"gold_gain":0,"player_choice":"Fought Bandits","damage_taken":0,"max_hp_gain":0,"max_hp_loss":0,"event_name":"Masked Bandits","floor":22,"gold_loss":0}],"is_beta":false,"boss_relics":[{"not_picked":["Ring of the Serpent","Sozu"],"picked":"Pandora\u0027s Box"}],"items_purged_floors":[14],"is_endless":false,"potions_floor_spawned":[4,8,10,13,21,22],"killed_by":"Gremlin Leader","ascension_level":19}}