{"host":"xodzlm10r37577ou","time":1607955011,"event":{"mods":["Act Like it!","BaseMod","KomeijiMod","Marisa£®ÏF”Í°°ƒß¿Ì…≥£©","Minty Spire (QoL Compilation)","Remilia£®¿Ÿ√◊¿Ú—«£©","Replay The Spire","StSLib","TestMod","The Administrix","The Bug Knight","The Servant 0.9.4","Youmu£®ªÍ∆«—˝√Œ£©"],"gold_per_floor":[110,125,175,199,13,13,40,40,66,101,1,30,60,99,99,180,180,204,204,221,221,223,223],"floor_reached":22,"playtime":815,"items_purged":["Lonely","Strike_R"],"score":410,"play_id":"325cdc73-048b-49e8-8142-ff05c9ac6de2","local_time":"20201214221011","is_ascension_mode":true,"campfire_choices":[{"data":"Abandon","floor":6,"key":"SMITH"},{"data":"Fire Breathing","floor":15,"key":"SMITH"}],"circlet_count":0,"master_deck":["AscendersBane","Strike_R","Strike_R","Strike_R","Defend_R","Defend_R","Defend_R","Defend_R","Bash","Armaments","Pommel Strike","Sword Boomerang","Fire Breathing+1","Abandon+1","Feel No Pain","Lonely","Evolve","Eclipse","Doubt","Demonic Infusion","Shockwave+1"],"relics":["Burning Blood","testmod-TestBox","testmod-Justice","Ring of Greed","Tiny Chest","Replay:Bandana","Ring of Panic","Gremlin Food","testmod-HarvestTotem","Blue Candle"],"acts_visited":["Exordium","TheCity"],"potions_floor_usage":[2,10],"damage_taken":[{"damage":5,"enemies":"Small Slimes","floor":1,"turns":4},{"damage":5,"enemies":"2 Louse","floor":2,"turns":3},{"damage":12,"enemies":"Cultist","floor":4,"turns":4},{"damage":5,"enemies":"2 Fungi Beasts","floor":7,"turns":4},{"damage":10,"enemies":"Lots of Slimes","floor":10,"turns":4},{"damage":12,"enemies":"Looter","floor":12,"turns":3},{"damage":2,"enemies":"Large Slime","floor":13,"turns":4},{"damage":33,"enemies":"Lots of Slimes","floor":14,"turns":4},{"damage":32,"enemies":"Slime Boss","floor":16,"turns":5},{"damage":33,"enemies":"3 Byrds","floor":18,"turns":5},{"damage":21,"enemies":"Chosen","floor":20,"turns":5},{"damage":15,"enemies":"3 Cultists","floor":22,"turns":3}],"seed_played":"-7259524901757551443","potions_obtained":[{"floor":2,"key":"Fruit Juice"},{"floor":4,"key":"EntropicBrew"},{"floor":20,"key":"Energy Potion"}],"is_trial":false,"path_per_floor":["M","M","?","M","$","R","M","?","T","M","$","M","M","M","R","B",null,"M","?","M","T","M"],"character_chosen":"IRONCLAD","items_purchased":["Fire Breathing","Abandon"],"campfire_rested":0,"item_purchase_floors":[5,5],"current_hp_per_floor":[69,75,75,69,69,69,70,70,70,66,66,60,64,37,37,11,160,139,139,130,130,115,115],"gold":223,"neow_bonus":"THREE_CARDS","is_daily":false,"chose_seed":false,"campfire_upgraded":2,"win_rate":0.0,"timestamp":1607955011,"path_taken":["M","M","?","M","$","R","M","?","T","M","$","?","M","M","R","BOSS","M","?","M","?","M"],"items_purchased_type":["Card","Card"],"build_version":"2020-12-13","purchased_purges":2,"victory":false,"max_hp_per_floor":[75,80,80,80,80,80,80,80,80,80,80,80,80,80,80,80,160,160,160,160,160,160,160],"card_choices":[{"not_picked":["ReplayReversal","ReplayTheSpireMod:Stacked"],"picked":"Armaments","floor":0},{"not_picked":["Iron Wave","Clothesline","Metallicize"],"picked":"SKIP","floor":1},{"not_picked":["Headbutt","Replay:Undeath\u0027s Touch"],"picked":"Pommel Strike","floor":2},{"not_picked":["Run Through","Warcry"],"picked":"Sword Boomerang","floor":4},{"not_picked":["Heavy Blade","Wild Strike"],"picked":"Feel No Pain","floor":7},{"not_picked":["True Grit","Sever Soul"],"picked":"Evolve","floor":10},{"not_picked":["Warcry","Clothesline","Iron Wave"],"picked":"SKIP","floor":12},{"not_picked":["Cleave","Anger"],"picked":"Eclipse","floor":13},{"not_picked":["Pummel","Replay:Undeath\u0027s Touch","Sword Boomerang"],"picked":"SKIP","floor":14},{"not_picked":["Eclipse","Feed"],"picked":"Demonic Infusion","floor":16},{"not_picked":["Spot Weakness+1","Headbutt"],"picked":"Shockwave+1","floor":18},{"not_picked":["ReplayTheSpireMod:Corrosion Curse","Uppercut","Pommel Strike"],"picked":"SKIP","floor":20}],"player_experience":872206,"relics_obtained":[{"floor":3,"key":"Ring of Greed"},{"floor":3,"key":"Tiny Chest"},{"floor":3,"key":"Replay:Bandana"},{"floor":3,"key":"Ring of Panic"},{"floor":9,"key":"Gremlin Food"},{"floor":21,"key":"Blue Candle"}],"event_choices":[{"cards_removed":["Strike_R"],"damage_healed":0,"gold_gain":0,"player_choice":"Offered Basic","damage_taken":0,"max_hp_gain":0,"max_hp_loss":0,"event_name":"Bonfire Elementals","floor":8,"gold_loss":0},{"damage_healed":0,"gold_gain":0,"player_choice":"Got Potions","damage_taken":0,"max_hp_gain":0,"max_hp_loss":0,"event_name":"Lab","floor":19,"gold_loss":0}],"is_beta":false,"boss_relics":[{"not_picked":["Replay:Wanted Poster","testmod-BloodSacrificeSpiritualization"],"picked":"testmod-HarvestTotem"}],"items_purged_floors":[5,11],"is_endless":false,"potions_floor_spawned":[2,4,13,16,20],"killed_by":"3 Cultists","ascension_level":20}}