{"host":"10b2ljh1rg6srmxa","time":1607971198,"event":{"mods":["AchievementEnabler","BaseMod","Colored Powertips","Infinite Spire","Minty Spire (QoL Compilation)","Replay The Spire","StSLib"],"gold_per_floor":[117,117,117,129,149,182,182,29,29,29,44,44,56,87,87,190,190,206,181,100,100,114,114,39,39,86,86,98,125,125,125,125,125,125],"floor_reached":33,"playtime":11008,"items_purged":["Pain"],"score":304,"play_id":"1b2065be-c481-43a9-8697-dae0f47867c9","local_time":"20201214193958","is_ascension_mode":true,"campfire_choices":[{"floor":7,"key":"REST"},{"data":"Shockwave","floor":10,"key":"SMITH"},{"floor":15,"key":"REST"},{"floor":23,"key":"REST"},{"data":"Metallicize","floor":25,"key":"SMITH"},{"floor":30,"key":"REST"},{"data":"Body Slam","floor":32,"key":"SMITH"}],"circlet_count":0,"master_deck":["Strike_R","Strike_R","Strike_R+1","Strike_R","Defend_R+1","Defend_R","Defend_R+1","Defend_R","Bash+1","Body Slam+1","Clothesline","Shockwave+1","Metallicize+1","Thunderclap","Reaper","CurseOfTheBell","Run Through","Cleave","Bloodletting","RitualDagger","Shrug It Off","Amnesia"],"relics":["Burning Blood","NeowsBlessing","infinitespire:BottledMercury","Turnip","Strawberry","Pen Nib","Calling Bell","MealTicket","Replay:Accelerometer","Torii","WarpedTongs","Simple Rune","Replay:Rubber Ducky","infinitespire:WardingShard"],"acts_visited":["Exordium","TheCity"],"potions_floor_usage":[11,14,18,19,28],"damage_taken":[{"damage":0,"enemies":"Jaw Worm","floor":1,"turns":1},{"damage":0,"enemies":"Small Slimes","floor":4,"turns":1},{"damage":0,"enemies":"Cultist","floor":5,"turns":1},{"damage":56,"enemies":"3 Sentries","floor":6,"turns":15},{"damage":3,"enemies":"Looter","floor":11,"turns":3},{"damage":7,"enemies":"Red Slaver","floor":13,"turns":5},{"damage":9,"enemies":"Gremlin Nob","floor":14,"turns":4},{"damage":12,"enemies":"Slime Boss","floor":16,"turns":12},{"damage":18,"enemies":"Spheric Guardian","floor":18,"turns":7},{"damage":33,"enemies":"2 Thieves","floor":19,"turns":5},{"damage":37,"enemies":"Snake Plant","floor":22,"turns":5},{"damage":50,"enemies":"Cultist and Chosen","floor":28,"turns":8},{"damage":77,"enemies":"Champ","floor":33,"turns":12}],"seed_played":"-4925701058992634572","potions_obtained":[{"floor":5,"key":"BlessingOfTheForge"},{"floor":6,"key":"SkillPotion"},{"floor":13,"key":"DuplicationPotion"},{"floor":14,"key":"Strength Potion"},{"floor":19,"key":"Swift Potion"}],"is_trial":false,"path_per_floor":["M","?","?","M","M","E","R","$","T","R","M","?","M","E","R","B",null,"M","M","$","?","M","R","$","R","T","?","M","T","R","?","R","B"],"character_chosen":"IRONCLAD","items_purchased":["Strawberry","Bloodletting"],"campfire_rested":4,"item_purchase_floors":[8,20],"current_hp_per_floor":[80,80,64,70,76,26,50,57,57,57,60,60,59,56,82,76,87,75,48,63,63,44,70,85,85,85,79,40,40,66,66,66,0,0],"gold":125,"neow_bonus":"THREE_ENEMY_KILL","is_daily":false,"chose_seed":false,"campfire_upgraded":3,"win_rate":0.0,"timestamp":1607971198,"path_taken":["M","?","?","M","M","E","R","?","T","R","?","?","M","E","R","BOSS","M","M","?","?","?","R","$","R","T","?","M","?","R","?","R","BOSS"],"items_purchased_type":["Relic","Card"],"build_version":"2020-12-13","purchased_purges":1,"victory":false,"max_hp_per_floor":[80,80,80,80,80,80,80,87,87,87,87,87,87,87,87,87,87,87,87,87,87,87,87,87,87,87,87,87,87,87,87,87,87,87],"card_choices":[{"not_picked":["Twin Strike","Sword Boomerang"],"picked":"Body Slam","floor":1},{"not_picked":["Clash","Armaments"],"picked":"Clothesline","floor":4},{"not_picked":["Flex","Twin Strike"],"picked":"Shockwave","floor":5},{"not_picked":["Brutality","True Grit","Havoc"],"picked":"SKIP","floor":6},{"not_picked":["Spot Weakness","Wild Strike"],"picked":"Metallicize","floor":11},{"not_picked":["Body Slam","Spot Weakness"],"picked":"Thunderclap","floor":13},{"not_picked":["Pummel","ReplayTheSpireMod:LeadingStrike","Warcry"],"picked":"SKIP","floor":14},{"not_picked":["Double Tap","Eclipse"],"picked":"Reaper","floor":16},{"not_picked":["Power Through","Dark Embrace"],"picked":"Run Through","floor":18},{"not_picked":["Carnage","Run Through"],"picked":"Cleave","floor":19},{"not_picked":["ReplayTheSpireMod:Strike From Hell","Shockwave+1","Whirlwind"],"picked":"SKIP","floor":22},{"not_picked":["ReplayTheSpireMod:Muscle Training","Perfected Strike+1"],"picked":"Shrug It Off","floor":28}],"player_experience":215356,"relics_obtained":[{"floor":2,"key":"infinitespire:BottledMercury"},{"floor":6,"key":"Turnip"},{"floor":14,"key":"Pen Nib"},{"floor":17,"key":"MealTicket"},{"floor":17,"key":"Replay:Accelerometer"},{"floor":17,"key":"Torii"},{"floor":26,"key":"Simple Rune"},{"floor":29,"key":"Replay:Rubber Ducky"}],"event_choices":[{"damage_healed":0,"gold_gain":0,"player_choice":"Entered Light","damage_taken":16,"max_hp_gain":0,"max_hp_loss":0,"event_name":"Shining Light","floor":3,"gold_loss":0,"cards_upgraded":["Bash","Defend_R"]},{"cards_removed":["Strike_R"],"damage_healed":0,"gold_gain":0,"player_choice":"Card Removal","damage_taken":0,"max_hp_gain":0,"max_hp_loss":0,"event_name":"Wheel of Change","floor":12,"gold_loss":0},{"damage_healed":0,"gold_gain":0,"player_choice":"Rummage","damage_taken":0,"relics_obtained":["WarpedTongs"],"max_hp_gain":0,"max_hp_loss":0,"event_name":"Accursed Blacksmith","floor":21,"gold_loss":0,"cards_obtained":["Pain"]},{"damage_healed":0,"gold_gain":0,"player_choice":"Joined the Cult","damage_taken":6,"max_hp_gain":0,"max_hp_loss":0,"event_name":"Nest","floor":27,"gold_loss":0,"cards_obtained":["RitualDagger"]}],"is_beta":false,"boss_relics":[{"not_picked":["Painkiller Herb","Coffee Dripper"],"picked":"Calling Bell"}],"items_purged_floors":[24],"is_endless":false,"potions_floor_spawned":[5,6,13,14,19],"killed_by":"Champ","ascension_level":4}}