{"host":"jm9833yuloeli2yd","time":1607978904,"event":{"mods":["AchievementEnabler","BaseMod","Better Altar","Better Match","Better Note","Better Sensory Stone","Better Skull","Better Vampires","Colored Map","Colored Powertips","DeckTracker","Minty Spire (QoL Compilation)","Permanent Neow","Quick Restart","Replay The Spire","StSLib","SuperFastMode"],"gold_per_floor":[115,190,32,52,70,100,100,100,124,144,178,178,178,194,194,194,194],"floor_reached":16,"playtime":318,"items_purged":[],"score":220,"play_id":"8a403c9c-f3e0-46df-8021-3e009728e92b","local_time":"20201214154824","is_ascension_mode":true,"campfire_choices":[{"floor":8,"key":"REST"},{"floor":12,"key":"REST"},{"data":"Conserve Battery","floor":15,"key":"SMITH"}],"circlet_count":0,"master_deck":["AscendersBane","Strike_B","Strike_B","Strike_B","Strike_B","Defend_B","Defend_B","Defend_B","Defend_B","Zap+1","Dualcast","Self Repair","Flash of Steel","Gash","Glacier","Conserve Battery+1","Coolheaded","Ball Lightning","FIFO Queue"],"relics":["Cracked Core","Omamori","Replay:Mystery Machine","WarpedTongs","Bag of Marbles","Gambling Chip"],"acts_visited":["Exordium"],"potions_floor_usage":[6,6,16],"damage_taken":[{"damage":4,"enemies":"2 Louse","floor":1,"turns":2},{"damage":7,"enemies":"Jaw Worm","floor":4,"turns":3},{"damage":2,"enemies":"Cultist","floor":5,"turns":4},{"damage":53,"enemies":"Gremlin Nob","floor":6,"turns":6},{"damage":11,"enemies":"Looter","floor":10,"turns":3},{"damage":22,"enemies":"3 Sentries","floor":11,"turns":10},{"damage":9,"enemies":"Gremlin Gang","floor":14,"turns":5},{"damage":32,"enemies":"Slime Boss","floor":16,"turns":6}],"seed_played":"-581530754600268093","potions_obtained":[{"floor":1,"key":"Block Potion"},{"floor":5,"key":"GamblersBrew"},{"floor":11,"key":"Fire Potion"}],"is_trial":false,"path_per_floor":["M","?","$","M","M","E","?","R","T","M","E","R","?","M","R","B"],"character_chosen":"DEFECT","items_purchased":["Flash of Steel","Gash"],"campfire_rested":2,"item_purchase_floors":[3,3],"current_hp_per_floor":[60,49,49,49,54,8,8,29,29,25,13,34,34,32,32,0,0],"gold":194,"neow_bonus":"RANDOM_COMMON_RELIC","is_daily":false,"chose_seed":false,"campfire_upgraded":1,"win_rate":0.0,"timestamp":1607978904,"path_taken":["M","?","$","M","M","E","?","R","T","?","E","R","?","?","R","BOSS"],"items_purchased_type":["Card","Card"],"build_version":"2020-12-13","purchased_purges":0,"victory":false,"max_hp_per_floor":[71,71,71,71,71,71,71,71,71,71,71,71,71,71,71,71,71],"card_choices":[{"not_picked":["Sunder","Doom and Gloom"],"picked":"Self Repair","floor":1},{"not_picked":["Force Field","Skim"],"picked":"Glacier","floor":4},{"not_picked":["Coolheaded","Leap"],"picked":"Conserve Battery","floor":5},{"not_picked":["Stack","Streamline"],"picked":"Coolheaded","floor":6},{"not_picked":["Coolheaded","Barrage"],"picked":"Ball Lightning","floor":10},{"not_picked":["Stack","Leap"],"picked":"FIFO Queue","floor":11},{"not_picked":["Sunder","ReplaySolidLightProjector","Creative AI"],"picked":"SKIP","floor":14}],"player_experience":1057534,"relics_obtained":[{"floor":6,"key":"Replay:Mystery Machine"},{"floor":9,"key":"Bag of Marbles"},{"floor":11,"key":"Gambling Chip"}],"event_choices":[{"damage_healed":0,"gold_gain":75,"player_choice":"Gather Gold","damage_taken":11,"max_hp_gain":0,"max_hp_loss":0,"event_name":"World of Goop","floor":2,"gold_loss":0},{"damage_healed":0,"gold_gain":0,"player_choice":"Rummage","damage_taken":0,"relics_obtained":["WarpedTongs"],"max_hp_gain":0,"max_hp_loss":0,"event_name":"Accursed Blacksmith","floor":7,"gold_loss":0,"cards_obtained":["Pain"]},{"damage_healed":0,"gold_gain":0,"player_choice":"Upgraded","damage_taken":0,"max_hp_gain":0,"max_hp_loss":0,"event_name":"Upgrade Shrine","floor":13,"gold_loss":0,"cards_upgraded":["Zap"]}],"is_beta":false,"boss_relics":[],"items_purged_floors":[],"is_endless":false,"potions_floor_spawned":[1,5,11],"killed_by":"Slime Boss","ascension_level":20}}