{"host":"ndqkyrxelzss439h","time":1607981364,"event":{"mods":["2.2 Compatiblity","Act Like it!","BaseMod","Better Third Choice","Colored Map","Colored Powertips","Downfall","Highlight Path","Infinite Spire","Minty Spire (QoL Compilation)","Permanent Neow","Quick Restart","Replay The Spire","StSLib","Steal the Spire"],"gold_per_floor":[99,249,249,263,292,303,327,347,347,347],"floor_reached":9,"playtime":649,"items_purged":[],"score":61,"play_id":"319045e4-292f-4f14-8d99-2a9b36e18bcc","local_time":"20201214162924","is_ascension_mode":false,"campfire_choices":[{"floor":1,"key":"RECALL"}],"circlet_count":0,"master_deck":["champ:Strike","champ:Strike","champ:Strike","champ:Strike","champ:Defend","champ:Defend","champ:Defend","champ:Defend","champ:Execute","champ:Taunt","Slimebound:Icky","champ:EnGarde","champ:HeavySlash","champ:BerserkersShout","champ:Haymaker"],"relics":["champ:ChampionCrown","infinitespire:Lucky Rock"],"acts_visited":["Exordium"],"potions_floor_usage":[5,5,5,8],"damage_taken":[{"damage":4,"enemies":"2 Louse","floor":4,"turns":4},{"damage":54,"enemies":"Lagavulin","floor":5,"turns":10},{"damage":0,"enemies":"Small Slimes","floor":6,"turns":5},{"damage":27,"enemies":"Cultist","floor":8,"turns":5},{"damage":55,"enemies":"3 Sentries","floor":9,"turns":6}],"seed_played":"6493624326179766102","potions_obtained":[{"floor":3,"key":"Flashbang"},{"floor":3,"key":"SpeedPotion"},{"floor":4,"key":"Block Potion"},{"floor":5,"key":"Weak Potion"}],"is_trial":false,"path_per_floor":["R_BF","?","?","M","E","M","T","M","E"],"character_chosen":"THE_CHAMP","items_purchased":[],"campfire_rested":0,"item_purchase_floors":[],"current_hp_per_floor":[99,99,99,95,59,59,59,43,0,0],"gold":347,"neow_bonus":"TEN_PERCENT_HP_BONUS","is_daily":false,"chose_seed":false,"campfire_upgraded":0,"win_rate":0.0,"timestamp":1607981364,"path_taken":["R_BF","?","?","M","E","?","T","M","E"],"items_purchased_type":[],"build_version":"2020-12-13","purchased_purges":0,"victory":false,"max_hp_per_floor":[99,99,99,99,99,99,99,99,99,99],"card_choices":[{"not_picked":["champ:AdrenalArmor","champ:TornadoPunch"],"picked":"champ:EnGarde","floor":4},{"not_picked":["champ:CrookedStrike","champ:DefensiveStyle"],"picked":"champ:HeavySlash","floor":5},{"not_picked":["champ:TornadoPunch","champ:Backstep"],"picked":"champ:BerserkersShout","floor":6},{"not_picked":["champ:ArenaPreparation","champ:ViciousMockery"],"picked":"champ:Haymaker","floor":8}],"player_experience":164535,"relics_obtained":[{"floor":5,"key":"infinitespire:Lucky Rock"}],"event_choices":[{"damage_healed":0,"gold_gain":0,"player_choice":"Got Potions","damage_taken":0,"max_hp_gain":0,"max_hp_loss":0,"event_name":"Lab","floor":3,"gold_loss":0}],"is_beta":false,"boss_relics":[],"items_purged_floors":[],"is_endless":false,"potions_floor_spawned":[4,5],"killed_by":"3 Sentries","ascension_level":0}}