{"host":"ueef25wtkg2eer3h","time":1607986368,"event":{"mods":["AchievementEnabler","BaseMod","Colored Map","Colored Powertips","DeckTracker","Displayed Cursed Tome","Googly Eyes","Highlight Path","Minty Spire (QoL Compilation)","Slay the Relics Exporter","StSLib"],"gold_per_floor":[116,131,206,206,206,249,249,269,292,5,29,67,83,107,107,107,107],"floor_reached":16,"playtime":445,"items_purged":[],"score":212,"play_id":"fb0cca06-e727-4823-87d9-c90baf6d2d6a","local_time":"20201214235248","is_ascension_mode":true,"campfire_choices":[{"floor":7,"key":"REST"},{"floor":15,"key":"REST"}],"circlet_count":0,"master_deck":["AscendersBane","Strike_B","Strike_B","Strike_B","Strike_B","Defend_B","Defend_B","Defend_B","Defend_B","Zap","Dualcast","Rebound","Doom and Gloom","Injury","Streamline","Recycle","Rip and Tear","Loop+1","Go for the Eyes","Defragment+1","Hologram"],"relics":["Cracked Core","NeowsBlessing","Regal Pillow","Golden Idol","Frozen Egg 2","Omamori","Gremlin Horn","Meat on the Bone"],"acts_visited":["Exordium"],"potions_floor_usage":[13,13,14,16],"damage_taken":[{"damage":0,"enemies":"2 Louse","floor":1,"turns":1},{"damage":0,"enemies":"Small Slimes","floor":2,"turns":1},{"damage":0,"enemies":"3 Sentries","floor":6,"turns":1},{"damage":6,"enemies":"Cultist","floor":8,"turns":3},{"damage":6,"enemies":"Looter","floor":11,"turns":2},{"damage":62,"enemies":"Lagavulin","floor":12,"turns":7},{"damage":0,"enemies":"Exordium Wildlife","floor":13,"turns":1},{"damage":8,"enemies":"Blue Slaver","floor":14,"turns":2},{"damage":59,"enemies":"The Guardian","floor":16,"turns":8}],"seed_played":"-6446699638539712815","potions_obtained":[{"floor":1,"key":"SteroidPotion"},{"floor":12,"key":"Explosive Potion"},{"floor":13,"key":"ColorlessPotion"},{"floor":14,"key":"EssenceOfSteel"}],"is_trial":false,"path_per_floor":["M","M","?","?","?","E","R","M","T","$","M","E","M","M","R","B"],"character_chosen":"DEFECT","items_purchased":["Gremlin Horn","Rip and Tear"],"campfire_rested":2,"item_purchase_floors":[10,10],"current_hp_per_floor":[68,68,57,54,54,54,75,69,69,69,63,1,13,17,54,0,0],"gold":107,"neow_bonus":"THREE_ENEMY_KILL","is_daily":false,"chose_seed":false,"campfire_upgraded":0,"win_rate":0.0,"timestamp":1607986368,"path_taken":["M","M","?","?","?","E","R","M","T","$","M","E","M","M","R","BOSS"],"items_purchased_type":["Relic","Card"],"build_version":"2020-12-13","purchased_purges":0,"victory":false,"max_hp_per_floor":[75,75,75,75,75,75,75,75,75,75,75,75,75,75,75,75,75],"card_choices":[{"not_picked":["Compile Driver","Turbo"],"picked":"Rebound","floor":1},{"not_picked":["Coolheaded","Gash"],"picked":"Doom and Gloom","floor":2},{"not_picked":["FTL","Sweeping Beam"],"picked":"Streamline","floor":6},{"not_picked":["Storm+1","All For One"],"picked":"Recycle","floor":8},{"not_picked":["Auto Shields","Stack"],"picked":"Loop+1","floor":11},{"not_picked":["Hello World+1","Meteor Strike"],"picked":"Go for the Eyes","floor":12},{"not_picked":["Compile Driver","Hologram"],"picked":"Defragment+1","floor":13},{"not_picked":["Lockon","Streamline"],"picked":"Hologram","floor":14}],"player_experience":257519,"relics_obtained":[{"floor":6,"key":"Frozen Egg 2"},{"floor":9,"key":"Omamori"},{"floor":12,"key":"Meat on the Bone"}],"event_choices":[{"damage_healed":0,"gold_gain":75,"player_choice":"Gather Gold","damage_taken":11,"max_hp_gain":0,"max_hp_loss":0,"event_name":"World of Goop","floor":3,"gold_loss":0},{"damage_healed":0,"gold_gain":0,"player_choice":"Success","damage_taken":3,"relics_obtained":["Regal Pillow"],"max_hp_gain":0,"max_hp_loss":0,"event_name":"Scrap Ooze","floor":4,"gold_loss":0},{"damage_healed":0,"gold_gain":0,"player_choice":"Take Wound","damage_taken":0,"relics_obtained":["Golden Idol"],"max_hp_gain":0,"max_hp_loss":0,"event_name":"Golden Idol","floor":5,"gold_loss":0,"cards_obtained":["Injury"]}],"is_beta":false,"boss_relics":[],"items_purged_floors":[],"is_endless":false,"potions_floor_spawned":[1,12,13,14],"killed_by":"The Guardian","ascension_level":11}}