{"host":"fqid566djxhwi0rl","time":1607980344,"event":{"mods":["2.2 Compatiblity","AchievementEnabler","Aspiration","BaseMod","Downfall","Energized Spire","Faster Ascension Climbing","GifTheSpireLib","Minty Spire (QoL Compilation)","Replay The Spire","Robot Space Explorer","StSLib","The Blackbeard","The Gatherer","Trackpad","Yuri Mod"],"gold_per_floor":[117,127,302,302,146,146,162,162,162,162,182,182,216,227,227,329,329,343,361,361,460,477,508,508,539,539,570,587,291,291,306,306,402,402,415,147,157,173,23,23,49,49,49,79,133,152,152,163,163,163],"floor_reached":51,"playtime":2752,"items_purged":["CommonCold","champ:Strike","Spreading Infection","Delirium"],"score":1313,"play_id":"a2cc8b4a-25b5-471e-9650-d60d54b01042","local_time":"20201214231224","is_ascension_mode":true,"campfire_choices":[{"data":"champ:FocusedDefense","floor":6,"key":"SMITH"},{"data":"champ:Taunt","floor":8,"key":"SMITH"},{"data":"champ:ShieldSigil","floor":10,"key":"SMITH"},{"data":"champ:EnGarde","floor":15,"key":"SMITH"},{"floor":24,"key":"REST"},{"floor":32,"key":"REST"},{"floor":40,"key":"REST"},{"data":"champ:SteelEdge","floor":42,"key":"SMITH"},{"floor":47,"key":"REST"},{"floor":49,"key":"REST"}],"circlet_count":0,"master_deck":["AscendersBane","champ:Defend","champ:Defend","champ:Execute+1","champ:Taunt+1","champ:DefensiveShout+1","champ:CrookedStrike","champ:FocusedDefense+1","champ:ShieldSigil+1","champ:EnGarde+1","champ:ShieldThrow","champ:SteelEdge+1","champ:StanceDance+1","champ:SkillfulDodge+1","champ:Circumvent","champ:SkillfulDodge+1","expansioncontent:QuickStudy+1","champ:EnGarde+1","champ:ShieldSlam","champ:Control+1","champ:DefensiveStyle","champ:DefensiveStyle+1","champ:SkillfulDodge+1","champ:TornadoPunch+1"],"relics":["champ:ChampionCrown","aspiration:Nostalgia","Slimebound:AbsorbEndCombat","Du-Vu Doll","Onion Ring","Runic Pyramid","trackpad:IceCube","Calipers","Pantograph","Toxic Egg 2","Kintsugi","Oddly Smooth Stone","Potion Belt","trackpad:PetRock","Garlic","StoneCalendar"],"acts_visited":["Exordium","TheCity","TheBeyond"],"potions_floor_usage":[19,25,27,31,48,50,50],"damage_taken":[{"damage":5,"enemies":"2 Louse","floor":1,"turns":3},{"damage":9,"enemies":"Jaw Worm","floor":2,"turns":4},{"damage":0,"enemies":"Small Slimes","floor":7,"turns":3},{"damage":0,"enemies":"Looter","floor":11,"turns":1},{"damage":23,"enemies":"3 Sentries","floor":13,"turns":6},{"damage":0,"enemies":"Blue Slaver","floor":14,"turns":2},{"damage":26,"enemies":"Slime Boss","floor":16,"turns":3},{"damage":10,"enemies":"3 Byrds","floor":18,"turns":5},{"damage":0,"enemies":"Spheric Guardian","floor":19,"turns":3},{"damage":6,"enemies":"Centurion and Healer","floor":22,"turns":3},{"damage":10,"enemies":"Replay:Snechameleon","floor":23,"turns":7},{"damage":23,"enemies":"Book of Stabbing","floor":25,"turns":6},{"damage":19,"enemies":"Slavers","floor":27,"turns":4},{"damage":0,"enemies":"Shelled Parasite and Fungi","floor":28,"turns":2},{"damage":4,"enemies":"Sentry and Sphere","floor":31,"turns":5},{"damage":0,"enemies":"Champ","floor":33,"turns":5},{"damage":22,"enemies":"3 Shapes","floor":35,"turns":4},{"damage":9,"enemies":"3 Darklings","floor":37,"turns":5},{"damage":16,"enemies":"Sphere and 2 Shapes","floor":38,"turns":5},{"damage":0,"enemies":"Nemesis","floor":41,"turns":5},{"damage":28,"enemies":"Reptomancer","floor":44,"turns":5},{"damage":1,"enemies":"2 Orb Walkers","floor":45,"turns":4},{"damage":15,"enemies":"Spire Growth","floor":46,"turns":4},{"damage":26,"enemies":"Transient","floor":48,"turns":5},{"damage":28,"enemies":"Donu and Deca","floor":50,"turns":9}],"seed_played":"2718270110647504562","potions_obtained":[{"floor":1,"key":"AttackPotion"},{"floor":14,"key":"PowerPotion"},{"floor":23,"key":"Toxic Potion"},{"floor":27,"key":"BlessingOfTheForge"},{"floor":28,"key":"Elixir"},{"floor":31,"key":"SteroidPotion"},{"floor":35,"key":"Weak Potion"},{"floor":46,"key":"SteroidPotion"}],"is_trial":false,"path_per_floor":["M","M","?","?","$","R","M","R","T","R","M","?","E","M","R","B",null,"M","M","?","?","M","E","R","E","T","E","M","$","?","M","R","B",null,"M","$","M","M","$","R","E","R","T","E","?","M","R","M","R","B",null],"character_chosen":"THE_CHAMP","items_purchased":["champ:FocusedDefense","expansioncontent:QuickStudy+1","Oddly Smooth Stone"],"campfire_rested":5,"item_purchase_floors":[5,29,36],"current_hp_per_floor":[81,77,77,77,77,77,77,77,77,77,77,59,41,41,41,20,73,73,73,65,65,64,59,86,63,63,49,49,49,49,45,72,90,90,68,68,59,48,48,75,75,75,75,52,51,36,63,37,64,64],"gold":163,"neow_bonus":"NOSTALGIA","is_daily":false,"chose_seed":false,"campfire_upgraded":5,"win_rate":0.0,"timestamp":1607980344,"path_taken":["M","M","?","?","$","R","M","R","T","R","M","?","E","M","R","BOSS","M","M","?","?","M","E","R","E","T","E","M","$","?","M","R","BOSS","M","$","M","?","$","R","E","R","T","E","?","M","R","M","R","BOSS"],"items_purchased_type":["Card","Card","Relic"],"build_version":"2020-12-13","purchased_purges":4,"victory":true,"max_hp_per_floor":[90,90,90,90,90,90,90,90,90,90,90,90,90,90,90,90,90,90,90,90,90,90,90,90,90,90,90,90,90,90,90,90,90,90,90,90,90,90,90,90,90,90,90,90,90,90,90,90,90,90],"card_choices":[{"not_picked":["champ:Circumvent","champ:ShieldSigil"],"picked":"champ:DefensiveShout","floor":1},{"not_picked":["champ:SwordSigil","champ:DefensiveShout"],"picked":"champ:CrookedStrike","floor":2},{"not_picked":["champ:DeathBlow","champ:Encircle"],"picked":"champ:ShieldSigil","floor":7},{"not_picked":["champ:SkillfulDodge","champ:Riposte"],"picked":"champ:EnGarde","floor":11},{"not_picked":["champ:RisingSlash","champ:GladiatorsShout"],"picked":"champ:ShieldThrow","floor":13},{"not_picked":["champ:AdrenalArmor","champ:EnragedBash","champ:Encircle"],"picked":"SKIP","floor":14},{"not_picked":["champ:MurderStrike","champ:CrownThrow"],"picked":"champ:SteelEdge","floor":16},{"not_picked":["champ:ViciousMockery+1","champ:Riposte+1","champ:Encircle"],"picked":"SKIP","floor":18},{"not_picked":["champ:FanOfKnives+1","champ:BerserkerStyle","champ:RapidStrikes+1"],"picked":"SKIP","floor":19},{"not_picked":["champ:IronFortress","champ:EnragedBash+1"],"picked":"champ:StanceDance+1","floor":20},{"not_picked":["champ:ShieldSigil","champ:GladiatorStyle"],"picked":"champ:SkillfulDodge+1","floor":22},{"not_picked":["champ:HeartStrike","champ:CrookedStrike","champ:ViciousMockery+1"],"picked":"SKIP","floor":23},{"not_picked":["champ:PerfectedStrike","champ:DefensiveShout"],"picked":"champ:Circumvent","floor":25},{"not_picked":["champ:FocusedBerserking+1","champ:RecklessLeap","champ:CrownThrow"],"picked":"SKIP","floor":27},{"not_picked":["champ:TornadoPunch","champ:BladeFlurry"],"picked":"champ:SkillfulDodge+1","floor":28},{"not_picked":["champ:RageSigil+1","champ:DeathBlow+1","champ:Backstep+1"],"picked":"SKIP","floor":31},{"not_picked":["champ:CrownThrow","champ:EnchantSword+1"],"picked":"champ:ShieldSlam","floor":33},{"not_picked":["champ:BladeFlurry","champ:Encircle+1"],"picked":"champ:Control+1","floor":35},{"not_picked":["champ:CrookedStrike+1","champ:ShieldSigil+1"],"picked":"champ:DefensiveStyle","floor":37},{"not_picked":["champ:CalledShot+1","champ:BerserkersShout+1"],"picked":"champ:DefensiveStyle+1","floor":38},{"not_picked":["champ:GutPunch+1","champ:RageSigil+1","champ:GladiatorsShout+1"],"picked":"SKIP","floor":41},{"not_picked":["champ:Aggression+1","champ:AdrenalArmor+1","champ:PreciseThrust+1"],"picked":"SKIP","floor":44},{"not_picked":["champ:BladeFlurry+1","champ:StanceDance+1"],"picked":"champ:SkillfulDodge+1","floor":46},{"not_picked":["champ:Encircle","champ:FlashCut"],"picked":"champ:TornadoPunch+1","floor":48}],"player_experience":676822,"relics_obtained":[{"floor":9,"key":"Du-Vu Doll"},{"floor":13,"key":"Onion Ring"},{"floor":23,"key":"trackpad:IceCube"},{"floor":25,"key":"Calipers"},{"floor":26,"key":"Pantograph"},{"floor":27,"key":"Toxic Egg 2"},{"floor":41,"key":"Potion Belt"},{"floor":43,"key":"trackpad:PetRock"},{"floor":44,"key":"Garlic"},{"floor":45,"key":"StoneCalendar"}],"event_choices":[{"damage_healed":0,"gold_gain":175,"player_choice":"AGREE","damage_taken":0,"max_hp_gain":0,"max_hp_loss":0,"event_name":"Liars Game","floor":3,"gold_loss":0,"cards_obtained":["Doubt"]},{"damage_healed":0,"gold_gain":0,"player_choice":"Entered Light","damage_taken":18,"max_hp_gain":0,"max_hp_loss":0,"event_name":"Shining Light","floor":12,"gold_loss":0,"cards_upgraded":["champ:Execute","champ:DefensiveShout"]},{"damage_healed":0,"gold_gain":99,"player_choice":"Stole From Cult","damage_taken":0,"max_hp_gain":0,"max_hp_loss":0,"event_name":"Nest","floor":21,"gold_loss":0},{"damage_healed":0,"gold_gain":0,"player_choice":"Copied","damage_taken":0,"max_hp_gain":0,"max_hp_loss":0,"event_name":"Duplicator","floor":30,"gold_loss":0,"cards_obtained":["champ:EnGarde"]},{"damage_healed":0,"gold_gain":0,"player_choice":"Fight","damage_taken":0,"max_hp_gain":0,"max_hp_loss":0,"event_name":"Mysterious Sphere","floor":45,"gold_loss":0}],"is_beta":false,"boss_relics":[{"not_picked":["Empty Cage","Ring of Chaos"],"picked":"Runic Pyramid"},{"not_picked":["Replay:Drink Me","aspiration:FutureDiary"],"picked":"Kintsugi"}],"items_purged_floors":[5,29,36,39],"is_endless":false,"potions_floor_spawned":[1,14,16,23,27,28,31,35,46],"ascension_level":11}}