{"host":"aeidq2c3auzxo1yh","time":1607975520,"event":{"mods":["AchievementEnabler","BaseMod","Colored Map","Colored Powertips","Minty Spire (QoL Compilation)","Relic Stats","StSLib"],"gold_per_floor":[13,13,23,38,58,58,91,102,102,102,129,129,144,162,162,267,267,283,300,313,238,251,251,278,291,291,318,331,341,341,256,256,256,256],"floor_reached":33,"playtime":2535,"items_purged":[],"score":512,"play_id":"4dfed61e-f129-4149-9385-f4a563ea5a97","local_time":"20201215005200","is_ascension_mode":true,"campfire_choices":[{"data":"Zap","floor":6,"key":"SMITH"},{"data":"Sunder","floor":10,"key":"SMITH"},{"data":"Streamline","floor":15,"key":"SMITH"},{"data":"Buffer","floor":23,"key":"SMITH"},{"data":"Consume","floor":30,"key":"SMITH"},{"data":"Hologram","floor":32,"key":"SMITH"}],"circlet_count":0,"master_deck":["Strike_B","Strike_B","Strike_B","Strike_B","Defend_B","Defend_B","Defend_B","Zap+1","Dualcast","Sunder+1","Tempest","Sweeping Beam","Conserve Battery","Chill","Conserve Battery","Conserve Battery","Streamline+1","Coolheaded","Buffer+1","Tempest","Self Repair+1","Hologram+1","Consume+1","Hologram+1"],"relics":["Cracked Core","FossilizedHelix","Ornamental Fan","HornCleat","Eternal Feather","SlaversCollar","CaptainsWheel","Dream Catcher","Bag of Marbles"],"acts_visited":["Exordium","TheCity"],"potions_floor_usage":[7,11,16,20,20,24,24,27,33],"damage_taken":[{"damage":0,"enemies":"Small Slimes","floor":1,"turns":2},{"damage":0,"enemies":"Cultist","floor":3,"turns":3},{"damage":0,"enemies":"Jaw Worm","floor":4,"turns":3},{"damage":3,"enemies":"Blue Slaver","floor":5,"turns":3},{"damage":0,"enemies":"Gremlin Nob","floor":7,"turns":3},{"damage":0,"enemies":"Exordium Wildlife","floor":8,"turns":2},{"damage":0,"enemies":"Lagavulin","floor":11,"turns":5},{"damage":0,"enemies":"Lots of Slimes","floor":13,"turns":3},{"damage":0,"enemies":"Blue Slaver","floor":14,"turns":2},{"damage":16,"enemies":"The Guardian","floor":16,"turns":10},{"damage":22,"enemies":"Shell Parasite","floor":18,"turns":7},{"damage":15,"enemies":"3 Byrds","floor":19,"turns":4},{"damage":9,"enemies":"Centurion and Healer","floor":20,"turns":6},{"damage":24,"enemies":"Shelled Parasite and Fungi","floor":22,"turns":6},{"damage":7,"enemies":"Book of Stabbing","floor":24,"turns":5},{"damage":0,"enemies":"Cultist and Chosen","floor":25,"turns":7},{"damage":21,"enemies":"Slavers","floor":27,"turns":6},{"damage":0,"enemies":"Snake Plant","floor":28,"turns":5},{"damage":6,"enemies":"Shelled Parasite and Fungi","floor":29,"turns":8},{"damage":88,"enemies":"Champ","floor":33,"turns":12}],"seed_played":"-9098517993980188691","potions_obtained":[{"floor":1,"key":"Energy Potion"},{"floor":4,"key":"EssenceOfDarkness"},{"floor":7,"key":"BlessingOfTheForge"},{"floor":12,"key":"DuplicationPotion"},{"floor":12,"key":"Block Potion"},{"floor":16,"key":"EssenceOfSteel"},{"floor":18,"key":"DistilledChaos"},{"floor":20,"key":"Dexterity Potion"},{"floor":25,"key":"BlessingOfTheForge"},{"floor":27,"key":"Swift Potion"}],"is_trial":false,"path_per_floor":["M","?","M","M","M","R","E","M","T","R","E","?","M","M","R","B",null,"M","M","M","?","M","R","E","M","T","E","M","M","R","?","R","B"],"character_chosen":"DEFECT","items_purchased":[],"campfire_rested":0,"item_purchase_floors":[],"current_hp_per_floor":[82,82,82,82,79,79,79,79,79,79,79,79,79,79,88,72,85,63,48,39,39,15,27,30,40,40,29,39,43,55,55,67,0,0],"gold":256,"neow_bonus":"TWENTY_PERCENT_HP_BONUS","is_daily":false,"chose_seed":false,"campfire_upgraded":6,"win_rate":0.0,"timestamp":1607975520,"path_taken":["M","?","M","?","M","R","E","M","T","R","E","?","M","M","R","BOSS","M","?","M","?","M","R","E","M","T","E","M","M","R","?","R","BOSS"],"items_purchased_type":[],"build_version":"2020-12-13","purchased_purges":0,"victory":false,"max_hp_per_floor":[89,89,89,89,89,89,89,89,89,89,89,89,89,89,89,89,89,89,89,89,89,89,89,89,89,89,89,89,89,89,89,89,89,89],"relic_stats":{"Dream Catcher":0,"counters":[20,102],"Ornamental Fan":[32],"Eternal Feather":45,"obtain_stats":[{"SlaversCollar":17,"CaptainsWheel":24,"Dream Catcher":27,"HornCleat":9,"Ornamental Fan":7,"Eternal Feather":11,"Bag of Marbles":31,"Cracked Core":0,"FossilizedHelix":2},{"SlaversCollar":10,"CaptainsWheel":15,"Dream Catcher":17,"HornCleat":6,"Ornamental Fan":5,"Eternal Feather":7,"Bag of Marbles":19,"Cracked Core":0,"FossilizedHelix":1},{"SlaversCollar":36,"CaptainsWheel":64,"Dream Catcher":77,"HornCleat":16,"Ornamental Fan":14,"Eternal Feather":21,"Bag of Marbles":90,"Cracked Core":0,"FossilizedHelix":2}]},"card_choices":[{"not_picked":["Aggregate","Glacier"],"picked":"Sunder","floor":1},{"not_picked":["Barrage","Rebound"],"picked":"Tempest","floor":3},{"not_picked":["Compile Driver","Redo"],"picked":"Sweeping Beam","floor":4},{"not_picked":["Scrape","Capacitor"],"picked":"Conserve Battery","floor":5},{"not_picked":["Skim","Beam Cell"],"picked":"Chill","floor":7},{"not_picked":["Doom and Gloom","Seek"],"picked":"Conserve Battery","floor":8},{"not_picked":["Stack","Turbo"],"picked":"Conserve Battery","floor":11},{"not_picked":["Go for the Eyes","Turbo"],"picked":"Streamline","floor":13},{"not_picked":["Double Energy","Leap"],"picked":"Coolheaded","floor":14},{"not_picked":["Rainbow","Reboot"],"picked":"Buffer","floor":16},{"not_picked":["Darkness","Rebound"],"picked":"Tempest","floor":18},{"not_picked":["Rip and Tear","Turbo","Stack+1"],"picked":"SKIP","floor":19},{"not_picked":["Scrape","Streamline","Chill"],"picked":"SKIP","floor":20},{"not_picked":["Leap","Hello World+1"],"picked":"Self Repair+1","floor":22},{"not_picked":["Conserve Battery+1","Multi-Cast"],"picked":"Hologram","floor":24},{"not_picked":["Beam Cell","Conserve Battery"],"picked":"Consume","floor":25},{"not_picked":["Coolheaded","Sweeping Beam+1","BootSequence+1"],"picked":"SKIP","floor":27},{"not_picked":["Beam Cell","Cold Snap","Consume"],"picked":"SKIP","floor":28},{"not_picked":["Leap","Streamline"],"picked":"Hologram+1","floor":29}],"player_experience":865951,"relics_obtained":[{"floor":2,"key":"FossilizedHelix"},{"floor":7,"key":"Ornamental Fan"},{"floor":9,"key":"HornCleat"},{"floor":11,"key":"Eternal Feather"},{"floor":24,"key":"CaptainsWheel"},{"floor":27,"key":"Dream Catcher"}],"event_choices":[{"damage_healed":0,"gold_gain":0,"player_choice":"Relic","damage_taken":0,"max_hp_gain":0,"max_hp_loss":0,"event_name":"Wheel of Change","floor":2,"gold_loss":0},{"damage_healed":0,"gold_gain":0,"player_choice":"Got Potions","damage_taken":0,"max_hp_gain":0,"max_hp_loss":0,"event_name":"Lab","floor":12,"gold_loss":0},{"cards_removed":["Defend_B"],"damage_healed":0,"gold_gain":0,"player_choice":"Gave Gold","damage_taken":0,"max_hp_gain":0,"max_hp_loss":0,"event_name":"Beggar","floor":21,"gold_loss":75},{"damage_healed":0,"gold_gain":0,"player_choice":"Obtained Relic","damage_taken":0,"relics_obtained":["Bag of Marbles"],"max_hp_gain":0,"max_hp_loss":0,"event_name":"Addict","floor":31,"gold_loss":85}],"is_beta":false,"boss_relics":[{"not_picked":["Astrolabe","Snecko Eye"],"picked":"SlaversCollar"}],"items_purged_floors":[],"is_endless":false,"potions_floor_spawned":[1,4,7,16,18,19,20,25,27],"killed_by":"Champ","ascension_level":9}}