{"host":"dojadh45vvs5q3bn","time":1607938116,"event":{"mods":["Abigail Mod","Act Like it!","BaseMod","Colored Powertips","Friendly Minions","Gensokyo","GungeonMod","Minty Spire (QoL Compilation)","Prisma Mod","StSLib","The Alterego","The Animator","The Senshi"],"gold_per_floor":[111,111,111,129,143,173,58,83,106,140,158,187,40,58,58,58,58],"floor_reached":16,"playtime":933,"items_purged":["DemoMod:Strike_Huntress"],"score":139,"play_id":"055c3913-66f5-4782-a45c-8c22391ca257","local_time":"20201214102836","is_ascension_mode":true,"campfire_choices":[{"data":"DemoMod:ConditionalReflex","floor":15,"key":"SMITH"}],"circlet_count":0,"master_deck":["DemoMod:Strike_Huntress","DemoMod:Defend_Huntress","DemoMod:Defend_Huntress","DemoMod:Defend_Huntress","DemoMod:Defend_Huntress","DemoMod:Roll","DemoMod:RustySidearm","DemoMod:CrossBow","DemoMod:TeaPot","DemoMod:StrategicReserve","DemoMod:HardPowerCard","DemoMod:HungryBullets","DemoMod:PotionOfGunFriendShip","DemoMod:PracticeMakesPerfect","DemoMod:HuntsMan","DemoMod:DirectionalPad","DemoMod:Evolver","DemoMod:ConditionalReflex+1"],"relics":["DemoMod:Dog","Gensokyo:Justice","theSenshi:FeatherClipsRelic","DemoMod:WhiteGuonStone","DemoMod:GnawedKey","DemoMod:Orange","Blood Vial","DemoMod:JetPack","Lantern"],"acts_visited":["Gensokyo:Gensokyo"],"potions_floor_usage":[10,10,12,16,16],"damage_taken":[{"damage":11,"enemies":"Gensokyo:Python","floor":1,"turns":6},{"damage":7,"enemies":"Gensokyo:Gryphon","floor":4,"turns":4},{"damage":0,"enemies":"Gensokyo:3_Fairies","floor":5,"turns":3},{"damage":16,"enemies":"Gensokyo:Mamizou","floor":6,"turns":9},{"damage":25,"enemies":"Gensokyo:Cirno","floor":8,"turns":9},{"damage":21,"enemies":"Gensokyo:Mamizou","floor":10,"turns":10},{"damage":1,"enemies":"Gensokyo:VengefulSpirit","floor":11,"turns":5},{"damage":28,"enemies":"Gensokyo:Aya","floor":12,"turns":7},{"damage":0,"enemies":"Gensokyo:LivingMonolith","floor":14,"turns":3},{"damage":60,"enemies":"Gensokyo:Kokoro","floor":16,"turns":13}],"seed_played":"2314851229009070560","potions_obtained":[{"floor":4,"key":"Block Potion"},{"floor":10,"key":"SpeedPotion"},{"floor":12,"key":"SkillPotion"},{"floor":14,"key":"Regen Potion"}],"is_trial":false,"path_per_floor":["M","?","T","M","M","E","$","E","T","E","M","E","$","M","R","B"],"character_chosen":"HUNTRESS","items_purchased":["DemoMod:GnawedKey","DemoMod:Evolver"],"campfire_rested":0,"item_purchase_floors":[7,13],"current_hp_per_floor":[59,59,59,58,64,54,54,47,47,34,41,21,21,29,29,0,0],"gold":58,"neow_bonus":"REMOVE_CARD","is_daily":false,"chose_seed":false,"campfire_upgraded":1,"win_rate":0.0,"timestamp":1607938116,"path_taken":["M","?","?","M","M","E","$","E","T","E","?","E","$","M","R","BOSS"],"items_purchased_type":["Relic","Card"],"build_version":"2020-12-13","purchased_purges":1,"victory":false,"max_hp_per_floor":[70,70,70,70,70,70,70,82,82,82,82,82,82,82,82,82,82],"card_choices":[{"not_picked":["DemoMod:Ejector","DemoMod:SAA"],"picked":"DemoMod:TeaPot","floor":1},{"not_picked":["DemoMod:Ejector","DemoMod:SpreadAmmo"],"picked":"DemoMod:StrategicReserve","floor":4},{"not_picked":["DemoMod:DirectionalPad","DemoMod:ZorGun"],"picked":"DemoMod:HardPowerCard","floor":5},{"not_picked":["DemoMod:Camera","DemoMod:Unmoved"],"picked":"DemoMod:HungryBullets","floor":6},{"not_picked":["DemoMod:FortunesFavor","DemoMod:Replace"],"picked":"DemoMod:PotionOfGunFriendShip","floor":8},{"not_picked":["DemoMod:AC15","DemoMod:Desperate"],"picked":"DemoMod:PracticeMakesPerfect","floor":10},{"not_picked":["DemoMod:MachoBrace","DemoMod:ZorGun"],"picked":"DemoMod:HuntsMan","floor":11},{"not_picked":["DemoMod:StickyCrossBow","DemoMod:SkilledReload"],"picked":"DemoMod:DirectionalPad","floor":12},{"not_picked":["DemoMod:PotionOfGunFriendShip","DemoMod:Rummage"],"picked":"DemoMod:ConditionalReflex","floor":14}],"player_experience":439943,"relics_obtained":[{"floor":3,"key":"theSenshi:FeatherClipsRelic"},{"floor":6,"key":"DemoMod:WhiteGuonStone"},{"floor":8,"key":"DemoMod:Orange"},{"floor":9,"key":"Blood Vial"},{"floor":10,"key":"DemoMod:JetPack"},{"floor":12,"key":"Lantern"}],"event_choices":[],"is_beta":false,"boss_relics":[],"items_purged_floors":[13],"is_endless":false,"potions_floor_spawned":[4,10,12,14],"killed_by":"Gensokyo:Kokoro","ascension_level":2}}