{"host":"dusk7mhlix1mqn14","time":1607956887,"event":{"mods":["BaseMod","Colored Powertips","Downfall","Hero for Fun","Highlight Path","Kratos Character Expansion","Marisa（F雨　魔理沙）","Minty Spire (QoL Compilation)","Prisma Mod","Remilia（蕾米莉亚）","Replay The Spire","Ryuuou龙王","SIMod","Shop Mod","StSLib","The Alterego","The Bug Knight","The Death Knight","The Forsaken","The Servant 0.9.4","TheWitcher","【东方二次创作】八云紫mod"],"gold_per_floor":[114,114,114,114,129,129,129,164,187,187,211,211,156,194,194,287,387,412,436,449,473,493,493,537,537,537,537,350,350,550,576,576,723,723,749,777,813,652,652,652],"floor_reached":39,"playtime":2058,"items_purged":[],"score":1468,"play_id":"18283b25-0c1f-48a1-84e1-24a582d248e2","local_time":"20201214224127","daily_mods":["SealedDeck","Heirloom","Time Dilation","Flight","downfall:Lament"],"is_ascension_mode":true,"campfire_choices":[{"data":"DiffusionOfMisfortune","floor":6.0,"key":"SMITH"},{"data":"BloodAndWine","floor":7.0,"key":"SMITH"},{"data":"VampireClaw","floor":10.0,"key":"SMITH"},{"data":"BlasphemousPunishment","floor":15.0,"key":"SMITH"},{"data":"MastersStateliness","floor":23.0,"key":"SMITH"},{"data":"BloodySeventeenLaser","floor":25.0,"key":"SMITH"},{"data":"SuperhumanBloodyKnife","floor":27.0,"key":"SMITH"},{"data":"UltimateOffering","floor":29.0,"key":"SMITH"},{"data":"BatForm","floor":32.0,"key":"SMITH"}],"circlet_count":0,"master_deck":["AscendersBane","BloodHunter+1","EmergencyRegeneration","DiffusionOfMisfortune+1","CharismaGuard","BloodAndWine+1","ScarletImprint","UltimateOffering+1","MastersStateliness+1","SuperhumanBloodyKnife+1","BloodHunter+1","BatForm+1","EternalNight","VampireClaw+1","BlasphemousPunishment+1","EquivalentExchange","RedRainbow","BloodySeventeenLaser+1","BlasphemousPunishment","BlasphemousPunishment","VampirishNight+1","BloodHunter+1"],"relics":["ScarletHat","replay:Trail_Library","NeowsBlessing","Peace Pipe","Golden Idol","ReplayTheSpireMod:Ring of Collecting","Akabeko","ReplayTheSpireMod:Ring of Exchange","ScarletDevilRocket","CultistMask","Potion Belt","Replay:Wanted Poster","Replay:Bottled Eggs","Replay:Bandana","Ring of Fury","Blue Doll","Coffee Dripper","Replay:Baseball"],"acts_visited":["Exordium","TheCity","TheBeyond"],"potions_floor_usage":[],"damage_taken":[{"damage":0.0,"enemies":"Cultist","floor":1.0,"turns":1.0},{"damage":4.0,"enemies":"2 Louse","floor":5.0,"turns":1.0},{"damage":0.0,"enemies":"3 Sentries","floor":8.0,"turns":1.0},{"damage":0.0,"enemies":"Small Slimes","floor":11.0,"turns":1.0},{"damage":10.0,"enemies":"Lagavulin","floor":14.0,"turns":1.0},{"damage":84.0,"enemies":"Hexaghost","floor":16.0,"turns":4.0},{"damage":0.0,"enemies":"Spheric Guardian","floor":18.0,"turns":1.0},{"damage":25.0,"enemies":"3 Byrds","floor":19.0,"turns":2.0},{"damage":10.0,"enemies":"Cultist and Chosen","floor":20.0,"turns":2.0},{"damage":10.0,"enemies":"Snecko","floor":21.0,"turns":1.0},{"damage":13.0,"enemies":"Centurion and Healer","floor":22.0,"turns":3.0},{"damage":10.0,"enemies":"Book of Stabbing","floor":24.0,"turns":2.0},{"damage":10.0,"enemies":"Shelled Parasite and Fungi","floor":31.0,"turns":1.0},{"damage":10,"enemies":"Automaton","floor":33,"turns":2},{"damage":0,"enemies":"3 Shapes","floor":35,"turns":1},{"damage":30,"enemies":"3 Darklings","floor":36,"turns":1},{"damage":43,"enemies":"4 Shapes","floor":37,"turns":1},{"damage":82,"enemies":"Transient","floor":39,"turns":1}],"seed_played":"-4596436231779690645","potions_obtained":[{"floor":1.0,"key":"PowerPotion"},{"floor":8.0,"key":"Explosive Potion"},{"floor":18.0,"key":"Weak Potion"},{"floor":19.0,"key":"Explosive Potion"},{"floor":22.0,"key":"Swift Potion"},{"floor":33,"key":"SkillPotion"},{"floor":35,"key":"PowerPotion"}],"is_trial":true,"path_per_floor":["M","?","?","$","M","R","R","E","T","R","M","?","$","E","R","B",null,"M","M","M","M","M","R","E","R","T","R","$","R","?","M","R","B",null,"M","M","M","$","M"],"character_chosen":"REMILIA","items_purchased":["BlasphemousPunishment","Blue Doll","BlasphemousPunishment","Replay:Baseball"],"campfire_rested":0,"item_purchase_floors":[13,28,28,38],"current_hp_per_floor":[63,39,39,39,35,35,35,35,35,35,35,35,35,34,34,4,54,54,38,33,28,22,22,17,17,17,17,17,17,17,7,7,11,61,61,45,19,19,0,0],"gold":652,"neow_bonus":"","is_daily":false,"chose_seed":false,"campfire_upgraded":9,"win_rate":0.0,"timestamp":1607956887,"path_taken":["M","?","?","$","M","R","R","E","T","R","M","?","$","E","R","BOSS","M","M","M","M","M","R","E","R","T","R","$","R","?","M","R","BOSS","M","M","M","$","M"],"items_purchased_type":["Card","Relic","Card","Relic"],"build_version":"2020-12-13","purchased_purges":0,"victory":false,"max_hp_per_floor":[70,70,70,70,70,70,70,70,70,70,70,70,70,70,70,70,70,70,74,74,74,74,74,74,74,74,74,74,74,74,74,74,78,78,78,78,78,78,78,78],"card_choices":[{"not_picked":["UnderTheZenith","MiserableFate","ScarletDevil"],"picked":"SKIP","floor":1.0},{"not_picked":["DiffusionOfMisfortune","RedRainbow"],"picked":"BatForm","floor":5.0},{"not_picked":["ForbiddenFruit","RedNightlessCastle"],"picked":"EternalNight","floor":8.0},{"not_picked":["ScarletImprint","BloodHunter","EmergencyRegeneration"],"picked":"SKIP","floor":11.0},{"not_picked":["BadLadyScramble","BombardNight","BloodHunter"],"picked":"SKIP","floor":14.0},{"not_picked":["ChaoticDestiny","CeilingFear"],"picked":"EquivalentExchange","floor":16.0},{"not_picked":["CharismaGuard","RedRainbow","GlobalNightmare"],"picked":"SKIP","floor":18.0},{"not_picked":["BadLadyScramble","FitfulNightmare","ScarletDevil"],"picked":"SKIP","floor":19.0},{"not_picked":["VampirishNight","ScarletGensokyo","MastersStateliness"],"picked":"SKIP","floor":20.0},{"not_picked":["NightDance","Septette"],"picked":"RedRainbow","floor":21.0},{"not_picked":["ScarletDream","FitfulNightmare","BloodyMagicSquare"],"picked":"SKIP","floor":22.0},{"not_picked":["RedRainbow","Stigmanizer"],"picked":"BloodySeventeenLaser","floor":24.0},{"not_picked":["MastersStateliness","SuperhumanBloodyKnife","UnderTheZenith"],"picked":"SKIP","floor":31.0},{"not_picked":["Stigmanizer","ScarletDevil"],"picked":"VampirishNight+1","floor":35},{"not_picked":["VampireFantasy+1","ReincarnationDial"],"picked":"BloodHunter+1","floor":36},{"not_picked":["MastersStateliness+1","FavorOfDestiny","UnstableMagic"],"picked":"SKIP","floor":37}],"player_experience":229175,"relics_obtained":[{"floor":3.0,"key":"ReplayTheSpireMod:Ring of Collecting"},{"floor":8.0,"key":"Akabeko"},{"floor":9.0,"key":"ReplayTheSpireMod:Ring of Exchange"},{"floor":9.0,"key":"ScarletDevilRocket"},{"floor":14.0,"key":"Potion Belt"},{"floor":24.0,"key":"Replay:Bottled Eggs"},{"floor":26.0,"key":"Replay:Bandana"},{"floor":26.0,"key":"Ring of Fury"}],"event_choices":[{"damage_healed":0.0,"max_hp_gain":0.0,"max_hp_loss":0.0,"gold_gain":0.0,"event_name":"Golden Idol","player_choice":"Take Damage","floor":2.0,"gold_loss":0.0,"damage_taken":24.0,"relics_obtained":["Golden Idol"]},{"damage_healed":0.0,"max_hp_gain":0.0,"max_hp_loss":0.0,"gold_gain":0.0,"event_name":"FaceTrader","player_choice":"Trade","floor":12.0,"gold_loss":0.0,"damage_taken":0.0,"relics_obtained":["CultistMask"]},{"damage_healed":0.0,"max_hp_gain":0.0,"max_hp_loss":0.0,"gold_gain":200.0,"event_name":"Wheel of Change","player_choice":"Gold","floor":30.0,"gold_loss":0.0,"damage_taken":0.0}],"is_beta":false,"boss_relics":[{"not_picked":["Cauldron","Guardian:BottledAnomaly"],"picked":"Replay:Wanted Poster"},{"not_picked":["TheAbacus","ClockworkSouvenir"],"picked":"Coffee Dripper"}],"items_purged_floors":[],"is_endless":true,"potions_floor_spawned":[1,8,11,18,19,22,33,35,37],"killed_by":"Transient","ascension_level":20}}