{"host":"hgkb2zpbo2dcws21","time":1607949930,"event":{"mods":["AchievementEnabler","BaseMod","Colored Map","Colored Powertips","Custom Start","DeckTracker","KOR Keyword Fix","Minty Spire (QoL Compilation)","StSLib","SuperFastMode"],"gold_per_floor":[109,34,34,34,34,67,67,67,67,67,129,21,21,36,36,110,110,127,127,127,402,433,433,433,433,506,506,10,10,10,60,60,136,136,150,150,150,160,160,190,190,219,268,301,191,218,230,242,254,266,278,290,302,2,37,37],"floor_reached":57,"playtime":1194,"items_purged":["Strike_R"],"score":3275,"play_id":"018d1633-5628-4f9b-ada6-dc9f17563e53","local_time":"20201214214530","daily_mods":["Flight"],"is_ascension_mode":true,"campfire_choices":[{"floor":7.0,"key":"REST"},{"data":"Bloodletting","floor":8.0,"key":"SMITH"},{"data":"Feel No Pain","floor":10.0,"key":"SMITH"},{"data":"Wild Strike","floor":15.0,"key":"SMITH"},{"data":"Rupture","floor":23,"key":"SMITH"},{"floor":25,"key":"REST"},{"data":"Dark Embrace","floor":30,"key":"SMITH"},{"data":"Heavy Blade","floor":32,"key":"SMITH"},{"data":"Fire Breathing","floor":41,"key":"SMITH"},{"floor":49,"key":"RECALL"},{"data":"Corruption","floor":53,"key":"SMITH"}],"circlet_count":0,"master_deck":["AscendersBane","Strike_R","Defend_R","Defend_R","Defend_R","Bash","Feel No Pain+1","Bloodletting+1","Doubt","Cleave","Regret","Second Wind","Wild Strike+1","Exhume","Flex+1","Dark Embrace+1","Shame","Regret","Rupture+1","Decay","Pain","Heavy Blade+1","Shockwave+1","Corruption+1","Havoc+1","Body Slam+1","Fire Breathing+1","Reckless Charge","Writhe","Spot Weakness+1","Power Through+1","Clumsy","Sentinel+1","Doubt","Evolve","Disarm+1","True Grit+1","Flex+1"],"relics":["Burning Blood","Du-Vu Doll","Cursed Key","Blue Candle","Darkstone Periapt","Juzu Bracelet","The Courier","Prayer Wheel","Akabeko","Centennial Puzzle","Pear","Kunai","Runic Dome","Strawberry","Red Mask","Pantograph","MutagenicStrength","Toxic Egg 2","Vajra","Bag of Preparation","Runic Cube","Lantern","Blood Vial","Singing Bowl","MawBank","Medical Kit","StrikeDummy"],"acts_visited":["Exordium","TheCity","TheBeyond","TheEnding"],"potions_floor_usage":[],"damage_taken":[{"damage":1.0,"enemies":"Cultist","floor":1.0,"turns":3.0},{"damage":34.0,"enemies":"Lagavulin","floor":6.0,"turns":6.0},{"damage":14.0,"enemies":"3 Sentries","floor":11.0,"turns":12.0},{"damage":0.0,"enemies":"Jaw Worm","floor":14.0,"turns":1.0},{"damage":30,"enemies":"Hexaghost","floor":16,"turns":8},{"damage":15,"enemies":"2 Thieves","floor":18,"turns":4},{"damage":68,"enemies":"Masked Bandits","floor":22,"turns":5},{"damage":49,"enemies":"Champ","floor":33,"turns":5},{"damage":10,"enemies":"3 Shapes","floor":35,"turns":3},{"damage":27,"enemies":"3 Darklings","floor":38,"turns":3},{"damage":11,"enemies":"Nemesis","floor":40,"turns":3},{"damage":14,"enemies":"Reptomancer","floor":42,"turns":2},{"damage":12,"enemies":"Giant Head","floor":44,"turns":1},{"damage":5,"enemies":"Reptomancer","floor":46,"turns":1},{"damage":61,"enemies":"Time Eater","floor":50,"turns":4},{"damage":57,"enemies":"Awakened One","floor":51,"turns":5},{"damage":8,"enemies":"Shield and Spear","floor":55,"turns":1},{"damage":105,"enemies":"The Heart","floor":56,"turns":6}],"seed_played":"-2175694216748705230","potions_obtained":[{"floor":1.0,"key":"SteroidPotion"},{"floor":16,"key":"BloodPotion"},{"floor":18,"key":"SpeedPotion"}],"is_trial":true,"path_per_floor":["M","$","?","?","$","E","R","R","T","R","?","?","?","M","R","B",null,"M","?","?","?","?","R","?","R","T","?","$","?","R","?","R","B",null,"M","?","?","M","?","E","R","E","T","E","?","E","?","?","R","B","B",null,"R","$","E","B",null],"character_chosen":"IRONCLAD","items_purchased":["Toxic Egg 2","Heavy Blade","Vajra","Bag of Preparation","Medical Kit","Evolve","Disarm+1","True Grit+1"],"campfire_rested":2,"item_purchase_floors":[28,28,28,28,54,54,54,54],"current_hp_per_floor":[73,73,47,40,40,12,34,34,40,40,32,42,48,54,54,30,80,71,71,84,90,28,28,34,70,76,76,76,76,76,76,76,58,111,107,107,107,86,118,113,113,105,111,107,107,112,112,148,148,93,69,128,128,128,128,49],"gold":37,"neow_bonus":"","is_daily":false,"chose_seed":false,"campfire_upgraded":8,"win_rate":0.0,"timestamp":1607949930,"path_taken":["M","?","?","?","?","E","R","R","T","R","?","?","?","M","R","BOSS","M","?","?","?","?","R","?","R","T","?","?","?","R","?","R","BOSS","M","?","?","M","?","E","R","E","T","E","?","E","?","?","R","BOSS","BOSS","R","$","E","BOSS"],"items_purchased_type":["Relic","Card","Relic","Relic","Relic","Card","Card","Card"],"build_version":"2020-12-13","purchased_purges":1,"victory":true,"max_hp_per_floor":[75,75,75,75,75,75,75,75,81,81,81,91,97,97,97,97,97,97,97,110,116,116,116,122,122,128,128,128,128,128,128,128,128,128,128,128,128,128,134,134,134,134,140,140,140,142,142,148,148,148,148,148,148,148,148,148],"card_choices":[{"not_picked":["Seeing Red","Rage"],"picked":"Feel No Pain","floor":1.0},{"not_picked":["Wild Strike","Perfected Strike"],"picked":"Bloodletting","floor":6.0},{"not_picked":["Iron Wave","True Grit"],"picked":"Cleave","floor":11.0},{"not_picked":["Rupture","True Grit"],"picked":"Second Wind","floor":14.0},{"not_picked":["Heavy Blade","Pommel Strike"],"picked":"Wild Strike","floor":14.0},{"not_picked":["Double Tap","Brutality"],"picked":"Exhume","floor":16},{"not_picked":["Battle Trance","Perfected Strike"],"picked":"Flex+1","floor":18},{"not_picked":["Headbutt+1","Twin Strike"],"picked":"Dark Embrace","floor":18},{"not_picked":["Pommel Strike","Burning Pact"],"picked":"Rupture","floor":22},{"not_picked":["Offering+1","Feed"],"picked":"Corruption","floor":33},{"not_picked":["Clash","Perfected Strike"],"picked":"Havoc+1","floor":35},{"not_picked":["Second Wind+1","Rupture"],"picked":"Body Slam","floor":35},{"not_picked":["Clash","Flex+1"],"picked":"Fire Breathing","floor":38},{"not_picked":["Clothesline+1","Clash"],"picked":"Reckless Charge","floor":38},{"not_picked":["Havoc+1","Clash"],"picked":"Spot Weakness+1","floor":40},{"not_picked":["Impervious+1","Clothesline+1"],"picked":"Power Through+1","floor":42},{"not_picked":["Rupture+1","Rampage"],"picked":"Sentinel+1","floor":44},{"not_picked":["Iron Wave","Thunderclap+1","Entrench+1"],"picked":"Singing Bowl","floor":46},{"not_picked":["Twin Strike","Havoc+1"],"picked":"Flex+1","floor":55}],"player_experience":1074259,"relics_obtained":[{"floor":6.0,"key":"Prayer Wheel"},{"floor":9.0,"key":"Akabeko"},{"floor":11.0,"key":"Centennial Puzzle"},{"floor":22,"key":"Red Mask"},{"floor":26,"key":"Pantograph"},{"floor":40,"key":"Lantern"},{"floor":42,"key":"Blood Vial"},{"floor":44,"key":"Singing Bowl"},{"floor":46,"key":"MawBank"},{"floor":55,"key":"StrikeDummy"}],"event_choices":[{"damage_healed":0.0,"max_hp_gain":0.0,"max_hp_loss":0.0,"gold_gain":0.0,"event_name":"Scrap Ooze","player_choice":"Success","floor":3.0,"gold_loss":0.0,"damage_taken":26.0,"relics_obtained":["The Courier"]},{"cards_removed":["Defend_R"],"damage_healed":0.0,"max_hp_gain":0.0,"max_hp_loss":0.0,"gold_gain":0.0,"event_name":"Golden Wing","player_choice":"Card Removal","floor":4.0,"gold_loss":0.0,"damage_taken":7.0},{"damage_healed":0.0,"max_hp_gain":0.0,"max_hp_loss":0.0,"gold_gain":30.0,"event_name":"Dead Adventurer","player_choice":"Searched \u00272\u0027 times","floor":11.0,"gold_loss":0.0,"damage_taken":0.0},{"damage_healed":0.0,"max_hp_gain":0.0,"max_hp_loss":0.0,"gold_gain":0.0,"event_name":"WeMeetAgain","player_choice":"Paid Gold","floor":12.0,"gold_loss":108.0,"damage_taken":0.0,"relics_obtained":["Pear"]},{"damage_healed":0.0,"max_hp_gain":0.0,"max_hp_loss":0.0,"gold_gain":0.0,"event_name":"Big Fish","player_choice":"Box","floor":13.0,"gold_loss":0.0,"damage_taken":0.0,"relics_obtained":["Kunai"],"cards_obtained":["Regret"]},{"damage_healed":0,"gold_gain":0,"player_choice":"Ignored","damage_taken":0,"max_hp_gain":0,"max_hp_loss":0,"event_name":"Ghosts","floor":19,"gold_loss":0},{"damage_healed":0,"gold_gain":0,"player_choice":"Stole Relic","damage_taken":0,"relics_obtained":["Strawberry"],"max_hp_gain":0,"max_hp_loss":0,"event_name":"Addict","floor":20,"gold_loss":0,"cards_obtained":["Shame"]},{"damage_healed":0,"gold_gain":275,"player_choice":"Desecrate","damage_taken":0,"max_hp_gain":0,"max_hp_loss":0,"event_name":"Golden Shrine","floor":21,"gold_loss":0,"cards_obtained":["Regret"]},{"damage_healed":0,"gold_gain":0,"player_choice":"Fought Bandits","damage_taken":0,"max_hp_gain":0,"max_hp_loss":0,"event_name":"Masked Bandits","floor":22,"gold_loss":0},{"damage_healed":0,"gold_gain":0,"player_choice":"Smashed Altar","damage_taken":0,"max_hp_gain":0,"max_hp_loss":0,"event_name":"Forgotten Altar","floor":24,"gold_loss":0,"cards_obtained":["Decay"]},{"damage_healed":0,"gold_gain":0,"player_choice":"Inject Mutagens","damage_taken":0,"relics_obtained":["MutagenicStrength"],"max_hp_gain":0,"max_hp_loss":0,"event_name":"Drug Dealer","floor":27,"gold_loss":0},{"damage_healed":0,"gold_gain":0,"player_choice":"Read","damage_taken":0,"max_hp_gain":0,"max_hp_loss":0,"event_name":"The Library","floor":29,"gold_loss":0,"cards_obtained":["Shockwave"]},{"damage_healed":0,"gold_gain":50,"player_choice":"Stole From Cult","damage_taken":0,"max_hp_gain":0,"max_hp_loss":0,"event_name":"Nest","floor":31,"gold_loss":0},{"cards_removed":["Strike_R"],"damage_healed":0,"gold_gain":0,"player_choice":"Purged","damage_taken":0,"max_hp_gain":0,"max_hp_loss":0,"event_name":"Purifier","floor":36,"gold_loss":0},{"cards_removed":["Strike_R"],"damage_healed":0,"gold_gain":0,"player_choice":"Removed Attack","damage_taken":0,"max_hp_gain":0,"max_hp_loss":0,"event_name":"Falling","floor":37,"gold_loss":0},{"damage_healed":26,"gold_gain":0,"player_choice":"Writhe","damage_taken":0,"max_hp_gain":0,"max_hp_loss":0,"event_name":"Winding Halls","floor":39,"gold_loss":0,"cards_obtained":["Writhe"]},{"cards_removed":["Strike_R"],"damage_healed":0,"gold_gain":0,"player_choice":"Upgrade and Remove","damage_taken":0,"max_hp_gain":0,"max_hp_loss":0,"event_name":"Designer","floor":45,"gold_loss":110,"cards_upgraded":["Body Slam"]},{"damage_healed":0,"gold_gain":0,"player_choice":"0 cards matched","damage_taken":0,"max_hp_gain":0,"max_hp_loss":0,"event_name":"Match and Keep!","floor":47,"gold_loss":0,"cards_obtained":[]},{"damage_healed":30,"gold_gain":0,"player_choice":"Heal","damage_taken":0,"max_hp_gain":0,"max_hp_loss":0,"event_name":"MindBloom","floor":48,"gold_loss":0,"cards_obtained":["Doubt"]}],"is_beta":false,"boss_relics":[{"not_picked":["Runic Pyramid","Busted Crown"],"picked":"Runic Dome"},{"not_picked":["Empty Cage","Cursed Key"],"picked":"Runic Cube"}],"items_purged_floors":[2],"is_endless":false,"potions_floor_spawned":[1,16,18,42,46,55],"ascension_level":20}}