{"host":"gu5bom8l9zwjg25u","time":1607976999,"event":{"mods":["AchievementEnabler","BaseMod","Better Altar","Better Match","Better Note","Better Sensory Stone","Better Skull","Better Third Choice","Better Vampires","Challenge The Spire","Colored Map","Colored Powertips","Conspire","Curses Come First","Downfall","Emptier Cage","Energized Spire","GifTheSpireLib","GungeonMod","Hubris","Infinite Spire","Jorbs\u0027s Wanderer Trilogy","Mad Scientist","Marked Mod","Minty Spire (QoL Compilation)","Rare Cards Sparkle","Relic Sorter","Replay The Spire","Say the Spire","Shop Mod","Spicy Shops","StSLib","The Blackbeard","The Blue Laboratory","The Bug Knight","The Construct","The Cursed","The Death Knight","The Hierophant","The Runesmith","The Servant 0.9.4","The Valiant","Uncapped"],"gold_per_floor":[308,5,119,230,343,343,50,50,162,281,401,401,97,97,207,325,443,553],"floor_reached":19,"playtime":3434,"items_purged":["Strike_G","Strike_G","Strike_G"],"score":2665,"play_id":"deb45333-5008-4f1d-9a68-4d3841ffa235","local_time":"20201214221639","daily_mods":["challengethespire:Bronze Difficulty","challengethespire:Boss Rush","Uncertain Future"],"is_ascension_mode":false,"campfire_choices":[{"data":"Neutralize","floor":8,"key":"SMITH"},{"floor":14,"key":"REST"}],"circlet_count":0,"master_deck":["Strike_G","Strike_G","Defend_G","Defend_G","Defend_G","Defend_G","Defend_G","Survivor","Neutralize+1","Transmutation+1","conspire:DoublingDagger+1","Accuracy+1","Accuracy+1","hubris:DuctTapeCard","Terror+1","Fluid Movement+1","Expertise+1","Acrobatics+1","Prepared+1","ReplayTheSpireMod:Scrap Shanks+1","Blade Dance+1","Grand Finale+1","Prepared+1","ReplayTheSpireMod:The Works+1","Prepared+1"],"relics":["Ring of the Snake","The Courier","Molten Egg 2","Toxic Egg 2","Frozen Egg 2","Chemical X","Ornamental Fan","hubris:DuctTape","conspire:DeflatedDodgeball","Anchor","ReplayFunnel","hubris:GrandSneckoEye","Nunchaku","Winged Necklace","ReplayTheSpireMod:Ninjato","ReplayTheSpireMod:Lightbulb","WristBlade","infinitespire:BottledMercury","Replay:Wax Seal","Durian","hexamod:BolsterEngine","Gremlin Food"],"acts_visited":["Exordium"],"potions_floor_usage":[15,18],"damage_taken":[{"damage":0,"enemies":"Slime Boss","floor":3,"turns":4},{"damage":11,"enemies":"The Guardian","floor":4,"turns":6},{"damage":2,"enemies":"Hexaghost","floor":5,"turns":6},{"damage":0,"enemies":"Champ","floor":9,"turns":3},{"damage":0,"enemies":"Automaton","floor":10,"turns":3},{"damage":0,"enemies":"Collector","floor":11,"turns":2},{"damage":5,"enemies":"Time Eater","floor":15,"turns":5},{"damage":0,"enemies":"Awakened One","floor":16,"turns":3},{"damage":0,"enemies":"Donu and Deca","floor":17,"turns":1},{"damage":23,"enemies":"The Heart","floor":18,"turns":3}],"seed_played":"2130759658400405844","potions_obtained":[{"floor":3,"key":"BlessingOfTheForge"},{"floor":10,"key":"blueLaboratory:LouseDecoction"},{"floor":17,"key":"SkillPotion"},{"floor":18,"key":"Toxic Potion"}],"is_trial":true,"path_per_floor":["$","$","M","M","M","T","$","R","M","M","M","T","$","R","M","M","M","M",null],"character_chosen":"THE_SILENT","items_purchased":["Chemical X","Transmutation+1","Ornamental Fan","conspire:DoublingDagger+1","Cloak And Dagger+1","Accuracy+1","Finesse+1","Accuracy+1","hubris:DuctTape","Nunchaku","Acrobatics+1","Prepared+1","infinitespire:BottledMercury"],"campfire_rested":1,"item_purchase_floors":[1,1,1,1,1,1,1,2,2,7,7,7,13],"current_hp_per_floor":[70,70,70,59,57,57,57,57,57,57,57,57,57,70,65,70,70,47],"gold":553,"neow_bonus":"","is_daily":false,"chose_seed":false,"campfire_upgraded":1,"win_rate":0.0,"timestamp":1607976999,"path_taken":["$","$","M","M","M","T","$","R","M","M","M","T","$","R","M","M","M","M"],"items_purchased_type":["Relic","Card","Relic","Card","Card","Card","Card","Card","Relic","Relic","Card","Card","Relic"],"build_version":"2020-12-13","purchased_purges":3,"victory":true,"max_hp_per_floor":[70,70,70,70,70,70,70,70,70,70,70,70,70,70,70,75,75,75],"card_choices":[],"player_experience":291243,"relics_obtained":[{"floor":3,"key":"conspire:DeflatedDodgeball"},{"floor":4,"key":"Anchor"},{"floor":5,"key":"ReplayFunnel"},{"floor":9,"key":"Winged Necklace"},{"floor":10,"key":"ReplayTheSpireMod:Ninjato"},{"floor":11,"key":"ReplayTheSpireMod:Lightbulb"},{"floor":15,"key":"Replay:Wax Seal"},{"floor":16,"key":"Durian"},{"floor":17,"key":"hexamod:BolsterEngine"},{"floor":18,"key":"Gremlin Food"}],"event_choices":[],"is_beta":false,"boss_relics":[{"not_picked":["Runic Dome","Snecko Scales"],"picked":"hubris:GrandSneckoEye"},{"not_picked":["energizedSpire:HugeHouse","energizedSpire:MagnifyingGlass"],"picked":"WristBlade"}],"items_purged_floors":[1,7,13],"is_endless":false,"potions_floor_spawned":[3,10,17,18],"ascension_level":0}}