{"host":"ow9msrs9p2ctkx99","time":1607913418,"event":{"mods":["AchievementEnabler","BaseMod","Colored Map","Colored Powertips","Minty Spire (QoL Compilation)","Permanent Neow","Quick Restart","SuperFastMode"],"gold_per_floor":[111,121,121,46,196,196,228,24,48,61,77,77,77,112,112,189,189,204,204,204,216,227,227,227],"floor_reached":23,"playtime":607,"items_purged":["Strike_G"],"score":348,"play_id":"f96b0f16-a9d0-4dc5-8bd3-37a552807b25","local_time":"20201214033658","is_ascension_mode":true,"campfire_choices":[{"data":"Blade Dance","floor":6.0,"key":"SMITH"},{"data":"Poisoned Stab","floor":12,"key":"SMITH"},{"floor":15,"key":"REST"}],"circlet_count":0,"master_deck":["AscendersBane","Strike_G","Strike_G","Strike_G","Strike_G","Defend_G","Defend_G","Defend_G","Defend_G","Defend_G","Survivor","Neutralize","CurseOfTheBell","Blade Dance+1","Poisoned Stab+1","PiercingWail","Backstab","Cloak And Dagger","Phantasmal Killer","Well Laid Plans+1"],"relics":["Calling Bell","Lantern","Shuriken","Bird Faced Urn","Blue Candle","Anchor","Art of War","Omamori","Cursed Key","Juzu Bracelet"],"acts_visited":["Exordium","TheCity"],"potions_floor_usage":[7,11,21,23],"damage_taken":[{"damage":0.0,"enemies":"Cultist","floor":1.0,"turns":4.0},{"damage":3.0,"enemies":"Small Slimes","floor":2.0,"turns":5.0},{"damage":21,"enemies":"Lagavulin","floor":7,"turns":8},{"damage":0,"enemies":"Jaw Worm","floor":10,"turns":3},{"damage":0,"enemies":"Exordium Thugs","floor":11,"turns":4},{"damage":24,"enemies":"Gremlin Nob","floor":14,"turns":4},{"damage":5,"enemies":"The Guardian","floor":16,"turns":12},{"damage":15,"enemies":"Spheric Guardian","floor":18,"turns":4},{"damage":0,"enemies":"3 Byrds","floor":21,"turns":6},{"damage":35,"enemies":"Snecko","floor":22,"turns":7},{"damage":12,"enemies":"Gremlin Leader","floor":23,"turns":3}],"seed_played":"1570486179622841432","potions_obtained":[{"floor":2.0,"key":"FearPotion"},{"floor":10,"key":"CunningPotion"},{"floor":14,"key":"Ancient Potion"},{"floor":16,"key":"CultistPotion"},{"floor":18,"key":"Block Potion"}],"is_trial":false,"path_per_floor":["M","M","$","$","?","R","E","$","T","M","M","R","?","E","R","B",null,"M","?","?","M","M","E"],"character_chosen":"THE_SILENT","items_purchased":["Anchor","Poisoned Stab"],"campfire_rested":1,"item_purchase_floors":[8,8],"current_hp_per_floor":[59,56,56,56,56,56,35,35,35,35,35,35,28,4,23,18,54,39,39,39,39,4,0,0],"gold":227,"neow_bonus":"BOSS_RELIC","is_daily":false,"chose_seed":false,"campfire_upgraded":2,"win_rate":0.0,"timestamp":1607913418,"path_taken":["M","M","?","$","?","R","E","?","T","?","M","R","?","E","R","BOSS","M","?","?","M","M","E"],"items_purchased_type":["Relic","Card"],"build_version":"2020-12-13","purchased_purges":1,"victory":false,"max_hp_per_floor":[66,66,66,66,66,66,66,66,66,66,66,66,66,66,66,66,66,66,66,66,66,66,66,66],"card_choices":[{"not_picked":["Deflect","Deadly Poison","Flying Knee"],"picked":"SKIP","floor":1.0},{"not_picked":["Dagger Throw","Terror"],"picked":"Blade Dance","floor":2.0},{"not_picked":["Quick Slash","Unload","Underhanded Strike"],"picked":"SKIP","floor":7},{"not_picked":["Outmaneuver","Poisoned Stab"],"picked":"PiercingWail","floor":10},{"not_picked":["Blade Dance","Slice"],"picked":"Backstab","floor":11},{"not_picked":["Heel Hook","Backflip"],"picked":"Cloak And Dagger","floor":14},{"not_picked":["A Thousand Cuts","After Image"],"picked":"Phantasmal Killer","floor":16},{"not_picked":["Deadly Poison+1","Quick Slash"],"picked":"Acrobatics","floor":18},{"not_picked":["Flechettes","Flying Knee+1","Masterful Stab"],"picked":"SKIP","floor":21},{"not_picked":["Tools of the Trade","Underhanded Strike"],"picked":"Well Laid Plans+1","floor":22}],"player_experience":1053920,"relics_obtained":[{"floor":0.0,"key":"Lantern"},{"floor":0.0,"key":"Shuriken"},{"floor":0.0,"key":"Bird Faced Urn"},{"floor":7,"key":"Blue Candle"},{"floor":9,"key":"Art of War"},{"floor":14,"key":"Omamori"}],"event_choices":[{"damage_healed":0.0,"max_hp_gain":0.0,"max_hp_loss":0.0,"gold_gain":150.0,"event_name":"Liars Game","player_choice":"AGREE","floor":5.0,"gold_loss":0.0,"damage_taken":0.0,"cards_obtained":["Doubt"]},{"cards_removed":["Doubt"],"damage_healed":0,"gold_gain":0,"player_choice":"Card Removal","damage_taken":7,"max_hp_gain":0,"max_hp_loss":0,"event_name":"Golden Wing","floor":13,"gold_loss":0},{"damage_healed":0,"gold_gain":0,"player_choice":"Ignored","damage_taken":0,"max_hp_gain":0,"max_hp_loss":0,"event_name":"Vampires","floor":19,"gold_loss":0},{"cards_removed":["Acrobatics"],"damage_healed":0,"gold_gain":0,"player_choice":"Gave Card","damage_taken":0,"relics_obtained":["Juzu Bracelet"],"max_hp_gain":0,"max_hp_loss":0,"event_name":"WeMeetAgain","floor":20,"gold_loss":0}],"is_beta":false,"boss_relics":[{"not_picked":["Runic Dome","Sozu"],"picked":"Cursed Key"}],"items_purged_floors":[4],"is_endless":false,"potions_floor_spawned":[2,10,14,16,18],"killed_by":"Gremlin Leader","ascension_level":15}}