{"host":"0cnf9zf1gia27zti","time":1607965068,"event":{"mods":["BaseMod","BetterRewards","Card Forge","Colored Map","Colored Powertips","Conspire","Downfall","Minty Spire (QoL Compilation)","Quick Restart","Replay The Spire","Shade Mod","Spicy Shops","StSLib"],"gold_per_floor":[109,109,109,34,55,88,88,88,88,88,61,61,104,131,131,260,260,254,254,83,83,127,127,150,150,176,26,60,60,80,120,120,244,244,264,198,2,20,40,40,74,99,99,117,117,45,86,9,9,9],"floor_reached":51,"playtime":8698,"items_purged":["Injury","hexamod:Haunted"],"score":1221,"play_id":"1dcc01ac-0c7c-419d-aa01-90f9bc1fce7b","local_time":"20201214165748","is_ascension_mode":true,"campfire_choices":[{"floor":7,"key":"REST"},{"floor":12,"key":"REST"},{"floor":15,"key":"REST"},{"floor":23,"key":"REST"},{"data":"TalkToTheHand","floor":25,"key":"SMITH"},{"data":"Worship","floor":25,"key":"SMITH"},{"data":"Wireheading","floor":29,"key":"SMITH"},{"data":"PathToVictory","floor":29,"key":"SMITH"},{"floor":32,"key":"REST"},{"floor":40,"key":"REST"},{"floor":49,"key":"REST"}],"circlet_count":0,"master_deck":["Strike_P+1","Strike_P+1","Defend_P+1","Defend_P+1","Defend_P+1","Vigilance+1","Devotion+1","Vault+1","Mayhem+1","LikeWater+1","Worship+1","LessonLearned+1","PathToVictory+1","Finesse+1","TalkToTheHand+1","Wireheading+1","Replay:ManipulateFuture+1","DevaForm+1","Devotion+1","PathToVictory+1","Ragnarok+1","Evaluate+1","Madness+1","Madness+1","Mayhem+1","ReplayTheSpireMod:Brewmster+1"],"relics":["PureWater","Hammer of Thor","Seething Fire","Anvil of the Gods","Golden Egg","Blue Doll","TungstenRod","Replay:Rubber Ducky","Golden Idol","Replay:Arrowhead","Bottled Lightning","Gremlin Food","Bronze Scales","Black Star","Nilry\u0027s Codex","Red Mask","ReplayTheSpireMod:Lightbulb","Membership Card","conspire:DecoderRing","Regal Pillow","ReplayTheSpireMod:TigerMarble","conspire:GlowingRock","Cursed Key","Potion Belt","Pear","Frozen Egg 2","Chameleon Ring","MealTicket","DollysMirror","ReplayTheSpireMod:Shallot","ReplayTheSpireMod:CursedCoin","Orrery"],"acts_visited":["Exordium","TheCity","TheBeyond"],"potions_floor_usage":[6,18,24,33,33,35,50,50,50,50,50,50,50,50],"damage_taken":[{"damage":0,"enemies":"Jaw Worm","floor":1,"turns":5},{"damage":3,"enemies":"Small Slimes","floor":5,"turns":6},{"damage":29,"enemies":"3 Sentries","floor":6,"turns":12},{"damage":10,"enemies":"Gremlin Nob","floor":13,"turns":6},{"damage":10,"enemies":"Fading Forest","floor":16,"turns":12},{"damage":10,"enemies":"2 Thieves","floor":18,"turns":5},{"damage":2,"enemies":"Masked Bandits","floor":22,"turns":5},{"damage":0,"enemies":"Shell Parasite","floor":24,"turns":5},{"damage":0,"enemies":"Book of Stabbing","floor":28,"turns":6},{"damage":0,"enemies":"Cultist and Chosen","floor":30,"turns":5},{"damage":9,"enemies":"Gremlin Leader","floor":31,"turns":7},{"damage":0,"enemies":"Collector","floor":33,"turns":8},{"damage":29,"enemies":"3 Darklings","floor":35,"turns":5},{"damage":0,"enemies":"3 Shapes","floor":38,"turns":4},{"damage":0,"enemies":"Writhing Mass","floor":39,"turns":6},{"damage":0,"enemies":"Giant Head","floor":41,"turns":6},{"damage":0,"enemies":"Maw","floor":42,"turns":6},{"damage":42,"enemies":"4 Shapes","floor":44,"turns":5},{"damage":3,"enemies":"conspire:MimicChest","floor":47,"turns":6},{"damage":14,"enemies":"Awakened One","floor":50,"turns":8}],"seed_played":"3360471969414571471","potions_obtained":[{"floor":1,"key":"Slimebound:ThreeZeroPotion"},{"floor":16,"key":"Block Potion"},{"floor":22,"key":"Toxic Potion"},{"floor":28,"key":"Doom Potion"},{"floor":30,"key":"Languid Potion"},{"floor":33,"key":"Fruit Juice"},{"floor":38,"key":"FairyPotion"},{"floor":39,"key":"SpeedPotion"},{"floor":41,"key":"FearPotion"},{"floor":47,"key":"BottledMiracle"}],"is_trial":false,"path_per_floor":["M","?","?","$","M","E","R","?","T","?","$","R","E","T","R","B",null,"M","?","$","?","?","R","M","R","T","$","E","R","M","E","R","B",null,"M","?","$","M","M","R","E","M","T","M","?","$","?","$","R","B",null],"character_chosen":"WATCHER","items_purchased":["Golden Egg","Blue Doll","TungstenRod","LikeWater","Finesse+1","Membership Card","Ragnarok","Pear","DollysMirror","ReplayTheSpireMod:Brewmster+1","ReplayTheSpireMod:CursedCoin","Orrery","Ancient Potion"],"campfire_rested":7,"item_purchase_floors":[0,0,0,11,20,27,37,37,46,48,48,48,48],"current_hp_per_floor":[33,33,33,33,30,1,22,22,22,22,22,43,33,33,54,52,67,57,57,57,45,43,64,64,64,64,64,64,64,64,55,72,72,72,48,48,58,58,58,87,87,87,87,45,35,50,47,62,84,70],"gold":9,"neow_bonus":"","is_daily":false,"chose_seed":false,"campfire_upgraded":4,"win_rate":0.0,"timestamp":1607965068,"path_taken":["M","?","?","$","?","E","R","?","T","?","$","R","E","?","R","BOSS","M","?","$","?","?","R","M","R","T","$","E","R","?","E","R","BOSS","M","?","?","M","M","R","E","M","T","?","?","$","?","$","R","BOSS"],"items_purchased_type":["Relic","Relic","Relic","Card","Card","Relic","Card","Relic","Relic","Card","Relic","Relic","Potion"],"build_version":"2020-11-30","purchased_purges":2,"victory":true,"max_hp_per_floor":[72,72,72,72,72,72,72,72,72,72,72,72,72,72,72,72,72,72,72,72,72,72,72,72,72,72,72,72,72,72,72,72,72,72,77,77,87,87,87,87,87,87,87,87,87,84,84,84,84,84],"card_choices":[{"not_picked":["Replay:ManipulateFuture","Crescendo","FearNoEvil"],"picked":"SKIP","floor":1},{"not_picked":["Wallop","BowlingBash","WaveOfTheHand"],"picked":"SKIP","floor":5},{"not_picked":["Replay:DivineShield","FlurryOfBlows"],"picked":"Vault","floor":6},{"not_picked":["FlurryOfBlows","CrushJoints"],"picked":"Worship","floor":13},{"not_picked":["Judgement","Scrawl"],"picked":"LessonLearned","floor":16},{"not_picked":["FlyingSleeves+1","Weave"],"picked":"PathToVictory","floor":18},{"not_picked":["FlyingSleeves","Collect"],"picked":"TalkToTheHand","floor":24},{"not_picked":["WreathOfFlame+1","Consecrate"],"picked":"Wireheading","floor":28},{"not_picked":["ThirdEye","BowlingBash"],"picked":"Replay:ManipulateFuture+1","floor":30},{"not_picked":["ClearTheMind+1","Replay:Hum"],"picked":"DevaForm","floor":31},{"not_picked":["Wish","ConjureBlade"],"picked":"Devotion","floor":33},{"not_picked":["Replay:Anticipation","EmptyMind"],"picked":"PathToVictory+1","floor":35},{"not_picked":["EmptyBody+1","FlurryOfBlows+1","Halt+1"],"picked":"SKIP","floor":38},{"not_picked":["JustLucky+1","SignatureMove+1","Replay:AtTheReady+1"],"picked":"SKIP","floor":39},{"not_picked":["Weave+1","FollowUp"],"picked":"Evaluate+1","floor":41},{"not_picked":["Replay:ManipulateFuture","InnerPeace+1","Consecrate+1"],"picked":"SKIP","floor":42},{"not_picked":["CrushJoints+1","Halt","Crescendo+1"],"picked":"SKIP","floor":44}],"player_experience":2001589,"relics_obtained":[{"floor":6,"key":"Replay:Arrowhead"},{"floor":9,"key":"Bottled Lightning"},{"floor":13,"key":"Gremlin Food"},{"floor":14,"key":"Bronze Scales"},{"floor":21,"key":"Nilry\u0027s Codex"},{"floor":22,"key":"Red Mask"},{"floor":26,"key":"ReplayTheSpireMod:Lightbulb"},{"floor":28,"key":"conspire:DecoderRing"},{"floor":28,"key":"Regal Pillow"},{"floor":31,"key":"ReplayTheSpireMod:TigerMarble"},{"floor":31,"key":"conspire:GlowingRock"},{"floor":41,"key":"Frozen Egg 2"},{"floor":41,"key":"Chameleon Ring"},{"floor":43,"key":"MealTicket"},{"floor":47,"key":"ReplayTheSpireMod:Shallot"}],"event_choices":[{"damage_healed":0,"gold_gain":0,"player_choice":"Take Wound","damage_taken":0,"relics_obtained":["Golden Idol"],"max_hp_gain":0,"max_hp_loss":0,"event_name":"Golden Idol","floor":2,"gold_loss":0,"cards_obtained":["Injury"]},{"cards_removed":["Defend_P"],"damage_healed":0,"gold_gain":0,"player_choice":"Forget","damage_taken":0,"max_hp_gain":0,"max_hp_loss":0,"event_name":"Living Wall","floor":10,"gold_loss":0},{"cards_removed":["Strike_P"],"damage_healed":0,"gold_gain":0,"player_choice":"Elegance","damage_taken":0,"max_hp_gain":0,"max_hp_loss":0,"event_name":"Back to Basics","floor":19,"gold_loss":0},{"damage_healed":0,"gold_gain":0,"player_choice":"Obtained Book","damage_taken":16,"max_hp_gain":0,"max_hp_loss":0,"event_name":"Cursed Tome","floor":21,"gold_loss":0},{"damage_healed":0,"gold_gain":0,"player_choice":"Fought Bandits","damage_taken":0,"max_hp_gain":0,"max_hp_loss":0,"event_name":"Masked Bandits","floor":22,"gold_loss":0},{"damage_healed":0,"gold_gain":0,"player_choice":"Paid Gold","damage_taken":0,"relics_obtained":["Potion Belt"],"max_hp_gain":0,"max_hp_loss":0,"event_name":"WeMeetAgain","floor":36,"gold_loss":66},{"damage_healed":0,"gold_gain":0,"player_choice":"Embrace Madness","damage_taken":11,"max_hp_gain":0,"max_hp_loss":0,"event_name":"Winding Halls","floor":45,"gold_loss":0,"cards_obtained":["Madness","Madness"]}],"is_beta":false,"boss_relics":[{"not_picked":["Replay:Drink Me","Replay:Ancient Bell"],"picked":"Black Star"},{"not_picked":["Abe\u0027s Treasure","conspire:SeveredTorchhead"],"picked":"Cursed Key"}],"items_purged_floors":[4,48],"is_endless":false,"potions_floor_spawned":[1,16,22,28,30,33,38,39,41,47],"ascension_level":9}}