{"host":"ul103bh19qas5vs8","time":1607941014,"event":{"mods":["BaseMod","Downfall","Googly Eyes","Minty Spire (QoL Compilation)","Replay The Spire","Shop Mod","StSLib"],"gold_per_floor":[99,128,128,128,228,238,238,303,303,343,393,443,60,82,104,208,208,133,118,118,118,118,118,118,118,118],"floor_reached":25,"playtime":1220,"items_purged":["hexamod:Strike"],"score":300,"play_id":"6bfd431b-a9bc-45f9-a5d6-671f08dbb90d","local_time":"20201214181654","is_ascension_mode":false,"campfire_choices":[{"data":"hexamod:Sear","floor":1.0,"key":"SMITH"},{"data":"hexamod:BurningTouch","floor":9.0,"key":"SMITH"},{"data":"hexamod:HexaLevel","floor":18.0,"key":"SMITH"},{"data":"hexamod:ExtraCrispy","floor":21,"key":"SMITH"}],"circlet_count":0,"master_deck":["hexamod:Strike","hexamod:Strike","hexamod:Defend","hexamod:Defend","hexamod:Defend","hexamod:Sear+1","hexamod:Float","hexamod:ExtraCrispy+1","hexamod:BurningTouch+1","hexamod:FourthSeal","hexamod:SecondSeal","hexamod:FastForward+1","hexamod:AdvancingGuard+1","hexamod:SpectersWail+1","hexamod:NightmareStrike+1","hexamod:HexaLevel+1","hexamod:ThermalTransfer+1","hexamod:InspiringFlames+1"],"relics":["hexamod:SpiritBrand","downfall:HeartsMalice","Blood Vial","downfall:CloakOfManyFaces","CultistMask","FaceOfCleric","NlothsMask","GremlinMask","SsserpentHead","Counterbalance","Pear","Molten Egg 2","Ectoplasm","downfall:HeartBlessingGreen","Eternal Feather"],"acts_visited":["Exordium","TheCity"],"potions_floor_usage":[25,25],"damage_taken":[{"damage":0.0,"enemies":"Gremlin Nob","floor":2.0,"turns":1.0},{"damage":0.0,"enemies":"2 Louse","floor":3.0,"turns":1.0},{"damage":0.0,"enemies":"downfall:FaceTrader","floor":5.0,"turns":1.0},{"damage":1.0,"enemies":"Small Slimes","floor":6.0,"turns":4.0},{"damage":0.0,"enemies":"Cultist","floor":8.0,"turns":3.0},{"damage":27.0,"enemies":"3 Sentries","floor":10.0,"turns":13.0},{"damage":4.0,"enemies":"downfall:FleeingMerchant","floor":13.0,"turns":4.0},{"damage":0.0,"enemies":"Large Slime","floor":14.0,"turns":6.0},{"damage":13.0,"enemies":"Exordium Wildlife","floor":15.0,"turns":3.0},{"damage":35.0,"enemies":"downfall:Defect","floor":16.0,"turns":6.0},{"damage":9.0,"enemies":"downfall:FleeingMerchant","floor":19.0,"turns":4.0},{"damage":16,"enemies":"Shell Parasite","floor":22,"turns":4},{"damage":44,"enemies":"Slavers","floor":25,"turns":5}],"seed_played":"-5345784940573741760","potions_obtained":[{"floor":5.0,"key":"LiquidMemories"},{"floor":6.0,"key":"AttackPotion"},{"floor":8.0,"key":"Fire Potion"},{"floor":8.0,"key":"Fire Potion"},{"floor":10.0,"key":"Energy Potion"},{"floor":13.0,"key":"Fruit Juice"},{"floor":14.0,"key":"Reflective Coating"},{"floor":19,"key":"PowerPotion"}],"is_trial":false,"path_per_floor":["R","E","M","?","?","M","T","M","R","E","?","T","$","M","M","B",null,"R","$","?","R","M","?","T","E"],"character_chosen":"THE_SPIRIT","items_purchased":["hexamod:AdvancingGuard+1","Molten Egg 2"],"campfire_rested":0,"item_purchase_floors":[13,13],"current_hp_per_floor":[70,70,70,70,70,70,70,72,72,46,51,61,60,68,58,26,97,97,89,89,89,76,76,76,35,35],"gold":118,"neow_bonus":"THREE_ENEMY_KILL","is_daily":false,"chose_seed":false,"campfire_upgraded":4,"win_rate":0.0,"timestamp":1607941014,"path_taken":["R","E","M","?","?","M","T","?","R","E","?","?","$","M","M","BOSS","R","$","?","R","M","?","T","E"],"items_purchased_type":["Card","Relic"],"build_version":"2020-12-13","purchased_purges":1,"victory":false,"max_hp_per_floor":[70,70,70,70,70,71,71,72,72,73,78,88,89,95,96,97,97,97,98,98,98,99,99,99,100,100],"card_choices":[{"not_picked":["hexamod:NightmareGuise","hexamod:ChargedBarrage"],"picked":"hexamod:ExtraCrispy","floor":2.0},{"not_picked":["hexamod:SpectersWail","hexamod:RecurringNightmare"],"picked":"hexamod:BurningTouch","floor":3.0},{"not_picked":["hexamod:NightmareGuise","hexamod:FastForward"],"picked":"hexamod:FourthSeal","floor":5.0},{"not_picked":["hexamod:GhostOfSpirePresent","hexamod:BacktrackSmack","hexamod:FirstSeal"],"picked":"SKIP","floor":6.0},{"not_picked":["hexamod:GhostLash","hexamod:NightmareGuise"],"picked":"hexamod:SecondSeal","floor":8.0},{"not_picked":["hexamod:RainOfEmbers","hexamod:SpectralAdrenaline"],"picked":"hexamod:FastForward","floor":10.0},{"not_picked":["hexamod:HeatMetal","hexamod:NightmareGuise","hexamod:NightmareStrike"],"picked":"SKIP","floor":13.0},{"not_picked":["hexamod:InspiringFlames","hexamod:NightmareGuise"],"picked":"hexamod:SpectersWail+1","floor":14.0},{"not_picked":["hexamod:NightmareGuise","hexamod:UnleashSpirits+1","hexamod:NightmareStrike+1"],"picked":"SKIP","floor":15.0},{"not_picked":["hexamod:NightmareGuise","hexamod:UnleashSpirits+1"],"picked":"hexamod:NightmareStrike+1","floor":15.0},{"not_picked":["hexamod:CrushingStance+1","hexamod:TimeOfNeed"],"picked":"hexamod:HexaLevel","floor":16.0},{"not_picked":["hexamod:HauntingEcho+1","hexamod:DynamicBlow+1"],"picked":"hexamod:ThermalTransfer+1","floor":19},{"not_picked":["hexamod:RainOfEmbers+1","hexamod:SpectersWail+1"],"picked":"hexamod:InspiringFlames+1","floor":22},{"not_picked":["hexamod:ExtraCrispy+1","hexamod:EtherealExpedition","hexamod:GhostShield"],"picked":"SKIP","floor":25}],"player_experience":108843,"relics_obtained":[{"floor":2.0,"key":"Blood Vial"},{"floor":5.0,"key":"downfall:CloakOfManyFaces"},{"floor":10.0,"key":"Counterbalance"},{"floor":12.0,"key":"Pear"},{"floor":24,"key":"Eternal Feather"}],"event_choices":[{"damage_healed":0.0,"max_hp_gain":5.0,"max_hp_loss":0.0,"gold_gain":0.0,"event_name":"Big Fish","player_choice":"Donut","floor":11.0,"gold_loss":0.0,"damage_taken":0.0},{"damage_healed":0,"gold_gain":0,"player_choice":"Upgraded","damage_taken":0,"max_hp_gain":0,"max_hp_loss":0,"event_name":"Upgrade Shrine","floor":23,"gold_loss":0,"cards_upgraded":["hexamod:FastForward"]}],"is_beta":false,"boss_relics":[{"not_picked":["Empty Cage","Cursed Key"],"picked":"Ectoplasm"}],"items_purged_floors":[13],"is_endless":false,"potions_floor_spawned":[5,8,10,15,25],"killed_by":"Slavers","ascension_level":0}}