{"host":"6wux4armhsntp4yb","time":1607984378,"event":{"mods":["BaseMod","Colored Map","Minty Spire (QoL Compilation)","Relic Stats"],"gold_per_floor":[20,34,34,51,51,51,81,81,81,81,94,108,73,112,112,193,193,216,216,234,243,243,243,219,219,264,298,223,249,272,305,305,391,391,417,430,430,441,461,491,491,523,548,585,182,182,191,204,204,204,204,204],"floor_reached":51,"playtime":3724,"items_purged":["Strike_G"],"score":1727,"play_id":"7e27c176-b23c-4cbb-8ecb-218f02c09a36","local_time":"20201215071938","is_ascension_mode":true,"campfire_choices":[{"data":"Neutralize","floor":6.0,"key":"SMITH"},{"data":"Wraith Form v2","floor":8.0,"key":"SMITH"},{"floor":10.0,"key":"REST"},{"data":"Terror","floor":15,"key":"SMITH"},{"data":"Wraith Form v2","floor":23,"key":"SMITH"},{"data":"Well Laid Plans","floor":25,"key":"SMITH"},{"data":"Footwork","floor":32,"key":"SMITH"},{"data":"Catalyst","floor":41,"key":"SMITH"},{"data":"Burst","floor":46,"key":"SMITH"},{"floor":49,"key":"RECALL"}],"circlet_count":0,"master_deck":["AscendersBane","Strike_G","Defend_G","Defend_G","Defend_G","Survivor","Neutralize+1","Crippling Poison+1","Poisoned Stab","Wraith Form v2+1","Blur","Terror+1","Escape Plan","Wraith Form v2+1","Calculated Gamble","Footwork+1","Caltrops","Well Laid Plans+1","Well Laid Plans","Deadly Poison","Burst+1","Catalyst+1","Wraith Form v2","Distraction"],"relics":["Ring of the Snake","Ginger","Pear","PreservedInsect","Happy Flower","CeramicFish","Coffee Dripper","TungstenRod","HornCleat","Boot","Pantograph","Empty Cage","Singing Bowl","Regal Pillow","Tough Bandages","Ancient Tea Set","Mercury Hourglass","TwistedFunnel","Snake Skull"],"acts_visited":["Exordium","TheCity","TheBeyond"],"potions_floor_usage":[16,16,27,33,38,40,42,42,50],"damage_taken":[{"damage":14.0,"enemies":"2 Louse","floor":1.0,"turns":4.0},{"damage":0.0,"enemies":"Small Slimes","floor":2.0,"turns":4.0},{"damage":4.0,"enemies":"Jaw Worm","floor":4.0,"turns":5.0},{"damage":34.0,"enemies":"Gremlin Nob","floor":7.0,"turns":5.0},{"damage":0.0,"enemies":"2 Fungi Beasts","floor":11.0,"turns":3.0},{"damage":2,"enemies":"Large Slime","floor":12,"turns":9},{"damage":2,"enemies":"Lagavulin","floor":14,"turns":6},{"damage":3,"enemies":"Slime Boss","floor":16,"turns":9},{"damage":9,"enemies":"Shell Parasite","floor":18,"turns":8},{"damage":0,"enemies":"2 Thieves","floor":24,"turns":4},{"damage":4,"enemies":"Gremlin Leader","floor":27,"turns":5},{"damage":0,"enemies":"Book of Stabbing","floor":29,"turns":5},{"damage":16,"enemies":"Cultist and Chosen","floor":30,"turns":10},{"damage":0,"enemies":"Gremlin Leader","floor":31,"turns":6},{"damage":42,"enemies":"Automaton","floor":33,"turns":11},{"damage":0,"enemies":"3 Shapes","floor":35,"turns":4},{"damage":0,"enemies":"Orb Walker","floor":36,"turns":4},{"damage":0,"enemies":"Sphere and 2 Shapes","floor":38,"turns":8},{"damage":0,"enemies":"Maw","floor":39,"turns":9},{"damage":8,"enemies":"Giant Head","floor":40,"turns":9},{"damage":0,"enemies":"Reptomancer","floor":42,"turns":4},{"damage":3,"enemies":"Giant Head","floor":44,"turns":6},{"damage":0,"enemies":"Spire Growth","floor":48,"turns":5},{"damage":30,"enemies":"Awakened One","floor":50,"turns":14},{"damage":67,"enemies":"Donu and Deca","floor":51,"turns":6}],"seed_played":"-7955193122118847043","potions_obtained":[{"floor":1.0,"key":"Energy Potion"},{"floor":7.0,"key":"SteroidPotion"},{"floor":12,"key":"DuplicationPotion"},{"floor":18,"key":"BlessingOfTheForge"},{"floor":29,"key":"CultistPotion"},{"floor":30,"key":"Block Potion"},{"floor":36,"key":"Fire Potion"},{"floor":39,"key":"Regen Potion"},{"floor":40,"key":"SkillPotion"},{"floor":42,"key":"ColorlessPotion"},{"floor":48,"key":"Energy Potion"}],"is_trial":false,"path_per_floor":["M","M","?","M","?","R","E","R","T","R","M","M","?","E","R","B",null,"M","?","?","?","?","R","M","R","T","E","?","E","M","E","R","B",null,"M","M","T","M","M","E","R","E","T","E","$","R","?","M","R","B","B"],"character_chosen":"THE_SILENT","items_purchased":["TwistedFunnel","Snake Skull"],"campfire_rested":1,"item_purchase_floors":[45,45],"current_hp_per_floor":[45,45,45,41,40,40,6,6,6,28,28,26,26,24,24,21,62,53,53,53,53,53,53,53,53,53,49,49,49,33,33,33,16,61,61,61,61,63,65,74,74,76,76,73,73,73,73,75,75,56,14,14],"gold":204,"neow_bonus":"ONE_RARE_RELIC","is_daily":false,"chose_seed":false,"campfire_upgraded":8,"win_rate":0.0,"timestamp":1607984378,"path_taken":["M","M","?","M","?","R","E","R","T","R","M","M","?","E","R","BOSS","M","?","?","?","?","R","M","R","T","E","?","E","M","E","R","BOSS","M","M","?","M","M","E","R","E","T","E","$","R","?","M","R","BOSS","BOSS"],"items_purchased_type":["Relic","Relic"],"build_version":"2020-12-13","purchased_purges":1,"victory":false,"max_hp_per_floor":[66,66,66,66,76,76,76,76,76,76,76,76,76,76,76,76,76,76,76,76,76,76,76,76,76,76,76,76,76,76,76,76,76,76,76,76,76,78,80,82,82,84,84,84,84,84,84,86,86,86,86,86],"relic_stats":{"Regal Pillow":0,"Happy Flower":[48],"Singing Bowl":10,"counters":[25,163],"CeramicFish":108,"PreservedInsect":487,"Snake Skull":[40],"Ginger":[25],"Boot":[18],"Mercury Hourglass":[90],"Tough Bandages":[99],"Pantograph":61,"obtain_stats":[{"TwistedFunnel":45,"Regal Pillow":40,"Pear":5,"Happy Flower":9,"Singing Bowl":37,"CeramicFish":14,"PreservedInsect":7,"Snake Skull":45,"Ginger":0,"Boot":29,"Empty Cage":34,"Ancient Tea Set":43,"Mercury Hourglass":44,"Tough Bandages":42,"HornCleat":28,"Pantograph":31,"Coffee Dripper":17,"TungstenRod":27,"Ring of the Snake":0},{"TwistedFunnel":22,"Regal Pillow":20,"Pear":3,"Happy Flower":4,"Singing Bowl":17,"CeramicFish":7,"PreservedInsect":4,"Snake Skull":22,"Ginger":0,"Boot":12,"Empty Cage":15,"Ancient Tea Set":21,"Mercury Hourglass":22,"Tough Bandages":21,"HornCleat":11,"Pantograph":14,"Coffee Dripper":8,"TungstenRod":11,"Ring of the Snake":0},{"TwistedFunnel":138,"Regal Pillow":128,"Pear":13,"Happy Flower":18,"Singing Bowl":102,"CeramicFish":36,"PreservedInsect":18,"Snake Skull":138,"Ginger":0,"Boot":67,"Empty Cage":94,"Ancient Tea Set":132,"Mercury Hourglass":138,"Tough Bandages":132,"HornCleat":62,"Pantograph":83,"Coffee Dripper":45,"TungstenRod":62,"Ring of the Snake":0}],"TungstenRod":54,"Ring of the Snake":[50]},"card_choices":[{"not_picked":["Well Laid Plans","Choke"],"picked":"Crippling Poison","floor":1.0},{"not_picked":["Quick Slash","Flying Knee"],"picked":"Poisoned Stab","floor":2.0},{"not_picked":["Finisher","Blade Dance","Flying Knee"],"picked":"SKIP","floor":4.0},{"not_picked":["Unload","Outmaneuver"],"picked":"Wraith Form v2","floor":7.0},{"not_picked":["Distraction","Underhanded Strike"],"picked":"Blur","floor":11.0},{"not_picked":["Escape Plan","Expertise"],"picked":"Terror","floor":12},{"not_picked":["Unload","Distraction"],"picked":"Escape Plan","floor":14},{"not_picked":["Envenom","A Thousand Cuts"],"picked":"Wraith Form v2","floor":16},{"not_picked":["Flying Knee","Blade Dance"],"picked":"Calculated Gamble","floor":18},{"not_picked":["Underhanded Strike","Bane","Flying Knee"],"picked":"SKIP","floor":24},{"not_picked":["Outmaneuver","Prepared"],"picked":"Well Laid Plans","floor":27},{"not_picked":["Dagger Spray","Backstab","Acrobatics"],"picked":"SKIP","floor":29},{"not_picked":["Dagger Spray","Backstab","Acrobatics"],"picked":"SKIP","floor":29},{"not_picked":["Poisoned Stab","Sucker Punch"],"picked":"Deadly Poison","floor":30},{"not_picked":["Slice","Endless Agony+1","Sucker Punch"],"picked":"SKIP","floor":31},{"not_picked":["Adrenaline","Unload"],"picked":"Burst","floor":33},{"not_picked":["Distraction","PiercingWail+1"],"picked":"Catalyst","floor":35},{"not_picked":["Backflip","Deadly Poison+1","Outmaneuver"],"picked":"SKIP","floor":36},{"not_picked":["Underhanded Strike","Slice","Sucker Punch"],"picked":"Singing Bowl","floor":38},{"not_picked":["Backflip","Predator","Outmaneuver"],"picked":"Singing Bowl","floor":39},{"not_picked":["Endless Agony+1","Underhanded Strike","Concentrate"],"picked":"Singing Bowl","floor":40},{"not_picked":["Infinite Blades+1","Burst","Eviscerate"],"picked":"Singing Bowl","floor":42},{"not_picked":["Flechettes","Distraction"],"picked":"Wraith Form v2","floor":44},{"not_picked":["Dagger Throw","Deflect+1","Infinite Blades"],"picked":"Singing Bowl","floor":48}],"player_experience":5640876,"relics_obtained":[{"floor":7.0,"key":"PreservedInsect"},{"floor":9.0,"key":"Happy Flower"},{"floor":14,"key":"CeramicFish"},{"floor":27,"key":"TungstenRod"},{"floor":29,"key":"Boot"},{"floor":31,"key":"Pantograph"},{"floor":37,"key":"Singing Bowl"},{"floor":40,"key":"Regal Pillow"},{"floor":42,"key":"Tough Bandages"},{"floor":43,"key":"Ancient Tea Set"},{"floor":44,"key":"Mercury Hourglass"}],"event_choices":[{"damage_healed":0.0,"max_hp_gain":0.0,"max_hp_loss":0.0,"gold_gain":0.0,"event_name":"Living Wall","player_choice":"Grow","floor":3.0,"gold_loss":0.0,"damage_taken":0.0,"cards_upgraded":["Crippling Poison"]},{"damage_healed":0.0,"max_hp_gain":0.0,"max_hp_loss":0.0,"gold_gain":0.0,"event_name":"Scrap Ooze","player_choice":"Success","floor":5.0,"gold_loss":0.0,"damage_taken":11.0,"relics_obtained":["Pear"]},{"damage_healed":0,"gold_gain":0,"player_choice":"Left Gold","damage_taken":0,"max_hp_gain":0,"max_hp_loss":0,"event_name":"World of Goop","floor":13,"gold_loss":35},{"damage_healed":0,"gold_gain":0,"player_choice":"Ignored","damage_taken":0,"max_hp_gain":0,"max_hp_loss":0,"event_name":"Cursed Tome","floor":19,"gold_loss":0},{"damage_healed":0,"gold_gain":0,"cards_transformed":["Defend_G","Defend_G"],"player_choice":"Became Test Subject","damage_taken":0,"max_hp_gain":0,"max_hp_loss":0,"event_name":"Drug Dealer","floor":20,"gold_loss":0,"cards_obtained":["Footwork","Caltrops"]},{"damage_healed":0,"gold_gain":0,"player_choice":"Read","damage_taken":0,"max_hp_gain":0,"max_hp_loss":0,"event_name":"The Library","floor":21,"gold_loss":0,"cards_obtained":["Well Laid Plans"]},{"damage_healed":0,"gold_gain":0,"player_choice":"Ignored","damage_taken":0,"max_hp_gain":0,"max_hp_loss":0,"event_name":"Ghosts","floor":22,"gold_loss":0},{"damage_healed":0,"gold_gain":0,"player_choice":"Paid Gold","damage_taken":0,"relics_obtained":["HornCleat"],"max_hp_gain":0,"max_hp_loss":0,"event_name":"WeMeetAgain","floor":28,"gold_loss":75},{"damage_healed":0,"gold_gain":0,"cards_transformed":["Strike_G"],"player_choice":"Transformed","damage_taken":0,"max_hp_gain":0,"max_hp_loss":0,"event_name":"Transmorgrifier","floor":47,"gold_loss":0,"cards_obtained":["Distraction"]}],"is_beta":false,"boss_relics":[{"not_picked":["Pandora\u0027s Box","Sozu"],"picked":"Coffee Dripper"},{"not_picked":["Snecko Eye","Busted Crown"],"picked":"Empty Cage"}],"items_purged_floors":[45],"is_endless":false,"potions_floor_spawned":[1,7,12,18,29,30,36,39,40,42,48],"killed_by":"Donu and Deca","ascension_level":20}}