{"host":"dusk7mhlix1mqn14","time":1607953924,"event":{"mods":["BaseMod","Colored Powertips","Downfall","Hero for Fun","Highlight Path","Kratos Character Expansion","Marisa（F雨　魔理沙）","Minty Spire (QoL Compilation)","Prisma Mod","Remilia（蕾米莉亚）","Replay The Spire","Ryuuou龙王","SIMod","Shop Mod","StSLib","The Alterego","The Bug Knight","The Death Knight","The Forsaken","The Servant 0.9.4","TheWitcher","【东方二次创作】八云紫mod"],"gold_per_floor":[1,1,1,1,1,26,26,26,26,26,44,61,436,459,474,574,574,349,371,400,400,436,453,480,517,517,533,552,552,552,452,466,570,570,570,595,595,595,615,629,656,656,656,656,672,694,694,694,713,715,715,751,438,438,444],"floor_reached":56,"playtime":926,"items_purged":["Defend_Y","CommonCold","Defend_Y"],"score":1603,"play_id":"e4a9f868-c774-4e5d-8f85-930ed23d0fe4","local_time":"20201214215204","is_ascension_mode":false,"campfire_choices":[{"floor":1,"key":"RECALL"},{"data":"Toss_Stone","floor":5,"key":"SMITH"},{"data":"Consecutive_Normal_Punch","floor":9,"key":"SMITH"},{"data":"Serious_Side_Hops","floor":18,"key":"SMITH"},{"data":"Terrifying_Presence","floor":21,"key":"SMITH"},{"data":"Strike_Y","floor":26,"key":"SMITH"},{"floor":35,"key":"REST"},{"floor":38,"key":"REST"},{"floor":42,"key":"REST"},{"floor":44,"key":"REST"},{"floor":54,"key":"REST"}],"circlet_count":0,"master_deck":["Strike_Y","Strike_Y","Strike_Y","Strike_Y+1","Strike_Y","Defend_Y","Defend_Y","Defend_Y","Slap","Toss_Stone+1","Consecutive_Normal_Punch+1","Slap","Slap","Normal_Punch","Oh","Serious_Side_Hops+1","Side_Hop","Terrifying_Presence+1","Consecutive_Normal_Punch","Toss_Stone+1","Do_Nothing+1","Slap+1","Consecutive_Normal_Punch+1","Ignore+1","Hip_Strike","Toss_Stone+1","Normal_Punch+1","Normal_Punch","Consecutive_Normal_Punch","Ignore+1","Ignore+1","Wear_Disguise+1","Slap+1","Serious_Punch"],"relics":["Cape","downfall:HeartsMalice","Tiny Chest","Incense Burner","ReplayTheSpireMod:CursedCoin","Replay:Bandana","Replay:Grab Bag","Philosopher\u0027s Stone","Sozu","Runic Pyramid","Honey Jar","downfall:HeartBlessingRed","downfall:HeartBlessingGreen","downfall:HeartBlessingBlue","Ancient Tea Set","Orichalcum","ReplayFunnel","Potion Belt","Replay:Bronze Core","theForsaken:HumbleEgg","Omamori","Gremlin Horn","Medical Kit","Vajra"],"acts_visited":["Exordium","TheCity","TheBeyond","TheEnding"],"potions_floor_usage":[],"damage_taken":[{"damage":0,"enemies":"2 Louse","floor":2,"turns":1},{"damage":0,"enemies":"Jaw Worm","floor":3,"turns":1},{"damage":0,"enemies":"Small Slimes","floor":4,"turns":1},{"damage":0,"enemies":"HollowMod:MossKnight","floor":6,"turns":1},{"damage":0,"enemies":"Exordium Wildlife","floor":11,"turns":1},{"damage":0,"enemies":"Blue Slaver","floor":12,"turns":1},{"damage":0,"enemies":"downfall:FleeingMerchant","floor":13,"turns":2},{"damage":0,"enemies":"Large Slime","floor":15,"turns":1},{"damage":0,"enemies":"downfall:Watcher","floor":16,"turns":1},{"damage":0,"enemies":"Chosen","floor":19,"turns":1},{"damage":0,"enemies":"Book of Stabbing","floor":20,"turns":1},{"damage":0,"enemies":"Slavers","floor":22,"turns":1},{"damage":0,"enemies":"Centurion and Healer","floor":23,"turns":1},{"damage":0,"enemies":"Replay:Snechameleon","floor":25,"turns":1},{"damage":0,"enemies":"Cultist and Chosen","floor":27,"turns":1},{"damage":0,"enemies":"Snake Plant","floor":28,"turns":1},{"damage":0,"enemies":"Snecko","floor":32,"turns":1},{"damage":0,"enemies":"downfall:Defect","floor":33,"turns":1},{"damage":0,"enemies":"3 Shapes","floor":36,"turns":1},{"damage":0,"enemies":"Orb Walker","floor":39,"turns":1},{"damage":0,"enemies":"Writhing Mass","floor":40,"turns":1},{"damage":0,"enemies":"Spire Growth","floor":45,"turns":1},{"damage":0,"enemies":"Transient","floor":46,"turns":1},{"damage":0,"enemies":"Writhing Mass","floor":49,"turns":1},{"damage":0,"enemies":"downfall:Silent","floor":50,"turns":1},{"damage":0,"enemies":"downfall:CharBossMerchant","floor":52,"turns":1},{"damage":0,"enemies":"downfall:NeowBoss","floor":55,"turns":7}],"seed_played":"-5985374447233616143","potions_obtained":[{"floor":12,"key":"AttackPotion"},{"floor":15,"key":"SkillPotion"},{"floor":16,"key":"Block Potion"}],"is_trial":false,"path_per_floor":["R","M","M","M","R","E","T","?","R","T","M","M","$","T","M","B",null,"R","M","E","R","E","M","T","E","R","M","M","?","?","$","M","B",null,"R","M","T","R","M","M","T","R","?","R","M","M","T","?","M","B",null,"E","$","R","B",null],"character_chosen":"OPM","items_purchased":["ReplayTheSpireMod:CursedCoin","Slap+1","Serious_Punch"],"campfire_rested":5,"item_purchase_floors":[13,53,53],"current_hp_per_floor":[999,999,999,999,999,999,999,999,999,999,999,999,999,999,999,999,999,1009,1009,1009,1009,1009,1009,1009,1009,1009,1009,1009,1009,1009,1009,1009,1009,1009,1009,1009,1009,1009,1009,1009,1009,1009,1009,1009,1009,1009,1009,1009,1009,1009,1009,1009,1009,1009,1009],"gold":444,"neow_bonus":"THREE_ENEMY_KILL","is_daily":false,"chose_seed":false,"campfire_upgraded":5,"win_rate":0.0,"timestamp":1607953924,"path_taken":["R","M","M","M","R","E","T","?","R","?","M","M","?","?","M","BOSS","R","M","E","R","E","M","T","E","R","M","M","?","?","?","M","BOSS","R","M","?","R","M","M","T","R","?","R","?","?","?","?","M","BOSS","E","$","R","BOSS"],"items_purchased_type":["Relic","Card","Card"],"build_version":"2020-12-13","purchased_purges":3,"victory":true,"max_hp_per_floor":[999,999,999,999,999,999,999,999,999,999,999,999,999,999,999,999,999,1009,1009,1009,1009,1009,1009,1009,1009,1009,1009,1009,1009,1009,1009,1009,1009,1009,1009,1009,1009,1009,1009,1009,1009,1009,1009,1009,1009,1009,1009,1009,1009,1009,1009,1009,1009,1009,1009],"card_choices":[{"not_picked":["Yawn","Ignore"],"picked":"Slap","floor":2},{"not_picked":["Do_Nothing","Yawn","Side_Hop"],"picked":"SKIP","floor":3},{"not_picked":["Hop","Side_Hop"],"picked":"Toss_Stone","floor":4},{"not_picked":["Wear_Disguise","Do_Nothing"],"picked":"Consecutive_Normal_Punch","floor":6},{"not_picked":["Ignore","Hop"],"picked":"Slap","floor":11},{"not_picked":["Side_Hop","Normal_Punch"],"picked":"Slap","floor":12},{"not_picked":["Slap","Ignore"],"picked":"Normal_Punch","floor":13},{"not_picked":["Yawn","Side_Hop"],"picked":"Oh","floor":15},{"not_picked":["Get_Hopes_Up","Hip_Strike"],"picked":"Serious_Side_Hops","floor":16},{"not_picked":["Ignore","Wear_Disguise+1","Do_Nothing"],"picked":"Side_Hop","floor":19},{"not_picked":["Yawn+1","Side_Hop","Slap"],"picked":"Terrifying_Presence","floor":20},{"not_picked":["Slap","Hop","Wear_Disguise"],"picked":"Consecutive_Normal_Punch","floor":22},{"not_picked":["Do_Nothing","Slap","Hop"],"picked":"Toss_Stone+1","floor":23},{"not_picked":["Serious_Punch","Wear_Disguise","Consecutive_Normal_Punch"],"picked":"Do_Nothing+1","floor":25},{"not_picked":["Ignore+1","Side_Hop+1","Hop"],"picked":"Slap+1","floor":27},{"not_picked":["Side_Hop","Ignore+1","Slap"],"picked":"Consecutive_Normal_Punch+1","floor":28},{"not_picked":["Toss_Stone","Hop","Yawn+1"],"picked":"Ignore+1","floor":32},{"not_picked":["Terrifying_Presence","Serious_Side_Hops","Oh"],"picked":"Hip_Strike","floor":33},{"not_picked":["Hop+1","Consecutive_Normal_Punch+1","Side_Hop"],"picked":"Toss_Stone+1","floor":36},{"not_picked":["Do_Nothing+1","Yawn+1","Ignore+1"],"picked":"Normal_Punch+1","floor":39},{"not_picked":["Toss_Stone+1","Slap+1","Ignore+1"],"picked":"Normal_Punch","floor":40},{"not_picked":["Side_Hop+1","Slap+1","Yawn+1"],"picked":"Consecutive_Normal_Punch","floor":45},{"not_picked":["Side_Hop+1","Hop+1","Consecutive_Normal_Punch+1"],"picked":"Ignore+1","floor":46},{"not_picked":["Toss_Stone","Wear_Disguise+1","Side_Hop+1"],"picked":"Ignore+1","floor":49},{"not_picked":["Ignore+1","Slap+1","Side_Hop+1"],"picked":"Wear_Disguise+1","floor":52}],"player_experience":228128,"relics_obtained":[{"floor":6,"key":"Tiny Chest"},{"floor":10,"key":"Incense Burner"},{"floor":14,"key":"Replay:Bandana"},{"floor":20,"key":"Ancient Tea Set"},{"floor":22,"key":"Orichalcum"},{"floor":24,"key":"ReplayFunnel"},{"floor":25,"key":"Potion Belt"},{"floor":37,"key":"theForsaken:HumbleEgg"},{"floor":41,"key":"Omamori"},{"floor":47,"key":"Gremlin Horn"},{"floor":52,"key":"Medical Kit"},{"floor":52,"key":"Vajra"}],"event_choices":[{"damage_healed":0,"gold_gain":0,"player_choice":"Ignored","damage_taken":0,"max_hp_gain":0,"max_hp_loss":0,"event_name":"Ghosts","floor":29,"gold_loss":0},{"damage_healed":333,"gold_gain":0,"player_choice":"Heal","damage_taken":0,"max_hp_gain":0,"max_hp_loss":0,"event_name":"The Library","floor":30,"gold_loss":0},{"damage_healed":0,"gold_gain":0,"player_choice":"Ignored","damage_taken":0,"max_hp_gain":0,"max_hp_loss":0,"event_name":"Duplicator","floor":43,"gold_loss":0},{"damage_healed":0,"gold_gain":0,"player_choice":"Ignored","damage_taken":0,"max_hp_gain":0,"max_hp_loss":0,"event_name":"Purifier","floor":48,"gold_loss":0}],"is_beta":false,"boss_relics":[{"not_picked":["Ring of Chaos","Tiny House"],"picked":"Replay:Grab Bag"},{"not_picked":["SlaversCollar","ChewingGum"],"picked":"Philosopher\u0027s Stone"},{"not_picked":["Busted Crown","Fusion Hammer"],"picked":"Sozu"},{"not_picked":["Pandora\u0027s Box","Astrolabe"],"picked":"Runic Pyramid"},{"not_picked":["Snecko Eye","Calling Bell"],"picked":"Honey Jar"},{"not_picked":["Replay:Wanted Poster","ReplayTheSpireMod:DimensionalGlitch"],"picked":"Replay:Bronze Core"}],"items_purged_floors":[13,31,53],"is_endless":false,"potions_floor_spawned":[12,15,16,22,25,27,40,45,46],"ascension_level":0}}