{"host":"nox","time":1607923515,"event":{"mods":["BaseMod","Colored Powertips","Minty Spire (QoL Compilation)","Quick Restart","Replay The Spire","StSLib"],"gold_per_floor":[110,110,35,49,49,77,77,108,108,122,141,41,58,8,8,113,113,99,118,131,131,148,148,177,195,195,213,88,99,99,99,99,196,196,212,232,242,254,56,56,84,0,26,26,26,36,51,51,51,51,51,51,51,51,51],"floor_reached":54,"playtime":2991,"items_purged":["Decay","Strike_R","Strike_R","Strike_R"],"score":1158,"play_id":"629db4f3-f748-455a-b3c6-c26e4e16b988","local_time":"20201214122515","is_ascension_mode":true,"campfire_choices":[{"data":"Searing Blow+1","floor":7.0,"key":"SMITH"},{"data":"Searing Blow+2","floor":15.0,"key":"SMITH"},{"data":"Searing Blow+3","floor":23.0,"key":"SMITH"},{"data":"Searing Blow+4","floor":30.0,"key":"SMITH"},{"floor":32.0,"key":"RECALL"},{"data":"Searing Blow+5","floor":40.0,"key":"SMITH"},{"floor":44.0,"key":"REST"},{"data":"Searing Blow+6","floor":52,"key":"SMITH"}],"circlet_count":0,"master_deck":["Defend_R","Defend_R","Defend_R","Bash","Dropkick","Searing Blow+7","Bludgeon+1","Feed+1","Clash+1","Ghostly Armor+1","Clash+1","Berserk","Armaments","Rage+1","Armaments","Entrench+1"],"relics":["Black Blood","Molten Egg 2","ReplayTheSpireMod:TigerMarble","Velvet Choker","ReplayTheSpireMod:Ring of Addiction","Potion Belt","White Beast Statue","Tiny Chest","Turnip","Replay:Baseball","Pantograph","Red Mask","Red Skull"],"acts_visited":["Exordium","TheCity","TheBeyond","TheEnding"],"potions_floor_usage":[50,50,50,50,50,50,50,50,50],"damage_taken":[{"damage":4.0,"enemies":"Jaw Worm","floor":1.0,"turns":4.0},{"damage":6.0,"enemies":"Cultist","floor":4.0,"turns":3.0},{"damage":52.0,"enemies":"Gremlin Nob","floor":6.0,"turns":6.0},{"damage":31.0,"enemies":"Lagavulin","floor":8.0,"turns":6.0},{"damage":1.0,"enemies":"2 Louse","floor":10.0,"turns":3.0},{"damage":3.0,"enemies":"Exordium Thugs","floor":11.0,"turns":5.0},{"damage":0.0,"enemies":"Large Slime","floor":13.0,"turns":4.0},{"damage":6.0,"enemies":"Fading Forest","floor":16.0,"turns":11.0},{"damage":12.0,"enemies":"2 Thieves","floor":18.0,"turns":3.0},{"damage":12.0,"enemies":"Chosen","floor":19.0,"turns":3.0},{"damage":25.0,"enemies":"Centurion and Healer","floor":20.0,"turns":4.0},{"damage":12.0,"enemies":"Shelled Parasite and Fungi","floor":22.0,"turns":3.0},{"damage":15.0,"enemies":"Gremlin Leader","floor":24.0,"turns":4.0},{"damage":22.0,"enemies":"3 Cultists","floor":25.0,"turns":6.0},{"damage":14.0,"enemies":"Centurion and Healer","floor":27.0,"turns":5.0},{"damage":0.0,"enemies":"Snecko","floor":29.0,"turns":2.0},{"damage":33.0,"enemies":"Pondfish","floor":33.0,"turns":12.0},{"damage":0.0,"enemies":"3 Shapes","floor":35.0,"turns":4.0},{"damage":19.0,"enemies":"3 Darklings","floor":36.0,"turns":7.0},{"damage":45.0,"enemies":"Maw","floor":37.0,"turns":6.0},{"damage":8.0,"enemies":"Jaw Worm Horde","floor":38.0,"turns":4.0},{"damage":57.0,"enemies":"R_Hoarder","floor":41.0,"turns":9.0},{"damage":0.0,"enemies":"3 Darklings","floor":46.0,"turns":5.0},{"damage":28.0,"enemies":"Maw","floor":47.0,"turns":7.0},{"damage":0.0,"enemies":"Nemesis","floor":48.0,"turns":1.0},{"damage":92,"enemies":"Donu and Deca","floor":50,"turns":12},{"damage":90,"enemies":"Shield and Spear","floor":54,"turns":3}],"seed_played":"-5608001221821274321","potions_obtained":[{"floor":6.0,"key":"FearPotion"},{"floor":8.0,"key":"Milkshake"},{"floor":13.0,"key":"Weak Potion"},{"floor":19.0,"key":"Elixir"},{"floor":20.0,"key":"FearPotion"},{"floor":21.0,"key":"EssenceOfSteel"},{"floor":21.0,"key":"SkillPotion"},{"floor":21.0,"key":"LiquidBronze"},{"floor":22.0,"key":"Languid Potion"},{"floor":24.0,"key":"BlessingOfTheForge"},{"floor":25.0,"key":"AttackPotion"},{"floor":27.0,"key":"Explosive Potion"},{"floor":29.0,"key":"Fire Potion"},{"floor":33.0,"key":"Strength Potion"},{"floor":35.0,"key":"Adrenaline Potion"},{"floor":36.0,"key":"Milkshake"},{"floor":37.0,"key":"LifebloodPotion"},{"floor":38.0,"key":"SpeedPotion"},{"floor":41.0,"key":"Dexterity Potion"},{"floor":46.0,"key":"BloodPotion"},{"floor":47.0,"key":"SmokeBomb"},{"floor":49.0,"key":"EntropicBrew"},{"floor":49.0,"key":"Energy Potion"},{"floor":49.0,"key":"Weak Potion"}],"is_trial":false,"path_per_floor":["M","?","$","M","?","E","R","E","T","M","M","$","M","?","R","B",null,"M","M","M","?","M","R","E","M","T","M","$","M","R","T","R","B",null,"M","M","M","M","$","R","E","?","T","R","?","M","M","E","R","B",null,"R","$","E"],"character_chosen":"IRONCLAD","items_purchased":["Armaments"],"campfire_rested":1,"item_purchase_floors":[39],"current_hp_per_floor":[88,88,88,88,81,35,35,10,10,15,18,18,24,24,24,32,74,68,62,47,47,41,41,32,32,32,29,29,35,35,35,35,8,76,92,85,52,64,64,64,27,27,27,60,60,72,77,89,89,29,89,89,89,0,0],"gold":51,"neow_bonus":"TEN_PERCENT_HP_BONUS","is_daily":false,"chose_seed":false,"campfire_upgraded":6,"win_rate":0.0,"timestamp":1607923515,"path_taken":["M","?","$","?","?","E","R","E","T","M","M","?","M","?","R","BOSS","M","M","M","?","M","R","E","M","T","M","$","M","R","?","R","BOSS","M","M","M","M","$","R","E","?","T","R","?","M","M","E","R","BOSS","R","$","E"],"items_purchased_type":["Card"],"build_version":"2020-11-17","purchased_purges":4,"victory":false,"max_hp_per_floor":[88,88,88,88,88,88,88,88,88,88,88,88,88,88,88,88,88,88,88,92,92,92,92,92,96,96,101,101,101,101,99,99,99,99,103,103,103,111,111,111,111,111,111,111,109,109,109,109,109,109,109,109,109,107,107],"card_choices":[{"not_picked":["Warcry","Twin Strike"],"picked":"Dropkick","floor":1.0},{"not_picked":["True Grit","Warcry","Heavy Blade"],"picked":"SKIP","floor":4.0},{"not_picked":["Thunderclap+1","Flex"],"picked":"Searing Blow+1","floor":6.0},{"not_picked":["Flame Barrier","Inflame"],"picked":"Bludgeon+1","floor":8.0},{"not_picked":["Heavy Blade+1","Sever Soul+1","ReplayTheSpireMod:Strike From Hell+1"],"picked":"SKIP","floor":10.0},{"not_picked":["Sword Boomerang+1","Cleave+1","True Grit"],"picked":"SKIP","floor":11.0},{"not_picked":["Cleave+1","Warcry","Barricade"],"picked":"SKIP","floor":13.0},{"not_picked":["Corruption","Eclipse"],"picked":"Feed+1","floor":16.0},{"not_picked":["Iron Wave+1","Havoc","Sword Boomerang+1"],"picked":"SKIP","floor":18.0},{"not_picked":["Combust","Wild Strike+1","Warcry+1"],"picked":"SKIP","floor":19.0},{"not_picked":["Uppercut+1","Inflame+1"],"picked":"Clash+1","floor":20.0},{"not_picked":["Replay:Undeath\u0027s Touch+1","Blood for Blood+1"],"picked":"Ghostly Armor+1","floor":22.0},{"not_picked":["Infernal Blade","Eclipse","Whirlwind+1"],"picked":"SKIP","floor":24.0},{"not_picked":["Body Slam+1","Perfected Strike+1"],"picked":"Clash+1","floor":25.0},{"not_picked":["Cleave+1","Flex","Bloodletting"],"picked":"SKIP","floor":27.0},{"not_picked":["Havoc+1","Sword Boomerang+1","Iron Wave+1"],"picked":"SKIP","floor":29.0},{"not_picked":["Juggernaut","Offering"],"picked":"Berserk","floor":33.0},{"not_picked":["Life Link","Headbutt+1"],"picked":"Armaments","floor":35.0},{"not_picked":["Twin Strike+1","Ghostly Armor"],"picked":"Rage+1","floor":36.0},{"not_picked":["Replay:Undeath\u0027s Touch+1","ReplayTheSpireMod:Muscle Training","Wild Strike+1"],"picked":"SKIP","floor":37.0},{"not_picked":["ReplayTheSpireMod:Strike From Hell+1","Heavy Blade+1","Thunderclap+1"],"picked":"SKIP","floor":38.0},{"not_picked":["Body Slam+1","Juggernaut","Uppercut+1"],"picked":"SKIP","floor":41.0},{"not_picked":["Life Link+1","Anger+1"],"picked":"Entrench+1","floor":46.0},{"not_picked":["Wild Strike+1","Combust+1","Defy Death+1"],"picked":"SKIP","floor":47.0}],"player_experience":90027,"relics_obtained":[{"floor":6.0,"key":"Molten Egg 2"},{"floor":8.0,"key":"ReplayTheSpireMod:TigerMarble"},{"floor":21.0,"key":"ReplayTheSpireMod:Ring of Addiction"},{"floor":21.0,"key":"Potion Belt"},{"floor":21.0,"key":"White Beast Statue"},{"floor":24.0,"key":"Tiny Chest"},{"floor":26.0,"key":"Turnip"},{"floor":31.0,"key":"Replay:Baseball"},{"floor":41.0,"key":"Pantograph"},{"floor":43.0,"key":"Red Skull"}],"event_choices":[{"damage_healed":0.0,"max_hp_gain":0.0,"max_hp_loss":0.0,"gold_gain":0.0,"event_name":"Wheel of Change","player_choice":"Cursed","floor":2.0,"gold_loss":0.0,"damage_taken":0.0,"cards_obtained":["Decay"]},{"cards_removed":["Strike_R"],"damage_healed":0.0,"max_hp_gain":0.0,"max_hp_loss":0.0,"gold_gain":0.0,"event_name":"Golden Wing","player_choice":"Card Removal","floor":5.0,"gold_loss":0.0,"damage_taken":7.0},{"cards_removed":["Strike_R"],"damage_healed":0.0,"max_hp_gain":0.0,"max_hp_loss":0.0,"gold_gain":0.0,"event_name":"The Cleric","player_choice":"Card Removal","floor":14.0,"gold_loss":50.0,"damage_taken":0.0},{"damage_healed":0.0,"max_hp_gain":0.0,"max_hp_loss":0.0,"gold_gain":0.0,"event_name":"Tomb of Lord Red Mask","player_choice":"Paid","floor":42.0,"gold_loss":84.0,"damage_taken":0.0,"relics_obtained":["Red Mask"]},{"cards_removed":["Defend_R"],"damage_healed":0.0,"max_hp_gain":0.0,"max_hp_loss":0.0,"gold_gain":0.0,"event_name":"Bonfire Elementals","player_choice":"Offered Basic","floor":45.0,"gold_loss":0.0,"damage_taken":0.0},{"damage_healed":0.0,"max_hp_gain":0.0,"max_hp_loss":0.0,"gold_gain":0.0,"event_name":"Lab","player_choice":"Got Potions","floor":49.0,"gold_loss":0.0,"damage_taken":0.0}],"is_beta":true,"boss_relics":[{"not_picked":["SacredBark","Cursed Key"],"picked":"Velvet Choker"},{"not_picked":["Replay:Bronze Core","Coffee Dripper"],"picked":"Black Blood"}],"items_purged_floors":[3,12,28,39],"is_endless":false,"potions_floor_spawned":[6,8,13,19,20,22,24,25,27,29,33,35,36,37,38,41,46,47,48],"killed_by":"Shield and Spear","ascension_level":5}}