{"host":"g75gtovmj0ine2rf","time":1607950105,"event":{"mods":["2.2 Compatiblity","AchievementEnabler","Act Like it!","Aspiration","Astrologer","Bard","BaseMod","Better Match","BetterRewards","CapriCore","Challenge The Spire","ChefMod","Colored Map","Conspire","Elementarium","Energized Spire","Friendly Minions","Gensokyo","Halation","Hallownest","Hermit","HexUI Lib","Highlight Path","Hubris","Infinite Spire","Jedi Mod","Lobotomy","Minty Spire (QoL Compilation)","Puzzle Mod","Quick Restart","Rare Cards Sparkle","Relic Stats","Replay The Spire","Shade Mod","Shop Mod","Spicy Shops","StSLib","SuperFastMode","The Construct","The Cursed","The Factory","The Jungle","The Runesmith","TheBandit","TheFirefly","TheSwordswoman","TheVacant","Transform Curses","Wandering Minibosses","thorton","vexMod"],"gold_per_floor":[110,110,110,110,32,64,64,95,95,95,123,35,35,53,53,53,53,53],"floor_reached":16,"playtime":985,"items_purged":["ReplayTheSpireMod:The Works"],"score":185,"play_id":"fa51debc-2cd2-4e15-b842-cc9df861c002","local_time":"20201214234825","is_ascension_mode":true,"campfire_choices":[{"data":"wariomod:AbandonGame","floor":7.0,"key":"SMITH"},{"floor":13.0,"key":"REST"},{"floor":15.0,"key":"REST"}],"circlet_count":0,"master_deck":["AscendersBane","wariomod:Strike","wariomod:Strike","wariomod:Strike","wariomod:Defend","wariomod:Defend","wariomod:Defend","wariomod:Defend","wariomod:Step","Mayhem","wariomod:AbandonGame+1","A Thousand Cuts","Flechettes","Gensokyo:ImpossibleRequest","wariomod:HappyHop"],"relics":["wariomod:TheHat","hubris:Icosahedron","aspiration:HiddenCompartment","halation:OrihimeAndHikoboshiSamaAndTears","Sundial","halation:PrussianBluePaint","ReplayTheSpireMod:CursedCoin","Blue Doll"],"acts_visited":["Exordium"],"potions_floor_usage":[16,16],"damage_taken":[{"damage":14.0,"enemies":"2_ Uuma","floor":1.0,"turns":7.0},{"damage":5.0,"enemies":"Hallownest:eliteMossKnight","floor":6.0,"turns":9.0},{"damage":8.0,"enemies":"Hallownest:eliteVengeflyKing","floor":8.0,"turns":12.0},{"damage":20.0,"enemies":"Hallownest:eliteCrystalGuardian","floor":11.0,"turns":5.0},{"damage":0.0,"enemies":"Hallownest:monsterHuskWarrior","floor":14.0,"turns":4.0},{"damage":57,"enemies":"Hallownest:BossHornet","floor":16,"turns":10}],"seed_played":"1741569045952552102","potions_obtained":[{"floor":6.0,"key":"AttackPotion"},{"floor":8.0,"key":"AttackPotion"}],"is_trial":false,"path_per_floor":["M","?","?","?","$","E","R","E","T","?","E","$","R","M","R","B"],"character_chosen":"THE_BANDIT","items_purchased":["wariomod:SilenceBombs","ReplayTheSpireMod:CursedCoin","Blue Doll"],"campfire_rested":2,"item_purchase_floors":[5,12,12],"current_hp_per_floor":[51,51,51,51,51,46,46,38,38,38,18,18,37,37,56,0,0,0],"gold":53,"neow_bonus":"RANDOM_COLORLESS_2","is_daily":false,"chose_seed":false,"campfire_upgraded":1,"win_rate":0.0,"timestamp":1607950105,"path_taken":["M","?","?","?","$","E","R","E","T","?","E","?","R","?","R","BOSS"],"items_purchased_type":["Card","Relic","Relic"],"build_version":"2020-12-13","purchased_purges":1,"victory":false,"max_hp_per_floor":[72,72,72,64,64,64,64,64,64,64,64,64,64,64,64,64,64,64],"relic_stats":{"counters":[6,47],"Sundial":[8],"obtain_stats":[{"halation:OrihimeAndHikoboshiSamaAndTears":8,"hubris:Icosahedron":2,"Sundial":9,"halation:PrussianBluePaint":11,"ReplayTheSpireMod:CursedCoin":12,"wariomod:TheHat":0,"Blue Doll":12,"aspiration:HiddenCompartment":6},{"halation:OrihimeAndHikoboshiSamaAndTears":3,"hubris:Icosahedron":1,"Sundial":3,"halation:PrussianBluePaint":4,"ReplayTheSpireMod:CursedCoin":4,"wariomod:TheHat":0,"Blue Doll":4,"aspiration:HiddenCompartment":2},{"halation:OrihimeAndHikoboshiSamaAndTears":28,"hubris:Icosahedron":7,"Sundial":28,"halation:PrussianBluePaint":33,"ReplayTheSpireMod:CursedCoin":33,"wariomod:TheHat":0,"Blue Doll":33,"aspiration:HiddenCompartment":16}]},"card_choices":[{"not_picked":["Transmutation","Poisoned Strike"],"picked":"Mayhem","floor":0.0},{"not_picked":["wariomod:ThatsNotAll","wariomod:SelfImprison"],"picked":"wariomod:BodyBlock","floor":1.0},{"not_picked":["wariomod:SmackSlam","wariomod:BumRush"],"picked":"wariomod:AbandonGame","floor":6.0},{"not_picked":["wariomod:BlastDash","wariomod:TheGrandJourney","wariomod:CursedSpaces"],"picked":"SKIP","floor":8.0},{"not_picked":["wariomod:DeadlyDash","wariomod:Boomsmack","wariomod:TreasureDig"],"picked":"SKIP","floor":11.0},{"not_picked":["wariomod:SpaceSwap","wariomod:BodyBlock"],"picked":"wariomod:HappyHop","floor":14.0}],"player_experience":1319339,"relics_obtained":[{"floor":6.0,"key":"aspiration:HiddenCompartment"},{"floor":8.0,"key":"halation:OrihimeAndHikoboshiSamaAndTears"},{"floor":9.0,"key":"Sundial"},{"floor":11.0,"key":"halation:PrussianBluePaint"}],"event_choices":[],"is_beta":false,"boss_relics":[],"items_purged_floors":[12],"is_endless":false,"potions_floor_spawned":[6,8],"killed_by":"Hallownest:BossHornet","ascension_level":17}}