{"host":"0fmi5fguj5lvt8pf","time":1607981660,"event":{"mods":["BaseMod","BetterRewards","Colored Map","Downfall","Minty Spire (QoL Compilation)","Permanent Neow","StSLib"],"gold_per_floor":[99,119,119,119,119,36,113,213,313,313,332,352,352,366,382,479,479,479,506,522,522,538,538,538,548,580,580,593,123,8,0,17,112,112,112,132,132,132,186,196,196,208,261,36,114,164,177,177,191,191,191,224,72,72,72],"floor_reached":56,"playtime":5886,"items_purged":["champ:Defend","champ:Defend","champ:Defend"],"score":1200,"play_id":"12b70e10-d6a3-4b0d-b88e-0eb02f14ad1c","local_time":"20201214133420","is_ascension_mode":false,"campfire_choices":[{"data":"champ:Execute","floor":1.0,"key":"SMITH"},{"data":"champ:HeartStrike","floor":4.0,"key":"SMITH"},{"data":"champ:CrookedStrike","floor":10.0,"key":"SMITH"},{"data":"champ:ShieldWall","floor":18.0,"key":"SMITH"},{"floor":27.0,"key":"REST"},{"floor":35.0,"key":"RECALL"},{"data":"champ:FocusedDefense","floor":38.0,"key":"SMITH"},{"data":"champ:FalseCounter","floor":44.0,"key":"SMITH"},{"data":"champ:Taunt","floor":54.0,"key":"SMITH"}],"circlet_count":0,"master_deck":["champ:Strike","champ:Strike","champ:Strike","champ:Strike","champ:Defend","champ:Execute+1","champ:Taunt+1","champ:HeartStrike+1","champ:BerserkersShout","champ:BringItOn","champ:CrookedStrike+1","champ:ShieldWall+1","champ:MurderStrike","champ:DefensiveShout","champ:SkillfulDodge","champ:FalseCounter+1","champ:FocusedDefense+1","RitualDagger","champ:Lariat","champ:VampiricStrike","champ:SkillfulDodge","champ:Duel","champ:Circumvent","champ:Circumvent","champ:ShieldThrow","champ:Lariat+1","champ:FalseCounter+1","champ:StanceDance+1","champ:ArenaPreparation"],"relics":["champ:ChampionCrown","Pocketwatch","Vajra","CloakClasp","Velvet Choker","Orichalcum","Lantern","Sundial","Guardian:PocketSentry","Philosopher\u0027s Stone","Blood Vial","Pear","Turnip","downfall:HeartBlessingRed","downfall:HeartBlessingGreen","downfall:HeartBlessingBlue","Juzu Bracelet","champ:GladiatorsBookOfMartialProwess","TheAbacus","StoneCalendar","Chemical X"],"acts_visited":["Exordium","TheCity","TheBeyond","TheEnding"],"potions_floor_usage":[55,55],"damage_taken":[{"damage":14.0,"enemies":"Cultist","floor":2.0,"turns":3.0},{"damage":20.0,"enemies":"downfall:FleeingMerchant","floor":6.0,"turns":4.0},{"damage":40.0,"enemies":"downfall:FleeingMerchant","floor":8.0,"turns":13.0},{"damage":3.0,"enemies":"Jaw Worm","floor":11.0,"turns":4.0},{"damage":2.0,"enemies":"2 Louse","floor":12.0,"turns":3.0},{"damage":8.0,"enemies":"Blue Slaver","floor":14.0,"turns":3.0},{"damage":1.0,"enemies":"Large Slime","floor":15.0,"turns":7.0},{"damage":20.0,"enemies":"downfall:Defect","floor":16.0,"turns":9.0},{"damage":53.0,"enemies":"Gremlin Leader","floor":19.0,"turns":9.0},{"damage":8.0,"enemies":"3 Byrds","floor":20.0,"turns":6.0},{"damage":24.0,"enemies":"Centurion and Healer","floor":22.0,"turns":12.0},{"damage":2.0,"enemies":"Snecko","floor":25.0,"turns":6.0},{"damage":37.0,"enemies":"Slavers","floor":26.0,"turns":7.0},{"damage":6.0,"enemies":"Cultist and Chosen","floor":28.0,"turns":8.0},{"damage":5.0,"enemies":"downfall:FleeingMerchant","floor":29.0,"turns":4.0},{"damage":5.0,"enemies":"downfall:FleeingMerchant","floor":30.0,"turns":4.0},{"damage":0.0,"enemies":"downfall:FleeingMerchant","floor":31.0,"turns":4.0},{"damage":0.0,"enemies":"Centurion and Healer","floor":32.0,"turns":5.0},{"damage":13.0,"enemies":"downfall:Silent","floor":33.0,"turns":10.0},{"damage":0.0,"enemies":"Orb Walker","floor":36.0,"turns":2.0},{"damage":0.0,"enemies":"3 Darklings","floor":40.0,"turns":7.0},{"damage":9.0,"enemies":"Transient","floor":42.0,"turns":5.0},{"damage":24.0,"enemies":"2 Orb Walkers","floor":43.0,"turns":5.0},{"damage":0.0,"enemies":"downfall:FleeingMerchant","floor":45.0,"turns":3.0},{"damage":18.0,"enemies":"Mind Bloom Boss Battle","floor":46.0,"turns":7.0},{"damage":0.0,"enemies":"Maw","floor":47.0,"turns":6.0},{"damage":6.0,"enemies":"3 Darklings","floor":49.0,"turns":4.0},{"damage":64.0,"enemies":"downfall:Ironclad","floor":50.0,"turns":12.0},{"damage":10.0,"enemies":"downfall:CharBossMerchant","floor":52.0,"turns":6.0},{"damage":29,"enemies":"downfall:NeowBoss","floor":55,"turns":23}],"seed_played":"-404119206029355884","potions_obtained":[{"floor":8.0,"key":"Energy Potion"},{"floor":14.0,"key":"DistilledChaos"},{"floor":16.0,"key":"CultistPotion"},{"floor":32.0,"key":"PowerPotion"},{"floor":33.0,"key":"Weak Potion"}],"is_trial":false,"path_per_floor":["R","M","?","R","?","$","T","?","?","R","M","M","?","M","M","B",null,"R","E","M","?","M","?","T","M","E","R","M","$","$","$","M","B",null,"R","M","?","R","T","M","T","M","?","R","$","?","M","?","M","B",null,"E","$","R","B",null],"character_chosen":"THE_CHAMP","items_purchased":["champ:BringItOn","champ:CrookedStrike","Fruit Juice","Guardian:PocketSentry","SkillPotion","champ:SkillfulDodge","Juzu Bracelet","Chemical X"],"campfire_rested":1,"item_purchase_floors":[6,6,29,29,29,29,45,53],"current_hp_per_floor":[81,77,87,87,80,75,75,59,59,59,59,57,42,39,38,21,91,91,63,61,61,46,40,40,38,1,28,22,22,41,53,65,52,96,96,96,96,96,96,96,106,102,95,105,116,116,116,116,116,72,116,111,111,111,89],"gold":72,"neow_bonus":"ONE_RARE_RELIC","is_daily":false,"chose_seed":false,"campfire_upgraded":7,"win_rate":0.0,"timestamp":1607981660,"path_taken":["R","M","?","R","?","?","T","?","?","R","M","?","?","M","M","BOSS","R","E","?","?","M","?","T","M","E","R","M","?","$","$","M","BOSS","R","M","?","R","?","M","T","M","?","R","$","?","M","?","M","BOSS","E","$","R","BOSS"],"items_purchased_type":["Card","Card","Potion","Relic","Potion","Card","Relic","Relic"],"build_version":"2020-12-13","purchased_purges":3,"victory":true,"max_hp_per_floor":[81,81,91,91,91,91,91,91,91,91,91,91,91,91,91,91,91,91,91,91,91,91,91,91,91,91,91,91,91,96,96,96,96,96,96,96,96,96,96,96,106,106,106,116,116,116,116,116,116,116,116,116,116,116,116],"card_choices":[{"not_picked":["champ:Backstep","champ:Circumvent"],"picked":"champ:HeartStrike","floor":2.0},{"not_picked":["champ:AdrenalArmor","champ:TornadoPunch"],"picked":"champ:BerserkersShout","floor":6.0},{"not_picked":["champ:BerserkersShout","champ:FocusedDefense"],"picked":"champ:ShieldWall","floor":8.0},{"not_picked":["champ:GladiatorsShout","champ:DefensiveShout"],"picked":"champ:MurderStrike","floor":11.0},{"not_picked":["champ:EndlessRage","champ:FanOfKnives","champ:SteelEdge"],"picked":"SKIP","floor":12.0},{"not_picked":["champ:BringItOn","champ:BerserkersShout"],"picked":"champ:DefensiveShout","floor":14.0},{"not_picked":["champ:PerfectedStrike","champ:BerserkersShout"],"picked":"champ:SkillfulDodge","floor":15.0},{"not_picked":["champ:CrookedStrike","champ:AdrenalArmor","champ:FlashCut"],"picked":"SKIP","floor":19.0},{"not_picked":["champ:GladiatorsShout","champ:RapidStrikes"],"picked":"champ:FalseCounter","floor":20.0},{"not_picked":["champ:FanOfKnives","champ:BringItOn+1"],"picked":"champ:FocusedDefense","floor":22.0},{"not_picked":["champ:Shatter","champ:CrookedStrike"],"picked":"champ:Lariat","floor":25.0},{"not_picked":["champ:AdrenalArmor","champ:FanOfKnives","champ:StanceDance"],"picked":"SKIP","floor":26.0},{"not_picked":["champ:PreciseThrust","champ:ViciousMockery+1","champ:FanOfKnives"],"picked":"SKIP","floor":28.0},{"not_picked":["champ:GladiatorsShout","champ:EnGarde+1"],"picked":"champ:VampiricStrike","floor":29.0},{"not_picked":["champ:GutPunch+1","champ:Haymaker+1"],"picked":"champ:Duel","floor":30.0},{"not_picked":["champ:FlashCut","champ:BerserkersShout"],"picked":"champ:Circumvent","floor":31.0},{"not_picked":["champ:GladiatorsShout+1","champ:PerfectedStrike"],"picked":"champ:Circumvent","floor":32.0},{"not_picked":["champ:MurderStrike","champ:SteelEdge"],"picked":"champ:ShieldThrow","floor":33.0},{"not_picked":["champ:DefensiveShout","champ:FalseCounter","champ:PerfectedStrike"],"picked":"SKIP","floor":36.0},{"not_picked":["champ:StanceDance","champ:ShieldThrow"],"picked":"champ:Circumvent+1","floor":40.0},{"not_picked":["champ:FlashCut","champ:TornadoPunch+1"],"picked":"champ:Lariat+1","floor":42.0},{"not_picked":["champ:RecklessLeap","champ:FocusedGladiator+1"],"picked":"champ:FalseCounter+1","floor":43.0},{"not_picked":["champ:BringItOn","champ:TornadoPunch+1"],"picked":"champ:StanceDance+1","floor":47.0},{"not_picked":["champ:EnragedBash","champ:Backstep"],"picked":"champ:ArenaPreparation","floor":49.0},{"not_picked":["champ:FlashCut","champ:Riposte+1","champ:IgnorePain"],"picked":"SKIP","floor":52.0}],"player_experience":1138285,"relics_obtained":[{"floor":8.0,"key":"CloakClasp"},{"floor":19.0,"key":"Orichalcum"},{"floor":24.0,"key":"Lantern"},{"floor":26.0,"key":"Sundial"},{"floor":39.0,"key":"Blood Vial"},{"floor":41.0,"key":"Pear"},{"floor":43.0,"key":"Turnip"},{"floor":46.0,"key":"champ:GladiatorsBookOfMartialProwess"},{"floor":52.0,"key":"TheAbacus"},{"floor":52.0,"key":"StoneCalendar"}],"event_choices":[{"damage_healed":0.0,"max_hp_gain":0.0,"max_hp_loss":0.0,"gold_gain":0.0,"event_name":"Scrap Ooze","player_choice":"Success","floor":5.0,"gold_loss":0.0,"damage_taken":7.0,"relics_obtained":["Vajra"]},{"damage_healed":0.0,"max_hp_gain":0.0,"max_hp_loss":0.0,"gold_gain":0.0,"event_name":"Mysterious Sphere","player_choice":"Fight","floor":43.0,"gold_loss":0.0,"damage_taken":0.0},{"cards_removed":["champ:Circumvent"],"damage_healed":0.0,"max_hp_gain":0.0,"max_hp_loss":0.0,"gold_gain":0.0,"event_name":"Falling","player_choice":"Removed Skill","floor":48.0,"gold_loss":0.0,"damage_taken":0.0}],"is_beta":false,"boss_relics":[{"not_picked":["Coffee Dripper","SacredBark"],"picked":"Velvet Choker"},{"not_picked":["Runic Dome","Snecko Eye"],"picked":"Philosopher\u0027s Stone"}],"items_purged_floors":[29,30,45],"is_endless":false,"potions_floor_spawned":[8,14,16,20,25,32,33,36,42,47,49],"ascension_level":0}}