{"host":"kw4o7b3ro2ktmmbe","time":1607939347,"event":{"mods":["BaseMod","Minty Spire (QoL Compilation)","StSLib","The Death Knight","Treasure Hunter"],"gold_per_floor":[137,137,137,150,161,161,176,195,195,195,195,215,245,256,256,359,359,371,383,410,410,429,429,443,472,472,507,358,358,538,560,560,666,666,682,488,508,555,555,556,556],"floor_reached":40,"playtime":4554,"items_purged":["DeathKnight:RuneStrike"],"score":550,"play_id":"c9269144-ddb5-4d18-a643-086622db626c","local_time":"20201214224907","is_ascension_mode":true,"campfire_choices":[{"data":"DeathKnight:Contagion","floor":6.0,"key":"SMITH"},{"data":"DeathKnight:DarkSuccor","floor":11.0,"key":"SMITH"},{"data":"DeathKnight:DarkSuccor","floor":15.0,"key":"SMITH"},{"data":"DeathKnight:AntiMagicShell","floor":23.0,"key":"SMITH"},{"data":"DeathKnight:AntiMagicShell","floor":29.0,"key":"SMITH"},{"data":"TH:BikiniMail","floor":32.0,"key":"SMITH"}],"circlet_count":0,"master_deck":["DeathKnight:Strike_DeathKnight","DeathKnight:Strike_DeathKnight","DeathKnight:Strike_DeathKnight","DeathKnight:Strike_DeathKnight","DeathKnight:Strike_DeathKnight","DeathKnight:Defend_DeathKnight+1","DeathKnight:Defend_DeathKnight+1","DeathKnight:Defend_DeathKnight","DeathKnight:Defend_DeathKnight","DeathKnight:Defend_DeathKnight","DeathKnight:RuneTap","DeathKnight:Contagion+1","DeathKnight:AntiMagicShell+1","DeathKnight:DarkSuccor+1","TH:Mimic","TH:CopperCoins","DeathKnight:DarkSuccor+1","TH:PixieDust","DeathKnight:MarkOfBlood+1","TH:CursedSword","DeathKnight:DeathStrike+1","TH:BikiniMail+1","DeathKnight:AntiMagicShell+1","TH:ElvenBoots+1","TH:CopperCoins","DeathKnight:BloodBoil+1","DeathKnight:IcyTouch+1","TH:DeckOfManyThings","DeathKnight:MarkOfBlood+1"],"relics":["DeathKnight:Shadowmourne","Turnip","Letter Opener","DeathKnight:TomeOfBloodSpecialization","Ancient Tea Set","Coffee Dripper","PreservedInsect","Smiling Mask","DeathKnight:LanathelsBloodyNail","Ginger","Blood Vial","Busted Crown","MealTicket","Thread and Needle"],"acts_visited":["Exordium","TheCity","TheBeyond"],"potions_floor_usage":[38,38,40,40],"damage_taken":[{"damage":0.0,"enemies":"Cultist","floor":1.0,"turns":2.0},{"damage":0.0,"enemies":"Small Slimes","floor":4.0,"turns":2.0},{"damage":0.0,"enemies":"2 Louse","floor":5.0,"turns":2.0},{"damage":0.0,"enemies":"2 Fungi Beasts","floor":7.0,"turns":2.0},{"damage":14.0,"enemies":"Red Slaver","floor":8.0,"turns":2.0},{"damage":15.0,"enemies":"3 Louse","floor":12.0,"turns":3.0},{"damage":5.0,"enemies":"3 Sentries","floor":13.0,"turns":5.0},{"damage":0.0,"enemies":"2 Fungi Beasts","floor":14.0,"turns":3.0},{"damage":4.0,"enemies":"The Guardian","floor":16.0,"turns":8.0},{"damage":4.0,"enemies":"Shell Parasite","floor":18.0,"turns":3.0},{"damage":0.0,"enemies":"Chosen","floor":19.0,"turns":3.0},{"damage":0.0,"enemies":"3 Cultists","floor":22.0,"turns":4.0},{"damage":11.0,"enemies":"Snake Plant","floor":24.0,"turns":3.0},{"damage":1.0,"enemies":"Book of Stabbing","floor":25.0,"turns":3.0},{"damage":3.0,"enemies":"Slavers","floor":27.0,"turns":3.0},{"damage":20.0,"enemies":"Centurion and Healer","floor":31.0,"turns":5.0},{"damage":8.0,"enemies":"Champ","floor":33.0,"turns":8.0},{"damage":20,"enemies":"3 Darklings","floor":35,"turns":4},{"damage":1,"enemies":"3 Shapes","floor":37,"turns":5},{"damage":30,"enemies":"2 Orb Walkers","floor":38,"turns":4},{"damage":50,"enemies":"Nemesis","floor":40,"turns":2}],"seed_played":"3045857791704635017","potions_obtained":[{"floor":1.0,"key":"DeathKnight:RunicPotion"},{"floor":7.0,"key":"LiquidBronze"},{"floor":13.0,"key":"SkillPotion"},{"floor":14.0,"key":"DistilledChaos"},{"floor":18.0,"key":"DistilledChaos"},{"floor":19.0,"key":"EntropicBrew"},{"floor":24.0,"key":"Block Potion"},{"floor":25.0,"key":"Dexterity Potion"},{"floor":27.0,"key":"Weak Potion"},{"floor":38,"key":"Energy Potion"}],"is_trial":false,"path_per_floor":["M","?","?","M","M","R","M","M","T","$","R","M","E","M","R","B",null,"M","M","T","?","M","R","M","E","T","E","$","R","?","M","R","B",null,"M","$","M","?","?","E"],"character_chosen":"DEATH_KNIGHT","items_purchased":["Blood Vial","MealTicket"],"campfire_rested":0,"item_purchase_floors":[28,36],"current_hp_per_floor":[75,63,63,63,63,63,63,49,49,49,49,34,29,29,29,25,75,71,71,71,57,57,57,46,57,57,66,66,66,47,49,49,55,80,61,61,74,58,34,0,0],"gold":556,"neow_bonus":"BOSS_RELIC","is_daily":false,"chose_seed":false,"campfire_upgraded":6,"win_rate":0.0,"timestamp":1607939347,"path_taken":["M","?","?","M","?","R","M","M","T","$","R","M","E","M","R","BOSS","M","M","?","?","M","R","M","E","T","E","$","R","?","M","R","BOSS","M","$","M","?","?","E"],"items_purchased_type":["Relic","Relic"],"build_version":"2020-12-13","purchased_purges":1,"victory":false,"max_hp_per_floor":[75,75,75,75,75,75,75,75,75,75,75,75,75,75,75,75,75,75,75,75,80,80,80,80,80,80,80,80,80,80,80,80,80,80,80,80,80,80,80,80,80],"card_choices":[{"not_picked":["DeathKnight:DeathAndDecay","DeathKnight:Ossuary","DeathKnight:BloodTap"],"picked":"SKIP","floor":1.0},{"not_picked":["DeathKnight:RunicCorruption","DeathKnight:MindFreeze","DeathKnight:Ossuary"],"picked":"SKIP","floor":4.0},{"not_picked":["DeathKnight:Rot","DeathKnight:Obliterate"],"picked":"DeathKnight:Contagion","floor":5.0},{"not_picked":["DeathKnight:DreadStrike","DeathKnight:RaiseAlly"],"picked":"DeathKnight:AntiMagicShell","floor":7.0},{"not_picked":["DeathKnight:DeathRune","DeathKnight:BloodPact"],"picked":"DeathKnight:DarkSuccor","floor":8.0},{"not_picked":["TH:BikiniMail"],"picked":"TH:Mimic","floor":9.0},{"not_picked":["DeathKnight:ArmyOfTheDead","DeathKnight:UnholyAssault","DeathKnight:BloodEchoes+1"],"picked":"SKIP","floor":12.0},{"not_picked":["TH:PixieDust"],"picked":"TH:CopperCoins","floor":13.0},{"not_picked":["DeathKnight:IceboundArmor","DeathKnight:BloodEchoes+1","DeathKnight:BludPresence"],"picked":"SKIP","floor":13.0},{"not_picked":["DeathKnight:Parry","DeathKnight:Rot"],"picked":"DeathKnight:DarkSuccor","floor":14.0},{"not_picked":["TH:EnergyPotion"],"picked":"TH:PixieDust","floor":16.0},{"not_picked":["DeathKnight:ArmyOfTheDead","DeathKnight:UnholyExperiment"],"picked":"DeathKnight:MarkOfBlood+1","floor":16.0},{"not_picked":["DeathKnight:Culling","DeathKnight:DeathAndDecay","DeathKnight:HartStrike+1"],"picked":"SKIP","floor":18.0},{"not_picked":["DeathKnight:ScourgeStrike","DeathKnight:DreadStrike","DeathKnight:Parry+1"],"picked":"SKIP","floor":19.0},{"not_picked":["TH:BikiniMail"],"picked":"TH:CursedSword","floor":20.0},{"not_picked":["DeathKnight:FesteringStrike","DeathKnight:RunicCorruption","DeathKnight:Runeguard"],"picked":"SKIP","floor":22.0},{"not_picked":["DeathKnight:Hysteria","DeathKnight:UnholyFrenzy"],"picked":"DeathKnight:DeathStrike+1","floor":24.0},{"not_picked":["TH:PixieDust"],"picked":"TH:BikiniMail","floor":25.0},{"not_picked":["DeathKnight:Culling","DeathKnight:FesteringStrike+1"],"picked":"DeathKnight:AntiMagicShell","floor":25.0},{"not_picked":["TH:Mimic"],"picked":"TH:ElvenBoots","floor":26.0},{"not_picked":["TH:EnergyPotion"],"picked":"TH:CopperCoins","floor":27.0},{"not_picked":["DeathKnight:BludPresence","DeathKnight:BloodTap+1"],"picked":"DeathKnight:BloodBoil+1","floor":27.0},{"not_picked":["DeathKnight:PillarOfFrost","DeathKnight:Pestilence+1"],"picked":"DeathKnight:IcyTouch+1","floor":31.0},{"not_picked":["TH:ArmorSpikes"],"picked":"TH:DeckOfManyThings","floor":33.0},{"not_picked":["DeathKnight:UnholyExperiment","DeathKnight:SindragosasBreath"],"picked":"DeathKnight:MarkOfBlood+1","floor":33.0},{"not_picked":["DeathKnight:BludPresence+1"],"picked":"SKIP","floor":35},{"not_picked":["DeathKnight:DreadStrike"],"picked":"SKIP","floor":37}],"player_experience":1784013,"relics_obtained":[{"floor":9.0,"key":"DeathKnight:TomeOfBloodSpecialization"},{"floor":13.0,"key":"Ancient Tea Set"},{"floor":20.0,"key":"PreservedInsect"},{"floor":25.0,"key":"Smiling Mask"},{"floor":26.0,"key":"DeathKnight:LanathelsBloodyNail"},{"floor":27.0,"key":"Ginger"},{"floor":38,"key":"Thread and Needle"}],"event_choices":[{"damage_healed":0.0,"max_hp_gain":0.0,"max_hp_loss":0.0,"gold_gain":0.0,"event_name":"Scrap Ooze","player_choice":"Success","floor":2.0,"gold_loss":0.0,"damage_taken":12.0,"relics_obtained":["Turnip"]},{"damage_healed":0.0,"max_hp_gain":0.0,"max_hp_loss":0.0,"gold_gain":0.0,"event_name":"WeMeetAgain","player_choice":"Gave Potion","floor":3.0,"gold_loss":0.0,"damage_taken":0.0,"relics_obtained":["Letter Opener"]},{"damage_healed":0.0,"max_hp_gain":5.0,"max_hp_loss":0.0,"gold_gain":0.0,"event_name":"Forgotten Altar","player_choice":"Shed Blood","floor":21.0,"gold_loss":0.0,"damage_taken":19.0},{"damage_healed":0.0,"max_hp_gain":0.0,"max_hp_loss":0.0,"gold_gain":180.0,"event_name":"Knowing Skull","player_choice":"GOLD GOLD ","floor":30.0,"potions_obtained":[],"gold_loss":0.0,"damage_taken":19.0,"cards_obtained":[]},{"damage_healed":0,"gold_gain":0,"player_choice":"Fight","damage_taken":0,"max_hp_gain":0,"max_hp_loss":0,"event_name":"Mysterious Sphere","floor":38,"gold_loss":0}],"is_beta":false,"boss_relics":[{"not_picked":["Cursed Key","Velvet Choker"],"picked":"Coffee Dripper"},{"not_picked":["Sozu","Tiny House"],"picked":"Busted Crown"}],"items_purged_floors":[36],"is_endless":false,"potions_floor_spawned":[1,7,13,14,18,19,24,25,27,38],"killed_by":"Nemesis","ascension_level":3}}