{"host":"0285y92tozoijo7k","time":1607955318,"event":{"mods":["AchievementEnabler","Act Like it!","BaseMod","Colored Map","DeckTracker","Keyboard Shortcuts","Minty Spire (QoL Compilation)","Permanent Neow","StSLib","SuperFastMode"],"gold_per_floor":[116,41,216,166,178,204,219,219,219,219,236,264,16,16,16,119,119,133,146,146,195,212,241,340,340,340,340,340],"floor_reached":27,"playtime":929,"items_purged":["Strike_B"],"score":446,"play_id":"f5512b34-bc0b-4d91-9690-0e775885620d","local_time":"20201214231518","is_ascension_mode":true,"campfire_choices":[{"data":"Coolheaded","floor":8.0,"key":"SMITH"},{"data":"Barrage","floor":15.0,"key":"SMITH"},{"data":"Fission","floor":25,"key":"SMITH"}],"circlet_count":0,"master_deck":["AscendersBane","Strike_B","Strike_B","Defend_B","Defend_B","Zap","Dualcast","Barrage+1","Compile Driver","Go for the Eyes","Coolheaded+1","Buffer","Biased Cognition+1","Skim","Fission+1","Turbo","Capacitor+1"],"relics":["Nuclear Battery","Lizard Tail","Bird Faced Urn","Anchor","Odd Mushroom","Frozen Egg 2","Philosopher\u0027s Stone","Toy Ornithopter","Blood Vial"],"acts_visited":["Exordium","TheCity"],"potions_floor_usage":[16,23],"damage_taken":[{"damage":1.0,"enemies":"Cultist","floor":1.0,"turns":4.0},{"damage":4.0,"enemies":"Small Slimes","floor":5.0,"turns":4.0},{"damage":0.0,"enemies":"3 Sentries","floor":6.0,"turns":4.0},{"damage":8.0,"enemies":"Jaw Worm","floor":7.0,"turns":5.0},{"damage":0.0,"enemies":"Large Slime","floor":11.0,"turns":6.0},{"damage":7.0,"enemies":"The Mushroom Lair","floor":12.0,"turns":5.0},{"damage":58,"enemies":"Hexaghost","floor":16,"turns":13},{"damage":1,"enemies":"3 Byrds","floor":18,"turns":6},{"damage":0,"enemies":"Chosen","floor":19,"turns":4},{"damage":6,"enemies":"Centurion and Healer","floor":22,"turns":7},{"damage":52,"enemies":"Gremlin Leader","floor":23,"turns":8},{"damage":26,"enemies":"Slavers","floor":27,"turns":3}],"seed_played":"7071327741228344734","potions_obtained":[{"floor":1.0,"key":"AttackPotion"},{"floor":12.0,"key":"Block Potion"},{"floor":18,"key":"Ancient Potion"},{"floor":22,"key":"Fire Potion"}],"is_trial":false,"path_per_floor":["M","$","?","?","M","E","M","R","T","?","M","?","$","?","R","B",null,"M","M","?","T","M","E","?","R","T","E"],"character_chosen":"DEFECT","items_purchased":["Frozen Egg 2"],"campfire_rested":0,"item_purchase_floors":[13],"current_hp_per_floor":[67,67,67,67,63,63,55,55,55,43,43,38,38,31,31,17,61,64,68,68,68,66,23,23,23,23,5,5],"gold":340,"neow_bonus":"BOSS_RELIC","is_daily":false,"chose_seed":false,"campfire_upgraded":3,"win_rate":0.0,"timestamp":1607955318,"path_taken":["M","?","?","?","M","E","M","R","T","?","?","?","$","?","R","BOSS","M","M","?","?","M","E","?","R","T","E"],"items_purchased_type":["Relic"],"build_version":"2020-12-13","purchased_purges":1,"victory":false,"max_hp_per_floor":[75,75,75,75,75,75,75,75,75,75,75,75,75,75,75,75,75,75,75,75,75,75,75,75,75,75,75,75],"card_choices":[{"not_picked":["Darkness","Cold Snap"],"picked":"Barrage","floor":1.0},{"not_picked":["Turbo","Steam Power"],"picked":"Compile Driver","floor":5.0},{"not_picked":["Redo","Reprogram"],"picked":"Go for the Eyes","floor":6.0},{"not_picked":["Steam","Cold Snap"],"picked":"Coolheaded","floor":7.0},{"not_picked":["Streamline","Hologram"],"picked":"Buffer","floor":11.0},{"not_picked":["Reboot","Machine Learning+1"],"picked":"Biased Cognition+1","floor":16},{"not_picked":["Streamline","Leap","Scrape"],"picked":"SKIP","floor":18},{"not_picked":["Gash","Barrage","Sweeping Beam+1"],"picked":"SKIP","floor":19},{"not_picked":["Redo","Undo"],"picked":"Turbo","floor":22},{"not_picked":["Tempest","Rebound+1"],"picked":"Capacitor+1","floor":23}],"player_experience":371542,"relics_obtained":[{"floor":6.0,"key":"Lizard Tail"},{"floor":9.0,"key":"Bird Faced Urn"},{"floor":12.0,"key":"Odd Mushroom"},{"floor":21,"key":"Toy Ornithopter"},{"floor":23,"key":"Blood Vial"}],"event_choices":[{"damage_healed":0.0,"max_hp_gain":0.0,"max_hp_loss":0.0,"gold_gain":175.0,"event_name":"Liars Game","player_choice":"AGREE","floor":3.0,"gold_loss":0.0,"damage_taken":0.0,"cards_obtained":["Doubt"]},{"cards_removed":["Doubt"],"damage_healed":0.0,"max_hp_gain":0.0,"max_hp_loss":0.0,"gold_gain":0.0,"event_name":"The Cleric","player_choice":"Card Removal","floor":4.0,"gold_loss":50.0,"damage_taken":0.0},{"damage_healed":0.0,"max_hp_gain":0.0,"max_hp_loss":0.0,"gold_gain":0.0,"event_name":"Scrap Ooze","player_choice":"Success","floor":10.0,"gold_loss":0.0,"damage_taken":12.0,"relics_obtained":["Anchor"]},{"damage_healed":0.0,"max_hp_gain":0.0,"max_hp_loss":0.0,"gold_gain":0.0,"event_name":"Mushrooms","player_choice":"Fought Mushrooms","floor":12.0,"gold_loss":0.0,"damage_taken":0.0},{"cards_removed":["Defend_B"],"damage_healed":0.0,"max_hp_gain":0.0,"max_hp_loss":0.0,"gold_gain":0.0,"event_name":"Golden Wing","player_choice":"Card Removal","floor":14.0,"gold_loss":0.0,"damage_taken":7.0},{"damage_healed":0,"gold_gain":0,"cards_transformed":["Strike_B","Defend_B"],"player_choice":"Became Test Subject","damage_taken":0,"max_hp_gain":0,"max_hp_loss":0,"event_name":"Drug Dealer","floor":20,"gold_loss":0,"cards_obtained":["Skim","Fission"]},{"damage_healed":0,"gold_gain":99,"player_choice":"Stole From Cult","damage_taken":0,"max_hp_gain":0,"max_hp_loss":0,"event_name":"Nest","floor":24,"gold_loss":0}],"is_beta":false,"boss_relics":[{"not_picked":["Busted Crown","Cursed Key"],"picked":"Philosopher\u0027s Stone"}],"items_purged_floors":[2],"is_endless":false,"potions_floor_spawned":[1,12,18,22],"killed_by":"Slavers","ascension_level":12}}