{"host":"k8gerrcpv9xe1nxe","time":1607927173,"event":{"mods":["2.2 Compatiblity","AchievementEnabler","BaseMod","Bestiary","Minty Spire (QoL Compilation)","Relic Stats","StSLib"],"gold_per_floor":[99,99,99,99,99,99,99,99,99,99,99,99,99,48,48,48,48,48,48,48,48,48,48,48,48,48,48,48,48,48,48,48,48,48,48,48,48,48,48,48,48,48,48,48,48,48,48,48,48,48],"floor_reached":51,"playtime":1549,"items_purged":[],"score":1096,"play_id":"513e1133-d8a6-4a9d-a3dd-7ecf1e0ca72a","local_time":"20201214012613","is_ascension_mode":true,"campfire_choices":[{"data":"Conclude","floor":6,"key":"SMITH"},{"data":"Adaptation","floor":15,"key":"SMITH"},{"data":"1","floor":24,"key":"LIFT"},{"data":"2","floor":32,"key":"LIFT"},{"data":"3","floor":41,"key":"LIFT"},{"floor":45,"key":"REST"},{"floor":49,"key":"REST"}],"circlet_count":0,"master_deck":["Strike_P","Strike_P","Strike_P","Defend_P","Defend_P","Defend_P","Defend_P","Eruption","Vigilance","Conclude+1","ReachHeaven","EmptyMind","FlurryOfBlows","Crescendo","Wallop+1","Adaptation+1","SashWhip+1","Vault","BowlingBash+1","CrushJoints+1","Blasphemy","Meditate","EmptyFist+1","Tantrum+1","Vault","Ragnarok+1"],"relics":["Ectoplasm","Pantograph","Molten Egg 2","Ancient Tea Set","HornCleat","Fusion Hammer","Girya","Boot","Orichalcum","Centennial Puzzle","Tiny Chest","Philosopher\u0027s Stone","White Beast Statue","Kunai","The Courier","Bird Faced Urn","Bag of Preparation"],"acts_visited":["Exordium","TheCity","TheBeyond"],"potions_floor_usage":[11,13,31,48,50,50],"damage_taken":[{"damage":0,"enemies":"2 Louse","floor":1,"turns":2},{"damage":0,"enemies":"Cultist","floor":3,"turns":2},{"damage":6,"enemies":"Jaw Worm","floor":4,"turns":2},{"damage":0,"enemies":"3 Sentries","floor":7,"turns":2},{"damage":5,"enemies":"Red Slaver","floor":8,"turns":4},{"damage":5,"enemies":"Exordium Thugs","floor":10,"turns":2},{"damage":0,"enemies":"Lagavulin","floor":11,"turns":3},{"damage":6,"enemies":"2 Fungi Beasts","floor":12,"turns":3},{"damage":0,"enemies":"Gremlin Nob","floor":13,"turns":2},{"damage":14,"enemies":"Hexaghost","floor":16,"turns":7},{"damage":0,"enemies":"Spheric Guardian","floor":18,"turns":3},{"damage":0,"enemies":"Shell Parasite","floor":19,"turns":3},{"damage":0,"enemies":"Sentry and Sphere","floor":21,"turns":3},{"damage":0,"enemies":"Book of Stabbing","floor":23,"turns":4},{"damage":1,"enemies":"Slavers","floor":25,"turns":3},{"damage":0,"enemies":"Centurion and Healer","floor":27,"turns":4},{"damage":6,"enemies":"Snake Plant","floor":28,"turns":2},{"damage":0,"enemies":"Gremlin Leader","floor":29,"turns":4},{"damage":4,"enemies":"Cultist and Chosen","floor":30,"turns":2},{"damage":6,"enemies":"Book of Stabbing","floor":31,"turns":3},{"damage":23,"enemies":"Automaton","floor":33,"turns":7},{"damage":0,"enemies":"3 Shapes","floor":35,"turns":3},{"damage":4,"enemies":"3 Darklings","floor":37,"turns":3},{"damage":16,"enemies":"Maw","floor":38,"turns":5},{"damage":0,"enemies":"Spire Growth","floor":39,"turns":4},{"damage":6,"enemies":"Giant Head","floor":40,"turns":6},{"damage":2,"enemies":"4 Shapes","floor":42,"turns":2},{"damage":13,"enemies":"Nemesis","floor":44,"turns":5},{"damage":0,"enemies":"Reptomancer","floor":46,"turns":4},{"damage":0,"enemies":"3 Darklings","floor":47,"turns":3},{"damage":9,"enemies":"Nemesis","floor":48,"turns":4},{"damage":24,"enemies":"Donu and Deca","floor":50,"turns":5}],"seed_played":"3369460131615306498","potions_obtained":[{"floor":2,"key":"AttackPotion"},{"floor":2,"key":"LiquidBronze"},{"floor":2,"key":"Block Potion"},{"floor":7,"key":"DistilledChaos"},{"floor":11,"key":"SpeedPotion"},{"floor":13,"key":"SpeedPotion"},{"floor":16,"key":"LiquidBronze"},{"floor":27,"key":"SteroidPotion"},{"floor":31,"key":"Explosive Potion"},{"floor":37,"key":"GamblersBrew"},{"floor":44,"key":"PowerPotion"},{"floor":47,"key":"Fruit Juice"},{"floor":48,"key":"ColorlessPotion"}],"is_trial":false,"path_per_floor":["M","?","M","M","?","R","E","M","T","M","E","M","E","$","R","B",null,"M","M","?","M","?","E","R","E","T","M","M","E","M","E","R","B",null,"M","$","M","M","M","E","R","M","T","E","R","E","M","E","R","B",null],"character_chosen":"WATCHER","items_purchased":["SashWhip+1"],"campfire_rested":2,"item_purchase_floors":[14],"current_hp_per_floor":[72,72,72,66,66,66,66,61,61,56,56,50,50,50,50,58,72,72,72,72,72,72,72,72,71,71,71,65,65,61,55,55,49,72,72,72,68,52,52,46,46,44,44,31,52,52,52,48,71,53],"gold":48,"neow_bonus":"BOSS_RELIC","is_daily":false,"chose_seed":false,"campfire_upgraded":2,"win_rate":0.0,"timestamp":1607927173,"path_taken":["M","?","M","?","?","R","E","?","T","M","E","M","E","$","R","BOSS","M","M","?","M","?","E","R","E","T","M","M","E","M","E","R","BOSS","M","$","M","M","M","E","R","M","T","E","R","E","M","E","R","BOSS"],"items_purchased_type":["Card"],"build_version":"2020-12-13","purchased_purges":0,"victory":true,"max_hp_per_floor":[72,72,72,72,72,72,72,72,72,72,72,72,72,72,72,72,72,72,72,72,72,72,72,72,72,72,72,72,72,72,72,72,72,72,72,72,72,72,72,72,72,72,72,72,72,72,72,77,77,77],"relic_stats":{"Centennial Puzzle":[33],"counters":[32,111],"Pantograph":45,"Bird Faced Urn":[0],"Tiny Chest":0,"Ectoplasm":839,"Bag of Preparation":[2],"Kunai":[10],"Orichalcum":[138],"Boot":[64],"obtain_stats":[{"Girya":20,"The Courier":44,"Bag of Preparation":48,"Orichalcum":25,"Ancient Tea Set":11,"Boot":23,"White Beast Statue":40,"Centennial Puzzle":26,"HornCleat":13,"Pantograph":7,"Bird Faced Urn":46,"Molten Egg 2":9,"Tiny Chest":29,"Philosopher\u0027s Stone":34,"Ectoplasm":0,"Fusion Hammer":17,"Kunai":43,"PureWater":0},{"Girya":12,"The Courier":28,"Bag of Preparation":31,"Orichalcum":15,"Ancient Tea Set":7,"Boot":14,"White Beast Statue":26,"Centennial Puzzle":15,"HornCleat":9,"Pantograph":4,"Bird Faced Urn":29,"Molten Egg 2":5,"Tiny Chest":18,"Philosopher\u0027s Stone":21,"Ectoplasm":0,"Fusion Hammer":10,"Kunai":27,"PureWater":0},{"Girya":35,"The Courier":95,"Bag of Preparation":106,"Orichalcum":45,"Ancient Tea Set":17,"Boot":42,"White Beast Statue":88,"Centennial Puzzle":45,"HornCleat":22,"Pantograph":8,"Bird Faced Urn":99,"Molten Egg 2":12,"Tiny Chest":55,"Philosopher\u0027s Stone":67,"Ectoplasm":0,"Fusion Hammer":29,"Kunai":90,"PureWater":0}]},"card_choices":[{"not_picked":["Evaluate","Swivel","ThirdEye"],"picked":"SKIP","floor":1},{"not_picked":["EmptyBody","ClearTheMind"],"picked":"Conclude","floor":3},{"not_picked":["Adaptation","EmptyBody"],"picked":"ReachHeaven","floor":4},{"not_picked":["ThirdEye","EmptyBody"],"picked":"EmptyMind","floor":7},{"not_picked":["Devotion","Crescendo"],"picked":"FlurryOfBlows","floor":8},{"not_picked":["Evaluate","ThirdEye","Study"],"picked":"SKIP","floor":10},{"not_picked":["JustLucky+1","CarveReality+1"],"picked":"Crescendo","floor":11},{"not_picked":["CutThroughFate+1","FlyingSleeves+1"],"picked":"Wallop+1","floor":12},{"not_picked":["Weave+1","ClearTheMind"],"picked":"Adaptation","floor":13},{"not_picked":["Omniscience","Judgement"],"picked":"Vault","floor":16},{"not_picked":["ReachHeaven+1","Conclude+1"],"picked":"BowlingBash+1","floor":18},{"not_picked":["SashWhip+1","JustLucky+1"],"picked":"CrushJoints+1","floor":19},{"not_picked":["Conclude+1","EmptyBody","CrushJoints+1"],"picked":"SKIP","floor":21},{"not_picked":["JustLucky+1","DeceiveReality"],"picked":"Meditate","floor":23},{"not_picked":["Adaptation","Weave+1"],"picked":"EmptyFist+1","floor":25},{"not_picked":["Adaptation","PathToVictory","FollowUp+1"],"picked":"SKIP","floor":27},{"not_picked":["Swivel","Fasting2+1","Protect"],"picked":"SKIP","floor":28},{"not_picked":["FlurryOfBlows+1","Vault"],"picked":"Tantrum+1","floor":29},{"not_picked":["FlurryOfBlows+1","PathToVictory","EmptyMind"],"picked":"SKIP","floor":30},{"not_picked":["BattleHymn","CarveReality+1","SandsOfTime+1"],"picked":"SKIP","floor":31},{"not_picked":["Blasphemy","Omniscience"],"picked":"Vault","floor":33},{"not_picked":["WindmillStrike+1","Collect+1","FollowUp+1"],"picked":"SKIP","floor":35},{"not_picked":["Swivel+1","Crescendo","Conclude+1"],"picked":"SKIP","floor":37},{"not_picked":["FlurryOfBlows+1","LikeWater","EmptyBody+1"],"picked":"SKIP","floor":38},{"not_picked":["Nirvana","Prostrate","BattleHymn+1"],"picked":"SKIP","floor":39},{"not_picked":["EmptyBody+1","Perseverance","Consecrate+1"],"picked":"SKIP","floor":40},{"not_picked":["ClearTheMind","Evaluate","Worship+1"],"picked":"SKIP","floor":42},{"not_picked":["FlyingSleeves+1","Protect"],"picked":"Ragnarok+1","floor":44},{"not_picked":["Judgement","DeceiveReality","FearNoEvil+1"],"picked":"SKIP","floor":46},{"not_picked":["FollowUp+1","Swivel+1","Adaptation+1"],"picked":"SKIP","floor":47},{"not_picked":["EmptyFist+1","FlyingSleeves+1","Conclude+1"],"picked":"SKIP","floor":48}],"player_experience":51649,"relics_obtained":[{"floor":7,"key":"Pantograph"},{"floor":9,"key":"Molten Egg 2"},{"floor":11,"key":"Ancient Tea Set"},{"floor":13,"key":"HornCleat"},{"floor":23,"key":"Boot"},{"floor":25,"key":"Orichalcum"},{"floor":26,"key":"Centennial Puzzle"},{"floor":29,"key":"Tiny Chest"},{"floor":40,"key":"White Beast Statue"},{"floor":43,"key":"Kunai"},{"floor":44,"key":"The Courier"},{"floor":46,"key":"Bird Faced Urn"},{"floor":48,"key":"Bag of Preparation"}],"event_choices":[{"damage_healed":0,"gold_gain":0,"player_choice":"Got Potions","damage_taken":0,"max_hp_gain":0,"max_hp_loss":0,"event_name":"Lab","floor":2,"gold_loss":0},{"cards_removed":["Strike_P"],"damage_healed":0,"gold_gain":0,"player_choice":"Offered Basic","damage_taken":0,"max_hp_gain":0,"max_hp_loss":0,"event_name":"Bonfire Elementals","floor":5,"gold_loss":0},{"damage_healed":0,"gold_gain":0,"player_choice":"Opened","damage_taken":0,"relics_obtained":["Girya"],"max_hp_gain":0,"max_hp_loss":0,"event_name":"The Mausoleum","floor":20,"gold_loss":0},{"damage_healed":0,"gold_gain":0,"player_choice":"Read","damage_taken":0,"max_hp_gain":0,"max_hp_loss":0,"event_name":"The Library","floor":22,"gold_loss":0,"cards_obtained":["Blasphemy"]}],"is_beta":false,"boss_relics":[{"not_picked":["Calling Bell","SacredBark"],"picked":"Fusion Hammer"},{"not_picked":["Busted Crown","SlaversCollar"],"picked":"Philosopher\u0027s Stone"}],"items_purged_floors":[],"is_endless":false,"potions_floor_spawned":[7,10,11,13,16,19,21,23,27,29,31,37,38,40,42,44,46,47,48],"ascension_level":1}}