{"host":"ltca6yxwulbhza25","time":1607946806,"event":{"mods":["BaseMod","Card Forge","Colored Map","Colored Powertips","Minty Spire (QoL Compilation)","Quick Restart","Shop Mod","StSLib","The Blue Laboratory"],"gold_per_floor":[116,116,136,311,311,311,339,355,355,380,395,395,420,434,434,534,534,544,554,584,37,54,87,104,133,133,133,153,153,71,99,99,201,201,215,490,229,247,247,247,273,273,273,308,308,172,198,33,33,33],"floor_reached":51,"playtime":2181,"items_purged":["Regret"],"score":959,"play_id":"a470a9b9-7877-4b77-9f68-9c7af77a7dd5","local_time":"20201214195326","is_ascension_mode":false,"campfire_choices":[{"data":"Glass Knife","floor":6.0,"key":"SMITH"},{"floor":12.0,"key":"REST"},{"floor":15.0,"key":"REST"},{"data":"Adrenaline","floor":29.0,"key":"SMITH"},{"floor":32,"key":"REST"},{"floor":40,"key":"REST"},{"floor":42,"key":"REST"},{"floor":45,"key":"REST"},{"floor":49,"key":"REST"}],"circlet_count":0,"master_deck":["Strike_G+1","Defend_G+1","Defend_G+1","Survivor+1","Neutralize+1","Noxious Fumes+1","Glass Knife+1","Dagger Spray+1","Footwork+1","Envenom+1","Adrenaline+1","Infinite Blades+1","Footwork+1","Caltrops+1","Dash+1","Iron Wave+1","Dagger Spray+1","Wraith Form v2+1","Phantasmal Killer+1","Caltrops+1","Madness+1","Madness+1","Noxious Fumes+1","Noxious Fumes+1","Calculated Gamble+1"],"relics":["Hammer of Thor","Seething Fire","Anvil of the Gods","SacredBark","Molten Egg 2","Frozen Egg 2","Mummified Hand","MerchantsRug","PreservedInsect","Paper Crane","Mercury Hourglass","Philosopher\u0027s Stone","Snake Skull","Letter Opener","Bronze Scales","Thread and Needle","Eternal Feather","Cauldron"],"acts_visited":["Exordium","TheCity","TheBeyond"],"potions_floor_usage":[33,33,35,50,50,50],"damage_taken":[{"damage":0.0,"enemies":"Small Slimes","floor":1.0,"turns":5.0},{"damage":0.0,"enemies":"Jaw Worm","floor":3.0,"turns":3.0},{"damage":0.0,"enemies":"Gremlin Nob","floor":7.0,"turns":2.0},{"damage":0.0,"enemies":"Cultist","floor":8.0,"turns":3.0},{"damage":5.0,"enemies":"Lagavulin","floor":10.0,"turns":6.0},{"damage":0.0,"enemies":"3 Louse","floor":11.0,"turns":3.0},{"damage":10.0,"enemies":"Gremlin Nob","floor":13.0,"turns":3.0},{"damage":2.0,"enemies":"Red Slaver","floor":14.0,"turns":2.0},{"damage":0.0,"enemies":"Slime Boss","floor":16.0,"turns":4.0},{"damage":3.0,"enemies":"2 Thieves","floor":18.0,"turns":4.0},{"damage":2.0,"enemies":"Spheric Guardian","floor":19.0,"turns":4.0},{"damage":10.0,"enemies":"Masked Bandits","floor":20.0,"turns":4.0},{"damage":4.0,"enemies":"Snake Plant","floor":22.0,"turns":4.0},{"damage":0.0,"enemies":"Slavers","floor":23.0,"turns":1.0},{"damage":7.0,"enemies":"Shelled Parasite and Fungi","floor":24.0,"turns":3.0},{"damage":13.0,"enemies":"Book of Stabbing","floor":25.0,"turns":4.0},{"damage":0.0,"enemies":"Snecko","floor":28.0,"turns":4.0},{"damage":0,"enemies":"Gremlin Leader","floor":31,"turns":4},{"damage":11,"enemies":"Collector","floor":33,"turns":9},{"damage":6,"enemies":"Orb Walker","floor":35,"turns":2},{"damage":15,"enemies":"3 Shapes","floor":38,"turns":3},{"damage":5,"enemies":"Reptomancer","floor":41,"turns":3},{"damage":24,"enemies":"Nemesis","floor":44,"turns":4},{"damage":16,"enemies":"Reptomancer","floor":47,"turns":4},{"damage":6,"enemies":"Donu and Deca","floor":50,"turns":8}],"seed_played":"-5189758538172525321","potions_obtained":[{"floor":1.0,"key":"blueLaboratory:SuffocatingSmog"},{"floor":3.0,"key":"DistilledChaos"},{"floor":7.0,"key":"Dexterity Potion"},{"floor":14.0,"key":"CultistPotion"},{"floor":19.0,"key":"ColorlessPotion"},{"floor":22.0,"key":"blueLaboratory:PyrophylliteBrew"},{"floor":24.0,"key":"blueLaboratory:CorrosionFlask"},{"floor":31,"key":"blueLaboratory:LouseDecoction"},{"floor":33,"key":"blueLaboratory:FruitPunch"},{"floor":38,"key":"SteroidPotion"},{"floor":44,"key":"Energy Potion"},{"floor":47,"key":"blueLaboratory:PolymorphPotion"},{"floor":48,"key":"blueLaboratory:StoneskinPotion"},{"floor":48,"key":"blueLaboratory:BlinkPotion"},{"floor":48,"key":"Regen Potion"}],"is_trial":false,"path_per_floor":["M","?","M","?","?","R","E","M","T","E","M","R","E","M","R","B",null,"M","M","?","$","M","E","M","E","T","?","M","R","$","E","R","B",null,"M","?","$","M","?","R","E","R","T","E","R","$","E","$","R","B",null],"character_chosen":"THE_SILENT","items_purchased":["Mummified Hand","MerchantsRug","PreservedInsect","Footwork+1","Wraith Form v2+1","Caltrops+1","Snake Skull","Thread and Needle","Cauldron","Noxious Fumes+1","Calculated Gamble"],"campfire_rested":7,"item_purchase_floors":[21,21,21,21,30,37,37,46,48,48,48],"current_hp_per_floor":[70,70,70,70,70,70,70,70,70,65,65,70,60,58,70,70,70,67,65,55,55,51,51,44,31,31,31,31,31,31,31,52,41,70,68,68,68,53,44,66,61,74,74,50,72,72,56,56,74,74],"gold":33,"neow_bonus":"BOSS_RELIC","is_daily":false,"chose_seed":false,"campfire_upgraded":2,"win_rate":0.0,"timestamp":1607946806,"path_taken":["M","?","M","?","?","R","E","M","T","E","M","R","E","?","R","BOSS","M","M","?","$","M","E","M","E","T","?","?","R","$","E","R","BOSS","M","?","$","?","?","R","E","R","T","E","R","$","E","$","R","BOSS"],"items_purchased_type":["Relic","Relic","Relic","Card","Card","Card","Relic","Relic","Relic","Card","Card"],"build_version":"2020-12-13","purchased_purges":1,"victory":true,"max_hp_per_floor":[70,70,70,70,70,70,70,70,70,70,70,70,70,70,70,70,70,70,70,70,70,70,70,70,70,70,70,70,70,70,70,70,70,70,74,74,74,74,74,74,74,74,74,74,74,74,74,74,74,74],"card_choices":[{"not_picked":["Dash","Flying Knee"],"picked":"Noxious Fumes","floor":1.0},{"not_picked":["Dagger Spray","Finisher","Outmaneuver"],"picked":"SKIP","floor":3.0},{"not_picked":["Deflect","Prepared","Acrobatics"],"picked":"SKIP","floor":7.0},{"not_picked":["Deflect","Prepared","Acrobatics"],"picked":"SKIP","floor":7.0},{"not_picked":["Quick Slash+1","Poisoned Stab+1","PiercingWail"],"picked":"SKIP","floor":8.0},{"not_picked":["Prepared","Escape Plan","All Out Attack+1"],"picked":"SKIP","floor":10.0},{"not_picked":["Expertise","Endless Agony+1"],"picked":"Dagger Spray+1","floor":11.0},{"not_picked":["Flying Knee+1","Backflip"],"picked":"Footwork+1","floor":13.0},{"not_picked":["Escape Plan","Underhanded Strike+1"],"picked":"Envenom+1","floor":14.0},{"not_picked":["Unload+1","Die Die Die+1"],"picked":"Adrenaline","floor":16.0},{"not_picked":["PiercingWail+1","Acrobatics"],"picked":"Infinite Blades+1","floor":18.0},{"not_picked":["Leg Sweep","Heel Hook+1","Calculated Gamble"],"picked":"SKIP","floor":19.0},{"not_picked":["Slice+1","Infinite Blades+1","Escape Plan+1"],"picked":"SKIP","floor":22.0},{"not_picked":["PiercingWail","Doppelganger"],"picked":"Caltrops+1","floor":23.0},{"not_picked":["Quick Slash+1","All Out Attack+1","Prepared"],"picked":"SKIP","floor":24.0},{"not_picked":["Bouncing Flask+1","Escape Plan"],"picked":"Dash+1","floor":25.0},{"not_picked":["Masterful Stab+1","Predator+1"],"picked":"Dagger Spray+1","floor":28.0},{"not_picked":["Expertise","Predator+1","Sucker Punch+1"],"picked":"SKIP","floor":31},{"not_picked":["Die Die Die+1","Venomology"],"picked":"Phantasmal Killer","floor":33},{"not_picked":["Deflect","Calculated Gamble+1","Dagger Throw+1"],"picked":"SKIP","floor":35},{"not_picked":["Tactician","Escape Plan+1","Backstab+1"],"picked":"SKIP","floor":38},{"not_picked":["Dodge and Roll+1","Eviscerate+1","Prepared+1"],"picked":"SKIP","floor":41},{"not_picked":["Bouncing Flask","Blade Dance"],"picked":"Noxious Fumes+1","floor":44},{"not_picked":["Dagger Spray+1","Eviscerate+1","Tactician"],"picked":"SKIP","floor":47}],"player_experience":2343,"relics_obtained":[{"floor":7.0,"key":"Molten Egg 2"},{"floor":9.0,"key":"Pantograph"},{"floor":10.0,"key":"Frozen Egg 2"},{"floor":13.0,"key":"WingedGreaves"},{"floor":20.0,"key":"Red Mask"},{"floor":23.0,"key":"Boot"},{"floor":25.0,"key":"Oddly Smooth Stone"},{"floor":26.0,"key":"Paper Crane"},{"floor":31,"key":"Mercury Hourglass"},{"floor":41,"key":"Centennial Puzzle"},{"floor":43,"key":"Letter Opener"},{"floor":44,"key":"Bronze Scales"},{"floor":47,"key":"Eternal Feather"}],"event_choices":[{"damage_healed":0.0,"max_hp_gain":0.0,"max_hp_loss":0.0,"gold_gain":0.0,"event_name":"Scrap Ooze","player_choice":"Fled","floor":2.0,"gold_loss":0.0,"damage_taken":0.0},{"damage_healed":0.0,"max_hp_gain":0.0,"max_hp_loss":0.0,"gold_gain":175.0,"event_name":"Liars Game","player_choice":"AGREE","floor":4.0,"gold_loss":0.0,"damage_taken":0.0,"cards_obtained":["Doubt"]},{"damage_healed":0.0,"max_hp_gain":0.0,"max_hp_loss":0.0,"gold_gain":0.0,"event_name":"Match and Keep!","player_choice":"1 cards matched","floor":5.0,"gold_loss":0.0,"damage_taken":0.0,"cards_obtained":["Glass Knife"]},{"damage_healed":0.0,"max_hp_gain":0.0,"max_hp_loss":0.0,"gold_gain":0.0,"event_name":"Masked Bandits","player_choice":"Fought Bandits","floor":20.0,"gold_loss":0.0,"damage_taken":0.0},{"cards_removed":["Strike_G"],"damage_healed":0.0,"max_hp_gain":0.0,"max_hp_loss":0.0,"gold_gain":0.0,"event_name":"NoteForYourself","player_choice":"Took Card","floor":27.0,"gold_loss":0.0,"damage_taken":0.0,"cards_obtained":["Iron Wave"]},{"damage_healed":0,"gold_gain":275,"player_choice":"Desecrate","damage_taken":0,"max_hp_gain":0,"max_hp_loss":0,"event_name":"Golden Shrine","floor":36,"gold_loss":0,"cards_obtained":["Regret"]},{"damage_healed":0,"gold_gain":0,"player_choice":"Embrace Madness","damage_taken":9,"max_hp_gain":0,"max_hp_loss":0,"event_name":"Winding Halls","floor":39,"gold_loss":0,"cards_obtained":["Madness","Madness"]}],"is_beta":false,"boss_relics":[{"not_picked":["Busted Crown","Black Star"],"picked":"Empty Cage"},{"not_picked":["Calling Bell","Astrolabe"],"picked":"Philosopher\u0027s Stone"}],"items_purged_floors":[37],"is_endless":false,"potions_floor_spawned":[1,3,7,14,19,22,24,31,33,38,44,47],"ascension_level":0}}