{"host":"cyei475933pvpemq","time":1607958765,"event":{"mods":["Act Like it!","Aspiration","BaseMod","Better Third Choice","BetterRewards","Colored Map","Colored Powertips","Downfall","Energized Spire","Highlight Path","Hubris","Hyrulean Relics","Lobotomy","Mimic Mod","Minty Spire (QoL Compilation)","Replay The Spire","Spicy Shops","Spikes Relics","StSLib","Uncapped"],"gold_per_floor":[110,121,121,121,136,86,86,140,140,472,66,91,111,142,142,238,238,254,269,269,269,112,137,137,149,221,234,249,249,249,280,280,382,382,392,410,410,423,423,458,458,3,29,29,29,29,49,62,62,87,87,87,87,87,38,64,64],"floor_reached":58,"playtime":2713,"items_purged":[],"score":1373,"play_id":"84074f2b-34c4-4888-96b6-1a31837ac1e9","local_time":"20201214161245","is_ascension_mode":false,"campfire_choices":[{"floor":7,"key":"RECALL"},{"floor":15,"key":"REST"},{"data":"Demon Form","floor":24,"key":"SMITH"},{"data":"Run Through","floor":30,"key":"SMITH"},{"data":"ReplayTheSpireMod:Corrosion Curse","floor":32,"key":"SMITH"},{"floor":41,"key":"REST"},{"data":"Double Tap","floor":46,"key":"SMITH"},{"data":"Shrug It Off","floor":51,"key":"SMITH"},{"data":"Shrug It Off","floor":54,"key":"SMITH"}],"circlet_count":0,"master_deck":["Strike_R","Strike_R","Strike_R","Strike_R","Strike_R","Defend_R","Defend_R+1","Defend_R","Defend_R","ReplayTheSpireMod:Corrosion Curse+1","Run Through+1","Shrug It Off+1","Demon Form+1","Feed+1","Warcry+1","Shrug It Off+1","Armaments+1","Pommel Strike+1","Run Through+1","Double Tap+1","Run Through+1","BattleHymn+1","Hallucinations","FollowUp+1","Demon Form+1","ReplayTheSpireMod:Limb From Limb+1","Replay:Hum+1","Worship+1"],"relics":["Burning Blood","aspiration:Nostalgia","zeldaRelics:GreenHat","hubris:Icosahedron","hubris:ToyBattleship","ReplayTheSpireMod:Shallot","Old Coin","ClockworkSouvenir","hubris:SphereOfDissonance","Durian","Molten Egg 2","energizedSpire:SpiderWeb","Replay:WaspNest","SpikesRelics:DaevaFist","hubris:CuriousFeather","Potion Belt","aspiration:WatcherSkillbook","Ring of Hypnosis","Ring of Misfortune","Replay:Baseball","Blue Doll","DollysMirror","Centennial Puzzle","Oddly Smooth Stone","ReplayTheSpireMod:TigerMarble","HornCleat"],"acts_visited":["Exordium","TheCity","TheBeyond","TheEnding"],"potions_floor_usage":[8,10,10,10,10,10,12,33,33,57,57],"damage_taken":[{"damage":4,"enemies":"2 Louse","floor":1,"turns":3},{"damage":9,"enemies":"Jaw Worm","floor":2,"turns":6},{"damage":1,"enemies":"Cultist","floor":5,"turns":3},{"damage":101,"enemies":"Lagavulin","floor":10,"turns":13},{"damage":13,"enemies":"Gremlin Nob","floor":12,"turns":4},{"damage":1,"enemies":"Exordium Thugs","floor":13,"turns":5},{"damage":9,"enemies":"3 Sentries","floor":14,"turns":8},{"damage":19,"enemies":"The Guardian","floor":16,"turns":11},{"damage":4,"enemies":"2 Thieves","floor":18,"turns":3},{"damage":0,"enemies":"3 Byrds","floor":19,"turns":5},{"damage":15,"enemies":"Slavers","floor":23,"turns":6},{"damage":0,"enemies":"Snecko","floor":25,"turns":3},{"damage":0,"enemies":"Cultist and Chosen","floor":27,"turns":5},{"damage":4,"enemies":"Sentry and Sphere","floor":28,"turns":5},{"damage":9,"enemies":"Book of Stabbing","floor":31,"turns":5},{"damage":32,"enemies":"Automaton","floor":33,"turns":9},{"damage":7,"enemies":"3 Darklings","floor":35,"turns":4},{"damage":5,"enemies":"3 Shapes","floor":36,"turns":4},{"damage":22,"enemies":"Sphere and 2 Shapes","floor":38,"turns":4},{"damage":64,"enemies":"Reptomancer","floor":40,"turns":5},{"damage":0,"enemies":"Maw","floor":47,"turns":4},{"damage":14,"enemies":"3 Darklings","floor":48,"turns":5},{"damage":0,"enemies":"R_Hoarder","floor":50,"turns":4},{"damage":33,"enemies":"Time Eater","floor":52,"turns":5},{"damage":82,"enemies":"Shield and Spear","floor":56,"turns":5},{"damage":68,"enemies":"The Heart","floor":57,"turns":5}],"seed_played":"-5858512396263855625","potions_obtained":[{"floor":2,"key":"BloodPotion"},{"floor":5,"key":"Doom Potion"},{"floor":8,"key":"EntropicBrew"},{"floor":12,"key":"FairyPotion"},{"floor":16,"key":"Block Potion"},{"floor":18,"key":"ColorlessPotion"},{"floor":28,"key":"PowerPotion"},{"floor":40,"key":"Weak Potion"}],"is_trial":false,"path_per_floor":["M","M","?","?","M","?","R","?","T","E","$","E","M","E","R","B",null,"M","M","?","?","$","E","R","M","T","M","M","?","R","E","R","B",null,"M","M","?","M","?","E","R","$","T","PTL","PTL","R","M","M","?","E","R","B",null,"R","$","E","B",null],"character_chosen":"IRONCLAD","items_purchased":["ClockworkSouvenir","hubris:SphereOfDissonance","SpikesRelics:DaevaFist","Blue Doll","DollysMirror","Centennial Puzzle","Dexterity Potion"],"campfire_rested":2,"item_purchase_floors":[11,11,22,42,42,42,55],"current_hp_per_floor":[81,79,80,81,85,86,87,88,89,13,14,13,19,17,48,36,102,107,112,90,91,92,88,89,100,101,112,119,120,121,119,120,95,148,148,154,155,140,141,84,132,133,134,135,136,137,144,137,155,162,163,141,175,176,177,106,45],"gold":64,"neow_bonus":"NOSTALGIA","is_daily":false,"chose_seed":false,"campfire_upgraded":6,"win_rate":0.0,"timestamp":1607958765,"path_taken":["M","M","?","?","M","?","R","?","T","E","$","E","?","E","R","BOSS","M","M","?","?","$","E","R","M","T","M","?","?","R","E","R","BOSS","M","M","?","M","?","E","R","$","T","PTL","PTL","R","M","?","?","E","R","BOSS","R","$","E","BOSS"],"items_purchased_type":["Relic","Relic","Relic","Relic","Relic","Relic","Potion"],"build_version":"2020-12-13","purchased_purges":0,"victory":true,"max_hp_per_floor":[81,82,83,84,85,86,87,88,89,90,91,97,98,99,100,101,102,107,112,118,119,120,125,126,131,132,137,142,143,144,145,146,147,148,149,154,155,156,157,158,159,160,161,162,163,164,165,166,167,168,169,174,175,176,177,182,183],"card_choices":[{"not_picked":["Wild Strike","Rage","Headbutt"],"picked":"SKIP","floor":1},{"not_picked":["ReplayTheSpireMod:LeadingStrike","Body Slam"],"picked":"Pommel Strike","floor":2},{"not_picked":["Shockwave","True Grit"],"picked":"ReplayTheSpireMod:Corrosion Curse","floor":5},{"not_picked":["Cleave","Replay:Undeath\u0027s Touch"],"picked":"Run Through","floor":8},{"not_picked":["Anger","Rage","Burning Pact"],"picked":"SKIP","floor":10},{"not_picked":["hubris:ReadiedAction","Iron Wave","hubris:StunningStrike"],"picked":"SKIP","floor":12},{"not_picked":["Anger","Searing Blow"],"picked":"Shrug It Off","floor":13},{"not_picked":["Disarm","Heavy Blade+1"],"picked":"Demon Form","floor":14},{"not_picked":["Brutality","hubris:StunningStrike+1"],"picked":"Feed+1","floor":16},{"not_picked":["Defy Death+1","Abandon+1"],"picked":"Warcry+1","floor":18},{"not_picked":["Feel No Pain","Cleave+1"],"picked":"Shrug It Off","floor":19},{"not_picked":["Cleave+1","Fire Breathing+1"],"picked":"Armaments+1","floor":23},{"not_picked":["ReplayTheSpireMod:Strike From Hell+1","Second Wind+1","Havoc+1"],"picked":"SKIP","floor":25},{"not_picked":["Replay:Undeath\u0027s Touch+1","Clothesline+1"],"picked":"Pommel Strike+1","floor":27},{"not_picked":["Havoc+1","Twin Strike+1","hubris:ReadiedAction"],"picked":"SKIP","floor":28},{"not_picked":["Clothesline+1","Warcry"],"picked":"Run Through+1","floor":31},{"not_picked":["Brutality","Replay:Many Hands"],"picked":"Double Tap","floor":33},{"not_picked":["Conclude+1","WheelKick+1","True Grit"],"picked":"Run Through+1","floor":35},{"not_picked":["EmptyFist+1","Protect+1","Pommel Strike+1"],"picked":"BattleHymn+1","floor":36},{"not_picked":["ThirdEye+1","Heavy Blade+1","ReplayTheSpireMod:Strike From Hell+1"],"picked":"FollowUp+1","floor":38},{"not_picked":["Brutality","FlyingSleeves+1","Twin Strike+1","Sentinel"],"picked":"SKIP","floor":40},{"not_picked":["Replay:AtTheReady+1","WreathOfFlame","TalkToTheHand+1"],"picked":"ReplayTheSpireMod:Limb From Limb+1","floor":47},{"not_picked":["Clash+1","FlurryOfBlows+1","Havoc+1"],"picked":"Replay:Hum+1","floor":48},{"not_picked":["Meditate+1","BarbarianYell","Dropkick+1","Heavy Blade+1"],"picked":"SKIP","floor":50},{"not_picked":["Sword Boomerang+1","Halt+1","hubris:CleavingFinish+1"],"picked":"Worship+1","floor":56}],"player_experience":309119,"relics_obtained":[{"floor":8,"key":"hubris:ToyBattleship"},{"floor":9,"key":"ReplayTheSpireMod:Shallot"},{"floor":10,"key":"Old Coin"},{"floor":12,"key":"Durian"},{"floor":14,"key":"Molten Egg 2"},{"floor":23,"key":"hubris:CuriousFeather"},{"floor":31,"key":"Potion Belt"},{"floor":37,"key":"Ring of Hypnosis"},{"floor":37,"key":"Ring of Misfortune"},{"floor":40,"key":"Replay:Baseball"},{"floor":43,"key":"Oddly Smooth Stone"},{"floor":50,"key":"ReplayTheSpireMod:TigerMarble"},{"floor":56,"key":"HornCleat"}],"event_choices":[{"cards_removed":["Bash"],"damage_healed":0,"gold_gain":0,"player_choice":"Card Removal","damage_taken":0,"max_hp_gain":0,"max_hp_loss":0,"event_name":"The Cleric","floor":6,"gold_loss":50},{"damage_healed":0,"gold_gain":0,"player_choice":"Shed Blood","damage_taken":28,"max_hp_gain":5,"max_hp_loss":0,"event_name":"Forgotten Altar","floor":20,"gold_loss":0},{"cards_removed":["Pommel Strike"],"damage_healed":0,"gold_gain":0,"player_choice":"Gave Card","damage_taken":0,"relics_obtained":["Replay:WaspNest"],"max_hp_gain":0,"max_hp_loss":0,"event_name":"WeMeetAgain","floor":21,"gold_loss":0},{"damage_healed":0,"gold_gain":0,"player_choice":"Ignored","damage_taken":0,"max_hp_gain":0,"max_hp_loss":0,"event_name":"NoteForYourself","floor":39,"gold_loss":0}],"is_beta":false,"boss_relics":[{"not_picked":["Snecko Eye","Ectoplasm"],"picked":"energizedSpire:SpiderWeb"},{"not_picked":["hubris:BlackHole","hubris:GrandSneckoEye"],"picked":"aspiration:WatcherSkillbook"}],"items_purged_floors":[],"is_endless":false,"potions_floor_spawned":[2,5,12,16,18,25,28,40],"ascension_level":0}}