{"host":"1z4hbl9vfqrhg136","time":1607970009,"event":{"mods":["BaseMod","Minty Spire (QoL Compilation)"],"gold_per_floor":[119,131,30,43,58,87,87,102,126,126,160,176,176,210,210,210,210],"floor_reached":16,"playtime":1453,"items_purged":[],"score":244,"play_id":"8b1ca294-b8c5-47d2-a671-b10fb7f51a1d","local_time":"20201214182009","is_ascension_mode":true,"campfire_choices":[{"data":"Neutralize","floor":7.0,"key":"SMITH"},{"floor":13.0,"key":"REST"},{"data":"Phantasmal Killer","floor":15.0,"key":"SMITH"}],"circlet_count":0,"master_deck":["AscendersBane","Strike_G","Strike_G","Strike_G","Strike_G","Defend_G","Defend_G","Defend_G","Defend_G","Defend_G","Survivor","Neutralize+1","Dark Shackles","Dagger Throw","Bane","Poisoned Stab","Flying Knee","Backflip","Phantasmal Killer+1","Dodge and Roll","Well Laid Plans","Leg Sweep","All Out Attack","PiercingWail","Calculated Gamble"],"relics":["Ring of the Snake","PreservedInsect","Dream Catcher","Lantern","Bag of Preparation"],"acts_visited":["Exordium"],"potions_floor_usage":[16],"damage_taken":[{"damage":0.0,"enemies":"Cultist","floor":1.0,"turns":4.0},{"damage":0.0,"enemies":"Small Slimes","floor":2.0,"turns":3.0},{"damage":7.0,"enemies":"2 Louse","floor":4.0,"turns":3.0},{"damage":0.0,"enemies":"Exordium Wildlife","floor":5.0,"turns":4.0},{"damage":5.0,"enemies":"Lagavulin","floor":6.0,"turns":5.0},{"damage":1.0,"enemies":"Exordium Thugs","floor":8.0,"turns":5.0},{"damage":17.0,"enemies":"Gremlin Nob","floor":11.0,"turns":4.0},{"damage":0.0,"enemies":"2 Fungi Beasts","floor":12.0,"turns":2.0},{"damage":1.0,"enemies":"3 Sentries","floor":14.0,"turns":6.0},{"damage":43,"enemies":"Slime Boss","floor":16,"turns":8}],"seed_played":"105055508201970525","potions_obtained":[{"floor":2.0,"key":"SteroidPotion"},{"floor":5.0,"key":"Poison Potion"},{"floor":6.0,"key":"PowerPotion"}],"is_trial":false,"path_per_floor":["M","M","$","M","M","E","R","M","T","?","E","M","R","E","R","B"],"character_chosen":"THE_SILENT","items_purchased":["Poisoned Stab","Flying Knee"],"campfire_rested":1,"item_purchase_floors":[3,3],"current_hp_per_floor":[59,59,59,52,52,47,47,46,46,39,22,22,41,40,40,0,0],"gold":210,"neow_bonus":"RANDOM_COLORLESS","is_daily":false,"chose_seed":false,"campfire_upgraded":2,"win_rate":0.0,"timestamp":1607970009,"path_taken":["M","M","?","M","M","E","R","?","T","?","E","M","R","E","R","BOSS"],"items_purchased_type":["Card","Card"],"build_version":"2020-12-13","purchased_purges":0,"victory":false,"max_hp_per_floor":[66,66,66,66,66,66,66,66,66,66,66,66,66,66,66,66,66],"card_choices":[{"not_picked":["Dramatic Entrance","Good Instincts"],"picked":"Dark Shackles","floor":0.0},{"not_picked":["Masterful Stab","Sucker Punch"],"picked":"Dagger Throw","floor":1.0},{"not_picked":["Escape Plan","Reflex"],"picked":"Bane","floor":2.0},{"not_picked":["Poisoned Stab","Flying Knee"],"picked":"Backflip","floor":4.0},{"not_picked":["Cloak And Dagger","Accuracy"],"picked":"Phantasmal Killer","floor":5.0},{"not_picked":["Dagger Throw","Bane"],"picked":"Dodge and Roll","floor":6.0},{"not_picked":["Masterful Stab","Deadly Poison"],"picked":"Well Laid Plans","floor":8.0},{"not_picked":["Underhanded Strike","Well Laid Plans"],"picked":"Leg Sweep","floor":11.0},{"not_picked":["Dagger Throw","Backflip"],"picked":"All Out Attack","floor":12.0},{"not_picked":["Underhanded Strike","Prepared"],"picked":"PiercingWail","floor":13.0},{"not_picked":["Endless Agony","Cloak And Dagger"],"picked":"Calculated Gamble","floor":14.0}],"player_experience":1823577,"relics_obtained":[{"floor":6.0,"key":"PreservedInsect"},{"floor":9.0,"key":"Dream Catcher"},{"floor":11.0,"key":"Lantern"},{"floor":14.0,"key":"Bag of Preparation"}],"event_choices":[{"cards_removed":["Strike_G"],"damage_healed":0.0,"max_hp_gain":0.0,"max_hp_loss":0.0,"gold_gain":0.0,"event_name":"Golden Wing","player_choice":"Card Removal","floor":10.0,"gold_loss":0.0,"damage_taken":7.0}],"is_beta":false,"boss_relics":[],"items_purged_floors":[],"is_endless":false,"potions_floor_spawned":[2,5,6],"killed_by":"Slime Boss","ascension_level":20}}