{"host":"5bdt6s51dmpd4l3v","time":1607913583,"event":{"mods":["AchievementEnabler","BaseMod","Colored Map","Colored Powertips","Downfall","Highlight Path","Minty Spire (QoL Compilation)","Rare Cards Sparkle","StSLib"],"gold_per_floor":[110,126,126,144,109,144,144,172,172,172,27,41,72,89,89,89,89],"floor_reached":16,"playtime":744,"items_purged":[],"score":151,"play_id":"dc2375b6-2bff-4d40-af76-e2bce005ff65","local_time":"20201214103943","is_ascension_mode":true,"campfire_choices":[{"floor":7,"key":"REST"},{"floor":10,"key":"REST"},{"floor":15,"key":"REST"}],"circlet_count":0,"master_deck":["Strike_R","Strike_R","Strike_R+1","Strike_R+1","Strike_R","Defend_R","Defend_R","Defend_R","Defend_R","Bash","Feed","Warcry","Seeing Red","Rage","Whirlwind","Cleave","Heavy Blade","Flex"],"relics":["Burning Blood","Meat on the Bone","Whetstone","Regal Pillow","White Beast Statue","Sling","Potion Belt"],"acts_visited":["Exordium"],"potions_floor_usage":[4,4,8,13,14,16],"damage_taken":[{"damage":5,"enemies":"Small Slimes","floor":1,"turns":3},{"damage":6,"enemies":"2 Louse","floor":2,"turns":3},{"damage":11,"enemies":"Jaw Worm","floor":4,"turns":2},{"damage":61,"enemies":"Gremlin Nob","floor":6,"turns":6},{"damage":34,"enemies":"3 Sentries","floor":8,"turns":11},{"damage":7,"enemies":"Lots of Slimes","floor":12,"turns":2},{"damage":30,"enemies":"Lagavulin","floor":13,"turns":4},{"damage":6,"enemies":"Exordium Thugs","floor":14,"turns":4},{"damage":112,"enemies":"The Guardian","floor":16,"turns":11}],"seed_played":"4731710042066711958","potions_obtained":[{"floor":1,"key":"SneckoOil"},{"floor":2,"key":"champ:CounterPotion"},{"floor":6,"key":"DuplicationPotion"},{"floor":12,"key":"PowerPotion"},{"floor":13,"key":"ColorlessPotion"},{"floor":14,"key":"SteroidPotion"}],"is_trial":false,"path_per_floor":["M","M","?","M","?","E","R","E","T","R","$","M","E","M","R","B"],"character_chosen":"IRONCLAD","items_purchased":["Sling"],"campfire_rested":3,"item_purchase_floors":[11],"current_hp_per_floor":[60,63,56,54,76,36,63,50,50,93,93,95,74,77,104,0,0],"gold":89,"neow_bonus":"THREE_RARE_CARDS","is_daily":false,"chose_seed":false,"campfire_upgraded":0,"win_rate":0.0,"timestamp":1607913583,"path_taken":["M","M","?","M","?","E","R","E","T","R","$","M","E","M","R","BOSS"],"items_purchased_type":["Relic"],"build_version":"2020-12-13","purchased_purges":0,"victory":false,"max_hp_per_floor":[83,86,86,89,89,92,92,95,95,95,95,98,101,104,104,104,104],"card_choices":[{"not_picked":["Impervious","Limit Break"],"picked":"Feed","floor":0},{"not_picked":["True Grit","Flex"],"picked":"Warcry","floor":1},{"not_picked":["Iron Wave","True Grit"],"picked":"Seeing Red","floor":2},{"not_picked":["Rupture","Headbutt"],"picked":"Rage","floor":4},{"not_picked":["Heavy Blade","True Grit","Shockwave"],"picked":"SKIP","floor":6},{"not_picked":["Dropkick","Flex"],"picked":"Whirlwind","floor":8},{"not_picked":["Reckless Charge","Power Through"],"picked":"Cleave","floor":12},{"not_picked":["Pommel Strike","Body Slam"],"picked":"Heavy Blade","floor":13},{"not_picked":["Berserk","Hemokinesis"],"picked":"Flex","floor":14}],"player_experience":18102,"relics_obtained":[{"floor":6,"key":"Whetstone"},{"floor":8,"key":"Regal Pillow"},{"floor":9,"key":"White Beast Statue"},{"floor":13,"key":"Potion Belt"}],"event_choices":[{"damage_healed":0,"gold_gain":0,"player_choice":"Success","damage_taken":7,"relics_obtained":["Meat on the Bone"],"max_hp_gain":0,"max_hp_loss":0,"event_name":"Scrap Ooze","floor":3,"gold_loss":0},{"damage_healed":22,"gold_gain":0,"player_choice":"Healed","damage_taken":0,"max_hp_gain":0,"max_hp_loss":0,"event_name":"The Cleric","floor":5,"gold_loss":35}],"is_beta":false,"boss_relics":[],"items_purged_floors":[],"is_endless":false,"potions_floor_spawned":[1,2,6,12,13,14],"killed_by":"The Guardian","ascension_level":1}}