{"host":"5raohst9sk3kvp5v","time":1607913346,"event":{"mods":["BaseMod","Colored Powertips","Highlight Path","Minty Spire (QoL Compilation)","Quick Restart","Relic Stats","StSLib"],"gold_per_floor":[119,19,35,52,52,78,138,138,138],"floor_reached":8,"playtime":482,"items_purged":["Strike_R"],"score":112,"play_id":"38c9967c-1256-4aa3-90d3-6550b64ef178","local_time":"20201213203546","is_ascension_mode":true,"campfire_choices":[],"circlet_count":0,"master_deck":["AscendersBane","Strike_R","Strike_R","Strike_R","Strike_R","Defend_R","Defend_R","Defend_R","Defend_R","Bash","True Grit","Shrug It Off","Power Through","Spot Weakness","Battle Trance"],"relics":["Burning Blood","Blood Vial","Tiny Chest","Self Forming Clay"],"acts_visited":["Exordium"],"potions_floor_usage":[],"damage_taken":[{"damage":1.0,"enemies":"Cultist","floor":1.0,"turns":3.0},{"damage":2.0,"enemies":"2 Louse","floor":3.0,"turns":4.0},{"damage":16.0,"enemies":"Jaw Worm","floor":4.0,"turns":6.0},{"damage":8.0,"enemies":"Gremlin Nob","floor":6.0,"turns":3.0},{"damage":30.0,"enemies":"3 Sentries","floor":7.0,"turns":14.0},{"damage":0,"enemies":"Lagavulin","floor":8,"turns":1}],"seed_played":"1541198335209022846","potions_obtained":[{"floor":4.0,"key":"ColorlessPotion"},{"floor":6.0,"key":"SpeedPotion"}],"is_trial":false,"path_per_floor":["M","$","M","M","?","E","?","E"],"character_chosen":"IRONCLAD","items_purchased":["Shrug It Off"],"campfire_rested":0,"item_purchase_floors":[2],"current_hp_per_floor":[75,75,75,65,65,65,43,45,45],"gold":138,"neow_bonus":"RANDOM_COMMON_RELIC","is_daily":false,"chose_seed":false,"campfire_upgraded":0,"win_rate":0.0,"timestamp":1607913346,"path_taken":["M","$","M","M","?","E","?","E"],"items_purchased_type":["Card"],"build_version":"2020-12-13","purchased_purges":1,"victory":false,"max_hp_per_floor":[75,75,75,75,75,75,75,75,75],"relic_stats":{"Blood Vial":8,"counters":[6,31],"Self Forming Clay":[0],"Tiny Chest":0,"obtain_stats":[{"Blood Vial":0,"Self Forming Clay":7,"Tiny Chest":6,"Burning Blood":0},{"Blood Vial":0,"Self Forming Clay":5,"Tiny Chest":4,"Burning Blood":0},{"Blood Vial":0,"Self Forming Clay":30,"Tiny Chest":16,"Burning Blood":0}],"Burning Blood":26},"card_choices":[{"not_picked":["Twin Strike","Iron Wave"],"picked":"True Grit","floor":1.0},{"not_picked":["Iron Wave","Clash","Pummel"],"picked":"SKIP","floor":3.0},{"not_picked":["Second Wind","Intimidate"],"picked":"Power Through","floor":4.0},{"not_picked":["Headbutt","Sword Boomerang"],"picked":"Spot Weakness","floor":6.0},{"not_picked":["Carnage","Clothesline"],"picked":"Battle Trance","floor":7.0}],"player_experience":1686029,"relics_obtained":[{"floor":6.0,"key":"Tiny Chest"},{"floor":7.0,"key":"Self Forming Clay"}],"event_choices":[{"damage_healed":0.0,"max_hp_gain":0.0,"max_hp_loss":0.0,"gold_gain":0.0,"event_name":"The Cleric","player_choice":"Leave","floor":5.0,"gold_loss":0.0,"damage_taken":0.0},{"damage_healed":0.0,"max_hp_gain":0.0,"max_hp_loss":0.0,"gold_gain":30.0,"event_name":"Dead Adventurer","player_choice":"Searched \u00272\u0027 times","floor":7.0,"gold_loss":0.0,"damage_taken":0.0}],"is_beta":false,"boss_relics":[],"items_purged_floors":[2],"is_endless":false,"potions_floor_spawned":[4,6],"killed_by":"Lagavulin","ascension_level":20}}