{"host":"xy2rxz4qi1jt0r97","time":1607942782,"event":{"mods":["Act Like it!","Aspiration","BaseMod","Better Vampires","HumanHunterMod(π÷ŒÔ…±»Àmod)","Minty Spire (QoL Compilation)","StSLib","The Construct","[IsaacMod]“‘»ˆº‚À˛","noobMod","vexMod","°æ“≈ŒÔø®≈∆°øREMEMod"],"gold_per_floor":[115,125,75,93,168,168,17,28,106,31,59,59,90,124,124,222,222,238,238,238,2,102,102,135,168,168,5,19,19,19,36,36,131,131,149,161,208,219,79,79,109,122,122,139,159,35,35,60,60,85],"floor_reached":51,"playtime":3341,"items_purged":["Strike_R","Strike_R","Strike_R","Strike_R"],"score":936,"play_id":"9f4f5ade-1345-4e46-a730-254ce3fed276","local_time":"20201214184622","is_ascension_mode":false,"campfire_choices":[{"data":"EpicFetus","floor":6,"key":"SMITH"},{"data":"Bash","floor":12,"key":"SMITH"},{"floor":23,"key":"REST"},{"data":"REME_ACTH","floor":29,"key":"SMITH"},{"data":"Shrug It Off","floor":32,"key":"SMITH"},{"floor":40,"key":"REST"},{"data":"Heavy Blade","floor":47,"key":"SMITH"},{"floor":49,"key":"REST"}],"circlet_count":0,"master_deck":["Defend_R","Defend_R","Defend_R","Defend_R","Bash+1","EpicFetus+1","Unload","Seeing Red","Cleave","Shrug It Off+1","Pommel Strike+1","Shrug It Off+1","REME_ACTH+1","EpicFetus+1","Offering","Flame Barrier+1","Offering","Heavy Blade+1","Uppercut+1"],"relics":["Black Blood","REME_ComplimentaryCards","HushsDoor","ice","SatanicBible","NeowsBlessing","PreservedInsect","Paper Frog","WingedGreaves","BlankCard","GuppysHead","construct:WeddingRing","aspiration:RitualStick","Membership Card","Potion Belt","Frozen Egg 2","Meat on the Bone","Bronze Scales","YumHeart","Dream Catcher","Bag of Marbles","vexMod:PlasmaPancake","StoneCalendar"],"acts_visited":["Exordium","TheCity","TheBeyond"],"potions_floor_usage":[13,14,24,44,44,45,50,50],"damage_taken":[{"damage":0,"enemies":"Cultist","floor":1,"turns":1},{"damage":0,"enemies":"2 Louse","floor":2,"turns":1},{"damage":0,"enemies":"Jaw Worm","floor":4,"turns":1},{"damage":12,"enemies":"Exordium Wildlife","floor":8,"turns":3},{"damage":0,"enemies":"Lagavulin","floor":11,"turns":3},{"damage":0,"enemies":"Gremlin Nob","floor":13,"turns":2},{"damage":0,"enemies":"Lagavulin","floor":14,"turns":5},{"damage":52,"enemies":"Hexaghost","floor":16,"turns":6},{"damage":36,"enemies":"Shell Parasite","floor":18,"turns":5},{"damage":8,"enemies":"Book of Stabbing","floor":24,"turns":3},{"damage":17,"enemies":"REME_1_Revenger","floor":25,"turns":2},{"damage":82,"enemies":"Spheric Guardian","floor":28,"turns":11},{"damage":0,"enemies":"Snake Plant","floor":31,"turns":2},{"damage":42,"enemies":"Collector","floor":33,"turns":4},{"damage":136,"enemies":"3 Shapes","floor":35,"turns":9},{"damage":0,"enemies":"Orb Walker","floor":36,"turns":3},{"damage":21,"enemies":"2 Orb Walkers","floor":37,"turns":3},{"damage":6,"enemies":"3 Darklings","floor":38,"turns":2},{"damage":6,"enemies":"Reptomancer","floor":41,"turns":2},{"damage":6,"enemies":"Writhing Mass","floor":42,"turns":3},{"damage":107,"enemies":"Maw","floor":44,"turns":5},{"damage":25,"enemies":"Spire Growth","floor":45,"turns":2},{"damage":6,"enemies":"Giant Head","floor":48,"turns":2},{"damage":86,"enemies":"Awakened One","floor":50,"turns":4}],"seed_played":"-4693452482873131370","potions_obtained":[{"floor":1,"key":"AttackPotion"},{"floor":13,"key":"ColorlessPotion"},{"floor":14,"key":"SneckoOil"},{"floor":28,"key":"SmokeBomb"},{"floor":31,"key":"LiquidMemories"},{"floor":35,"key":"Energy Potion"},{"floor":37,"key":"HeartOfIron"},{"floor":41,"key":"Weak Potion"}],"is_trial":false,"path_per_floor":["M","M","?","M","?","R","$","M","T","$","E","R","E","E","R","B",null,"M","?","?","$","?","R","E","E","T","$","M","R","T","M","R","B",null,"M","M","?","M","$","R","E","M","T","M","M","$","R","E","R","B",null],"character_chosen":"IRONCLAD","items_purchased":["PreservedInsect","Membership Card","EssenceOfSteel","REME_ACTH","EpicFetus+1","Dream Catcher","Heavy Blade","Block Potion"],"campfire_rested":3,"item_purchase_floors":[7,21,21,27,27,39,46,46],"current_hp_per_floor":[80,80,80,80,69,69,69,63,63,63,69,69,75,80,80,34,80,50,35,18,18,18,43,41,30,30,30,39,39,39,57,57,33,97,71,83,74,80,80,104,104,105,111,50,49,49,49,67,107,45],"gold":85,"neow_bonus":"THREE_ENEMY_KILL","is_daily":false,"chose_seed":false,"campfire_upgraded":5,"win_rate":0.0,"timestamp":1607942782,"path_taken":["M","?","?","M","?","R","$","M","T","?","E","R","E","E","R","BOSS","M","?","?","?","?","R","E","E","T","$","?","R","?","M","R","BOSS","M","M","?","M","$","R","E","M","T","M","M","$","R","E","R","BOSS"],"items_purchased_type":["Relic","Relic","Potion","Card","Card","Relic","Card","Potion"],"build_version":"2020-12-13","purchased_purges":4,"victory":true,"max_hp_per_floor":[80,80,80,80,80,80,80,80,80,80,80,80,80,80,80,80,80,80,85,85,85,85,85,85,85,85,85,92,92,92,95,95,97,97,97,99,102,104,104,104,104,105,111,114,135,135,135,136,136,145],"card_choices":[{"not_picked":[],"picked":"EpicFetus","floor":0},{"not_picked":["Twin Strike","Anger"],"picked":"Seeing Red","floor":1},{"not_picked":["Body Slam","True Grit","Power Through"],"picked":"SKIP","floor":2},{"not_picked":["Sword Boomerang","Warcry","Perfected Strike"],"picked":"SKIP","floor":4},{"not_picked":["Corruption","Pummel"],"picked":"Cleave","floor":8},{"not_picked":["Combust","Armaments","Anger"],"picked":"SKIP","floor":11},{"not_picked":["Sword Boomerang","Fire Breathing"],"picked":"Shrug It Off","floor":13},{"not_picked":["Clothesline","Flame Barrier","Power Through"],"picked":"SKIP","floor":14},{"not_picked":["Thunderclap","Cleave"],"picked":"Pommel Strike+1","floor":18},{"not_picked":["True Grit","Pommel Strike"],"picked":"Shrug It Off+1","floor":22},{"not_picked":["Entrench+1","Thunderclap","Pummel"],"picked":"SKIP","floor":24},{"not_picked":["REME_FearOfPain+1","Dual Wield","Armaments"],"picked":"SKIP","floor":25},{"not_picked":["Blood for Blood+1","Ghostly Armor+1"],"picked":"Offering","floor":28},{"not_picked":["Sword Boomerang+1","Clash","Cleave+1"],"picked":"SKIP","floor":31},{"not_picked":["Clothesline","Fire Breathing+1","Iron Wave"],"picked":"SKIP","floor":35},{"not_picked":["Flex+1","Thunderclap+1"],"picked":"Flame Barrier+1","floor":36},{"not_picked":["Perfected Strike+1","Warcry","REME_SingleHolding"],"picked":"SKIP","floor":38},{"not_picked":["Perfected Strike+1","Warcry","REME_SingleHolding"],"picked":"SKIP","floor":38},{"not_picked":["Bloodletting","Clash+1","Anger+1"],"picked":"SKIP","floor":41},{"not_picked":["True Grit","Body Slam"],"picked":"Offering","floor":42},{"not_picked":["Cleave+1","Disarm+1","Anger"],"picked":"SKIP","floor":44},{"not_picked":["Hemokinesis","Reckless Charge","REME_Cut+1"],"picked":"SKIP","floor":45},{"not_picked":["Warcry","True Grit","Iron Wave"],"picked":"SKIP","floor":48},{"not_picked":["Reckless Charge","Pommel Strike"],"picked":"Uppercut+1","floor":49}],"player_experience":10312,"relics_obtained":[{"floor":9,"key":"Paper Frog"},{"floor":11,"key":"WingedGreaves"},{"floor":13,"key":"BlankCard"},{"floor":14,"key":"GuppysHead"},{"floor":24,"key":"Potion Belt"},{"floor":25,"key":"Frozen Egg 2"},{"floor":26,"key":"Meat on the Bone"},{"floor":30,"key":"Bronze Scales"},{"floor":37,"key":"YumHeart"},{"floor":41,"key":"Bag of Marbles"},{"floor":43,"key":"vexMod:PlasmaPancake"},{"floor":48,"key":"StoneCalendar"}],"event_choices":[{"cards_removed":["Strike_R"],"damage_healed":0,"gold_gain":0,"player_choice":"Card Removal","damage_taken":0,"max_hp_gain":0,"max_hp_loss":0,"event_name":"The Cleric","floor":3,"gold_loss":50},{"damage_healed":0,"gold_gain":75,"player_choice":"Gather Gold","damage_taken":11,"max_hp_gain":0,"max_hp_loss":0,"event_name":"World of Goop","floor":5,"gold_loss":0},{"damage_healed":0,"gold_gain":0,"player_choice":"Shed Blood","damage_taken":20,"max_hp_gain":5,"max_hp_loss":0,"event_name":"Forgotten Altar","floor":19,"gold_loss":0},{"damage_healed":0,"gold_gain":0,"player_choice":"Fight","damage_taken":0,"max_hp_gain":0,"max_hp_loss":0,"event_name":"Mysterious Sphere","floor":37,"gold_loss":0}],"is_beta":false,"boss_relics":[{"not_picked":["aspiration:WatcherSkillbook","vexMod:FluxCapacitor"],"picked":"construct:WeddingRing"},{"not_picked":[]},{"not_picked":["aspiration:PoetsPen_weak","aspiration:RunicSpoon"],"picked":"Black Blood"},{"not_picked":[]}],"items_purged_floors":[10,21,39,46],"is_endless":false,"potions_floor_spawned":[1,13,14,28,31,35,37,41,42],"ascension_level":0}}