{"host":"mvw7i28zi3kj0eu9","time":1607941627,"event":{"mods":["AchievementEnabler","BaseMod","Better Third Choice","BetterRewards","Block Reminder","Conspire","Custom Start","Downfall","Energized Spire","Halation","Hermit","Hubris","Infinite Spire","Jorbs\u0027s Wanderer Trilogy","Minty Spire (QoL Compilation)","Replay The Spire","Shop Mod","Small Relic Pack","Spikes Relics","StSLib","The Blue Laboratory","The Necromancer","The Servant 0.9.4","Virulent Crown"],"gold_per_floor":[118,18,18,18,33,33,65,80,80,93,111,144,144,159,159,257,257,270,290,113,128,104,129,145,158,182,131,131,131],"floor_reached":28,"playtime":766,"items_purged":["Strike_B","Strike_B","Strike_B"],"score":302,"play_id":"610affd4-059e-4b74-93c1-534f983e38e4","local_time":"20201214112707","is_ascension_mode":false,"campfire_choices":[{"data":"hubris:PowerSurge","floor":6,"key":"SMITH"},{"data":"Capacitor","floor":13,"key":"SMITH"},{"data":"Zap","floor":15,"key":"SMITH"}],"circlet_count":0,"master_deck":["Strike_B","Defend_B","Defend_B","Defend_B","Defend_B","Zap+1","Dualcast","Cold Snap","Cold Snap","hubris:PowerSurge+1","Capacitor+1","Blizzard","Ball Lightning","Loop","Capacitor","Defragment","Cold Snap","Ball Lightning","hubris:DoWhile","Defragment+1"],"relics":["Cracked Core","Mercury Hourglass","infinitespire:EmpoweringShard","Symbiotic Virus","Replay:Accelerometer","energizedSpire:MagnifyingGlass","InkBottle","Dream Catcher"],"acts_visited":["Exordium","TheCity"],"potions_floor_usage":[16,19],"damage_taken":[{"damage":0,"enemies":"Small Slimes","floor":1,"turns":2},{"damage":0,"enemies":"Cultist","floor":5,"turns":2},{"damage":17,"enemies":"3 Sentries","floor":7,"turns":4},{"damage":6,"enemies":"Jaw Worm","floor":8,"turns":2},{"damage":2,"enemies":"Gremlin Gang","floor":10,"turns":3},{"damage":5,"enemies":"Looter","floor":11,"turns":2},{"damage":4,"enemies":"Gremlin Nob","floor":12,"turns":3},{"damage":2,"enemies":"Blue Slaver","floor":14,"turns":2},{"damage":0,"enemies":"The Guardian","floor":16,"turns":6},{"damage":10,"enemies":"2 Thieves","floor":18,"turns":3},{"damage":0,"enemies":"Shell Parasite","floor":19,"turns":4},{"damage":10,"enemies":"Centurion and Healer","floor":21,"turns":5},{"damage":26,"enemies":"Slavers","floor":23,"turns":3},{"damage":16,"enemies":"Snake Plant","floor":24,"turns":4},{"damage":6,"enemies":"Shelled Parasite and Fungi","floor":25,"turns":5},{"damage":8,"enemies":"Sentry and Sphere","floor":28,"turns":2}],"seed_played":"3727913687040503619","potions_obtained":[{"floor":1,"key":"DistilledChaos"},{"floor":5,"key":"CultistPotion"},{"floor":7,"key":"Venom Potion"},{"floor":8,"key":"Flashbang"},{"floor":16,"key":"blueLaboratory:CorrosionFlask"},{"floor":19,"key":"FearPotion"}],"is_trial":false,"path_per_floor":["M","$","?","?","M","R","E","M","T","M","M","E","R","M","R","B",null,"M","M","$","M","$","E","M","M","T","$","M"],"character_chosen":"DEFECT","items_purchased":["Cold Snap","Cold Snap","hubris:PowerSurge","Capacitor","Blizzard","Cold Snap","Ball Lightning","Defragment+1"],"campfire_rested":0,"item_purchase_floors":[0,0,0,0,0,20,22,27],"current_hp_per_floor":[75,75,75,75,75,75,58,52,52,50,45,41,41,39,39,39,75,65,65,65,55,55,29,13,7,7,7,0,0],"gold":131,"neow_bonus":"","is_daily":false,"chose_seed":false,"campfire_upgraded":3,"win_rate":0.0,"timestamp":1607941627,"path_taken":["M","$","?","?","M","R","E","M","T","M","M","E","R","?","R","BOSS","M","M","$","M","?","E","M","?","T","$","M"],"items_purchased_type":["Card","Card","Card","Card","Card","Card","Card","Card"],"build_version":"2020-12-13","purchased_purges":3,"victory":false,"max_hp_per_floor":[75,75,75,75,75,75,75,75,75,75,75,75,75,75,75,75,75,75,75,75,75,75,75,75,75,75,75,75,75],"card_choices":[{"not_picked":["Fusion","Double Energy"],"picked":"Ball Lightning","floor":1},{"not_picked":["Leap","Lockon"],"picked":"Loop","floor":5},{"not_picked":["Redo","Coolheaded","ReplayRNGCard"],"picked":"SKIP","floor":7},{"not_picked":["Beam Cell","Barrage","Panic Button"],"picked":"SKIP","floor":8},{"not_picked":["BootSequence","RefreshScreen","Steam"],"picked":"SKIP","floor":10},{"not_picked":["Rebound","Aggregate","Heatsinks"],"picked":"SKIP","floor":11},{"not_picked":["Hologram","Hyperbeam","Rebound"],"picked":"SKIP","floor":12},{"not_picked":["Turbo","Panic Button"],"picked":"Capacitor","floor":14},{"not_picked":["Stack+1","Go for the Eyes"],"picked":"Defragment","floor":18},{"not_picked":["Sweeping Beam","Stack","ReplaySort+1"],"picked":"SKIP","floor":19},{"not_picked":["Hologram+1","Sweeping Beam","BasicCrystalCard"],"picked":"SKIP","floor":21},{"not_picked":["Lockon+1","Ball Lightning"],"picked":"hubris:DoWhile","floor":23},{"not_picked":["Panic Button","ReplayTheSpireMod:Dual Polarity","Skim"],"picked":"SKIP","floor":24},{"not_picked":["Stack+1","Static Discharge","Gash"],"picked":"SKIP","floor":25}],"player_experience":838272,"relics_obtained":[{"floor":7,"key":"infinitespire:EmpoweringShard"},{"floor":9,"key":"Symbiotic Virus"},{"floor":12,"key":"Replay:Accelerometer"},{"floor":23,"key":"InkBottle"},{"floor":26,"key":"Dream Catcher"}],"event_choices":[{"damage_healed":0,"gold_gain":0,"player_choice":"Gave Potion","damage_taken":0,"relics_obtained":["Mercury Hourglass"],"max_hp_gain":0,"max_hp_loss":0,"event_name":"WeMeetAgain","floor":4,"gold_loss":0}],"is_beta":false,"boss_relics":[{"not_picked":["halation:MonkeysPaw","ReplayTheSpireMod:SealedPack"],"picked":"energizedSpire:MagnifyingGlass"}],"items_purged_floors":[0,2,20],"is_endless":false,"potions_floor_spawned":[1,5,7,8,16,18,19,23,24],"killed_by":"Sentry and Sphere","ascension_level":0}}