{"host":"a8v0czv88scrgx5i","time":1607925821,"event":{"mods":["2.2 Compatiblity","Act Like it!","Aspiration","Astrologer","Bard","BaseMod","Beaked The Cultist","Better Third Choice","BetterRewards","Colored Map","Colored Powertips","Dota2Spire","Downfall","Friendly Minions","GifTheSpireLib","GungeonMod","Hermit","Hubris","Infinite Spire","Luminous","Marisa????????","Minty Spire (QoL Compilation)","READ ME - Guardian Mod","Rare Cards Sparkle","Relic Sorter","Replay The Spire","Shade Mod","Shop Mod","StSLib","The Animator","The Blackbeard","The Bug Knight","The Construct","The Cursed","The Disciple","The Elementalist","The Hierophant","The Jungle","The Mystic","The Necromancer","The Runesmith","The Servant 0.9.4","The Spell Scribe","vexMod"],"gold_per_floor":[99,118,118,148,148,174,244,169,169,169,187,187,187,187,197,297,297,222,239,239,274,374,407,430,430,441,441,458,258,270,289,306,404,1070,1070,1088,1122,1122,1140,1167,1193,1193,1193,1220,1231,1256,1256,1276,1289,1289],"floor_reached":51,"playtime":3506,"items_purged":["Spreading Infection"],"score":858,"play_id":"60e9760e-fc40-48a1-8600-2d084f1e19db","local_time":"20201214010341","is_ascension_mode":false,"campfire_choices":[{"data":"hexamod:WildfireWeapon","floor":8,"key":"SMITH"},{"floor":10,"key":"RECALL"},{"data":"hexamod:ThermalTransfer","floor":18,"key":"SMITH"},{"data":"hexamod:SoulSteal","floor":25,"key":"SMITH"},{"floor":27,"key":"REST"},{"data":"hexamod:UnlimitedPower","floor":35,"key":"SMITH"},{"floor":38,"key":"REST"}],"circlet_count":0,"master_deck":["hexamod:Strike","hexamod:Strike","hexamod:Strike","hexamod:Strike","hexamod:Defend","hexamod:Defend","hexamod:Defend","hexamod:Defend","hexamod:Sear","hexamod:Float+1","hexamod:SpectralSpark","hexamod:BurningTouch","hexamod:WildfireWeapon+1","hexamod:ThermalTransfer+1","hexamod:VolcanoVisage","hexamod:RainOfEmbers+1","hexamod:HeatShield","hexamod:SoulSteal+1","hexamod:UnlimitedPower+1","hexamod:FastForward","hexamod:HeatMetal","hexamod:HeatCrush","hexamod:RadiantFlame+1","hexamod:ThermalTransfer+1","hexamod:AdvancingGuard","hexamod:SearingWound","hexamod:SoulSteal","hexamod:AdvancingGuard+1","hexamod:WildfireWeapon","infinitespire:Starlight","hexamod:RadiantFlame+1","hexamod:RainOfEmbers+1"],"relics":["hexamod:SpiritBrand","Dota2Spire:MagicBottle","Dota2Spire:ArcaneBoots","aspiration:ArtOfWarUpgrade","HollowMod:PaleOreRelic","aspiration:StickyExplosives_weak","downfall:HeartBlessingBlue","Gremlin Horn","downfall:HeartBlessingRed","White Beast Statue","Question Card","Dream Catcher","MerchantsRug","vexMod:RockOfEvil","Pondfish Scales","Bag of Marbles","Whetstone","ReplayTheSpireMod:Ring of Collecting","Ring of Peace","hubris:Towel","DemoMod:Metronome","Ring of Misfortune","ReplayTheSpireMod:Lightbulb","DemoMod:BigBoy"],"acts_visited":["Exordium","TheCity","TheBeyond"],"potions_floor_usage":[16,21,23,30,33,40,44,49,50],"damage_taken":[{"damage":0,"enemies":"2 Louse","floor":2,"turns":3},{"damage":21,"enemies":"3 Sentries","floor":4,"turns":9},{"damage":17,"enemies":"Gremlin Nob","floor":6,"turns":5},{"damage":0,"enemies":"Jaw Worm","floor":11,"turns":3},{"damage":0,"enemies":"Cultist","floor":12,"turns":1},{"damage":0,"enemies":"2 Fungi Beasts","floor":15,"turns":3},{"damage":2,"enemies":"downfall:Ironclad","floor":16,"turns":8},{"damage":0,"enemies":"Chosen","floor":19,"turns":4},{"damage":40,"enemies":"Book of Stabbing","floor":21,"turns":6},{"damage":4,"enemies":"downfall:LadyInBlue","floor":22,"turns":6},{"damage":27,"enemies":"Gremlin Leader","floor":23,"turns":6},{"damage":8,"enemies":"Spheric Guardian","floor":26,"turns":4},{"damage":9,"enemies":"Centurion and Healer","floor":28,"turns":5},{"damage":0,"enemies":"downfall:FleeingMerchant","floor":29,"turns":4},{"damage":13,"enemies":"Snake Plant","floor":30,"turns":4},{"damage":19,"enemies":"Chosen and Byrds","floor":31,"turns":5},{"damage":5,"enemies":"Snecko","floor":32,"turns":3},{"damage":6,"enemies":"downfall:Defect","floor":33,"turns":9},{"damage":13,"enemies":"Orb Walker","floor":36,"turns":3},{"damage":44,"enemies":"Nemesis","floor":37,"turns":7},{"damage":2,"enemies":"3 Shapes","floor":39,"turns":2},{"damage":47,"enemies":"Giant Head","floor":40,"turns":9},{"damage":26,"enemies":"Nightmare","floor":44,"turns":7},{"damage":0,"enemies":"Sphere and 2 Shapes","floor":45,"turns":3},{"damage":0,"enemies":"3 Darklings","floor":48,"turns":4},{"damage":5,"enemies":"Jaw Worm Horde","floor":49,"turns":4},{"damage":30,"enemies":"downfall:Silent","floor":50,"turns":11}],"seed_played":"248620561241775121","potions_obtained":[{"floor":2,"key":"LifebloodPotion"},{"floor":11,"key":"EssenceOfSteel"},{"floor":15,"key":"Dexterity Potion"},{"floor":21,"key":"Energy Potion"},{"floor":22,"key":"sneckomod:MuddlingPotion"},{"floor":22,"key":"LifebloodPotion"},{"floor":22,"key":"hexamod:DoubleChargePotion"},{"floor":23,"key":"Block Potion"},{"floor":30,"key":"Dota2Spire:Clarity"},{"floor":32,"key":"DemoMod:LeadSkinPotion"},{"floor":33,"key":"EssenceOfSteel"},{"floor":40,"key":"Elixir"},{"floor":45,"key":"EssenceOfSteel"},{"floor":49,"key":"ColorlessPotion"}],"is_trial":false,"path_per_floor":["R","M","?","E","R","E","T","R","?","R","M","M","T","?","M","B",null,"R","M","?","E","?","E","T","R","M","R","M","$","M","M","M","B",null,"R","M","E","R","M","E","T","?","?","NM","M","T","AVR","M","M","B",null],"character_chosen":"THE_SPIRIT","items_purchased":["MerchantsRug","Dota2Spire:ArcaneBoots"],"campfire_rested":2,"item_purchase_floors":[29,29],"current_hp_per_floor":[70,70,70,49,49,32,32,42,42,42,42,42,42,42,42,40,110,110,110,110,70,84,57,57,57,49,82,73,73,72,53,48,42,110,110,97,59,92,90,58,58,58,58,32,32,32,32,42,47,27],"gold":1289,"neow_bonus":"RANDOM_COMMON_RELIC","is_daily":false,"chose_seed":false,"campfire_upgraded":4,"win_rate":0.0,"timestamp":1607925821,"path_taken":["R","M","?","E","R","E","T","R","?","R","?","M","?","?","M","BOSS","R","M","?","E","?","E","T","R","?","R","M","$","M","M","M","BOSS","R","M","E","R","M","E","T","?","?","NM","M","?","AVR","?","M","BOSS"],"items_purchased_type":["Relic","Relic"],"build_version":"2020-12-13","purchased_purges":1,"victory":true,"max_hp_per_floor":[70,70,70,70,70,70,70,80,80,80,80,80,80,80,80,80,110,110,110,110,110,110,110,110,110,110,110,110,110,110,110,110,110,110,110,110,110,110,110,110,110,110,110,110,110,110,110,110,110,110],"card_choices":[{"not_picked":["hexamod:HauntingEcho","hexamod:PhantomFireball"],"picked":"hexamod:SpectralSpark","floor":2},{"not_picked":["hexamod:InspiringFlames","hexamod:ApocalypseNow"],"picked":"hexamod:BurningTouch","floor":4},{"not_picked":["hexamod:SuperheatedStrike","hexamod:ShieldOfDarkness"],"picked":"hexamod:WildfireWeapon","floor":6},{"not_picked":["hexamod:ThirdSeal","hexamod:SpectersWail","hexamod:HauntingEcho"],"picked":"SKIP","floor":11},{"not_picked":["hexamod:SwordOfDarkness","hexamod:PhantomFireball"],"picked":"hexamod:ThermalTransfer","floor":12},{"not_picked":["hexamod:GhostShield","hexamod:InspiringFlames","hexamod:SwordOfDarkness"],"picked":"SKIP","floor":15},{"not_picked":["hexamod:UnleashSpirits","hexamod:SixthSeal"],"picked":"hexamod:VolcanoVisage","floor":16},{"not_picked":["hexamod:BacktrackSmack","hexamod:SwordOfDarkness"],"picked":"hexamod:RainOfEmbers","floor":19},{"not_picked":["hexamod:Hexaguard","hexamod:Again+1"],"picked":"hexamod:HeatShield","floor":21},{"not_picked":["hexamod:HauntingEcho+1","hexamod:EmpoweredFlame"],"picked":"hexamod:SoulSteal","floor":22},{"not_picked":["hexamod:FourthSeal","hexamod:HauntingEcho+1"],"picked":"hexamod:UnlimitedPower","floor":23},{"not_picked":["hexamod:SpectersWail","hexamod:SpectralAdrenaline","hexamod:GhostShield","hexamod:Firestarter"],"picked":"SKIP","floor":26},{"not_picked":["hexamod:GhostLash+1","hexamod:ShieldOfDarkness","hexamod:SwordOfDarkness"],"picked":"hexamod:FastForward","floor":27},{"not_picked":["hexamod:RainOfEmbers","hexamod:ThermalTransfer","hexamod:HauntingEcho+1"],"picked":"hexamod:HeatMetal","floor":28},{"not_picked":["hexamod:ChargedBarrage","hexamod:InspiringFlames","hexamod:RecurringNightmare"],"picked":"hexamod:HeatCrush","floor":29},{"not_picked":["hexamod:ShieldOfDarkness","hexamod:GhostLash","hexamod:RetreatToShadows"],"picked":"hexamod:RadiantFlame+1","floor":30},{"not_picked":["hexamod:BacktrackSmack+1","hexamod:GhostOfSpireFuture+1","hexamod:NightmareStrike"],"picked":"hexamod:ThermalTransfer","floor":31},{"not_picked":["hexamod:EmpoweredFlame","hexamod:ShieldOfDarkness","hexamod:SwordOfDarkness"],"picked":"hexamod:AdvancingGuard","floor":32},{"not_picked":["hexamod:UnlimitedPower","hexamod:Toasty","hexamod:UnleashSpirits"],"picked":"hexamod:SearingWound","floor":33},{"not_picked":["hexamod:Firestarter+1","hexamod:SwordOfDarkness","hexamod:GhostOfSpirePresent","hexamod:HauntingEcho+1"],"picked":"SKIP","floor":36},{"not_picked":["hexamod:AdvancingGuard","hexamod:NightmareStrike+1","hexamod:RainOfEmbers+1"],"picked":"hexamod:SoulSteal","floor":37},{"not_picked":["hexamod:Firestarter","hexamod:SpectralSpark+1","hexamod:RainOfEmbers"],"picked":"hexamod:AdvancingGuard+1","floor":38},{"not_picked":["hexamod:NightmareStrike+1","hexamod:SpectersWail+1","hexamod:Hexaguard+1","hexamod:HexaLevel"],"picked":"SKIP","floor":39},{"not_picked":["hexamod:PhantomCloak","hexamod:SkipABeat","hexamod:ShieldOfDarkness"],"picked":"hexamod:WildfireWeapon","floor":40},{"not_picked":["hexamod:ShieldOfDarkness","hexamod:GhostShield","hexamod:Firestarter","hexamod:GhostLash"],"picked":"SKIP","floor":44},{"not_picked":["hexamod:ShieldOfDarkness+1","hexamod:SwordOfDarkness+1","hexamod:NightmareStrike","hexamod:SuperheatedStrike+1"],"picked":"SKIP","floor":45},{"not_picked":["hexamod:SearingWound","hexamod:AdvancingGuard+1","hexamod:SwordOfDarkness"],"picked":"hexamod:RadiantFlame+1","floor":48},{"not_picked":["hexamod:InspiringFlames","hexamod:Haunt","hexamod:PowerFromBeyond+1"],"picked":"hexamod:RainOfEmbers+1","floor":49}],"player_experience":931612,"relics_obtained":[{"floor":4,"key":"HollowMod:PaleOreRelic"},{"floor":6,"key":"aspiration:StickyExplosives_weak"},{"floor":13,"key":"Gremlin Horn"},{"floor":21,"key":"Dota2Spire:MagicBottle"},{"floor":22,"key":"White Beast Statue"},{"floor":23,"key":"Question Card"},{"floor":24,"key":"Dream Catcher"},{"floor":37,"key":"Pondfish Scales"},{"floor":40,"key":"Bag of Marbles"},{"floor":41,"key":"Whetstone"},{"floor":42,"key":"ReplayTheSpireMod:Ring of Collecting"},{"floor":42,"key":"Ring of Peace"},{"floor":44,"key":"DemoMod:Metronome"},{"floor":46,"key":"Ring of Misfortune"},{"floor":46,"key":"ReplayTheSpireMod:Lightbulb"}],"event_choices":[],"is_beta":false,"boss_relics":[{"not_picked":["hubris:CrackedHourglass","Replay:Fungal Core"],"picked":"vexMod:BigBerry"},{"not_picked":["Kintsugi","ChewingGum"],"picked":"vexMod:RockOfEvil"}],"items_purged_floors":[47],"is_endless":false,"potions_floor_spawned":[2,11,15,21,23,26,28,29,30,31,32,33,36,37,39,40,45,48,49],"ascension_level":0}}