{"host":"y30n8hbqlqxhztg8","time":1607914076,"event":{"mods":["A Magickal Journey","AchievementEnabler","BaseMod","BetterRewards","Block Reminder","Colored Map","Conspire","Downfall","GifTheSpireLib","Glutton Mod","Hubris","Infinite Spire","Koishi","Marisa????????","Minty Spire (QoL Compilation)","Prisma Mod","Replay The Spire","Shop Mod","Somnambulant","StSLib","Stuff the Spire","The Factory","The Jungle","[IsaacMod]????"],"gold_per_floor":[118,118,137,137,137,137,103,117,117,117,117,117,117,117,132,152,152,256,256,268,283,283,0,18,18,37,37,62,75,94,94,94,111,111,111,111],"floor_reached":35,"playtime":1054,"items_purged":["Dodge and Roll"],"score":249,"play_id":"37b12fa4-e425-4d1a-a355-8d158751c7a1","local_time":"20201213184756","is_ascension_mode":false,"campfire_choices":[{"data":"Deadly Poison","floor":6,"key":"SMITH"},{"data":"Skewer","floor":17,"key":"SMITH"},{"floor":25,"key":"REST"},{"data":"A Thousand Cuts","floor":27,"key":"SMITH"},{"data":"Die Die Die","floor":34,"key":"SMITH"}],"circlet_count":0,"master_deck":["Strike_G","Strike_G+1","Strike_G","Strike_G","Strike_G","Defend_G","Defend_G","Defend_G","Defend_G","Defend_G","Survivor+1","Neutralize","Deadly Poison+1","Dagger Spray+1","Skewer+1","A Thousand Cuts+1","Quick Slash","infinitespire:NeuralNetwork","Die Die Die+1","Slice","Dagger Spray"],"relics":["HushsDoor","MagicMushroom","BookofShadows","UnicornStump","Black Star","SacredBark","Medical Kit"],"acts_visited":["Exordium","TheCity"],"potions_floor_usage":[18,20,29,35,35],"damage_taken":[{"damage":0,"enemies":"Small Slimes","floor":1,"turns":3},{"damage":0,"enemies":"Cultist","floor":3,"turns":3},{"damage":0,"enemies":"conspire:RoseBush","floor":8,"turns":2},{"damage":0,"enemies":"Red Slaver","floor":15,"turns":2},{"damage":0,"enemies":"Large Slime","floor":16,"turns":4},{"damage":24,"enemies":"The Guardian","floor":18,"turns":9},{"damage":3,"enemies":"3 Byrds","floor":20,"turns":3},{"damage":0,"enemies":"Spheric Guardian","floor":21,"turns":1},{"damage":24,"enemies":"Snake Plant","floor":24,"turns":5},{"damage":17,"enemies":"3 Cultists","floor":26,"turns":5},{"damage":0,"enemies":"Sentry and Sphere","floor":29,"turns":2},{"damage":0,"enemies":"Snake Plant","floor":30,"turns":3},{"damage":0,"enemies":"Snecko","floor":33,"turns":3},{"damage":67,"enemies":"Collector","floor":35,"turns":9}],"seed_played":"-559795971468744738","potions_obtained":[{"floor":1,"key":"Swift Potion"},{"floor":3,"key":"Reflective Coating"},{"floor":15,"key":"champ:CounterPotion"},{"floor":18,"key":"CunningPotion"},{"floor":24,"key":"ColorlessPotion"}],"is_trial":false,"path_per_floor":["M","?","M","?","?","R","$","M","PTL","PTL","T","?","?","$","M","M","R","B",null,"M","M","AVR","?","M","R","M","R","T","M","M","?","?","M","R","B"],"character_chosen":"THE_SILENT","items_purchased":["Dagger Spray+1"],"campfire_rested":1,"item_purchase_floors":[7],"current_hp_per_floor":[77,77,77,77,77,77,77,77,77,77,77,77,77,77,77,77,77,53,77,74,74,74,74,51,74,58,58,58,59,60,60,60,61,61,0,0],"gold":111,"neow_bonus":"BOSS_RELIC","is_daily":false,"chose_seed":false,"campfire_upgraded":4,"win_rate":0.0,"timestamp":1607914076,"path_taken":["M","?","?","?","?","R","$","M","PTL","PTL","T","?","?","?","M","M","R","BOSS","M","M","AVR","?","?","R","M","R","T","M","M","?","?","?","R","BOSS"],"items_purchased_type":["Card"],"build_version":"2020-12-13","purchased_purges":1,"victory":false,"max_hp_per_floor":[77,77,77,77,77,77,77,77,77,77,77,77,77,77,77,77,77,77,77,77,77,77,77,77,77,77,77,77,77,77,77,77,77,77,77,77],"card_choices":[{"not_picked":[],"picked":"Bomb","floor":0},{"not_picked":["Slice","Hidden Blade","Envenom"],"picked":"SKIP","floor":1},{"not_picked":["Flying Knee","Masterful Stab"],"picked":"Deadly Poison","floor":3},{"not_picked":["StuffTheSpire:ClusterCrunch","Prepared","Backflip"],"picked":"SKIP","floor":8},{"not_picked":["Backflip","Flying Knee"],"picked":"Skewer","floor":15},{"not_picked":["Flying Knee","Backflip"],"picked":"Dodge and Roll","floor":16},{"not_picked":["After Image","Burst"],"picked":"A Thousand Cuts","floor":18},{"not_picked":["StuffTheSpire:ClusterCrunch","PiercingWail","Predator"],"picked":"SKIP","floor":20},{"not_picked":["Outmaneuver","Calculated Gamble"],"picked":"Quick Slash","floor":21},{"not_picked":["Acrobatics","Sucker Punch+1"],"picked":"Die Die Die","floor":24},{"not_picked":["Hidden Blade","Well Laid Plans+1","StuffTheSpire:BumpUp+1"],"picked":"SKIP","floor":26},{"not_picked":["Acrobatics","Tactician","Prepared"],"picked":"SKIP","floor":29},{"not_picked":["StuffTheSpire:Injection","Dagger Throw+1"],"picked":"Slice","floor":30},{"not_picked":["PiercingWail+1","StuffTheSpire:ClusterCrunch"],"picked":"Dagger Spray","floor":33}],"player_experience":42826,"relics_obtained":[{"floor":11,"key":"UnicornStump"}],"event_choices":[{"damage_healed":0,"gold_gain":0,"player_choice":"Forge","damage_taken":0,"max_hp_gain":0,"max_hp_loss":0,"event_name":"Accursed Blacksmith","floor":2,"gold_loss":0,"cards_upgraded":["Survivor"]},{"damage_healed":0,"gold_gain":0,"player_choice":"Ignored","damage_taken":0,"max_hp_gain":0,"max_hp_loss":0,"event_name":"Purifier","floor":5,"gold_loss":0},{"damage_healed":0,"gold_gain":0,"player_choice":"Paid Fearfully","damage_taken":0,"max_hp_gain":0,"max_hp_loss":0,"event_name":"Masked Bandits","floor":23,"gold_loss":283}],"is_beta":false,"boss_relics":[{"not_picked":["Ectoplasm","Astrolabe"],"picked":"Black Star"},{"not_picked":[]}],"items_purged_floors":[22],"is_endless":false,"potions_floor_spawned":[1,3,15,18,24,26],"killed_by":"Collector","ascension_level":0}}