{"host":"p15wz9ezm2y4vyo6","time":1607933366,"event":{"mods":["BaseMod","Better Third Choice","Colored Map","Colored Powertips","Custom Start","Defuse TimeMaze Blight","Disable Question Mark Monsters","Displayed Cursed Tome","Downfall","Friendly Minions","Hermit","Hubris","Infinite Spire","Minty Spire (QoL Compilation)","Quick Restart","Rare Cards Sparkle","Replay The Spire","StSLib","SuperFastMode","The Construct","The Servant 0.9.4","vexMod"],"gold_per_floor":[17,31,50,50,0,0,30,30,30,30,50,64,64,64,64,137,137,156,156,156,169,273,273,304,304,329,329,364,364,144,159,159,233,233,244,263,288,43,56,91,91,119,165,193,193,193,206,237,237,237],"floor_reached":51,"playtime":1684,"items_purged":["Strike_R+1","Strike_R+1"],"score":1435,"play_id":"9d4ed92c-2ddc-4825-a4a6-8b4f2935af49","local_time":"20201214080926","is_ascension_mode":true,"campfire_choices":[{"data":"Rampage","floor":6,"key":"SMITH"},{"data":"ReplayTheSpireMod:Corrosion Curse","floor":8,"key":"SMITH"},{"data":"Twin Strike","floor":10,"key":"SMITH"},{"data":"Rupture","floor":13,"key":"SMITH"},{"floor":15,"key":"REST"},{"data":"ReplayTheSpireMod:Muscle Training","floor":23,"key":"SMITH"},{"floor":27,"key":"REST"},{"data":"Bloodletting","floor":29,"key":"SMITH"},{"data":"Bloodletting","floor":32,"key":"SMITH"},{"floor":41,"key":"REST"},{"data":"ReplayTheSpireMod:Stacked","floor":49,"key":"SMITH"}],"circlet_count":0,"master_deck":["AscendersBane","Strike_R+1","Strike_R+1","Strike_R+1","Defend_R+1","Defend_R+1","Defend_R+1","Defend_R+1","Bash","ReplayTheSpireMod:Corrosion Curse+1","Twin Strike+1","Rampage+1","Warcry+1","Bloodletting+1","Rupture+1","infinitespire:Gouge","Replay:Undeath\u0027s Touch","ReplayTheSpireMod:Stacked+1","ReplayTheSpireMod:Muscle Training+1","Bloodletting+1","Brutality","Sword Boomerang+1","Massacre+1","Combust","Ghostly Armor"],"relics":["Burning Blood","vexMod:PlasmaPancake","hubris:ToyBattleship","WingedGreaves","Runic Cube","Gremlin Food","Dream Catcher","StoneCalendar","Omamori","hubris:FunFungus","ClockworkSouvenir","Cursed Key","Magic Flower","King of Hearts","vexMod:InvisibilityCloak","FossilizedHelix","vexMod:MemoryStick","StrikeDummy","hubris:Towel","infinitespire:Eraser"],"acts_visited":["Exordium","TheCity","TheBeyond"],"potions_floor_usage":[39],"damage_taken":[{"damage":0,"enemies":"2 Louse","floor":1,"turns":2},{"damage":0,"enemies":"Cultist","floor":2,"turns":3},{"damage":2,"enemies":"Jaw Worm","floor":3,"turns":3},{"damage":54,"enemies":"Lagavulin","floor":7,"turns":6},{"damage":11,"enemies":"Gremlin Gang","floor":11,"turns":3},{"damage":0,"enemies":"Exordium Wildlife","floor":12,"turns":2},{"damage":27,"enemies":"The Guardian","floor":16,"turns":8},{"damage":26,"enemies":"Shell Parasite","floor":18,"turns":5},{"damage":16,"enemies":"Spheric Guardian","floor":21,"turns":4},{"damage":19,"enemies":"Replay:Snechameleon","floor":24,"turns":6},{"damage":31,"enemies":"Slavers","floor":28,"turns":4},{"damage":8,"enemies":"Chosen and Byrds","floor":31,"turns":4},{"damage":24,"enemies":"hubris:MusketHawk","floor":33,"turns":4},{"damage":24,"enemies":"3 Darklings","floor":35,"turns":4},{"damage":20,"enemies":"3 Shapes","floor":36,"turns":5},{"damage":21,"enemies":"Mind Bloom Boss Battle","floor":37,"turns":4},{"damage":26,"enemies":"Spire Growth","floor":39,"turns":5},{"damage":16,"enemies":"Giant Head","floor":40,"turns":5},{"damage":23,"enemies":"Reptomancer","floor":42,"turns":4},{"damage":14,"enemies":"Giant Head","floor":44,"turns":6},{"damage":19,"enemies":"3 Darklings","floor":47,"turns":4},{"damage":14,"enemies":"R_Hoarder","floor":48,"turns":3},{"damage":53,"enemies":"hubris:GrandSnecko","floor":50,"turns":9}],"seed_played":"8964349800057587154","potions_obtained":[{"floor":1,"key":"Dexterity Potion"},{"floor":4,"key":"infinitespire:BlackPotion"},{"floor":4,"key":"Swift Potion"},{"floor":11,"key":"DuplicationPotion"},{"floor":31,"key":"Fire Potion"},{"floor":40,"key":"BloodPotion"},{"floor":47,"key":"Block Potion"},{"floor":48,"key":"Fire Potion"}],"is_trial":false,"path_per_floor":["M","M","M","?","$","R","E","R","T","R","M","M","R","?","R","B",null,"M","?","T","M","?","R","E","?","T","R","E","R","$","M","R","B",null,"M","M","?","$","M","E","R","E","T","E","?","?","M","E","R","B",null],"character_chosen":"IRONCLAD","items_purchased":["Warcry","ClockworkSouvenir","King of Hearts"],"campfire_rested":3,"item_purchase_floors":[5,30,38],"current_hp_per_floor":[84,86,86,86,86,86,38,38,38,38,33,39,39,17,42,21,70,50,50,50,40,40,40,27,27,27,52,27,27,27,28,28,10,67,52,52,40,40,52,52,77,70,70,77,77,96,92,89,89,57],"gold":237,"neow_bonus":"ONE_RARE_RELIC","is_daily":false,"chose_seed":false,"campfire_upgraded":8,"win_rate":0.0,"timestamp":1607933366,"path_taken":["M","M","M","?","?","R","E","R","T","R","?","M","R","?","R","BOSS","M","?","?","?","?","R","E","?","T","R","E","R","$","M","R","BOSS","M","M","?","$","M","E","R","E","T","E","?","?","?","E","R","BOSS"],"items_purchased_type":["Card","Relic","Relic"],"build_version":"2020-12-13","purchased_purges":2,"victory":true,"max_hp_per_floor":[86,86,86,86,86,86,86,86,86,86,86,86,86,86,86,86,86,86,86,86,86,86,86,86,86,86,86,86,86,86,86,86,86,86,86,86,86,86,86,86,86,86,86,86,86,96,96,96,96,96],"card_choices":[{"not_picked":["Body Slam","Anger"],"picked":"ReplayTheSpireMod:Corrosion Curse","floor":1},{"not_picked":["Dual Wield","Flame Barrier"],"picked":"Twin Strike","floor":2},{"not_picked":["ReplayTheSpireMod:Stacked","Clash"],"picked":"Rampage","floor":3},{"not_picked":["Twin Strike","Wild Strike"],"picked":"Bloodletting","floor":7},{"not_picked":["Cleave","Flex"],"picked":"Immolate","floor":11},{"not_picked":["Clash","Wild Strike"],"picked":"Rupture","floor":12},{"not_picked":["infinitespire:Oblivion","ReplayTheSpireMod:??????????????????????"],"picked":"infinitespire:Gouge","floor":14},{"not_picked":["Wild Strike","Headbutt"],"picked":"Replay:Undeath\u0027s Touch","floor":18},{"not_picked":["hubris:ReadiedAction","Flex"],"picked":"ReplayTheSpireMod:Stacked","floor":21},{"not_picked":["Clash","ReplayTheSpireMod:Strike From Hell"],"picked":"ReplayTheSpireMod:Muscle Training","floor":22},{"not_picked":["Armaments","Replay:Undeath\u0027s Touch+1","Twin Strike"],"picked":"SKIP","floor":24},{"not_picked":["Cleave","Headbutt"],"picked":"Bloodletting","floor":28},{"not_picked":["Wild Strike","Shrug It Off"],"picked":"Brutality","floor":31},{"not_picked":["Thunderclap+1","Cleave+1","Defy Death"],"picked":"SKIP","floor":35},{"not_picked":["Clash","hubris:ReadiedAction"],"picked":"Sword Boomerang+1","floor":36},{"not_picked":["Carnage","Shrug It Off"],"picked":"Massacre+1","floor":39},{"not_picked":["Flex","Body Slam","Iron Wave"],"picked":"SKIP","floor":40},{"not_picked":["Anger+1","Body Slam","Run Through"],"picked":"SKIP","floor":42},{"not_picked":["Combust","Heavy Blade","Dropkick"],"picked":"SKIP","floor":44},{"not_picked":["Heavy Blade","Dropkick"],"picked":"Combust","floor":44},{"not_picked":["True Grit","Shrug It Off","Double Tap"],"picked":"SKIP","floor":47},{"not_picked":["Feel No Pain","Blood for Blood"],"picked":"Ghostly Armor","floor":48}],"player_experience":1073673,"relics_obtained":[{"floor":7,"key":"hubris:ToyBattleship"},{"floor":9,"key":"WingedGreaves"},{"floor":20,"key":"Gremlin Food"},{"floor":22,"key":"Dream Catcher"},{"floor":24,"key":"StoneCalendar"},{"floor":26,"key":"Omamori"},{"floor":28,"key":"hubris:FunFungus"},{"floor":37,"key":"Magic Flower"},{"floor":40,"key":"vexMod:InvisibilityCloak"},{"floor":42,"key":"FossilizedHelix"},{"floor":43,"key":"vexMod:MemoryStick"},{"floor":44,"key":"StrikeDummy"},{"floor":48,"key":"infinitespire:Eraser"}],"event_choices":[{"damage_healed":0,"gold_gain":0,"player_choice":"Got Potions","damage_taken":0,"max_hp_gain":0,"max_hp_loss":0,"event_name":"Lab","floor":4,"gold_loss":0},{"damage_healed":0,"gold_gain":0,"player_choice":"Simplicity","damage_taken":0,"max_hp_gain":0,"max_hp_loss":9,"event_name":"betterThird:BetterWriting","floor":25,"gold_loss":0},{"damage_healed":0,"gold_gain":0,"player_choice":"Fight","damage_taken":0,"max_hp_gain":0,"max_hp_loss":0,"event_name":"MindBloom","floor":37,"gold_loss":0},{"cards_removed":["Immolate"],"damage_healed":9,"gold_gain":0,"player_choice":"Offered Rare","damage_taken":0,"max_hp_gain":10,"max_hp_loss":0,"event_name":"Bonfire Elementals","floor":46,"gold_loss":0}],"is_beta":false,"boss_relics":[{"not_picked":["construct:WeddingRing","SlaversCollar"],"picked":"Runic Cube"},{"not_picked":["hubris:BlackHole","vexMod:CursedCompass"],"picked":"Cursed Key"}],"items_purged_floors":[30,38],"is_endless":false,"potions_floor_spawned":[1,11,12,21,31,33,40,47,48],"ascension_level":13}}