{"host":"4zvbxxdl6kueq37o","time":1607960892,"event":{"mods":["Act Like it!","BaseMod","Better Third Choice","Downfall","Minty Spire (QoL Compilation)","Replay The Spire","StSLib"],"gold_per_floor":[156,156,156,156,156,156,205,216,7,34,34,50,150,170,180,180,180],"floor_reached":16,"playtime":671,"items_purged":[],"score":98,"play_id":"b26eef18-acb6-4df7-8402-b22c9d50fbdc","local_time":"20201214164812","is_ascension_mode":false,"campfire_choices":[{"data":"Slimebound:Split","floor":3,"key":"SMITH"}],"circlet_count":0,"master_deck":["Slimebound:Strike_Slimebound","Slimebound:Strike_Slimebound","Slimebound:Strike_Slimebound","Slimebound:Tackle","Slimebound:Defend_Slimebound","Slimebound:Defend_Slimebound","Slimebound:Defend_Slimebound","Slimebound:Defend_Slimebound","Slimebound:Split+1","Slimebound:CorrosiveSpit","Slimebound:FinishingTackle+1","Slimebound:SamplingLick","Slimebound:OozeBath","Slimebound:SlimeTap","Slimebound:Replication","Injury","Slimebound:DuplicatedForm+1","Slimebound:SlimeBrawl","Slimebound:CheckThePlaybook","Amnesia","Slimebound:LivingWall","Slimebound:LevelUp","Slimebound:AcidTongue","Slimebound:LevelUp"],"relics":["Slimebound:AbsorbEndCombat","downfall:HeartsMalice","Boot","ReplayTheSpireMod:CursedCoin","Tiny Chest","ReplayTheSpireMod:Lightbulb","Ring of Fury","Ring of Hypnosis","Potion Belt"],"acts_visited":["Exordium"],"potions_floor_usage":[16],"damage_taken":[{"damage":0,"enemies":"Jaw Worm","floor":2,"turns":1},{"damage":0,"enemies":"Cultist","floor":4,"turns":1},{"damage":0,"enemies":"Small Slimes","floor":6,"turns":1},{"damage":13,"enemies":"Gremlin Gang","floor":8,"turns":5},{"damage":14,"enemies":"downfall:FleeingMerchant","floor":9,"turns":4},{"damage":28,"enemies":"Lagavulin","floor":10,"turns":4},{"damage":44,"enemies":"Exordium Thugs","floor":12,"turns":3},{"damage":30,"enemies":"downfall:LadyInBlue","floor":13,"turns":6},{"damage":11,"enemies":"3 Louse","floor":14,"turns":2},{"damage":26,"enemies":"Large Slime","floor":15,"turns":5},{"damage":78,"enemies":"downfall:Watcher","floor":16,"turns":5}],"seed_played":"2115811810943803693","potions_obtained":[{"floor":8,"key":"Weak Potion"},{"floor":10,"key":"Milkshake"},{"floor":12,"key":"Milkshake"},{"floor":13,"key":"FairyPotion"},{"floor":13,"key":"SteroidPotion"}],"is_trial":false,"path_per_floor":["R","M","R","M","?","M","T","M","$","E","?","M","?","M","M","B"],"character_chosen":"SLIMEBOUND","items_purchased":["ReplayTheSpireMod:CursedCoin","Slimebound:DuplicatedForm+1","Slimebound:SlimeBrawl","Tiny Chest"],"campfire_rested":0,"item_purchase_floors":[9,9,9,9],"current_hp_per_floor":[60,60,60,60,60,60,60,60,60,60,60,39,48,53,47,0,0],"gold":180,"neow_bonus":"THREE_ENEMY_KILL","is_daily":false,"chose_seed":false,"campfire_upgraded":1,"win_rate":0.0,"timestamp":1607960892,"path_taken":["R","M","R","M","?","?","T","M","$","E","?","M","?","?","M","BOSS"],"items_purchased_type":["Relic","Card","Card","Relic"],"build_version":"2020-12-13","purchased_purges":0,"victory":false,"max_hp_per_floor":[60,60,60,60,60,60,60,60,60,60,60,60,60,60,60,60,60],"card_choices":[{"not_picked":["Slimebound:ServeAndProtect","Slimebound:ProtectTheBoss"],"picked":"Slimebound:FinishingTackle","floor":2},{"not_picked":["Slimebound:DivideAndConquer","Slimebound:Schlurp"],"picked":"Slimebound:SamplingLick","floor":4},{"not_picked":["Slimebound:LeechEnergy","Slimebound:GrowthPunch"],"picked":"Slimebound:OozeBath","floor":6},{"not_picked":["Slimebound:LeechEnergy","Slimebound:SplitBruiser"],"picked":"Slimebound:SlimeTap","floor":8},{"not_picked":["Slimebound:SlimeSpikes","Slimebound:ComboTackle"],"picked":"Slimebound:Replication","floor":9},{"not_picked":["Slimebound:Chomp","Slimebound:Repurpose"],"picked":"Slimebound:CheckThePlaybook","floor":10},{"not_picked":["Slimebound:SlimeSpikes","Slimebound:SplitBruiser"],"picked":"Slimebound:LivingWall","floor":12},{"not_picked":["Slimebound:Prepare","Slimebound:TongueLash"],"picked":"Slimebound:LevelUp","floor":13},{"not_picked":["Slimebound:PressTheAttack","Slimebound:GrowthPunch"],"picked":"Slimebound:AcidTongue","floor":14},{"not_picked":["Slimebound:SlimeSpikes","Slimebound:RejuvenatingLick"],"picked":"Slimebound:LevelUp","floor":15}],"player_experience":664216,"relics_obtained":[{"floor":7,"key":"Boot"},{"floor":10,"key":"ReplayTheSpireMod:Lightbulb"},{"floor":11,"key":"Ring of Fury"},{"floor":11,"key":"Ring of Hypnosis"},{"floor":13,"key":"Potion Belt"}],"event_choices":[{"damage_healed":0,"gold_gain":0,"player_choice":"Upgraded","damage_taken":0,"max_hp_gain":0,"max_hp_loss":0,"event_name":"Upgrade Shrine","floor":5,"gold_loss":0,"cards_upgraded":["Slimebound:FinishingTackle"]}],"is_beta":false,"boss_relics":[],"items_purged_floors":[],"is_endless":false,"potions_floor_spawned":[8,10,12,15],"killed_by":"downfall:Watcher","ascension_level":0}}