{"host":"vpnygm79y7yi43ig","time":1607904903,"event":{"mods":["BaseMod","Bestiary","Minty Spire (QoL Compilation)"],"gold_per_floor":[118,135,135,41,116,143,155,167,206,218,244,256,268,310,322,438,450,480,479,508,520,381,413,425,425,425,436,436,436],"floor_reached":28,"playtime":1121,"items_purged":["Strike_B"],"score":236,"play_id":"7cd9dfc2-2f7f-41a0-8368-c06e1b919dcd","local_time":"20201213161503","is_ascension_mode":false,"campfire_choices":[{"data":"Fission","floor":8,"key":"SMITH"},{"data":"Defragment","floor":10,"key":"SMITH"},{"data":"Zap","floor":12,"key":"SMITH"},{"floor":15,"key":"REST"},{"data":"Buffer","floor":25,"key":"SMITH"}],"circlet_count":0,"master_deck":["Strike_B","Strike_B","Strike_B","Defend_B","Defend_B","Defend_B","Defend_B","Zap+1","Dualcast+1","Fission+1","Steam","Defragment+1","Capacitor","Streamline","Coolheaded","Consume","Leap","Buffer+1","Ball Lightning","Sweeping Beam+1","Self Repair","Conserve Battery"],"relics":["Cracked Core","MawBank","Ornamental Fan","Anchor","Odd Mushroom","Coffee Dripper","Blood Vial","Darkstone Periapt"],"acts_visited":["Exordium","TheCity"],"potions_floor_usage":[19],"damage_taken":[{"damage":8,"enemies":"Small Slimes","floor":1,"turns":3},{"damage":0,"enemies":"Jaw Worm","floor":2,"turns":3},{"damage":31,"enemies":"Lagavulin","floor":6,"turns":7},{"damage":4,"enemies":"Cultist","floor":11,"turns":3},{"damage":6,"enemies":"The Mushroom Lair","floor":14,"turns":5},{"damage":33,"enemies":"The Guardian","floor":16,"turns":12},{"damage":13,"enemies":"Spheric Guardian","floor":18,"turns":6},{"damage":13,"enemies":"2 Thieves","floor":19,"turns":4},{"damage":4,"enemies":"Cultist and Chosen","floor":20,"turns":6},{"damage":32,"enemies":"Gremlin Leader","floor":23,"turns":8},{"damage":8,"enemies":"Centurion and Healer","floor":24,"turns":6},{"damage":7,"enemies":"Snake Plant","floor":27,"turns":4},{"damage":25,"enemies":"3 Cultists","floor":28,"turns":4}],"seed_played":"5210409561822210607","potions_obtained":[{"floor":6,"key":"SpeedPotion"},{"floor":14,"key":"Explosive Potion"},{"floor":16,"key":"Dexterity Potion"},{"floor":21,"key":"DuplicationPotion"},{"floor":21,"key":"SkillPotion"}],"is_trial":false,"path_per_floor":["M","M","?","$","?","E","T","R","T","R","M","R","?","?","R","B",null,"M","M","M","?","$","E","M","R","T","M","M"],"character_chosen":"DEFECT","items_purchased":["Capacitor","Streamline","Self Repair"],"campfire_rested":1,"item_purchase_floors":[4,4,22],"current_hp_per_floor":[67,67,67,67,56,25,25,25,25,25,21,21,21,15,37,4,75,62,49,45,45,45,20,21,21,21,23,0,0],"gold":436,"neow_bonus":"ONE_RANDOM_RARE_CARD","is_daily":false,"chose_seed":false,"campfire_upgraded":4,"win_rate":0.0,"timestamp":1607904903,"path_taken":["M","M","?","$","?","E","?","R","T","R","M","R","?","?","R","BOSS","M","M","M","?","$","E","M","R","T","?","M"],"items_purchased_type":["Card","Card","Card"],"build_version":"2020-11-30","purchased_purges":1,"victory":false,"max_hp_per_floor":[75,75,75,75,75,75,75,75,75,75,75,75,75,75,75,75,75,75,75,75,75,75,75,75,75,75,75,75,75],"card_choices":[{"not_picked":["Redo","Barrage"],"picked":"Steam","floor":1},{"not_picked":["Go for the Eyes","Buffer"],"picked":"Defragment","floor":2},{"not_picked":["Go for the Eyes","Redo"],"picked":"Coolheaded","floor":6},{"not_picked":["Recycle","Gash"],"picked":"Consume","floor":11},{"not_picked":["Consume","Force Field"],"picked":"Leap","floor":14},{"not_picked":["Echo Form","Meteor Strike"],"picked":"Buffer","floor":16},{"not_picked":["Streamline+1","FTL"],"picked":"Ball Lightning","floor":18},{"not_picked":["Melter","Auto Shields+1"],"picked":"Sweeping Beam+1","floor":19},{"not_picked":["Aggregate","Rebound+1","Streamline+1"],"picked":"SKIP","floor":20},{"not_picked":["Double Energy+1","Steam Power","Fission"],"picked":"SKIP","floor":23},{"not_picked":["Steam","Scrape","FTL"],"picked":"SKIP","floor":24},{"not_picked":["Static Discharge","Leap"],"picked":"Conserve Battery","floor":27}],"player_experience":174518,"relics_obtained":[{"floor":6,"key":"MawBank"},{"floor":7,"key":"Ornamental Fan"},{"floor":9,"key":"Anchor"},{"floor":14,"key":"Odd Mushroom"},{"floor":23,"key":"Blood Vial"},{"floor":26,"key":"Darkstone Periapt"}],"event_choices":[{"damage_healed":0,"gold_gain":0,"player_choice":"Ignored","damage_taken":0,"max_hp_gain":0,"max_hp_loss":0,"event_name":"Golden Wing","floor":3,"gold_loss":0},{"damage_healed":0,"gold_gain":75,"player_choice":"Gather Gold","damage_taken":11,"max_hp_gain":0,"max_hp_loss":0,"event_name":"World of Goop","floor":5,"gold_loss":0},{"damage_healed":0,"gold_gain":0,"player_choice":"Grow","damage_taken":0,"max_hp_gain":0,"max_hp_loss":0,"event_name":"Living Wall","floor":13,"gold_loss":0,"cards_upgraded":["Dualcast"]},{"damage_healed":0,"gold_gain":0,"player_choice":"Fought Mushrooms","damage_taken":0,"max_hp_gain":0,"max_hp_loss":0,"event_name":"Mushrooms","floor":14,"gold_loss":0},{"damage_healed":0,"gold_gain":0,"player_choice":"Got Potions","damage_taken":0,"max_hp_gain":0,"max_hp_loss":0,"event_name":"Lab","floor":21,"gold_loss":0}],"is_beta":false,"boss_relics":[{"not_picked":["Busted Crown","Astrolabe"],"picked":"Coffee Dripper"}],"items_purged_floors":[22],"is_endless":false,"potions_floor_spawned":[6,14,16,18,27],"killed_by":"3 Cultists","ascension_level":0}}