{"host":"7z347kdhnquy3q4q","time":1607990269,"event":{"mods":["Act Like it!","Aspiration","BaseMod","Hubris","Infinite Spire","Minty Spire (QoL Compilation)","Permanent Neow","Potionbrewer","Replay The Spire","Robot Space Explorer","StSLib","Wandering Minibosses","vexMod"],"gold_per_floor":[119,269,269,269,279,308,308,319,388,36,62,74,74,15,15,90,90,101,26,36,52,52,86,86,118,130,158,170,208,238,250,262,350,362,387,399,101,0,20,47,47,78,78,53,328,341,351,367,367,367,367],"floor_reached":50,"playtime":2544,"items_purged":["Pain","Power Through","Heavy Blade","vexMod:UltimateCard"],"score":1461,"play_id":"993fe39f-12f3-489a-91fa-ffb3edd7e216","local_time":"20201214175749","is_ascension_mode":true,"campfire_choices":[{"floor":7.0,"key":"REST"},{"data":"Armaments","floor":13.0,"key":"SMITH"},{"floor":15.0,"key":"REST"},{"floor":24,"key":"REST"},{"data":"infinitespire:OneForAll","floor":28,"key":"SMITH"},{"data":"Apotheosis","floor":41,"key":"SMITH"},{"data":"Regret","floor":49,"key":"PURGE"}],"circlet_count":0,"master_deck":["AscendersBane","Strike_R","Strike_R","Strike_R","Strike_R","Defend_R","Defend_R","Defend_R","Defend_R","Bash","Armaments+1","infinitespire:Execution","Flex","Uppercut","Whirlwind","Feed","Replay:Bootleg Shield Generator","Fiend Fire","ReplayTheSpireMod:Strike From Hell","ReplayTheSpireMod:Corrosion Curse+1","Bludgeon","Run Through+1","hubris:InfiniteBlow+433","infinitespire:OneForAll+1","Inflame","hubris:StunningStrike","Limit Break+1","CommonCold","Doubt","Replay:Undeath\u0027s Touch","Apotheosis+1","Fire Breathing+1","Rupture+1"],"relics":["Burning Blood","Akabeko","vexMod:Cooldron","hubris:KleinBottle","ReplayTheSpireMod:CursedCoin","MealTicket","Onion Ring","aspiration:FetidBarrel","Oddly Smooth Stone","Letter Opener","infinitespire:Cupcake","Du-Vu Doll","Pet Ghost","MawBank","Mirror","Replay:Accelerometer","Replay:Ancient Bell","hubris:ChampionShield","Blue Candle","Magic Flower","Red Mask","potionbrewer:RamsHorn","FossilizedHelix","Replay:Bottled Snecko","wanderingMiniBosses:OtherGremlinHorn"],"acts_visited":["Exordium","TheCity","TheBeyond"],"potions_floor_usage":[21,21,23,33,33,33,35,35,35,40,40,46,50,50,50],"damage_taken":[{"damage":6.0,"enemies":"Cultist","floor":1.0,"turns":3.0},{"damage":13.0,"enemies":"infinitespire:Voidling","floor":5.0,"turns":4.0},{"damage":6.0,"enemies":"Replay:BlueRogue","floor":6.0,"turns":9.0},{"damage":6.0,"enemies":"2 Louse","floor":8.0,"turns":5.0},{"damage":24.0,"enemies":"Gremlin Nob","floor":11.0,"turns":4.0},{"damage":0.0,"enemies":"Large Slime","floor":12.0,"turns":4.0},{"damage":41.0,"enemies":"Fading Forest","floor":16.0,"turns":13.0},{"damage":37,"enemies":"Shell Parasite","floor":18,"turns":5},{"damage":12,"enemies":"2 Thieves","floor":20,"turns":3},{"damage":0,"enemies":"Snecko","floor":21,"turns":2},{"damage":9,"enemies":"Book of Stabbing","floor":23,"turns":2},{"damage":3,"enemies":"Replay:Snechameleon","floor":25,"turns":2},{"damage":14,"enemies":"Snake Plant","floor":27,"turns":2},{"damage":0,"enemies":"Nightmare","floor":29,"turns":2},{"damage":0,"enemies":"Cultist and Chosen","floor":30,"turns":2},{"damage":0,"enemies":"hubris:MusketHawk","floor":33,"turns":1},{"damage":0,"enemies":"3 Darklings","floor":35,"turns":2},{"damage":3,"enemies":"Orb Walker","floor":39,"turns":2},{"damage":12,"enemies":"Reptomancer","floor":40,"turns":2},{"damage":0,"enemies":"Giant Head","floor":42,"turns":1},{"damage":53,"enemies":"Spire Growth","floor":46,"turns":7},{"damage":0,"enemies":"Writhing Mass","floor":47,"turns":3},{"damage":0,"enemies":"Jaw Worm Horde","floor":48,"turns":1},{"damage":74,"enemies":"Awakened One","floor":50,"turns":6}],"seed_played":"5578444760412175964","potions_obtained":[{"floor":6.0,"key":"EntropicBrew"},{"floor":8.0,"key":"EntropicBrew"},{"floor":11.0,"key":"EntropicBrew"},{"floor":12.0,"key":"EntropicBrew"},{"floor":20,"key":"EntropicBrew"},{"floor":27,"key":"EntropicBrew"},{"floor":30,"key":"EntropicBrew"},{"floor":33,"key":"EntropicBrew"},{"floor":39,"key":"EntropicBrew"},{"floor":48,"key":"EntropicBrew"}],"is_trial":false,"path_per_floor":["M","$","?","?","M","E","R","M","T","$","E","M","R","$","R","B",null,"M","$","M","M","AVR","E","R","E","T","M","R","NM","M","?","R","B",null,"M","?","$","?","M","E","R","E","T","?","?","M","M","M","R","B"],"character_chosen":"IRONCLAD","items_purchased":["vexMod:Cooldron","hubris:KleinBottle","ReplayTheSpireMod:CursedCoin","Elixir","MealTicket","Oddly Smooth Stone","Feed","Replay:Bootleg Shield Generator","ReplayTheSpireMod:Corrosion Curse+1","Apotheosis"],"campfire_rested":3,"item_purchase_floors":[2,2,2,2,2,10,10,10,14,37],"current_hp_per_floor":[68,22,22,22,26,26,48,48,48,63,48,57,57,72,81,54,74,43,58,55,61,61,58,83,84,84,76,76,82,84,84,84,84,84,84,84,84,84,84,81,81,84,84,84,84,40,54,63,63,0,0],"gold":367,"neow_bonus":"RANDOM_COMMON_RELIC","is_daily":false,"chose_seed":false,"campfire_upgraded":3,"win_rate":0.0,"timestamp":1607990269,"path_taken":["M","?","?","?","M","E","R","M","T","$","E","M","R","$","R","BOSS","M","$","M","M","AVR","E","R","E","T","M","R","NM","M","?","R","BOSS","M","?","$","?","M","E","R","E","T","?","?","M","?","M","R","BOSS"],"items_purchased_type":["Relic","Relic","Relic","Potion","Relic","Relic","Card","Card","Card","Card"],"build_version":"2020-12-13","purchased_purges":4,"victory":false,"max_hp_per_floor":[75,75,75,75,75,75,75,75,75,75,78,81,81,81,81,81,81,81,81,84,84,84,84,84,84,84,84,84,84,84,84,84,84,84,84,84,84,84,84,84,84,84,84,84,84,84,87,87,87,91,91],"card_choices":[{"not_picked":["Clothesline","Flame Barrier"],"picked":"Armaments","floor":1.0},{"not_picked":["infinitespire:Fortify","infinitespire:Collect"],"picked":"infinitespire:Execution","floor":2.0},{"not_picked":["True Grit","Defy Death"],"picked":"Flex","floor":5.0},{"not_picked":["hubris:CleavingFinish","Headbutt"],"picked":"Uppercut","floor":6.0},{"not_picked":["Sword Boomerang","Anger"],"picked":"Whirlwind","floor":8.0},{"not_picked":["Disarm","Dual Wield"],"picked":"Fiend Fire","floor":11.0},{"not_picked":["Heavy Blade","Disarm"],"picked":"ReplayTheSpireMod:Strike From Hell","floor":12.0},{"not_picked":["Corruption","Hemogenesis"],"picked":"Bludgeon","floor":16.0},{"not_picked":["Perfected Strike","Sever Soul"],"picked":"Run Through+1","floor":18},{"not_picked":["ReplayTheSpireMod:Corrosion Curse","Run Through","True Grit"],"picked":"SKIP","floor":20},{"not_picked":["Body Slam+1","ReplayTheSpireMod:Corrosion Curse"],"picked":"Heavy Blade","floor":21},{"not_picked":["Twin Strike","Run Through+1","Rampage"],"picked":"SKIP","floor":23},{"not_picked":["Headbutt","hubris:CleavingFinish","Uppercut"],"picked":"SKIP","floor":25},{"not_picked":["Warcry","Flex"],"picked":"infinitespire:OneForAll","floor":27},{"not_picked":["Uppercut","Infernal Blade"],"picked":"Inflame","floor":29},{"not_picked":["Clothesline","Clash","Burning Pact"],"picked":"SKIP","floor":30},{"not_picked":["Reaper","Impervious"],"picked":"Limit Break","floor":33},{"not_picked":["ReplayTheSpireMod:Doomed","hubris:Despair"],"picked":"CommonCold","floor":34},{"not_picked":["hubris:Despair","hubris:Compulsion"],"picked":"vexMod:UltimateCard","floor":34},{"not_picked":["Regret","Normality"],"picked":"Doubt","floor":34},{"not_picked":["Bludgeon","Burning Pact"],"picked":"Replay:Undeath\u0027s Touch","floor":35},{"not_picked":["hubris:ReadiedAction","Cleave","Anger"],"picked":"SKIP","floor":39},{"not_picked":["Offering","Perfected Strike"],"picked":"Fire Breathing+1","floor":40},{"not_picked":["Twin Strike","Bloodletting","Headbutt"],"picked":"SKIP","floor":42},{"not_picked":["Run Through","Perfected Strike","ReplayTheSpireMod:Corrosion Curse"],"picked":"SKIP","floor":46},{"not_picked":["Flex","Twin Strike","Heavy Blade+1"],"picked":"SKIP","floor":47},{"not_picked":["Body Slam","Intimidate"],"picked":"Rupture+1","floor":48}],"player_experience":1823310,"relics_obtained":[{"floor":6.0,"key":"Onion Ring"},{"floor":9.0,"key":"aspiration:FetidBarrel"},{"floor":11.0,"key":"Letter Opener"},{"floor":23,"key":"Pet Ghost"},{"floor":25,"key":"MawBank"},{"floor":26,"key":"Mirror"},{"floor":29,"key":"Replay:Accelerometer"},{"floor":40,"key":"potionbrewer:RamsHorn"},{"floor":42,"key":"FossilizedHelix"},{"floor":43,"key":"Replay:Bottled Snecko"},{"floor":46,"key":"wanderingMiniBosses:OtherGremlinHorn"}],"event_choices":[{"damage_healed":0.0,"max_hp_gain":0.0,"max_hp_loss":0.0,"gold_gain":0.0,"event_name":"Shining Light","player_choice":"Ignored","floor":3.0,"gold_loss":0.0,"damage_taken":0.0},{"damage_healed":0.0,"max_hp_gain":0.0,"max_hp_loss":0.0,"gold_gain":0.0,"cards_transformed":["Strike_R"],"event_name":"Transmorgrifier","player_choice":"Transformed","floor":4.0,"gold_loss":0.0,"damage_taken":0.0,"cards_obtained":["Power Through"]},{"damage_healed":0,"gold_gain":0,"player_choice":"Read","damage_taken":0,"max_hp_gain":0,"max_hp_loss":0,"event_name":"The Library","floor":32,"gold_loss":0,"cards_obtained":["hubris:StunningStrike"]},{"damage_healed":0,"gold_gain":0,"player_choice":"Paid","damage_taken":0,"relics_obtained":["Red Mask"],"max_hp_gain":0,"max_hp_loss":0,"event_name":"Tomb of Lord Red Mask","floor":38,"gold_loss":101},{"damage_healed":0,"gold_gain":275,"player_choice":"Desecrate","damage_taken":0,"max_hp_gain":0,"max_hp_loss":0,"event_name":"Golden Shrine","floor":45,"gold_loss":0,"cards_obtained":["Regret"]}],"is_beta":false,"boss_relics":[{"not_picked":["vexMod:RockOfEvil","vexMod:TanglingVine"],"picked":"infinitespire:Cupcake"},{"not_picked":["Replay:Wanted Poster","Painkiller Herb"],"picked":"Replay:Ancient Bell"},{"not_picked":["ReplayTheSpireMod:Spearhead","infinitespire:PuzzleCube"],"picked":"hubris:ChampionShield"},{"not_picked":["StrikeDummy","hubris:DuctTape"],"picked":"Blue Candle"},{"not_picked":["Pocketwatch","infinitespire:Joker Card"],"picked":"Magic Flower"}],"items_purged_floors":[2,19,22,37],"is_endless":false,"potions_floor_spawned":[6,8,11,12,20,27,30,33,39,48],"killed_by":"Awakened One","ascension_level":20}}