{"host":"k0kjm4m87pwj4phr","time":1607945761,"event":{"mods":["BaseMod","Colored Map","Colored Powertips","Downfall","Minty Spire (QoL Compilation)","Permanent Neow","Prisma Mod","Quick Restart","Relic Stats","StSLib","óô»ðÖ¸ÄÏ"],"gold_per_floor":[199,215,215,215,99265,99265,99288,99298,98598,98627,98627,98639,98071,98086,98100,98198,98198,97717,97734,97763,97297,97311,96983,96983,96996,97009,97043,97043,96966,96816,96431,96441,96545,96545,96545,96233,96233,96233,95944,95437,95437,95109,95121,94896,94910,94924,94924,94944,94961,94961,94961,94994,94693,94362,94362],"floor_reached":56,"playtime":2722,"items_purged":["Regret","Guardian:Defend_Guardian","Guardian:Strike_Guardian","Guardian:Strike_Guardian","Guardian:Strike_Guardian","Guardian:Defend_Guardian","Guardian:CurlUp","Guardian:Strike_Guardian+1","Guardian:Defend_Guardian+1","Guardian:Defend_Guardian+1"],"score":1460,"play_id":"96bcdc80-67b3-4fc8-ba41-1a8d8e160baf","local_time":"20201214193601","is_ascension_mode":false,"campfire_choices":[{"data":"Guardian:TwinSlam","floor":1.0,"key":"SMITH"},{"floor":35,"key":"RECALL"}],"circlet_count":0,"master_deck":["Guardian:TwinSlam+1","Guardian:PrismaticBeam+1","Guardian:TimeBomb+1","Guardian:TimeCapacitor+1","Guardian:AncientConstruct+1","Guardian:Incinerate","Guardian:StasisStrike","expansioncontent:DashGenerateEvil+1","Guardian:Incinerate+1","Guardian:DonusPower+1","Guardian:Planning+1","Ghostly+1","Guardian:MultiBeam+1","Guardian:BaubleBeam+1","Guardian:PrismaticBeam+1","expansioncontent:LastStand+1","expansioncontent:Corrupt+1"],"relics":["Guardian:ModeShifter","Frozen Egg 2","OrangePellets","InkBottle","downfall:HeartBlessingBlue","Bottled Flame","Guardian:BottledStasis","PreservedInsect","Membership Card","Mango","Gremlin Horn","Coffee Dripper","Molten Egg 2","Matryoshka","Toxic Egg 2","downfall:HeartBlessingGreen","Incense Burner","ClockworkSouvenir","Centennial Puzzle","Bronze Scales","Bag of Preparation","Chemical X","Akabeko","Torii","Bottled Tornado","Juzu Bracelet","HandDrill","Ornamental Fan","MealTicket","War Paint","TheAbacus","Guardian:StasisSlotReductionRelic","Bag of Marbles","Blue Candle","DollysMirror","Anchor","Ancient Tea Set","StrikeDummy","Vajra","Frozen Eye","Happy Flower","Shuriken","downfall:HeartBlessingRed","Eternal Feather","Darkstone Periapt","Lee\u0027s Waffle","Dream Catcher","Nunchaku","Sling","Kunai","Oddly Smooth Stone","Lizard Tail","Orrery","Letter Opener","Orichalcum","White Beast Statue"],"acts_visited":["Exordium","TheCity","TheBeyond","TheEnding"],"potions_floor_usage":[],"damage_taken":[{"damage":1.0,"enemies":"2 Louse","floor":2.0,"turns":3.0},{"damage":0.0,"enemies":"Small Slimes","floor":8.0,"turns":3.0},{"damage":10.0,"enemies":"3 Sentries","floor":10.0,"turns":5.0},{"damage":0.0,"enemies":"Cultist","floor":11.0,"turns":1.0},{"damage":11.0,"enemies":"3 Louse","floor":12.0,"turns":4.0},{"damage":0.0,"enemies":"downfall:FleeingMerchant","floor":13.0,"turns":4.0},{"damage":4.0,"enemies":"Gremlin Gang","floor":14.0,"turns":3.0},{"damage":0.0,"enemies":"Exordium Thugs","floor":15.0,"turns":3.0},{"damage":24.0,"enemies":"downfall:Silent","floor":16.0,"turns":9.0},{"damage":0,"enemies":"Shell Parasite","floor":19,"turns":3},{"damage":7,"enemies":"Gremlin Leader","floor":20,"turns":3},{"damage":0,"enemies":"Chosen","floor":22,"turns":3},{"damage":0,"enemies":"Snecko","floor":25,"turns":2},{"damage":0,"enemies":"Centurion and Healer","floor":26,"turns":2},{"damage":9,"enemies":"Book of Stabbing","floor":27,"turns":2},{"damage":4,"enemies":"downfall:FleeingMerchant","floor":29,"turns":4},{"damage":0,"enemies":"Shelled Parasite and Fungi","floor":32,"turns":2},{"damage":0,"enemies":"downfall:Watcher","floor":33,"turns":3},{"damage":0,"enemies":"Orb Walker","floor":43,"turns":1},{"damage":0,"enemies":"3 Darklings","floor":45,"turns":1},{"damage":0,"enemies":"Spire Growth","floor":46,"turns":1},{"damage":0,"enemies":"Transient","floor":48,"turns":5},{"damage":0,"enemies":"4 Shapes","floor":49,"turns":1},{"damage":0,"enemies":"downfall:Defect","floor":50,"turns":3},{"damage":0,"enemies":"downfall:CharBossMerchant","floor":52,"turns":3},{"damage":3,"enemies":"downfall:NeowBoss","floor":55,"turns":13}],"seed_played":"-8900286642044903058","potions_obtained":[{"floor":2.0,"key":"Fire Potion"},{"floor":25,"key":"SteroidPotion"}],"is_trial":false,"path_per_floor":["R","M","?","?","R","?","T","M","R","E","M","M","$","M","M","B",null,"R","M","E","R","M","R","T","M","M","E","?","$","?","$","M","B",null,"R","$","?","?","R","$","T","R","M","R","M","M","?","M","M","B",null,"E","$","R","B",null],"character_chosen":"GUARDIAN","items_purchased":["Frozen Egg 2","OrangePellets","InkBottle","Fire Potion","Strength Potion","Bottled Flame","Guardian:TimeBomb","Guardian:BottledStasis","Guardian:TimeCapacitor+1","Membership Card","Mango","Gremlin Horn","Fruit Juice","SkillPotion","Molten Egg 2","Matryoshka","expansioncontent:DashGenerateEvil+1","Regen Potion","Fire Potion","Incense Burner","ClockworkSouvenir","Centennial Puzzle","Bronze Scales","Bag of Preparation","Chemical X","Juzu Bracelet","HandDrill","Ornamental Fan","MealTicket","War Paint","Guardian:MultiBeam+1","TheAbacus","Bag of Marbles","Blue Candle","DollysMirror","Guardian:Gem_Blue","Anchor","Ancient Tea Set","StrikeDummy","Vajra","expansioncontent:Corrupt+1","Frozen Eye","Eternal Feather","Darkstone Periapt","Lee\u0027s Waffle","Dream Catcher","Nunchaku","Oddly Smooth Stone","Lizard Tail","Orrery","Letter Opener","Orichalcum","White Beast Statue"],"campfire_rested":0,"item_purchase_floors":[5,5,5,5,5,9,9,9,9,13,13,13,13,13,18,18,18,18,18,21,21,21,23,23,23,29,29,29,31,31,31,31,36,36,36,36,39,39,40,40,40,40,42,42,44,44,44,53,53,53,54,54,54],"current_hp_per_floor":[80,79,79,79,79,79,79,79,89,79,79,68,87,83,83,59,109,109,109,102,102,102,102,102,102,102,93,71,67,67,67,67,67,114,114,114,114,114,114,114,114,114,114,121,121,121,121,121,121,121,121,121,121,121,118],"gold":94362,"neow_bonus":"HUNDRED_GOLD","is_daily":false,"chose_seed":false,"campfire_upgraded":1,"win_rate":0.0,"timestamp":1607945761,"path_taken":["R","M","?","?","R","?","T","M","R","E","M","M","$","M","M","BOSS","R","M","E","R","M","R","T","M","M","E","?","$","?","$","M","BOSS","R","$","?","?","R","$","T","R","M","R","M","M","?","M","M","BOSS","E","$","R","BOSS"],"items_purchased_type":["Relic","Relic","Relic","Potion","Potion","Relic","Card","Relic","Card","Relic","Relic","Relic","Potion","Potion","Relic","Relic","Card","Potion","Potion","Relic","Relic","Relic","Relic","Relic","Relic","Relic","Relic","Relic","Relic","Relic","Card","Relic","Relic","Relic","Relic","Card","Relic","Relic","Relic","Relic","Card","Relic","Relic","Relic","Relic","Relic","Relic","Relic","Relic","Relic","Relic","Relic","Relic"],"build_version":"2020-12-13","purchased_purges":10,"victory":true,"max_hp_per_floor":[80,80,80,80,80,80,80,80,90,90,90,90,109,109,109,109,109,109,109,109,109,109,109,109,109,109,109,114,114,114,114,114,114,114,114,114,114,114,114,114,114,114,114,121,121,121,121,121,121,121,121,121,121,121,121],"relic_stats":{"Darkstone Periapt":0,"Gremlin Horn":[14,14],"Torii":7,"Bag of Preparation":[28],"Juzu Bracelet":0,"Centennial Puzzle":[9],"Dream Catcher":0,"Nunchaku":[9],"Lizard Tail":0,"TheAbacus":[108],"MealTicket":0,"HandDrill":[24],"Chemical X":[22],"Kunai":[11],"InkBottle":[36],"Lee\u0027s Waffle":7,"Happy Flower":[9],"counters":[26,85],"Blue Candle":[3],"Eternal Feather":0,"PreservedInsect":287,"Letter Opener":[0],"War Paint":["Guardian:Defend_Guardian","Guardian:TimeBomb"],"Orichalcum":[6],"OrangePellets":[4],"Ornamental Fan":[116],"Shuriken":[25],"Bronze Scales":[60],"obtain_stats":[{"Gremlin Horn":13,"Vajra":40,"downfall:HeartBlessingGreen":21,"Bottled Tornado":27,"Sling":52,"Centennial Puzzle":21,"Lizard Tail":53,"downfall:BrokenWingStatue":4,"DollysMirror":36,"MealTicket":31,"HandDrill":29,"Kunai":52,"Toxic Egg 2":20,"Guardian:BottledStasis":9,"Happy Flower":41,"Blue Candle":36,"Guardian:ModeShifter":0,"Oddly Smooth Stone":53,"Eternal Feather":42,"Letter Opener":54,"War Paint":31,"Akabeko":24,"OrangePellets":5,"Bottled Flame":9,"Shuriken":41,"Bronze Scales":23,"Molten Egg 2":18,"StrikeDummy":40,"Darkstone Periapt":42,"Guardian:StasisSlotReductionRelic":34,"Torii":24,"Mango":13,"Incense Burner":21,"Bag of Preparation":23,"Juzu Bracelet":29,"Ancient Tea Set":39,"ClockworkSouvenir":21,"Frozen Eye":40,"Dream Catcher":44,"Nunchaku":44,"Matryoshka":18,"TheAbacus":31,"downfall:HeartBlessingBlue":9,"Chemical X":23,"InkBottle":5,"Lee\u0027s Waffle":44,"downfall:HeartBlessingRed":42,"PreservedInsect":10,"Frozen Egg 2":5,"Orichalcum":54,"White Beast Statue":54,"Anchor":39,"Ornamental Fan":29,"Orrery":53,"Coffee Dripper":17,"Bag of Marbles":36,"Membership Card":13},{"Gremlin Horn":6,"Vajra":18,"downfall:HeartBlessingGreen":11,"Bottled Tornado":15,"Sling":25,"Centennial Puzzle":11,"Lizard Tail":25,"downfall:BrokenWingStatue":1,"DollysMirror":18,"MealTicket":16,"HandDrill":16,"Kunai":25,"Toxic Egg 2":11,"Guardian:BottledStasis":2,"Happy Flower":18,"Blue Candle":18,"Guardian:ModeShifter":0,"Oddly Smooth Stone":25,"Eternal Feather":18,"Letter Opener":25,"War Paint":16,"Akabeko":12,"OrangePellets":1,"Bottled Flame":2,"Shuriken":18,"Bronze Scales":12,"Molten Egg 2":9,"StrikeDummy":18,"Darkstone Periapt":18,"Guardian:StasisSlotReductionRelic":18,"Torii":12,"Mango":6,"Incense Burner":11,"Bag of Preparation":12,"Juzu Bracelet":16,"Ancient Tea Set":18,"ClockworkSouvenir":11,"Frozen Eye":18,"Dream Catcher":19,"Nunchaku":19,"Matryoshka":9,"TheAbacus":16,"downfall:HeartBlessingBlue":2,"Chemical X":12,"InkBottle":1,"Lee\u0027s Waffle":19,"downfall:HeartBlessingRed":18,"PreservedInsect":3,"Frozen Egg 2":1,"Orichalcum":25,"White Beast Statue":25,"Anchor":18,"Ornamental Fan":16,"Orrery":25,"Coffee Dripper":9,"Bag of Marbles":18,"Membership Card":6},{"Gremlin Horn":19,"Vajra":57,"downfall:HeartBlessingGreen":39,"Bottled Tornado":48,"Sling":72,"Centennial Puzzle":39,"Lizard Tail":72,"downfall:BrokenWingStatue":3,"DollysMirror":57,"MealTicket":52,"HandDrill":52,"Kunai":72,"Toxic Egg 2":39,"Guardian:BottledStasis":6,"Happy Flower":57,"Blue Candle":57,"Guardian:ModeShifter":0,"Oddly Smooth Stone":72,"Eternal Feather":57,"Letter Opener":72,"War Paint":52,"Akabeko":42,"OrangePellets":3,"Bottled Flame":6,"Shuriken":57,"Bronze Scales":42,"Molten Egg 2":34,"StrikeDummy":57,"Darkstone Periapt":57,"Guardian:StasisSlotReductionRelic":57,"Torii":42,"Mango":19,"Incense Burner":39,"Bag of Preparation":42,"Juzu Bracelet":52,"Ancient Tea Set":57,"ClockworkSouvenir":39,"Frozen Eye":57,"Dream Catcher":58,"Nunchaku":58,"Matryoshka":34,"TheAbacus":52,"downfall:HeartBlessingBlue":6,"Chemical X":42,"InkBottle":3,"Lee\u0027s Waffle":58,"downfall:HeartBlessingRed":57,"PreservedInsect":11,"Frozen Egg 2":3,"Orichalcum":72,"White Beast Statue":72,"Anchor":57,"Ornamental Fan":52,"Orrery":72,"Coffee Dripper":34,"Bag of Marbles":57,"Membership Card":19}]},"card_choices":[{"not_picked":["Guardian:RefractedBeam","Guardian:Repulse"],"picked":"Guardian:PrismaticBeam","floor":2.0},{"not_picked":["Guardian:Harden","Guardian:Gem_Green","Guardian:PiercingHide"],"picked":"SKIP","floor":8.0},{"not_picked":["Guardian:TemporalStrike","Guardian:Recover","Guardian:Suspension"],"picked":"SKIP","floor":10.0},{"not_picked":["Guardian:Suspension","Guardian:Gem_Red"],"picked":"Guardian:AncientConstruct+1","floor":11.0},{"not_picked":["Guardian:FloatingOrbs+1","Guardian:Suspension"],"picked":"Guardian:Gem_Purple","floor":12.0},{"not_picked":["Guardian:WalkerClaw","Guardian:TemporalStrike"],"picked":"Guardian:Incinerate","floor":13.0},{"not_picked":["Guardian:Incinerate","Guardian:ChargeCore"],"picked":"Guardian:Gem_Blue","floor":14.0},{"not_picked":["Guardian:TemporalShield","Guardian:ChargeCore"],"picked":"Guardian:Gem_Orange","floor":15.0},{"not_picked":["Guardian:HyperBeam_Guardian","Guardian:RevengeProtocol+1"],"picked":"Guardian:StasisStrike","floor":16.0},{"not_picked":["Guardian:CrystalBeam+1","Guardian:SpikerProtocol+1"],"picked":"Guardian:Incinerate+1","floor":19},{"not_picked":["Guardian:RollAttack+1","Guardian:SentryBeam+1","Guardian:EvasiveProtocol+1"],"picked":"SKIP","floor":20},{"not_picked":["Guardian:VentSteam+1","Guardian:Gem_Lightblue"],"picked":"Guardian:DonusPower+1","floor":22},{"not_picked":["Guardian:VentSteam+1","Guardian:DecasProtection+1","Guardian:ShieldCharger+1"],"picked":"SKIP","floor":25},{"not_picked":["Guardian:Gem_Green","Guardian:ArmoredProtocol+1","Guardian:Suspension+1"],"picked":"SKIP","floor":26},{"not_picked":["Guardian:Gem_Blue","Guardian:VentSteam+1"],"picked":"Guardian:Planning+1","floor":27},{"not_picked":["Guardian:Gem_Lightblue","Guardian:Incinerate+1","Guardian:ShieldCharger+1"],"picked":"SKIP","floor":29},{"not_picked":["Guardian:PolyBeam+1","Guardian:TimeCapacitor+1","Guardian:PiercingHide+1"],"picked":"SKIP","floor":32},{"not_picked":["Guardian:ExploitGems+1","Guardian:RevengeProtocol+1"],"picked":"Guardian:BaubleBeam+1","floor":33},{"not_picked":["expansioncontent:SuperHexaguard+1","expansioncontent:SlimeTackle+1"],"picked":"expansioncontent:LastStand+1","floor":37},{"not_picked":["Guardian:Suspension+1","Guardian:Planning+1","Guardian:RollAttack+1"],"picked":"SKIP","floor":43},{"not_picked":["Guardian:Harden+1","Guardian:ShieldCharger+1","Guardian:Recover+1"],"picked":"SKIP","floor":45},{"not_picked":["Guardian:Harden+1","Guardian:GuardianWhirl+1","Guardian:Planning+1"],"picked":"SKIP","floor":46},{"not_picked":["Guardian:VentSteam+1","Guardian:RollAttack+1"],"picked":"Guardian:Gem_Lightblue","floor":48},{"not_picked":["Guardian:PrimingBeam+1","Guardian:ChargeCore+1","Guardian:Incinerate+1"],"picked":"SKIP","floor":49},{"not_picked":["Guardian:PrimingBeam+1","Guardian:CrystalBeam+1","Guardian:Reroute+1"],"picked":"SKIP","floor":52}],"player_experience":425078,"relics_obtained":[{"floor":10.0,"key":"PreservedInsect"},{"floor":20,"key":"Toxic Egg 2"},{"floor":24,"key":"Akabeko"},{"floor":24,"key":"Torii"},{"floor":27,"key":"Bottled Tornado"},{"floor":41,"key":"Happy Flower"},{"floor":41,"key":"Shuriken"},{"floor":52,"key":"Sling"},{"floor":52,"key":"Kunai"}],"event_choices":[],"is_beta":false,"boss_relics":[{"not_picked":["Pandora\u0027s Box","Velvet Choker"],"picked":"Coffee Dripper"},{"not_picked":["Sozu","SacredBark"],"picked":"Guardian:StasisSlotReductionRelic"}],"items_purged_floors":[5,9,13,18,21,23,29,31,39,40],"is_endless":false,"potions_floor_spawned":[2,14,25,27,43,45],"ascension_level":0}}