{"host":"wukocnei7dgudpva","time":1607949748,"event":{"mods":["AchievementEnabler","BaseMod","Colored Map","Minty Spire (QoL Compilation)","StSLib","SuperFastMode"],"gold_per_floor":[115,127,140,154,166,166,180,180,205,205,205,229,272,78,78,203,203,222,222,60,74,84,84,103,177,201,126,63,79,79,92,92,92,92],"floor_reached":33,"playtime":2414,"items_purged":["Defend_B","Strike_B","Strike_B"],"score":251,"play_id":"50864035-dccb-4fe7-b7c5-06dbe2766c3e","local_time":"20201214214228","is_ascension_mode":false,"campfire_choices":[{"floor":6.0,"key":"REST"},{"floor":11.0,"key":"REST"},{"floor":15.0,"key":"REST"},{"data":"Defragment","floor":23.0,"key":"SMITH"},{"floor":30.0,"key":"REST"},{"floor":32.0,"key":"REST"}],"circlet_count":0,"master_deck":["Strike_B","Defend_B","Defend_B","Zap","Dualcast","Hologram","Chill","Ball Lightning","Ball Lightning","Hologram","Defragment+1","Biased Cognition","Chill","Defragment","Redo","Ball Lightning+1","Redo+1"],"relics":["Cracked Core","Tiny Chest","Darkstone Periapt","Membership Card","Nloth\u0027s Gift","Omamori","Frozen Egg 2"],"acts_visited":["Exordium","TheCity"],"potions_floor_usage":[33,33],"damage_taken":[{"damage":1.0,"enemies":"Cultist","floor":1.0,"turns":3.0},{"damage":3.0,"enemies":"Small Slimes","floor":2.0,"turns":3.0},{"damage":8.0,"enemies":"Jaw Worm","floor":3.0,"turns":3.0},{"damage":11.0,"enemies":"Exordium Wildlife","floor":4.0,"turns":3.0},{"damage":10.0,"enemies":"Exordium Thugs","floor":5.0,"turns":5.0},{"damage":0.0,"enemies":"Large Slime","floor":7.0,"turns":3.0},{"damage":21.0,"enemies":"3 Louse","floor":12.0,"turns":3.0},{"damage":18.0,"enemies":"Gremlin Nob","floor":13.0,"turns":4.0},{"damage":38.0,"enemies":"Hexaghost","floor":16.0,"turns":8.0},{"damage":9.0,"enemies":"Spheric Guardian","floor":18.0,"turns":4.0},{"damage":0.0,"enemies":"3 Byrds","floor":21.0,"turns":3.0},{"damage":6.0,"enemies":"Snecko","floor":22.0,"turns":4.0},{"damage":13.0,"enemies":"Snake Plant","floor":24.0,"turns":3.0},{"damage":18.0,"enemies":"Centurion and Healer","floor":29.0,"turns":7.0},{"damage":17.0,"enemies":"Snecko","floor":31.0,"turns":4.0},{"damage":79,"enemies":"Automaton","floor":33,"turns":10}],"seed_played":"7257585320331337299","potions_obtained":[{"floor":1.0,"key":"GamblersBrew"},{"floor":4.0,"key":"PowerPotion"},{"floor":12.0,"key":"Weak Potion"},{"floor":13.0,"key":"Weak Potion"},{"floor":16.0,"key":"Explosive Potion"},{"floor":18.0,"key":"Swift Potion"},{"floor":22.0,"key":"AttackPotion"},{"floor":31.0,"key":"EssenceOfSteel"}],"is_trial":false,"path_per_floor":["M","M","M","M","M","R","M","?","T","?","R","M","E","$","R","B",null,"M","?","$","M","M","R","M","T","T","?","$","M","R","M","R","B"],"character_chosen":"DEFECT","items_purchased":["Membership Card","Defragment","Omamori"],"campfire_rested":5,"item_purchase_floors":[14,20,20],"current_hp_per_floor":[81,78,70,59,49,73,73,66,66,46,70,49,31,31,55,17,82,73,73,73,73,67,67,54,54,54,54,54,36,60,43,67,0,0],"gold":92,"neow_bonus":"TEN_PERCENT_HP_BONUS","is_daily":false,"chose_seed":false,"campfire_upgraded":1,"win_rate":0.0,"timestamp":1607949748,"path_taken":["M","M","?","M","M","R","M","?","T","?","R","M","E","$","R","BOSS","M","?","?","M","M","R","M","?","T","?","$","?","R","M","R","BOSS"],"items_purchased_type":["Relic","Card","Relic"],"build_version":"2020-12-13","purchased_purges":3,"victory":false,"max_hp_per_floor":[82,82,82,82,82,82,82,82,82,82,82,82,82,82,82,82,82,82,82,82,82,82,82,82,82,82,82,82,82,82,82,82,82,82],"card_choices":[{"not_picked":["Chaos","Tempest"],"picked":"Hologram","floor":1.0},{"not_picked":["Redo","Defragment"],"picked":"Chill","floor":2.0},{"not_picked":["Tempest","Stack"],"picked":"Ball Lightning","floor":3.0},{"not_picked":["Chaos","Scrape"],"picked":"Ball Lightning","floor":4.0},{"not_picked":["Auto Shields","Hello World","Undo"],"picked":"SKIP","floor":5.0},{"not_picked":["Undo","Turbo"],"picked":"Hologram","floor":7.0},{"not_picked":["Recycle","Hologram","Rip and Tear"],"picked":"SKIP","floor":12.0},{"not_picked":["Skim","Reprogram"],"picked":"Defragment","floor":13.0},{"not_picked":["Amplify","Buffer"],"picked":"Biased Cognition","floor":16.0},{"not_picked":["Sweeping Beam","Coolheaded"],"picked":"Chill","floor":18.0},{"not_picked":["Leap","Compile Driver+1"],"picked":"Redo","floor":21.0},{"not_picked":["Streamline+1","Capacitor"],"picked":"Ball Lightning+1","floor":22.0},{"not_picked":["Recycle","Hyperbeam","Gash"],"picked":"SKIP","floor":24.0},{"not_picked":["Steam+1","Rip and Tear+1","Leap"],"picked":"SKIP","floor":29.0},{"not_picked":["Conserve Battery+1","Cold Snap"],"picked":"Redo+1","floor":31.0}],"player_experience":220091,"relics_obtained":[{"floor":9.0,"key":"Tiny Chest"},{"floor":13.0,"key":"Darkstone Periapt"},{"floor":25.0,"key":"Frozen Egg 2"}],"event_choices":[{"cards_removed":["Strike_B"],"damage_healed":0.0,"max_hp_gain":0.0,"max_hp_loss":0.0,"gold_gain":0.0,"event_name":"Golden Wing","player_choice":"Card Removal","floor":8.0,"gold_loss":0.0,"damage_taken":7.0},{"damage_healed":0.0,"max_hp_gain":0.0,"max_hp_loss":0.0,"gold_gain":0.0,"event_name":"Golden Idol","player_choice":"Take Damage","floor":10.0,"gold_loss":0.0,"damage_taken":20.0,"relics_obtained":["Golden Idol"]},{"damage_healed":0.0,"max_hp_gain":0.0,"max_hp_loss":0.0,"gold_gain":0.0,"event_name":"N\u0027loth","player_choice":"Traded Relic","floor":19.0,"relics_lost":["Golden Idol"],"gold_loss":0.0,"damage_taken":0.0,"relics_obtained":["Nloth\u0027s Gift"]},{"cards_removed":["Defend_B"],"damage_healed":0.0,"max_hp_gain":0.0,"max_hp_loss":0.0,"gold_gain":0.0,"event_name":"Beggar","player_choice":"Gave Gold","floor":27.0,"gold_loss":75.0,"damage_taken":0.0}],"is_beta":false,"boss_relics":[{"not_picked":["Black Star","Calling Bell","Coffee Dripper"]}],"items_purged_floors":[14,20,28],"is_endless":false,"potions_floor_spawned":[1,4,12,13,16,18,22,31],"killed_by":"Automaton","ascension_level":0}}